  <div class='ocr_page' id='page_1' title='image "/cluster/home/n/w/nwhite01/storage/ocr_20150623/110/uva.x000827066/029.png"; bbox 0 0 3922 6358; ppageno 0'>
   <div class='ocr_carea' id='block_1_1' title="bbox 512 262 3742 339">
    <p class='ocr_par' dir='ltr' id='par_1_1' title="bbox 512 262 3742 339">
     <span class='ocr_line' id='line_1_1' title="bbox 512 262 3742 339; baseline -0.003 -6"><span class='ocrx_word' id='word_1_1' title='bbox 512 284 570 339; x_wconf 69' lang='lat' dir='ltr'><strong>s3</strong></span> <span class='ocrx_word' id='word_1_2' title='bbox 1130 276 1187 331; x_wconf 84' lang='grc' dir='ltr'><strong>Β.</strong></span> <span class='ocrx_word' id='word_1_3' title='bbox 1232 274 1481 330; x_wconf 77' lang='lat' dir='ltr'><strong>RABANI</strong></span> <span class='ocrx_word' id='word_1_4' title='bbox 1521 273 1737 330; x_wconf 79' lang='lat' dir='ltr'><strong>MAUR&#39;I</strong></span> <span class='ocrx_word' id='word_1_5' title='bbox 1772 268 2087 328; x_wconf 79' lang='lat' dir='ltr'><strong>ARCHIEP.</strong></span> <span class='ocrx_word' id='word_1_6' title='bbox 2133 268 2435 325; x_wconf 77' lang='lat' dir='ltr'><strong>MOGUNT.</strong></span> <span class='ocrx_word' id='word_1_7' title='bbox 2470 262 2755 327; x_wconf 66' lang='lat' dir='ltr'><strong>OPEIIIW</strong></span> <span class='ocrx_word' id='word_1_8' title='bbox 2792 271 2970 328; x_wconf 65' lang='grc' dir='ltr'><strong>παις</strong></span> <span class='ocrx_word' id='word_1_9' title='bbox 3010 272 3071 327; x_wconf 90' lang='lat' dir='ltr'><strong>ll.</strong></span> <span class='ocrx_word' id='word_1_10' title='bbox 3682 269 3742 334; x_wconf 62' lang='lat'><strong>(4</strong></span> 
     </span>
    </p>
   </div>
   <div class='ocr_carea' id='block_1_2' title="bbox 505 378 3747 460">
    <p class='ocr_par' dir='ltr' id='par_1_2' title="bbox 505 378 3747 460">
     <span class='ocr_line' id='line_1_2' title="bbox 505 378 3747 460; baseline -0.006 -9"><span class='ocrx_word' id='word_1_11' title='bbox 505 398 715 460; x_wconf 69' lang='lat' dir='ltr'><strong>bemus,</strong></span> <span class='ocrx_word' id='word_1_12' title='bbox 748 391 966 453; x_wconf 75' lang='lat' dir='ltr'><strong>fratres,</strong></span> <span class='ocrx_word' id='word_1_13' title='bbox 1000 389 1126 458; x_wconf 81' lang='lat' dir='ltr'><strong>quia</strong></span> <span class='ocrx_word' id='word_1_14' title='bbox 1166 404 1287 443; x_wconf 85' lang='lat' dir='ltr'><strong>cum</strong></span> <span class='ocrx_word' id='word_1_15' title='bbox 1313 386 1527 441; x_wconf 90' lang='lat' dir='ltr'><strong>Christo</strong></span> <span class='ocrx_word' id='word_1_16' title='bbox 1563 400 1669 439; x_wconf 92' lang='lat' dir='ltr'><strong>non</strong></span> <span class='ocrx_word' id='word_1_17' title='bbox 1698 382 1941 438; x_wconf 76' lang='lat' dir='ltr'><strong>ascendit</strong></span> <span class='ocrx_word' id='word_1_18' title='bbox 1971 395 2066 435; x_wconf 89' lang='lat' dir='ltr'><strong>su-</strong></span> <span class='ocrx_word' id='word_1_19' title='bbox 2096 390 2144 449; x_wconf 76' lang='grc' dir='ltr'><strong>Α</strong></span> <span class='ocrx_word' id='word_1_20' title='bbox 2170 385 2348 435; x_wconf 84' lang='lat' dir='ltr'><strong>ctione</strong></span> <span class='ocrx_word' id='word_1_21' title='bbox 2397 378 2633 444; x_wconf 88' lang='lat' dir='ltr'><strong>Domini,</strong></span> <span class='ocrx_word' id='word_1_22' title='bbox 2675 395 2782 449; x_wconf 89' lang='lat' dir='ltr'><strong>quo</strong></span> <span class='ocrx_word' id='word_1_23' title='bbox 2826 378 3062 448; x_wconf 76' lang='lat' dir='ltr'><strong>Spiritus</strong></span> <span class='ocrx_word' id='word_1_24' title='bbox 3104 378 3420 450; x_wconf 85' lang='lat' dir='ltr'><strong>paraclitus,</strong></span> <span class='ocrx_word' id='word_1_25' title='bbox 3454 394 3522 434; x_wconf 80' lang='lat' dir='ltr'><strong>ex</strong></span> <span class='ocrx_word' id='word_1_26' title='bbox 3562 382 3747 439; x_wconf 64' lang='lat' dir='ltr'><strong>Graeco</strong></span> 
     </span>
    </p>
   </div>
   <div class='ocr_carea' id='block_1_3' title="bbox 502 467 2072 557">
    <p class='ocr_par' dir='ltr' id='par_1_3' title="bbox 502 467 2072 557">
     <span class='ocr_line' id='line_1_3' title="bbox 502 467 2072 557; baseline -0.012 -16"><span class='ocrx_word' id='word_1_27' title='bbox 502 486 707 557; x_wconf 69' lang='lat' dir='ltr'><strong>peritia,</strong></span> <span class='ocrx_word' id='word_1_28' title='bbox 748 497 852 537; x_wconf 90' lang='lat' dir='ltr'><strong>non</strong></span> <span class='ocrx_word' id='word_1_29' title='bbox 880 479 1126 543; x_wconf 88' lang='lat' dir='ltr'><strong>avaritia,</strong></span> <span class='ocrx_word' id='word_1_30' title='bbox 1157 491 1265 533; x_wconf 92' lang='lat' dir='ltr'><strong>non</strong></span> <span class='ocrx_word' id='word_1_31' title='bbox 1294 475 1524 540; x_wconf 80' lang='lat' dir='ltr'><strong>luxuria,</strong></span> <span class='ocrx_word' id='word_1_32' title='bbox 1557 488 1664 528; x_wconf 90' lang='lat' dir='ltr'><strong>non</strong></span> <span class='ocrx_word' id='word_1_33' title='bbox 1692 471 1923 535; x_wconf 80' lang='lat' dir='ltr'><strong>invidia;</strong></span> <span class='ocrx_word' id='word_1_34' title='bbox 1953 467 2072 523; x_wconf 89' lang='lat' dir='ltr'><strong>nul-</strong></span> 
     </span>
    </p>
   </div>
   <div class='ocr_carea' id='block_1_4' title="bbox 501 561 2066 628">
    <p class='ocr_par' dir='ltr' id='par_1_4' title="bbox 501 561 2066 628">
     <span class='ocr_line' id='line_1_4' title="bbox 501 561 2066 628; baseline -0.012 -1"><span class='ocrx_word' id='word_1_35' title='bbox 501 578 608 628; x_wconf 84' lang='lat' dir='ltr'><strong>lum</strong></span> <span class='ocrx_word' id='word_1_36' title='bbox 656 572 843 627; x_wconf 83' lang='lat' dir='ltr'><strong>vitium</strong></span> <span class='ocrx_word' id='word_1_37' title='bbox 885 577 1128 623; x_wconf 85' lang='lat' dir='ltr'><strong>nostrum</strong></span> <span class='ocrx_word' id='word_1_38' title='bbox 1164 565 1414 621; x_wconf 82' lang='lat' dir='ltr'><strong>ascendit</strong></span> <span class='ocrx_word' id='word_1_39' title='bbox 1451 577 1573 619; x_wconf 92' lang='lat' dir='ltr'><strong>cum</strong></span> <span class='ocrx_word' id='word_1_40' title='bbox 1608 561 1819 617; x_wconf 83' lang='lat' dir='ltr'><strong>medico</strong></span> <span class='ocrx_word' id='word_1_41' title='bbox 1861 565 2066 613; x_wconf 90' lang='lat' dir='ltr'><strong>nostro.</strong></span> 
     </span>
    </p>
   </div>
   <div class='ocr_carea' id='block_1_5' title="bbox 503 652 2073 733">
    <p class='ocr_par' dir='ltr' id='par_1_5' title="bbox 503 652 2073 733">
     <span class='ocr_line' id='line_1_5' title="bbox 503 652 2073 733; baseline -0.011 -16"><span class='ocrx_word' id='word_1_42' title='bbox 503 665 563 719; x_wconf 70' lang='lat' dir='ltr'><strong>Et</strong></span> <span class='ocrx_word' id='word_1_43' title='bbox 591 664 710 719; x_wconf 87' lang='lat' dir='ltr'><strong>ideo</strong></span> <span class='ocrx_word' id='word_1_44' title='bbox 733 661 779 716; x_wconf 90' lang='lat' dir='ltr'><strong>si</strong></span> <span class='ocrx_word' id='word_1_45' title='bbox 799 668 923 733; x_wconf 87' lang='lat' dir='ltr'><strong>post</strong></span> <span class='ocrx_word' id='word_1_46' title='bbox 942 657 1207 713; x_wconf 90' lang='lat' dir='ltr'><strong>medicum</strong></span> <span class='ocrx_word' id='word_1_47' title='bbox 1230 663 1475 710; x_wconf 87' lang='lat' dir='ltr'><strong>nostrum</strong></span> <span class='ocrx_word' id='word_1_48' title='bbox 1495 652 1863 708; x_wconf 81' lang='lat' dir='ltr'><strong>desideramus</strong></span> <span class='ocrx_word' id='word_1_49' title='bbox 1888 662 2073 703; x_wconf 85' lang='lat' dir='ltr'><strong>ascen-</strong></span> 
     </span>
    </p>
   </div>
   <div class='ocr_carea' id='block_1_6' title="bbox 501 738 2071 821">
    <p class='ocr_par' dir='ltr' id='par_1_6' title="bbox 501 738 2071 821">
     <span class='ocr_line' id='line_1_6' title="bbox 501 738 2071 821; baseline -0.013 -9"><span class='ocrx_word' id='word_1_50' title='bbox 501 760 649 821; x_wconf 82' lang='lat' dir='ltr'><strong>dere,</strong></span> <span class='ocrx_word' id='word_1_51' title='bbox 701 754 955 809; x_wconf 84' lang='lat' dir='ltr'><strong>debemus</strong></span> <span class='ocrx_word' id='word_1_52' title='bbox 1003 749 1134 804; x_wconf 90' lang='lat' dir='ltr'><strong>vitia</strong></span> <span class='ocrx_word' id='word_1_53' title='bbox 1190 747 1275 803; x_wconf 85' lang='lat' dir='ltr'><strong>vel</strong></span> <span class='ocrx_word' id='word_1_54' title='bbox 1324 754 1545 816; x_wconf 85' lang='lat' dir='ltr'><strong>peccata</strong></span> <span class='ocrx_word' id='word_1_55' title='bbox 1595 743 1865 812; x_wconf 85' lang='lat' dir='ltr'><strong>deponere</strong></span> <span class='ocrx_word' id='word_1_56' title='bbox 1904 756 1917 792; x_wconf 92' lang='lat'>:</span> <span class='ocrx_word' id='word_1_57' title='bbox 1954 738 2071 793; x_wconf 75' lang='lat' dir='ltr'><strong>lucc</strong></span> 
     </span>
    </p>
   </div>
   <div class='ocr_carea' id='block_1_7' title="bbox 498 836 2067 915">
    <p class='ocr_par' dir='ltr' id='par_1_7' title="bbox 498 836 2067 915">
     <span class='ocr_line' id='line_1_7' title="bbox 498 836 2067 915; baseline -0.013 -11"><span class='ocrx_word' id='word_1_58' title='bbox 498 848 665 913; x_wconf 81' lang='lat' dir='ltr'><strong>enim,</strong></span> <span class='ocrx_word' id='word_1_59' title='bbox 711 844 865 915; x_wconf 89' lang='lat' dir='ltr'><strong>quasi</strong></span> <span class='ocrx_word' id='word_1_60' title='bbox 904 840 1222 912; x_wconf 85' lang='lat' dir='ltr'><strong>quibusdam</strong></span> <span class='ocrx_word' id='word_1_61' title='bbox 1270 836 1617 908; x_wconf 83' lang='lat' dir='ltr'><strong>compedibus</strong></span> <span class='ocrx_word' id='word_1_62' title='bbox 1658 848 1756 888; x_wconf 92' lang='lat' dir='ltr'><strong>nos</strong></span> <span class='ocrx_word' id='word_1_63' title='bbox 1795 837 2067 902; x_wconf 87' lang='lat' dir='ltr'><strong>premunt,</strong></span> 
     </span>
    </p>
   </div>
   <div class='ocr_carea' id='block_1_8' title="bbox 497 922 2071 1011">
    <p class='ocr_par' dir='ltr' id='par_1_8' title="bbox 497 922 2071 1011">
     <span class='ocr_line' id='line_1_8' title="bbox 497 922 2071 1011; baseline -0.014 -14"><span class='ocrx_word' id='word_1_64' title='bbox 497 950 549 996; x_wconf 81' lang='lat' dir='ltr'><strong>et</strong></span> <span class='ocrx_word' id='word_1_65' title='bbox 570 946 914 1011; x_wconf 75' lang='lat' dir='ltr'><strong>peccatorum</strong></span> <span class='ocrx_word' id='word_1_66' title='bbox 941 948 1039 988; x_wconf 90' lang='lat' dir='ltr'><strong>nos</strong></span> <span class='ocrx_word' id='word_1_67' title='bbox 1063 931 1266 986; x_wconf 84' lang='lat' dir='ltr'><strong>retibus</strong></span> <span class='ocrx_word' id='word_1_68' title='bbox 1292 930 1459 1001; x_wconf 77' lang='lat' dir='ltr'><strong>ligare</strong></span> <span class='ocrx_word' id='word_1_69' title='bbox 1484 924 1831 982; x_wconf 85' lang='lat' dir='ltr'><strong>contendunt.</strong></span> <span class='ocrx_word' id='word_1_70' title='bbox 1862 923 1927 977; x_wconf 84' lang='lat' dir='ltr'><strong>Et</strong></span> <span class='ocrx_word' id='word_1_71' title='bbox 1949 922 2071 976; x_wconf 91' lang='lat' dir='ltr'><strong>ideo</strong></span> 
     </span>
    </p>
   </div>
   <div class='ocr_carea' id='block_1_9' title="bbox 496 1014 2066 1098">
    <p class='ocr_par' dir='ltr' id='par_1_9' title="bbox 496 1014 2066 1098">
     <span class='ocr_line' id='line_1_9' title="bbox 496 1014 2066 1098; baseline -0.015 -9"><span class='ocrx_word' id='word_1_72' title='bbox 496 1048 618 1089; x_wconf 85' lang='lat' dir='ltr'><strong>eum</strong></span> <span class='ocrx_word' id='word_1_73' title='bbox 650 1030 744 1086; x_wconf 91' lang='lat' dir='ltr'><strong>Dei</strong></span> <span class='ocrx_word' id='word_1_74' title='bbox 789 1027 1089 1098; x_wconf 88' lang='lat' dir='ltr'><strong>adjutorio,</strong></span> <span class='ocrx_word' id='word_1_75' title='bbox 1130 1022 1424 1080; x_wconf 89' lang='lat' dir='ltr'><strong>secundum</strong></span> <span class='ocrx_word' id='word_1_76' title='bbox 1459 1020 1601 1090; x_wconf 86' lang='lat' dir='ltr'><strong>quod</strong></span> <span class='ocrx_word' id='word_1_77' title='bbox 1631 1018 1707 1072; x_wconf 89' lang='lat' dir='ltr'><strong>ait</strong></span> <span class='ocrx_word' id='word_1_78' title='bbox 1731 1014 2015 1071; x_wconf 88' lang='lat' dir='ltr'><strong>Psalmista</strong></span> <span class='ocrx_word' id='word_1_79' title='bbox 2054 1032 2066 1066; x_wconf 90' lang='lat'><strong>:</strong></span> 
     </span>
    </p>
   </div>
   <div class='ocr_carea' id='block_1_10' title="bbox 500 1103 2065 1191">
    <p class='ocr_par' dir='ltr' id='par_1_10' title="bbox 500 1103 2065 1191">
     <span class='ocr_line' id='line_1_10' title="bbox 500 1103 2065 1191; baseline -0.013 -15"><span class='ocrx_word' id='word_1_80' title='bbox 500 1122 897 1191; x_wconf 70' lang='lat' dir='ltr'><strong>Disrumpamus</strong></span> <span class='ocrx_word' id='word_1_81' title='bbox 944 1114 1150 1172; x_wconf 76' lang='lat' dir='ltr'><strong>vincula</strong></span> <span class='ocrx_word' id='word_1_82' title='bbox 1207 1128 1387 1168; x_wconf 88' lang='lat' dir='ltr'><strong>eorum</strong></span> <span class='ocrx_word' id='word_1_83' title='bbox 1434 1108 1604 1182; x_wconf 87' lang='lat' dir='ltr'><strong>(Psal.</strong></span> <span class='ocrx_word' id='word_1_84' title='bbox 1638 1107 1724 1180; x_wconf 86' lang='grc' dir='ltr'><strong>ιι),</strong></span> <span class='ocrx_word' id='word_1_85' title='bbox 1783 1116 1842 1161; x_wconf 85' lang='grc' dir='ltr'><strong>ιιι</strong></span> <span class='ocrx_word' id='word_1_86' title='bbox 1892 1103 2065 1160; x_wconf 73' lang='lat' dir='ltr'><strong>securi</strong></span> 
     </span>
    </p>
   </div>
   <div class='ocr_carea' id='block_1_11' title="bbox 498 1195 2071 1280">
    <p class='ocr_par' dir='ltr' id='par_1_11' title="bbox 498 1195 2071 1280">
     <span class='ocr_line' id='line_1_11' title="bbox 498 1195 2071 1280; baseline -0.011 -14"><span class='ocrx_word' id='word_1_87' title='bbox 498 1212 765 1280; x_wconf 84' lang='lat' dir='ltr'><strong>possimus</strong></span> <span class='ocrx_word' id='word_1_88' title='bbox 790 1208 970 1264; x_wconf 86' lang='lat' dir='ltr'><strong>dicere</strong></span> <span class='ocrx_word' id='word_1_89' title='bbox 992 1205 1256 1261; x_wconf 88' lang='lat' dir='ltr'><strong>Domino:</strong></span> <span class='ocrx_word' id='word_1_90' title='bbox 1282 1201 1563 1271; x_wconf 86' lang='lat' dir='ltr'><strong>Disrupisti</strong></span> <span class='ocrx_word' id='word_1_91' title='bbox 1584 1196 1789 1254; x_wconf 84' lang='lat' dir='ltr'><strong>vincula</strong></span> <span class='ocrx_word' id='word_1_92' title='bbox 1812 1215 1926 1251; x_wconf 89' lang='lat' dir='ltr'><strong>mea</strong></span> <span class='ocrx_word' id='word_1_93' title='bbox 1944 1211 1962 1247; x_wconf 91' lang='lat'><strong><em>:</em></strong></span> <span class='ocrx_word' id='word_1_94' title='bbox 1978 1195 2071 1248; x_wconf 87' lang='lat' dir='ltr'><strong>tibi</strong></span> 
     </span>
    </p>
   </div>
   <div class='ocr_carea' id='block_1_12' title="bbox 500 1284 2071 1368">
    <p class='ocr_par' dir='ltr' id='par_1_12' title="bbox 500 1284 2071 1368">
     <span class='ocr_line' id='line_1_12' title="bbox 500 1284 2071 1368; baseline -0.012 -14"><span class='ocrx_word' id='word_1_95' title='bbox 500 1298 805 1368; x_wconf 80' lang='lat' dir='ltr'><strong>sacriﬁcabo</strong></span> <span class='ocrx_word' id='word_1_96' title='bbox 841 1296 1063 1350; x_wconf 77' lang='lat' dir='ltr'><strong>hostiam</strong></span> <span class='ocrx_word' id='word_1_97' title='bbox 1097 1291 1273 1345; x_wconf 86' lang='lat' dir='ltr'><strong>laudis</strong></span> <span class='ocrx_word' id='word_1_98' title='bbox 1308 1288 1481 1362; x_wconf 85' lang='lat' dir='ltr'><strong>(Psal.</strong></span> <span class='ocrx_word' id='word_1_99' title='bbox 1518 1286 1665 1357; x_wconf 83' lang='lat' dir='ltr'><strong>cxv).</strong></span> <span class='ocrx_word' id='word_1_100' title='bbox 1703 1284 2071 1340; x_wconf 83' lang='lat' dir='ltr'><strong>Ascendentes</strong></span> 
     </span>
    </p>
   </div>
   <div class='ocr_carea' id='block_1_13' title="bbox 499 1374 2069 1447">
    <p class='ocr_par' dir='ltr' id='par_1_13' title="bbox 499 1374 2069 1447">
     <span class='ocr_line' id='line_1_13' title="bbox 499 1374 2069 1447; baseline -0.011 -4"><span class='ocrx_word' id='word_1_101' title='bbox 499 1396 672 1443; x_wconf 82' lang='lat' dir='ltr'><strong>autem</strong></span> <span class='ocrx_word' id='word_1_102' title='bbox 711 1402 817 1441; x_wconf 92' lang='lat' dir='ltr'><strong>non</strong></span> <span class='ocrx_word' id='word_1_103' title='bbox 843 1383 1186 1447; x_wconf 80' lang='lat' dir='ltr'><strong>extollamur,</strong></span> <span class='ocrx_word' id='word_1_104' title='bbox 1216 1396 1320 1436; x_wconf 92' lang='lat' dir='ltr'><strong>nec</strong></span> <span class='ocrx_word' id='word_1_105' title='bbox 1345 1380 1412 1435; x_wconf 89' lang='lat' dir='ltr'><strong>de</strong></span> <span class='ocrx_word' id='word_1_106' title='bbox 1444 1376 1646 1433; x_wconf 86' lang='lat' dir='ltr'><strong>nostris</strong></span> <span class='ocrx_word' id='word_1_107' title='bbox 1669 1374 1823 1445; x_wconf 89' lang='lat' dir='ltr'><strong>quasi</strong></span> <span class='ocrx_word' id='word_1_108' title='bbox 1849 1374 1914 1429; x_wconf 90' lang='lat' dir='ltr'><strong>de</strong></span> <span class='ocrx_word' id='word_1_109' title='bbox 1940 1385 2069 1442; x_wconf 91' lang='lat' dir='ltr'><strong>pro-</strong></span> 
     </span>
    </p>
   </div>
   <div class='ocr_carea' id='block_1_14' title="bbox 494 1461 2073 1552">
    <p class='ocr_par' dir='ltr' id='par_1_14' title="bbox 494 1461 2073 1552">
     <span class='ocr_line' id='line_1_14' title="bbox 494 1461 2073 1552; baseline -0.013 -16"><span class='ocrx_word' id='word_1_110' title='bbox 494 1478 630 1552; x_wconf 85' lang='lat' dir='ltr'><strong>priis</strong></span> <span class='ocrx_word' id='word_1_111' title='bbox 661 1477 870 1533; x_wconf 90' lang='lat' dir='ltr'><strong>meritis</strong></span> <span class='ocrx_word' id='word_1_112' title='bbox 894 1486 1305 1546; x_wconf 86' lang='lat' dir='ltr'><strong>praesumamus.</strong></span> <span class='ocrx_word' id='word_1_113' title='bbox 1339 1469 1568 1525; x_wconf 87' lang='lat' dir='ltr'><strong>Sursum</strong></span> <span class='ocrx_word' id='word_1_114' title='bbox 1587 1466 1731 1523; x_wconf 90' lang='lat' dir='ltr'><strong>enim</strong></span> <span class='ocrx_word' id='word_1_115' title='bbox 1755 1478 1851 1520; x_wconf 91' lang='lat' dir='ltr'><strong>cor</strong></span> <span class='ocrx_word' id='word_1_116' title='bbox 1871 1461 2073 1518; x_wconf 87' lang='lat' dir='ltr'><strong>habere</strong></span> 
     </span>
    </p>
   </div>
   <div class='ocr_carea' id='block_1_15' title="bbox 496 1554 2069 1634">
    <p class='ocr_par' dir='ltr' id='par_1_15' title="bbox 496 1554 2069 1634">
     <span class='ocr_line' id='line_1_15' title="bbox 496 1554 2069 1634; baseline -0.013 -11"><span class='ocrx_word' id='word_1_117' title='bbox 496 1571 772 1634; x_wconf 80' lang='lat' dir='ltr'><strong>debemus,</strong></span> <span class='ocrx_word' id='word_1_118' title='bbox 819 1566 911 1622; x_wconf 89' lang='lat' dir='ltr'><strong>sed</strong></span> <span class='ocrx_word' id='word_1_119' title='bbox 942 1564 1007 1619; x_wconf 90' lang='lat' dir='ltr'><strong>ad</strong></span> <span class='ocrx_word' id='word_1_120' title='bbox 1037 1561 1321 1618; x_wconf 90' lang='lat' dir='ltr'><strong>Dominum</strong></span> <span class='ocrx_word' id='word_1_121' title='bbox 1356 1577 1369 1614; x_wconf 89' lang='lat'><strong>:</strong></span> <span class='ocrx_word' id='word_1_122' title='bbox 1408 1572 1623 1615; x_wconf 87' lang='lat' dir='ltr'><strong>sursum</strong></span> <span class='ocrx_word' id='word_1_123' title='bbox 1649 1554 1795 1611; x_wconf 89' lang='lat' dir='ltr'><strong>enim</strong></span> <span class='ocrx_word' id='word_1_124' title='bbox 1825 1567 1938 1617; x_wconf 91' lang='lat' dir='ltr'><strong>cor,</strong></span> <span class='ocrx_word' id='word_1_125' title='bbox 1962 1564 2069 1605; x_wconf 90' lang='lat' dir='ltr'><strong>non</strong></span> 
     </span>
    </p>
   </div>
   <div class='ocr_carea' id='block_1_16' title="bbox 494 1648 2071 1724">
    <p class='ocr_par' dir='ltr' id='par_1_16' title="bbox 494 1648 2071 1724">
     <span class='ocr_line' id='line_1_16' title="bbox 494 1648 2071 1724; baseline -0.015 -7"><span class='ocrx_word' id='word_1_126' title='bbox 494 1662 561 1718; x_wconf 88' lang='lat' dir='ltr'><strong>ad</strong></span> <span class='ocrx_word' id='word_1_127' title='bbox 611 1658 917 1722; x_wconf 90' lang='lat' dir='ltr'><strong>Dominum,</strong></span> <span class='ocrx_word' id='word_1_128' title='bbox 967 1655 1197 1724; x_wconf 77' lang='lat' dir='ltr'><strong>erigere,</strong></span> <span class='ocrx_word' id='word_1_129' title='bbox 1245 1648 1498 1720; x_wconf 74' lang='lat' dir='ltr'><strong>superbia</strong></span> <span class='ocrx_word' id='word_1_130' title='bbox 1539 1654 1804 1709; x_wconf 82' lang='lat' dir='ltr'><strong>vocatur;</strong></span> <span class='ocrx_word' id='word_1_131' title='bbox 1854 1654 2071 1699; x_wconf 89' lang='lat' dir='ltr'><strong>sursum</strong></span> 
     </span>
    </p>
   </div>
   <div class='ocr_carea' id='block_1_17' title="bbox 2174 469 3751 541">
    <p class='ocr_par' dir='ltr' id='par_1_17' title="bbox 2174 469 3751 541">
     <span class='ocr_line' id='line_1_17' title="bbox 2174 469 3751 541; baseline 0.004 -17"><span class='ocrx_word' id='word_1_132' title='bbox 2174 470 2457 537; x_wconf 87' lang='lat' dir='ltr'><strong>vocabulo,</strong></span> <span class='ocrx_word' id='word_1_133' title='bbox 2506 470 2600 540; x_wconf 92' lang='lat' dir='ltr'><strong>qui</strong></span> <span class='ocrx_word' id='word_1_134' title='bbox 2656 469 2953 525; x_wconf 77' lang='lat' dir='ltr'><strong>consolator</strong></span> <span class='ocrx_word' id='word_1_135' title='bbox 3002 472 3411 541; x_wconf 84' lang='lat' dir='ltr'><strong>interpretatur,</strong></span> <span class='ocrx_word' id='word_1_136' title='bbox 3454 474 3751 531; x_wconf 88' lang='lat' dir='ltr'><strong>secundum</strong></span> 
     </span>
    </p>
   </div>
   <div class='ocr_carea' id='block_1_18' title="bbox 2174 559 3753 631">
    <p class='ocr_par' dir='ltr' id='par_1_18' title="bbox 2174 559 3753 631">
     <span class='ocr_line' id='line_1_18' title="bbox 2174 559 3753 631; baseline 0 -13"><span class='ocrx_word' id='word_1_137' title='bbox 2174 561 2582 631; x_wconf 88' lang='lat' dir='ltr'><strong>promissionem</strong></span> <span class='ocrx_word' id='word_1_138' title='bbox 2639 559 2840 616; x_wconf 85' lang='lat' dir='ltr'><strong>Christi</strong></span> <span class='ocrx_word' id='word_1_139' title='bbox 2892 575 3055 631; x_wconf 82' lang='lat' dir='ltr'><strong>super</strong></span> <span class='ocrx_word' id='word_1_140' title='bbox 3109 562 3379 631; x_wconf 80' lang='lat' dir='ltr'><strong>apostolos</strong></span> <span class='ocrx_word' id='word_1_141' title='bbox 3431 563 3753 631; x_wconf 85' lang='lat' dir='ltr'><strong>descendit,</strong></span> 
     </span>
    </p>
   </div>
   <div class='ocr_carea' id='block_1_19' title="bbox 2172 653 3753 725">
    <p class='ocr_par' dir='ltr' id='par_1_19' title="bbox 2172 653 3753 725">
     <span class='ocr_line' id='line_1_19' title="bbox 2172 653 3753 725; baseline -0.001 -14"><span class='ocrx_word' id='word_1_142' title='bbox 2172 670 2466 725; x_wconf 87' lang='lat' dir='ltr'><strong>eorumque</strong></span> <span class='ocrx_word' id='word_1_143' title='bbox 2509 656 2671 711; x_wconf 88' lang='lat' dir='ltr'><strong>corda</strong></span> <span class='ocrx_word' id='word_1_144' title='bbox 2707 653 2920 708; x_wconf 84' lang='lat' dir='ltr'><strong>ﬂamma</strong></span> <span class='ocrx_word' id='word_1_145' title='bbox 2948 654 3235 709; x_wconf 88' lang='lat' dir='ltr'><strong>charitatis</strong></span> <span class='ocrx_word' id='word_1_146' title='bbox 3254 669 3367 709; x_wconf 73' lang='lat' dir='ltr'><strong>sure</strong></span> <span class='ocrx_word' id='word_1_147' title='bbox 3391 654 3667 720; x_wconf 88' lang='lat' dir='ltr'><strong>accendit,</strong></span> <span class='ocrx_word' id='word_1_148' title='bbox 3698 663 3753 711; x_wconf 82' lang='lat' dir='ltr'><strong>et</strong></span> 
     </span>
    </p>
   </div>
   <div class='ocr_carea' id='block_1_20' title="bbox 2174 742 3755 816">
    <p class='ocr_par' dir='ltr' id='par_1_20' title="bbox 2174 742 3755 816">
     <span class='ocr_line' id='line_1_20' title="bbox 2174 742 3755 816; baseline 0.001 -18"><span class='ocrx_word' id='word_1_149' title='bbox 2174 745 2376 799; x_wconf 89' lang='lat' dir='ltr'><strong>lumine</strong></span> <span class='ocrx_word' id='word_1_150' title='bbox 2405 745 2569 799; x_wconf 87' lang='lat' dir='ltr'><strong>totius</strong></span> <span class='ocrx_word' id='word_1_151' title='bbox 2594 744 2834 800; x_wconf 69' lang='lat' dir='ltr'><strong>scientia:</strong></span> <span class='ocrx_word' id='word_1_152' title='bbox 2861 758 2956 799; x_wconf 92' lang='lat' dir='ltr'><strong>eos</strong></span> <span class='ocrx_word' id='word_1_153' title='bbox 2986 742 3281 803; x_wconf 76' lang='lat' dir='ltr'><strong>illusuans.</strong></span> <span class='ocrx_word' id='word_1_154' title='bbox 3308 744 3451 799; x_wconf 90' lang='lat' dir='ltr'><strong>inter</strong></span> <span class='ocrx_word' id='word_1_155' title='bbox 3475 745 3755 816; x_wconf 73' lang='lat' dir='ltr'><strong>angustias</strong></span> 
     </span>
    </p>
   </div>
   <div class='ocr_carea' id='block_1_21' title="bbox 2172 832 3756 904">
    <p class='ocr_par' dir='ltr' id='par_1_21' title="bbox 2172 832 3756 904">
     <span class='ocr_line' id='line_1_21' title="bbox 2172 832 3756 904; baseline 0.001 -15"><span class='ocrx_word' id='word_1_156' title='bbox 2172 835 2611 904; x_wconf 85' lang='lat' dir='ltr'><strong>persequentium</strong></span> <span class='ocrx_word' id='word_1_157' title='bbox 2654 832 2961 889; x_wconf 64' lang='lat' dir='ltr'><strong>Judazorum</strong></span> <span class='ocrx_word' id='word_1_158' title='bbox 3008 833 3333 889; x_wconf 88' lang='lat' dir='ltr'><strong>constitutos</strong></span> <span class='ocrx_word' id='word_1_159' title='bbox 3377 833 3582 889; x_wconf 66' lang='lat' dir='ltr'><strong>caelesti</strong></span> <span class='ocrx_word' id='word_1_160' title='bbox 3630 834 3756 891; x_wconf 82' lang='lat' dir='ltr'><strong>fecit</strong></span> 
     </span>
    </p>
   </div>
   <div class='ocr_carea' id='block_1_22' title="bbox 2172 921 3757 994">
    <p class='ocr_par' dir='ltr' id='par_1_22' title="bbox 2172 921 3757 994">
     <span class='ocr_line' id='line_1_22' title="bbox 2172 921 3757 994; baseline -0.001 -15"><span class='ocrx_word' id='word_1_161' title='bbox 2172 926 2473 979; x_wconf 74' lang='lat' dir='ltr'><strong>exuberare</strong></span> <span class='ocrx_word' id='word_1_162' title='bbox 2495 922 2699 977; x_wconf 67' lang='lat' dir='ltr'><strong>laetitia.</strong></span> <span class='ocrx_word' id='word_1_163' title='bbox 2727 921 2783 976; x_wconf 89' lang='lat' dir='ltr'><strong>In</strong></span> <span class='ocrx_word' id='word_1_164' title='bbox 2808 921 3000 991; x_wconf 88' lang='lat' dir='ltr'><strong>primis</strong></span> <span class='ocrx_word' id='word_1_165' title='bbox 3027 921 3169 976; x_wconf 92' lang='lat' dir='ltr'><strong>enim</strong></span> <span class='ocrx_word' id='word_1_166' title='bbox 3205 922 3481 977; x_wconf 89' lang='lat' dir='ltr'><strong>sciendum</strong></span> <span class='ocrx_word' id='word_1_167' title='bbox 3505 930 3590 978; x_wconf 89' lang='lat' dir='ltr'><strong>est</strong></span> <span class='ocrx_word' id='word_1_168' title='bbox 3612 923 3757 994; x_wconf 81' lang='lat' dir='ltr'><strong>quod</strong></span> 
     </span>
    </p>
   </div>
   <div class='ocr_carea' id='block_1_23' title="bbox 2175 1011 3756 1083">
    <p class='ocr_par' dir='ltr' id='par_1_23' title="bbox 2175 1011 3756 1083">
     <span class='ocr_line' id='line_1_23' title="bbox 2175 1011 3756 1083; baseline -0.002 -12"><span class='ocrx_word' id='word_1_169' title='bbox 2175 1018 2287 1071; x_wconf 83' lang='lat' dir='ltr'><strong>haec</strong></span> <span class='ocrx_word' id='word_1_170' title='bbox 2321 1013 2635 1069; x_wconf 88' lang='lat' dir='ltr'><strong>solemnitas</strong></span> <span class='ocrx_word' id='word_1_171' title='bbox 2668 1027 2776 1068; x_wconf 91' lang='lat' dir='ltr'><strong>non</strong></span> <span class='ocrx_word' id='word_1_172' title='bbox 2815 1011 3142 1083; x_wconf 87' lang='lat' dir='ltr'><strong>evangelicis</strong></span> <span class='ocrx_word' id='word_1_173' title='bbox 3188 1020 3397 1066; x_wconf 89' lang='lat' dir='ltr'><strong>tantum</strong></span> <span class='ocrx_word' id='word_1_174' title='bbox 3437 1022 3756 1068; x_wconf 88' lang='lat' dir='ltr'><strong>consecrata</strong></span> 
     </span>
    </p>
   </div>
   <div class='ocr_carea' id='block_1_24' title="bbox 2174 1102 3759 1175">
    <p class='ocr_par' dir='ltr' id='par_1_24' title="bbox 2174 1102 3759 1175">
     <span class='ocr_line' id='line_1_24' title="bbox 2174 1102 3759 1175; baseline -0.001 -14"><span class='ocrx_word' id='word_1_175' title='bbox 2174 1105 2611 1168; x_wconf 83' lang='lat' dir='ltr'><strong>charismatibus,</strong></span> <span class='ocrx_word' id='word_1_176' title='bbox 2657 1118 2847 1159; x_wconf 92' lang='lat' dir='ltr'><strong>verum</strong></span> <span class='ocrx_word' id='word_1_177' title='bbox 2878 1104 3044 1159; x_wconf 89' lang='lat' dir='ltr'><strong>etiam</strong></span> <span class='ocrx_word' id='word_1_178' title='bbox 3086 1102 3346 1175; x_wconf 77' lang='lat' dir='ltr'><strong>legalibus</strong></span> <span class='ocrx_word' id='word_1_179' title='bbox 3369 1102 3482 1172; x_wconf 86' lang='lat' dir='ltr'><strong>jam</strong></span> <span class='ocrx_word' id='word_1_180' title='bbox 3509 1103 3635 1159; x_wconf 90' lang='lat' dir='ltr'><strong>olim</strong></span> <span class='ocrx_word' id='word_1_181' title='bbox 3673 1114 3759 1159; x_wconf 83' lang='lat' dir='ltr'><strong>est</strong></span> 
     </span>
    </p>
   </div>
   <div class='ocr_carea' id='block_1_25' title="bbox 2172 1194 3757 1269">
    <p class='ocr_par' dir='ltr' id='par_1_25' title="bbox 2172 1194 3757 1269">
     <span class='ocr_line' id='line_1_25' title="bbox 2172 1194 3757 1269; baseline -0.001 -17"><span class='ocrx_word' id='word_1_182' title='bbox 2172 1197 2499 1269; x_wconf 66' lang='lat' dir='ltr'><strong>praesignata</strong></span> <span class='ocrx_word' id='word_1_183' title='bbox 2521 1195 2818 1268; x_wconf 86' lang='lat' dir='ltr'><strong>mysteriis,</strong></span> <span class='ocrx_word' id='word_1_184' title='bbox 2844 1210 2909 1249; x_wconf 91' lang='lat' dir='ltr'><strong>ac</strong></span> <span class='ocrx_word' id='word_1_185' title='bbox 2932 1194 3159 1250; x_wconf 90' lang='lat' dir='ltr'><strong>Domino</strong></span> <span class='ocrx_word' id='word_1_186' title='bbox 3175 1195 3420 1262; x_wconf 73' lang='lat' dir='ltr'><strong>iubente,</strong></span> <span class='ocrx_word' id='word_1_187' title='bbox 3449 1210 3547 1264; x_wconf 89' lang='lat' dir='ltr'><strong>per</strong></span> <span class='ocrx_word' id='word_1_188' title='bbox 3565 1209 3757 1251; x_wconf 82' lang='lat' dir='ltr'><strong>omnes</strong></span> 
     </span>
    </p>
   </div>
   <div class='ocr_carea' id='block_1_26' title="bbox 2174 1283 3757 1342">
    <p class='ocr_par' dir='ltr' id='par_1_26' title="bbox 2174 1283 3757 1342">
     <span class='ocr_line' id='line_1_26' title="bbox 2174 1283 3757 1342; baseline -0.003 0"><span class='ocrx_word' id='word_1_189' title='bbox 2174 1302 2345 1342; x_wconf 89' lang='lat' dir='ltr'><strong>annos</strong></span> <span class='ocrx_word' id='word_1_190' title='bbox 2365 1286 2537 1342; x_wconf 89' lang='lat' dir='ltr'><strong>sacris</strong></span> <span class='ocrx_word' id='word_1_191' title='bbox 2562 1286 2849 1340; x_wconf 89' lang='lat' dir='ltr'><strong>observata</strong></span> <span class='ocrx_word' id='word_1_192' title='bbox 2871 1285 3232 1340; x_wconf 57' lang='lat' dir='ltr'><strong>caeremoniis.</strong></span> <span class='ocrx_word' id='word_1_193' title='bbox 3260 1283 3535 1340; x_wconf 83' lang='lat' dir='ltr'><strong>Hodierna</strong></span> <span class='ocrx_word' id='word_1_194' title='bbox 3554 1287 3757 1340; x_wconf 89' lang='lat' dir='ltr'><strong>etenim</strong></span> 
     </span>
    </p>
   </div>
   <div class='ocr_carea' id='block_1_27' title="bbox 2173 1374 3762 1446">
    <p class='ocr_par' dir='ltr' id='par_1_27' title="bbox 2173 1374 3762 1446">
     <span class='ocr_line' id='line_1_27' title="bbox 2173 1374 3762 1446; baseline -0.002 -12"><span class='ocrx_word' id='word_1_195' title='bbox 2173 1379 2280 1445; x_wconf 88' lang='lat' dir='ltr'><strong>die,</strong></span> <span class='ocrx_word' id='word_1_196' title='bbox 2304 1386 2364 1433; x_wconf 93' lang='lat' dir='ltr'><strong>ut</strong></span> <span class='ocrx_word' id='word_1_197' title='bbox 2382 1376 2649 1442; x_wconf 86' lang='lat' dir='ltr'><strong>novimus,</strong></span> <span class='ocrx_word' id='word_1_198' title='bbox 2667 1374 2857 1446; x_wconf 88' lang='lat' dir='ltr'><strong>positis</strong></span> <span class='ocrx_word' id='word_1_199' title='bbox 2882 1374 2933 1429; x_wconf 93' lang='lat' dir='ltr'><strong>in</strong></span> <span class='ocrx_word' id='word_1_200' title='bbox 2956 1374 3235 1431; x_wconf 69' lang='lat' dir='ltr'><strong>cmnaculo</strong></span> <span class='ocrx_word' id='word_1_201' title='bbox 3256 1375 3556 1446; x_wconf 86' lang='lat' dir='ltr'><strong>discipulis,</strong></span> <span class='ocrx_word' id='word_1_202' title='bbox 3579 1375 3762 1431; x_wconf 85' lang='lat' dir='ltr'><strong>factus</strong></span> 
     </span>
    </p>
   </div>
   <div class='ocr_carea' id='block_1_28' title="bbox 2173 1462 3761 1537">
    <p class='ocr_par' dir='ltr' id='par_1_28' title="bbox 2173 1462 3761 1537">
     <span class='ocr_line' id='line_1_28' title="bbox 2173 1462 3761 1537; baseline -0.003 -15"><span class='ocrx_word' id='word_1_203' title='bbox 2173 1476 2256 1523; x_wconf 90' lang='lat' dir='ltr'><strong>est</strong></span> <span class='ocrx_word' id='word_1_204' title='bbox 2282 1475 2506 1537; x_wconf 87' lang='lat' dir='ltr'><strong>repente</strong></span> <span class='ocrx_word' id='word_1_205' title='bbox 2534 1464 2601 1519; x_wconf 89' lang='lat' dir='ltr'><strong>de</strong></span> <span class='ocrx_word' id='word_1_206' title='bbox 2622 1463 2760 1519; x_wconf 76' lang='lat' dir='ltr'><strong>ccelo</strong></span> <span class='ocrx_word' id='word_1_207' title='bbox 2781 1478 2969 1529; x_wconf 88' lang='lat' dir='ltr'><strong>sonus,</strong></span> <span class='ocrx_word' id='word_1_208' title='bbox 2997 1471 3054 1519; x_wconf 89' lang='lat' dir='ltr'><strong>et</strong></span> <span class='ocrx_word' id='word_1_209' title='bbox 3076 1462 3314 1533; x_wconf 86' lang='lat' dir='ltr'><strong>Spiritus</strong></span> <span class='ocrx_word' id='word_1_210' title='bbox 3338 1473 3563 1519; x_wconf 90' lang='lat' dir='ltr'><strong>sanctus</strong></span> <span class='ocrx_word' id='word_1_211' title='bbox 3593 1464 3645 1518; x_wconf 92' lang='lat' dir='ltr'><strong>in</strong></span> <span class='ocrx_word' id='word_1_212' title='bbox 3678 1464 3761 1518; x_wconf 90' lang='lat' dir='ltr'><strong>vi-</strong></span> 
     </span>
    </p>
   </div>
   <div class='ocr_carea' id='block_1_29' title="bbox 2172 1550 3761 1626">
    <p class='ocr_par' dir='ltr' id='par_1_29' title="bbox 2172 1550 3761 1626">
     <span class='ocr_line' id='line_1_29' title="bbox 2172 1550 3761 1626; baseline -0.004 -13"><span class='ocrx_word' id='word_1_213' title='bbox 2172 1557 2325 1613; x_wconf 87' lang='lat' dir='ltr'><strong>sione</strong></span> <span class='ocrx_word' id='word_1_214' title='bbox 2372 1555 2514 1626; x_wconf 91' lang='lat' dir='ltr'><strong>ignis</strong></span> <span class='ocrx_word' id='word_1_215' title='bbox 2561 1567 2848 1625; x_wconf 87' lang='lat' dir='ltr'><strong>apparens,</strong></span> <span class='ocrx_word' id='word_1_216' title='bbox 2896 1552 3181 1607; x_wconf 87' lang='lat' dir='ltr'><strong>scientiam</strong></span> <span class='ocrx_word' id='word_1_217' title='bbox 3226 1551 3333 1607; x_wconf 90' lang='lat' dir='ltr'><strong>illis</strong></span> <span class='ocrx_word' id='word_1_218' title='bbox 3370 1552 3611 1606; x_wconf 91' lang='lat' dir='ltr'><strong>omnium</strong></span> <span class='ocrx_word' id='word_1_219' title='bbox 3656 1550 3761 1607; x_wconf 86' lang='lat' dir='ltr'><strong>lin-</strong></span> 
     </span>
    </p>
   </div>
   <div class='ocr_carea' id='block_1_30' title="bbox 2174 1647 3762 1723">
    <p class='ocr_par' dir='ltr' id='par_1_30' title="bbox 2174 1647 3762 1723">
     <span class='ocr_line' id='line_1_30' title="bbox 2174 1647 3762 1723; baseline -0.002 -17"><span class='ocrx_word' id='word_1_220' title='bbox 2174 1665 2401 1723; x_wconf 89' lang='lat' dir='ltr'><strong>gnarum</strong></span> <span class='ocrx_word' id='word_1_221' title='bbox 2424 1649 2649 1705; x_wconf 87' lang='lat' dir='ltr'><strong>tradidit</strong></span> <span class='ocrx_word' id='word_1_222' title='bbox 2671 1648 2807 1720; x_wconf 83' lang='lat' dir='ltr'><strong>(Act.</strong></span> <span class='ocrx_word' id='word_1_223' title='bbox 2832 1647 2916 1721; x_wconf 91' lang='grc' dir='ltr'><strong>ιι).</strong></span> <span class='ocrx_word' id='word_1_224' title='bbox 2935 1648 3096 1704; x_wconf 86' lang='lat' dir='ltr'><strong>Facta</strong></span> <span class='ocrx_word' id='word_1_225' title='bbox 3121 1655 3300 1702; x_wconf 89' lang='lat' dir='ltr'><strong>autem</strong></span> <span class='ocrx_word' id='word_1_226' title='bbox 3324 1648 3426 1703; x_wconf 89' lang='lat' dir='ltr'><strong>hac</strong></span> <span class='ocrx_word' id='word_1_227' title='bbox 3448 1663 3604 1715; x_wconf 92' lang='lat' dir='ltr'><strong>voce,</strong></span> <span class='ocrx_word' id='word_1_228' title='bbox 3628 1664 3762 1703; x_wconf 86' lang='lat' dir='ltr'><strong>eon-</strong></span> 
     </span>
    </p>
   </div>
   <div class='ocr_carea' id='block_1_31' title="bbox 494 1733 3763 1817">
    <p class='ocr_par' dir='ltr' id='par_1_31' title="bbox 494 1733 3763 1817">
     <span class='ocr_line' id='line_1_31' title="bbox 494 1733 3763 1817; baseline -0.006 0"><span class='ocrx_word' id='word_1_229' title='bbox 494 1760 673 1817; x_wconf 78' lang='lat' dir='ltr'><strong>autem</strong></span> <span class='ocrx_word' id='word_1_230' title='bbox 704 1764 799 1804; x_wconf 73' lang='lat'><strong>001&#39;</strong></span> <span class='ocrx_word' id='word_1_231' title='bbox 838 1749 905 1802; x_wconf 76' lang='lat' dir='ltr'><strong>3d</strong></span> <span class='ocrx_word' id='word_1_232' title='bbox 932 1744 1217 1800; x_wconf 76' lang='lat' dir='ltr'><strong>Dominum</strong></span> <span class='ocrx_word' id='word_1_233' title='bbox 1259 1740 1482 1802; x_wconf 61' lang='lat' dir='ltr'><strong>habere,</strong></span> <span class='ocrx_word' id='word_1_234' title='bbox 1523 1733 1791 1804; x_wconf 66' lang='grc' dir='ltr'><strong>ΐθῖυϐίιιῐη</strong></span> <span class='ocrx_word' id='word_1_235' title='bbox 1824 1738 2067 1788; x_wconf 53' lang='lat' dir='ltr'><strong>vocali&quot;-</strong></span> <span class='ocrx_word' id='word_1_236' title='bbox 2102 1750 2147 1810; x_wconf 86' lang='lat' dir='ltr'><strong>B</strong></span> <span class='ocrx_word' id='word_1_237' title='bbox 2176 1756 2375 1798; x_wconf 88' lang='lat' dir='ltr'><strong>venere</strong></span> <span class='ocrx_word' id='word_1_238' title='bbox 2412 1741 2515 1796; x_wconf 84' lang='lat' dir='ltr'><strong>viri</strong></span> <span class='ocrx_word' id='word_1_239' title='bbox 2552 1740 2790 1811; x_wconf 85' lang='lat' dir='ltr'><strong>religiosi</strong></span> <span class='ocrx_word' id='word_1_240' title='bbox 2821 1740 2913 1810; x_wconf 88' lang='lat' dir='ltr'><strong>qui</strong></span> <span class='ocrx_word' id='word_1_241' title='bbox 2943 1739 3010 1795; x_wconf 90' lang='lat' dir='ltr'><strong>de</strong></span> <span class='ocrx_word' id='word_1_242' title='bbox 3044 1740 3273 1797; x_wconf 78' lang='lat' dir='ltr'><strong>diversis</strong></span> <span class='ocrx_word' id='word_1_243' title='bbox 3298 1741 3609 1797; x_wconf 89' lang='lat' dir='ltr'><strong>nationibus</strong></span> <span class='ocrx_word' id='word_1_244' title='bbox 3633 1740 3763 1797; x_wconf 81' lang='lat' dir='ltr'><strong>Hie-</strong></span> 
     </span>
    </p>
   </div>
   <div class='ocr_carea' id='block_1_32' title="bbox 495 1821 2064 1907">
    <p class='ocr_par' dir='ltr' id='par_1_32' title="bbox 495 1821 2064 1907">
     <span class='ocr_line' id='line_1_32' title="bbox 495 1821 2064 1907; baseline -0.016 -10"><span class='ocrx_word' id='word_1_245' title='bbox 495 1844 701 1907; x_wconf 85' lang='lat' dir='ltr'><strong>Videte,</strong></span> <span class='ocrx_word' id='word_1_246' title='bbox 723 1839 938 1903; x_wconf 84' lang='lat' dir='ltr'><strong>fratres,</strong></span> <span class='ocrx_word' id='word_1_247' title='bbox 963 1847 1216 1905; x_wconf 86' lang='lat' dir='ltr'><strong>magnum</strong></span> <span class='ocrx_word' id='word_1_248' title='bbox 1236 1828 1552 1886; x_wconf 77' lang='lat' dir='ltr'><strong>miraculum</strong></span> <span class='ocrx_word' id='word_1_249' title='bbox 1581 1844 1594 1880; x_wconf 91' lang='lat'><strong>:</strong></span> <span class='ocrx_word' id='word_1_250' title='bbox 1622 1824 1762 1880; x_wconf 86' lang='lat' dir='ltr'><strong>altus</strong></span> <span class='ocrx_word' id='word_1_251' title='bbox 1787 1831 1871 1878; x_wconf 80' lang='lat' dir='ltr'><strong>est</strong></span> <span class='ocrx_word' id='word_1_252' title='bbox 1893 1821 2064 1874; x_wconf 87' lang='lat' dir='ltr'><strong>Deus:</strong></span> 
     </span>
    </p>
   </div>
   <div class='ocr_carea' id='block_1_33' title="bbox 492 1907 2064 2005">
    <p class='ocr_par' dir='ltr' id='par_1_33' title="bbox 492 1907 2064 2005">
     <span class='ocr_line' id='line_1_33' title="bbox 492 1907 2064 2005; baseline -0.018 -15"><span class='ocrx_word' id='word_1_253' title='bbox 492 1935 656 2005; x_wconf 89' lang='lat' dir='ltr'><strong>erigis</strong></span> <span class='ocrx_word' id='word_1_254' title='bbox 696 1940 772 1996; x_wconf 88' lang='lat' dir='ltr'><strong>te,</strong></span> <span class='ocrx_word' id='word_1_255' title='bbox 822 1938 876 1985; x_wconf 91' lang='lat' dir='ltr'><strong>et</strong></span> <span class='ocrx_word' id='word_1_256' title='bbox 916 1926 1052 1998; x_wconf 83' lang='lat' dir='ltr'><strong>fugit</strong></span> <span class='ocrx_word' id='word_1_257' title='bbox 1093 1939 1124 1978; x_wconf 91' lang='lat' dir='ltr'><strong>a</strong></span> <span class='ocrx_word' id='word_1_258' title='bbox 1155 1932 1246 1988; x_wconf 89' lang='lat' dir='ltr'><strong>te;</strong></span> <span class='ocrx_word' id='word_1_259' title='bbox 1285 1918 1540 1975; x_wconf 91' lang='lat' dir='ltr'><strong>humilias</strong></span> <span class='ocrx_word' id='word_1_260' title='bbox 1584 1926 1657 1981; x_wconf 91' lang='lat' dir='ltr'><strong>te,</strong></span> <span class='ocrx_word' id='word_1_261' title='bbox 1700 1922 1757 1969; x_wconf 87' lang='lat' dir='ltr'><strong>et</strong></span> <span class='ocrx_word' id='word_1_262' title='bbox 1793 1907 2064 1967; x_wconf 86' lang='lat' dir='ltr'><strong>descendit</strong></span> 
     </span>
    </p>
   </div>
   <div class='ocr_carea' id='block_1_34' title="bbox 494 2002 2074 2088">
    <p class='ocr_par' dir='ltr' id='par_1_34' title="bbox 494 2002 2074 2088">
     <span class='ocr_line' id='line_1_34' title="bbox 494 2002 2074 2088; baseline -0.018 -8"><span class='ocrx_word' id='word_1_263' title='bbox 494 2027 557 2080; x_wconf 79' lang='lat' dir='ltr'><strong>ad</strong></span> <span class='ocrx_word' id='word_1_264' title='bbox 582 2002 658 2078; x_wconf 76' lang='lat' dir='ltr'><strong>te.</strong></span> <span class='ocrx_word' id='word_1_265' title='bbox 689 2022 869 2088; x_wconf 80' lang='lat' dir='ltr'><strong>Quare</strong></span> <span class='ocrx_word' id='word_1_266' title='bbox 905 2018 1046 2073; x_wconf 82' lang='lat' dir='ltr'><strong>hoc?</strong></span> <span class='ocrx_word' id='word_1_267' title='bbox 1076 2014 1213 2082; x_wconf 83' lang='lat' dir='ltr'><strong>Quia</strong></span> <span class='ocrx_word' id='word_1_268' title='bbox 1246 2008 1479 2067; x_wconf 68' lang='lat' dir='ltr'><strong>excelsus</strong></span> <span class='ocrx_word' id='word_1_269' title='bbox 1521 2016 1616 2073; x_wconf 85' lang='lat' dir='ltr'><strong>est,</strong></span> <span class='ocrx_word' id='word_1_270' title='bbox 1657 2014 1704 2060; x_wconf 88' lang='lat' dir='ltr'><strong>et</strong></span> <span class='ocrx_word' id='word_1_271' title='bbox 1744 2002 1963 2057; x_wconf 82' lang='lat' dir='ltr'><strong>humilia</strong></span> <span class='ocrx_word' id='word_1_272' title='bbox 1991 2015 2074 2053; x_wconf 82' lang='lat' dir='ltr'><strong>re-</strong></span> 
     </span>
    </p>
   </div>
   <div class='ocr_carea' id='block_1_35' title="bbox 491 2089 2073 2187">
    <p class='ocr_par' dir='ltr' id='par_1_35' title="bbox 491 2089 2073 2187">
     <span class='ocr_line' id='line_1_35' title="bbox 491 2089 2073 2187; baseline -0.02 -16"><span class='ocrx_word' id='word_1_273' title='bbox 491 2118 658 2187; x_wconf 77' lang='lat' dir='ltr'><strong>spicit,</strong></span> <span class='ocrx_word' id='word_1_274' title='bbox 697 2123 745 2167; x_wconf 88' lang='lat' dir='ltr'><strong>et</strong></span> <span class='ocrx_word' id='word_1_275' title='bbox 774 2110 883 2165; x_wconf 84' lang='lat' dir='ltr'><strong>alta</strong></span> <span class='ocrx_word' id='word_1_276' title='bbox 914 2109 979 2170; x_wconf 85' lang='lat' dir='ltr'><strong>de</strong></span> <span class='ocrx_word' id='word_1_277' title='bbox 1003 2106 1153 2176; x_wconf 83' lang='lat' dir='ltr'><strong>longe</strong></span> <span class='ocrx_word' id='word_1_278' title='bbox 1183 2099 1442 2172; x_wconf 85' lang='lat' dir='ltr'><strong>cognoscit</strong></span> <span class='ocrx_word' id='word_1_279' title='bbox 1463 2094 1635 2169; x_wconf 83' lang='lat' dir='ltr'><strong>(Psal.</strong></span> <span class='ocrx_word' id='word_1_280' title='bbox 1678 2093 1940 2165; x_wconf 76' lang='lat' dir='ltr'><strong>cxxxvn);</strong></span> <span class='ocrx_word' id='word_1_281' title='bbox 1974 2089 2073 2142; x_wconf 89' lang='lat' dir='ltr'><strong>hu-</strong></span> 
     </span>
    </p>
   </div>
   <div class='ocr_carea' id='block_1_36' title="bbox 494 2179 2075 2273">
    <p class='ocr_par' dir='ltr' id='par_1_36' title="bbox 494 2179 2075 2273">
     <span class='ocr_line' id='line_1_36' title="bbox 494 2179 2075 2273; baseline -0.02 -11"><span class='ocrx_word' id='word_1_282' title='bbox 494 2179 640 2265; x_wconf 76' lang='lat' dir='ltr'><strong>milia</strong></span> <span class='ocrx_word' id='word_1_283' title='bbox 683 2205 748 2259; x_wconf 90' lang='lat' dir='ltr'><strong>de</strong></span> <span class='ocrx_word' id='word_1_284' title='bbox 786 2200 1031 2273; x_wconf 80' lang='lat' dir='ltr'><strong>proximo</strong></span> <span class='ocrx_word' id='word_1_285' title='bbox 1076 2192 1315 2264; x_wconf 80' lang='lat' dir='ltr'><strong>respicit,</strong></span> <span class='ocrx_word' id='word_1_286' title='bbox 1349 2197 1407 2244; x_wconf 92' lang='lat' dir='ltr'><strong>ut</strong></span> <span class='ocrx_word' id='word_1_287' title='bbox 1441 2185 1683 2250; x_wconf 84' lang='lat' dir='ltr'><strong>attollat;</strong></span> <span class='ocrx_word' id='word_1_288' title='bbox 1728 2182 1857 2246; x_wconf 89' lang='lat' dir='ltr'><strong>alta,</strong></span> <span class='ocrx_word' id='word_1_289' title='bbox 1901 2179 1954 2233; x_wconf 89' lang='lat' dir='ltr'><strong>id</strong></span> <span class='ocrx_word' id='word_1_290' title='bbox 1989 2182 2075 2232; x_wconf 87' lang='lat' dir='ltr'><strong>est</strong></span> 
     </span>
    </p>
   </div>
   <div class='ocr_carea' id='block_1_37' title="bbox 492 2268 2071 2368">
    <p class='ocr_par' dir='ltr' id='par_1_37' title="bbox 492 2268 2071 2368">
     <span class='ocr_line' id='line_1_37' title="bbox 492 2268 2071 2368; baseline -0.022 -15"><span class='ocrx_word' id='word_1_291' title='bbox 492 2294 746 2368; x_wconf 87' lang='lat' dir='ltr'><strong>superba,</strong></span> <span class='ocrx_word' id='word_1_292' title='bbox 788 2268 856 2345; x_wconf 79' lang='lat' dir='ltr'><strong>de</strong></span> <span class='ocrx_word' id='word_1_293' title='bbox 904 2289 1061 2357; x_wconf 89' lang='lat' dir='ltr'><strong>longe</strong></span> <span class='ocrx_word' id='word_1_294' title='bbox 1099 2280 1392 2355; x_wconf 88' lang='lat' dir='ltr'><strong>cognoscit,</strong></span> <span class='ocrx_word' id='word_1_295' title='bbox 1434 2284 1497 2332; x_wconf 91' lang='lat' dir='ltr'><strong>ut</strong></span> <span class='ocrx_word' id='word_1_296' title='bbox 1536 2271 1824 2345; x_wconf 90' lang='lat' dir='ltr'><strong>deprimat.</strong></span> <span class='ocrx_word' id='word_1_297' title='bbox 1868 2268 2071 2322; x_wconf 82' lang='lat' dir='ltr'><strong>Resur-</strong></span> 
     </span>
    </p>
   </div>
   <div class='ocr_carea' id='block_1_38' title="bbox 493 2358 2075 2445">
    <p class='ocr_par' dir='ltr' id='par_1_38' title="bbox 493 2358 2075 2445">
     <span class='ocr_line' id='line_1_38' title="bbox 493 2358 2075 2445; baseline -0.023 0"><span class='ocrx_word' id='word_1_298' title='bbox 493 2358 631 2445; x_wconf 48' lang='lat' dir='ltr'><strong>resit</strong></span> <span class='ocrx_word' id='word_1_299' title='bbox 680 2384 819 2440; x_wconf 87' lang='lat' dir='ltr'><strong>enim</strong></span> <span class='ocrx_word' id='word_1_300' title='bbox 866 2380 1113 2437; x_wconf 83' lang='lat' dir='ltr'><strong>Christus</strong></span> <span class='ocrx_word' id='word_1_301' title='bbox 1152 2382 1214 2428; x_wconf 93' lang='lat' dir='ltr'><strong>ut</strong></span> <span class='ocrx_word' id='word_1_302' title='bbox 1246 2386 1396 2442; x_wconf 88' lang='lat' dir='ltr'><strong>spem</strong></span> <span class='ocrx_word' id='word_1_303' title='bbox 1442 2365 1597 2423; x_wconf 88' lang='lat' dir='ltr'><strong>nobis</strong></span> <span class='ocrx_word' id='word_1_304' title='bbox 1634 2363 1789 2418; x_wconf 90' lang='lat' dir='ltr'><strong>daret</strong></span> <span class='ocrx_word' id='word_1_305' title='bbox 1823 2358 1948 2429; x_wconf 88' lang='lat' dir='ltr'><strong>quia</strong></span> <span class='ocrx_word' id='word_1_306' title='bbox 1989 2368 2075 2409; x_wconf 85' lang='lat' dir='ltr'><strong>re-</strong></span> 
     </span>
    </p>
   </div>
   <div class='ocr_carea' id='block_1_39' title="bbox 492 2453 2076 2550">
    <p class='ocr_par' dir='ltr' id='par_1_39' title="bbox 492 2453 2076 2550">
     <span class='ocr_line' id='line_1_39' title="bbox 492 2453 2076 2550; baseline -0.024 -12"><span class='ocrx_word' id='word_1_307' title='bbox 492 2489 680 2550; x_wconf 72' lang='lat' dir='ltr'><strong>;urget</strong></span> <span class='ocrx_word' id='word_1_308' title='bbox 719 2479 881 2532; x_wconf 87' lang='lat' dir='ltr'><strong>homo</strong></span> <span class='ocrx_word' id='word_1_309' title='bbox 918 2472 1008 2543; x_wconf 89' lang='lat' dir='ltr'><strong>qui</strong></span> <span class='ocrx_word' id='word_1_310' title='bbox 1043 2468 1290 2531; x_wconf 89' lang='lat' dir='ltr'><strong>moritur,</strong></span> <span class='ocrx_word' id='word_1_311' title='bbox 1337 2477 1406 2517; x_wconf 91' lang='lat' dir='ltr'><strong>ne</strong></span> <span class='ocrx_word' id='word_1_312' title='bbox 1436 2456 1715 2515; x_wconf 87' lang='lat' dir='ltr'><strong>moriendo</strong></span> <span class='ocrx_word' id='word_1_313' title='bbox 1762 2453 2076 2520; x_wconf 88' lang='lat' dir='ltr'><strong>desperare-</strong></span> 
     </span>
    </p>
   </div>
   <div class='ocr_carea' id='block_1_40' title="bbox 495 2549 2072 2637">
    <p class='ocr_par' dir='ltr' id='par_1_40' title="bbox 495 2549 2072 2637">
     <span class='ocr_line' id='line_1_40' title="bbox 495 2549 2072 2637; baseline -0.023 -6"><span class='ocrx_word' id='word_1_314' title='bbox 495 2549 633 2637; x_wconf 78' lang='lat' dir='ltr'><strong>mus,</strong></span> <span class='ocrx_word' id='word_1_315' title='bbox 680 2581 733 2627; x_wconf 91' lang='lat' dir='ltr'><strong>et</strong></span> <span class='ocrx_word' id='word_1_316' title='bbox 778 2569 943 2623; x_wconf 89' lang='lat' dir='ltr'><strong>vitam</strong></span> <span class='ocrx_word' id='word_1_317' title='bbox 985 2569 1227 2618; x_wconf 87' lang='lat' dir='ltr'><strong>nostram</strong></span> <span class='ocrx_word' id='word_1_318' title='bbox 1274 2562 1449 2611; x_wconf 91' lang='lat' dir='ltr'><strong>morte</strong></span> <span class='ocrx_word' id='word_1_319' title='bbox 1494 2549 1704 2605; x_wconf 91' lang='lat' dir='ltr'><strong>finitam</strong></span> <span class='ocrx_word' id='word_1_320' title='bbox 1733 2552 2072 2616; x_wconf 86' lang='lat' dir='ltr'><strong>putaremus,</strong></span> 
     </span>
    </p>
   </div>
   <div class='ocr_carea' id='block_1_41' title="bbox 495 2642 2073 2721">
    <p class='ocr_par' dir='ltr' id='par_1_41' title="bbox 495 2642 2073 2721">
     <span class='ocr_line' id='line_1_41' title="bbox 495 2642 2073 2721; baseline -0.024 1"><span class='ocrx_word' id='word_1_321' title='bbox 495 2664 711 2721; x_wconf 75' lang='lat' dir='ltr'><strong>solliciti</strong></span> <span class='ocrx_word' id='word_1_322' title='bbox 758 2662 825 2717; x_wconf 89' lang='lat' dir='ltr'><strong>de</strong></span> <span class='ocrx_word' id='word_1_323' title='bbox 872 2658 1043 2713; x_wconf 88' lang='lat' dir='ltr'><strong>salute</strong></span> <span class='ocrx_word' id='word_1_324' title='bbox 1088 2652 1281 2708; x_wconf 71' lang='lat' dir='ltr'><strong>anima:</strong></span> <span class='ocrx_word' id='word_1_325' title='bbox 1329 2655 1385 2703; x_wconf 92' lang='lat' dir='ltr'><strong>et</strong></span> <span class='ocrx_word' id='word_1_326' title='bbox 1428 2642 1612 2714; x_wconf 86' lang='lat' dir='ltr'><strong>requie</strong></span> <span class='ocrx_word' id='word_1_327' title='bbox 1655 2647 1778 2709; x_wconf 90' lang='lat' dir='ltr'><strong>post</strong></span> <span class='ocrx_word' id='word_1_328' title='bbox 1823 2642 2073 2690; x_wconf 90' lang='lat' dir='ltr'><strong>mortem.</strong></span> 
     </span>
    </p>
   </div>
   <div class='ocr_carea' id='block_1_42' title="bbox 496 2725 2076 2812">
    <p class='ocr_par' dir='ltr' id='par_1_42' title="bbox 496 2725 2076 2812">
     <span class='ocr_line' id='line_1_42' title="bbox 496 2725 2076 2812; baseline -0.023 -2"><span class='ocrx_word' id='word_1_329' title='bbox 496 2752 749 2812; x_wconf 79' lang='lat' dir='ltr'><strong>Ascendit</strong></span> <span class='ocrx_word' id='word_1_330' title='bbox 788 2750 875 2805; x_wconf 91' lang='lat' dir='ltr'><strong>ille</strong></span> <span class='ocrx_word' id='word_1_331' title='bbox 905 2748 959 2802; x_wconf 92' lang='lat' dir='ltr'><strong>in</strong></span> <span class='ocrx_word' id='word_1_332' title='bbox 997 2742 1193 2800; x_wconf 75' lang='lat' dir='ltr'><strong>coelum</strong></span> <span class='ocrx_word' id='word_1_333' title='bbox 1236 2733 1543 2793; x_wconf 84' lang='lat' dir='ltr'><strong>videntibus</strong></span> <span class='ocrx_word' id='word_1_334' title='bbox 1577 2725 1851 2800; x_wconf 88' lang='lat' dir='ltr'><strong>apostolis,</strong></span> <span class='ocrx_word' id='word_1_335' title='bbox 1892 2731 1948 2780; x_wconf 90' lang='lat' dir='ltr'><strong>et</strong></span> <span class='ocrx_word' id='word_1_336' title='bbox 1992 2734 2076 2812; x_wconf 80' lang='lat' dir='ltr'><strong>se-</strong></span> 
     </span>
    </p>
   </div>
   <div class='ocr_carea' id='block_1_43' title="bbox 496 2809 2074 2906">
    <p class='ocr_par' dir='ltr' id='par_1_43' title="bbox 496 2809 2074 2906">
     <span class='ocr_line' id='line_1_43' title="bbox 496 2809 2074 2906; baseline -0.024 -7"><span class='ocrx_word' id='word_1_337' title='bbox 496 2847 585 2901; x_wconf 76' lang='lat' dir='ltr'><strong>det</strong></span> <span class='ocrx_word' id='word_1_338' title='bbox 611 2860 640 2899; x_wconf 87' lang='lat' dir='ltr'><strong>a</strong></span> <span class='ocrx_word' id='word_1_339' title='bbox 681 2838 884 2906; x_wconf 71' lang='lat' dir='ltr'><strong>dextris</strong></span> <span class='ocrx_word' id='word_1_340' title='bbox 915 2833 1106 2899; x_wconf 88' lang='lat' dir='ltr'><strong>Dei,ct</strong></span> <span class='ocrx_word' id='word_1_341' title='bbox 1149 2840 1371 2884; x_wconf 88' lang='lat' dir='ltr'><strong>securos</strong></span> <span class='ocrx_word' id='word_1_342' title='bbox 1396 2837 1493 2877; x_wconf 92' lang='lat' dir='ltr'><strong>nos</strong></span> <span class='ocrx_word' id='word_1_343' title='bbox 1539 2819 1671 2877; x_wconf 89' lang='lat' dir='ltr'><strong>fecit</strong></span> <span class='ocrx_word' id='word_1_344' title='bbox 1706 2814 1848 2886; x_wconf 89' lang='lat' dir='ltr'><strong>quod</strong></span> <span class='ocrx_word' id='word_1_345' title='bbox 1876 2826 1974 2867; x_wconf 92' lang='lat' dir='ltr'><strong>nos</strong></span> <span class='ocrx_word' id='word_1_346' title='bbox 2021 2809 2074 2862; x_wconf 89' lang='lat' dir='ltr'><strong>in</strong></span> 
     </span>
    </p>
   </div>
   <div class='ocr_carea' id='block_1_44' title="bbox 497 2903 2078 2993">
    <p class='ocr_par' dir='ltr' id='par_1_44' title="bbox 497 2903 2078 2993">
     <span class='ocr_line' id='line_1_44' title="bbox 497 2903 2078 2993; baseline -0.025 0"><span class='ocrx_word' id='word_1_347' title='bbox 497 2938 686 2993; x_wconf 79' lang='lat' dir='ltr'><strong>dextra</strong></span> <span class='ocrx_word' id='word_1_348' title='bbox 707 2903 806 2987; x_wconf 86' lang='lat' dir='ltr'><strong>sua</strong></span> <span class='ocrx_word' id='word_1_349' title='bbox 830 2927 1187 2985; x_wconf 88' lang='lat' dir='ltr'><strong>collocaturus</strong></span> <span class='ocrx_word' id='word_1_350' title='bbox 1206 2918 1329 2974; x_wconf 91' lang='lat' dir='ltr'><strong>erit.</strong></span> <span class='ocrx_word' id='word_1_351' title='bbox 1352 2916 1419 2970; x_wconf 86' lang='lat' dir='ltr'><strong>Et</strong></span> <span class='ocrx_word' id='word_1_352' title='bbox 1440 2914 1559 2968; x_wconf 88' lang='lat' dir='ltr'><strong>ideo</strong></span> <span class='ocrx_word' id='word_1_353' title='bbox 1582 2915 1796 2980; x_wconf 90' lang='lat' dir='ltr'><strong>oportet</strong></span> <span class='ocrx_word' id='word_1_354' title='bbox 1819 2920 1920 2960; x_wconf 88' lang='lat' dir='ltr'><strong>nos</strong></span> <span class='ocrx_word' id='word_1_355' title='bbox 1941 2903 2078 2957; x_wconf 90' lang='lat' dir='ltr'><strong>inte-</strong></span> 
     </span>
    </p>
   </div>
   <div class='ocr_carea' id='block_1_45' title="bbox 500 2999 2078 3084">
    <p class='ocr_par' dir='ltr' id='par_1_45' title="bbox 500 2999 2078 3084">
     <span class='ocr_line' id='line_1_45' title="bbox 500 2999 2078 3084; baseline -0.024 -4"><span class='ocrx_word' id='word_1_356' title='bbox 500 3027 601 3080; x_wconf 75' lang='lat' dir='ltr'><strong>rim</strong></span> <span class='ocrx_word' id='word_1_357' title='bbox 627 3021 868 3084; x_wconf 78' lang='lat' dir='ltr'><strong>credere,</strong></span> <span class='ocrx_word' id='word_1_358' title='bbox 908 3023 967 3069; x_wconf 91' lang='lat' dir='ltr'><strong>ut</strong></span> <span class='ocrx_word' id='word_1_359' title='bbox 1006 3020 1190 3083; x_wconf 76' lang='lat' dir='ltr'><strong>postea</strong></span> <span class='ocrx_word' id='word_1_360' title='bbox 1232 3021 1331 3077; x_wconf 89' lang='lat' dir='ltr'><strong>per</strong></span> <span class='ocrx_word' id='word_1_361' title='bbox 1364 3004 1523 3057; x_wconf 89' lang='lat' dir='ltr'><strong>fidem</strong></span> <span class='ocrx_word' id='word_1_362' title='bbox 1565 2999 1731 3053; x_wconf 90' lang='lat' dir='ltr'><strong>Deum</strong></span> <span class='ocrx_word' id='word_1_363' title='bbox 1772 3003 2078 3049; x_wconf 88' lang='lat' dir='ltr'><strong>mereamur</strong></span> 
     </span>
    </p>
   </div>
   <div class='ocr_carea' id='block_1_46' title="bbox 2172 1831 3761 1905">
    <p class='ocr_par' dir='ltr' id='par_1_46' title="bbox 2172 1831 3761 1905">
     <span class='ocr_line' id='line_1_46' title="bbox 2172 1831 3761 1905; baseline -0.003 -13"><span class='ocrx_word' id='word_1_364' title='bbox 2172 1834 2499 1905; x_wconf 75' lang='lat' dir='ltr'><strong>rosolymam</strong></span> <span class='ocrx_word' id='word_1_365' title='bbox 2528 1832 2799 1903; x_wconf 89' lang='lat' dir='ltr'><strong>paschalis</strong></span> <span class='ocrx_word' id='word_1_366' title='bbox 2820 1831 3132 1888; x_wconf 85' lang='lat' dir='ltr'><strong>festivitatis</strong></span> <span class='ocrx_word' id='word_1_367' title='bbox 3157 1833 3330 1904; x_wconf 86' lang='lat' dir='ltr'><strong>gratia</strong></span> <span class='ocrx_word' id='word_1_368' title='bbox 3357 1832 3761 1901; x_wconf 77' lang='lat' dir='ltr'><strong>confluxerant,</strong></span> 
     </span>
    </p>
   </div>
   <div class='ocr_carea' id='block_1_47' title="bbox 2171 1922 3761 1997">
    <p class='ocr_par' dir='ltr' id='par_1_47' title="bbox 2171 1922 3761 1997">
     <span class='ocr_line' id='line_1_47' title="bbox 2171 1922 3761 1997; baseline -0.002 -16"><span class='ocrx_word' id='word_1_369' title='bbox 2171 1926 2568 1995; x_wconf 88' lang='lat' dir='ltr'><strong>stupebantque</strong></span> <span class='ocrx_word' id='word_1_370' title='bbox 2604 1922 2886 1987; x_wconf 89' lang='lat' dir='ltr'><strong>mirantes,</strong></span> <span class='ocrx_word' id='word_1_371' title='bbox 2914 1922 3171 1997; x_wconf 85' lang='lat' dir='ltr'><strong>quoniam</strong></span> <span class='ocrx_word' id='word_1_372' title='bbox 3189 1922 3442 1977; x_wconf 86' lang='lat' dir='ltr'><strong>audiebat</strong></span> <span class='ocrx_word' id='word_1_373' title='bbox 3466 1924 3761 1993; x_wconf 87' lang='lat' dir='ltr'><strong>unusquis-</strong></span> 
     </span>
    </p>
   </div>
   <div class='ocr_carea' id='block_1_48' title="bbox 2171 2010 3761 2085">
    <p class='ocr_par' dir='ltr' id='par_1_48' title="bbox 2171 2010 3761 2085">
     <span class='ocr_line' id='line_1_48' title="bbox 2171 2010 3761 2085; baseline -0.001 -16"><span class='ocrx_word' id='word_1_374' title='bbox 2171 2028 2277 2085; x_wconf 87' lang='lat' dir='ltr'><strong>que</strong></span> <span class='ocrx_word' id='word_1_375' title='bbox 2288 2013 2466 2084; x_wconf 85' lang='lat' dir='ltr'><strong>lingua</strong></span> <span class='ocrx_word' id='word_1_376' title='bbox 2481 2027 2575 2067; x_wconf 91' lang='lat' dir='ltr'><strong>sua</strong></span> <span class='ocrx_word' id='word_1_377' title='bbox 2589 2011 2710 2066; x_wconf 92' lang='lat' dir='ltr'><strong>illos</strong></span> <span class='ocrx_word' id='word_1_378' title='bbox 2722 2010 3003 2080; x_wconf 89' lang='lat' dir='ltr'><strong>loquentes</strong></span> <span class='ocrx_word' id='word_1_379' title='bbox 3017 2011 3286 2082; x_wconf 86' lang='lat' dir='ltr'><strong>magnalia</strong></span> <span class='ocrx_word' id='word_1_380' title='bbox 3301 2011 3416 2067; x_wconf 77' lang='lat' dir='ltr'><strong>Dei.</strong></span> <span class='ocrx_word' id='word_1_381' title='bbox 3432 2012 3761 2082; x_wconf 81' lang='lat' dir='ltr'><strong>Exponenti-</strong></span> 
     </span>
    </p>
   </div>
   <div class='ocr_carea' id='block_1_49' title="bbox 2170 2101 3761 2172">
    <p class='ocr_par' dir='ltr' id='par_1_49' title="bbox 2170 2101 3761 2172">
     <span class='ocr_line' id='line_1_49' title="bbox 2170 2101 3761 2172; baseline -0.001 -13"><span class='ocrx_word' id='word_1_382' title='bbox 2170 2105 2272 2159; x_wconf 91' lang='lat' dir='ltr'><strong>bus</strong></span> <span class='ocrx_word' id='word_1_383' title='bbox 2292 2112 2475 2157; x_wconf 90' lang='lat' dir='ltr'><strong>autem</strong></span> <span class='ocrx_word' id='word_1_384' title='bbox 2490 2101 2768 2170; x_wconf 86' lang='lat' dir='ltr'><strong>discipulis</strong></span> <span class='ocrx_word' id='word_1_385' title='bbox 2781 2101 2910 2170; x_wconf 91' lang='lat' dir='ltr'><strong>quia</strong></span> <span class='ocrx_word' id='word_1_386' title='bbox 2934 2101 3169 2171; x_wconf 91' lang='lat' dir='ltr'><strong>Spiritus</strong></span> <span class='ocrx_word' id='word_1_387' title='bbox 3186 2111 3405 2157; x_wconf 90' lang='lat' dir='ltr'><strong>sanctus</strong></span> <span class='ocrx_word' id='word_1_388' title='bbox 3418 2112 3565 2158; x_wconf 89' lang='lat' dir='ltr'><strong>esset</strong></span> <span class='ocrx_word' id='word_1_389' title='bbox 3583 2104 3761 2172; x_wconf 87' lang='lat' dir='ltr'><strong>gratia</strong></span> 
     </span>
    </p>
   </div>
   <div class='ocr_carea' id='block_1_50' title="bbox 2171 2191 3763 2266">
    <p class='ocr_par' dir='ltr' id='par_1_50' title="bbox 2171 2191 3763 2266">
     <span class='ocr_line' id='line_1_50' title="bbox 2171 2191 3763 2266; baseline 0.001 -18"><span class='ocrx_word' id='word_1_390' title='bbox 2171 2209 2333 2263; x_wconf 90' lang='lat' dir='ltr'><strong>quam</strong></span> <span class='ocrx_word' id='word_1_391' title='bbox 2347 2192 2664 2257; x_wconf 87' lang='lat' dir='ltr'><strong>cernebant,</strong></span> <span class='ocrx_word' id='word_1_392' title='bbox 2687 2191 2815 2246; x_wconf 91' lang='lat' dir='ltr'><strong>olim</strong></span> <span class='ocrx_word' id='word_1_393' title='bbox 2830 2192 3047 2261; x_wconf 90' lang='lat' dir='ltr'><strong>quidem</strong></span> <span class='ocrx_word' id='word_1_394' title='bbox 3069 2207 3199 2249; x_wconf 88' lang='lat' dir='ltr'><strong>voce</strong></span> <span class='ocrx_word' id='word_1_395' title='bbox 3222 2194 3611 2265; x_wconf 88' lang='lat' dir='ltr'><strong>prophetarum</strong></span> <span class='ocrx_word' id='word_1_396' title='bbox 3635 2211 3763 2266; x_wconf 89' lang='lat' dir='ltr'><strong>pro-</strong></span> 
     </span>
    </p>
   </div>
   <div class='ocr_carea' id='block_1_51' title="bbox 2174 2284 3767 2354">
    <p class='ocr_par' dir='ltr' id='par_1_51' title="bbox 2174 2284 3767 2354">
     <span class='ocr_line' id='line_1_51' title="bbox 2174 2284 3767 2354; baseline 0.001 -12"><span class='ocrx_word' id='word_1_397' title='bbox 2174 2287 2361 2354; x_wconf 89' lang='lat' dir='ltr'><strong>missa,</strong></span> <span class='ocrx_word' id='word_1_398' title='bbox 2379 2297 2507 2342; x_wconf 88' lang='lat' dir='ltr'><strong>tunc</strong></span> <span class='ocrx_word' id='word_1_399' title='bbox 2527 2294 2706 2341; x_wconf 91' lang='lat' dir='ltr'><strong>autem</strong></span> <span class='ocrx_word' id='word_1_400' title='bbox 2728 2284 2931 2341; x_wconf 88' lang='lat' dir='ltr'><strong>Christi</strong></span> <span class='ocrx_word' id='word_1_401' title='bbox 2959 2301 3180 2341; x_wconf 90' lang='lat' dir='ltr'><strong>munere</strong></span> <span class='ocrx_word' id='word_1_402' title='bbox 3202 2287 3389 2353; x_wconf 88' lang='lat' dir='ltr'><strong>missa,</strong></span> <span class='ocrx_word' id='word_1_403' title='bbox 3412 2288 3767 2344; x_wconf 87' lang='lat' dir='ltr'><strong>crediderunt</strong></span> 
     </span>
    </p>
   </div>
   <div class='ocr_carea' id='block_1_52' title="bbox 2174 2375 3763 2447">
    <p class='ocr_par' dir='ltr' id='par_1_52' title="bbox 2174 2375 3763 2447">
     <span class='ocr_line' id='line_1_52' title="bbox 2174 2375 3763 2447; baseline -0.001 -13"><span class='ocrx_word' id='word_1_404' title='bbox 2174 2393 2236 2435; x_wconf 73' lang='lat' dir='ltr'><strong>ex</strong></span> <span class='ocrx_word' id='word_1_405' title='bbox 2253 2379 2333 2433; x_wconf 89' lang='lat' dir='ltr'><strong>eis</strong></span> <span class='ocrx_word' id='word_1_406' title='bbox 2345 2378 2449 2432; x_wconf 85' lang='lat' dir='ltr'><strong>tria</strong></span> <span class='ocrx_word' id='word_1_407' title='bbox 2463 2376 2629 2431; x_wconf 88' lang='lat' dir='ltr'><strong>millia</strong></span> <span class='ocrx_word' id='word_1_408' title='bbox 2643 2376 2969 2440; x_wconf 91' lang='lat' dir='ltr'><strong>virorum,et</strong></span> <span class='ocrx_word' id='word_1_409' title='bbox 2983 2375 3242 2444; x_wconf 89' lang='lat' dir='ltr'><strong>baptizati</strong></span> <span class='ocrx_word' id='word_1_410' title='bbox 3259 2376 3423 2430; x_wconf 90' lang='lat' dir='ltr'><strong>etiam</strong></span> <span class='ocrx_word' id='word_1_411' title='bbox 3440 2377 3543 2447; x_wconf 89' lang='lat' dir='ltr'><strong>ipsi</strong></span> <span class='ocrx_word' id='word_1_412' title='bbox 3557 2377 3763 2433; x_wconf 90' lang='lat' dir='ltr'><strong>donum</strong></span> 
     </span>
    </p>
   </div>
   <div class='ocr_carea' id='block_1_53' title="bbox 2174 2470 3764 2543">
    <p class='ocr_par' dir='ltr' id='par_1_53' title="bbox 2174 2470 3764 2543">
     <span class='ocr_line' id='line_1_53' title="bbox 2174 2470 3764 2543; baseline -0.004 -11"><span class='ocrx_word' id='word_1_413' title='bbox 2174 2475 2345 2533; x_wconf 84' lang='lat' dir='ltr'><strong>sancti</strong></span> <span class='ocrx_word' id='word_1_414' title='bbox 2368 2472 2601 2543; x_wconf 89' lang='lat' dir='ltr'><strong>Spir-itus</strong></span> <span class='ocrx_word' id='word_1_415' title='bbox 2631 2479 2972 2541; x_wconf 90' lang='lat' dir='ltr'><strong>acceperunt.</strong></span> <span class='ocrx_word' id='word_1_416' title='bbox 3005 2470 3129 2525; x_wconf 66' lang='lat' dir='ltr'><strong>Haec</strong></span> <span class='ocrx_word' id='word_1_417' title='bbox 3154 2480 3237 2525; x_wconf 90' lang='lat' dir='ltr'><strong>est</strong></span> <span class='ocrx_word' id='word_1_418' title='bbox 3260 2470 3367 2527; x_wconf 91' lang='lat' dir='ltr'><strong>diei</strong></span> <span class='ocrx_word' id='word_1_419' title='bbox 3395 2470 3555 2541; x_wconf 79' lang='lat' dir='ltr'><strong>hujus</strong></span> <span class='ocrx_word' id='word_1_420' title='bbox 3579 2487 3764 2539; x_wconf 85' lang='lat' dir='ltr'><strong>annua</strong></span> 
     </span>
    </p>
   </div>
   <div class='ocr_carea' id='block_1_54' title="bbox 2172 2560 3767 2633">
    <p class='ocr_par' dir='ltr' id='par_1_54' title="bbox 2172 2560 3767 2633">
     <span class='ocr_line' id='line_1_54' title="bbox 2172 2560 3767 2633; baseline -0.004 -11"><span class='ocrx_word' id='word_1_421' title='bbox 2172 2565 2481 2628; x_wconf 86' lang='lat' dir='ltr'><strong>celebritas,</strong></span> <span class='ocrx_word' id='word_1_422' title='bbox 2510 2564 2625 2618; x_wconf 63' lang='lat' dir='ltr'><strong>hinc</strong></span> <span class='ocrx_word' id='word_1_423' title='bbox 2663 2562 2850 2633; x_wconf 58' lang='lat' dir='ltr'><strong>gratiae</strong></span> <span class='ocrx_word' id='word_1_424' title='bbox 2878 2561 3117 2617; x_wconf 68' lang='lat' dir='ltr'><strong>caelestis</strong></span> <span class='ocrx_word' id='word_1_425' title='bbox 3137 2576 3355 2633; x_wconf 90' lang='lat' dir='ltr'><strong>semper</strong></span> <span class='ocrx_word' id='word_1_426' title='bbox 3372 2571 3526 2632; x_wconf 85' lang='lat' dir='ltr'><strong>grata</strong></span> <span class='ocrx_word' id='word_1_427' title='bbox 3554 2560 3767 2617; x_wconf 83' lang='lat' dir='ltr'><strong>festivi-</strong></span> 
     </span>
    </p>
   </div>
   <div class='ocr_carea' id='block_1_55' title="bbox 2176 2652 3768 2725">
    <p class='ocr_par' dir='ltr' id='par_1_55' title="bbox 2176 2652 3768 2725">
     <span class='ocr_line' id='line_1_55' title="bbox 2176 2652 3768 2725; baseline -0.001 -13"><span class='ocrx_word' id='word_1_428' title='bbox 2176 2667 2278 2713; x_wconf 89' lang='lat' dir='ltr'><strong>tas.</strong></span> <span class='ocrx_word' id='word_1_429' title='bbox 2301 2654 2382 2712; x_wconf 91' lang='lat' dir='ltr'><strong>Ob</strong></span> <span class='ocrx_word' id='word_1_430' title='bbox 2411 2655 2572 2725; x_wconf 87' lang='lat' dir='ltr'><strong>hujus</strong></span> <span class='ocrx_word' id='word_1_431' title='bbox 2603 2655 2922 2710; x_wconf 89' lang='lat' dir='ltr'><strong>memoriam</strong></span> <span class='ocrx_word' id='word_1_432' title='bbox 2964 2652 3211 2709; x_wconf 87' lang='lat' dir='ltr'><strong>fidelibus</strong></span> <span class='ocrx_word' id='word_1_433' title='bbox 3262 2654 3516 2710; x_wconf 90' lang='lat' dir='ltr'><strong>cordibus</strong></span> <span class='ocrx_word' id='word_1_434' title='bbox 3559 2655 3768 2710; x_wconf 83' lang='lat' dir='ltr'><strong>arctius</strong></span> 
     </span>
    </p>
   </div>
   <div class='ocr_carea' id='block_1_56' title="bbox 2176 2744 3769 2819">
    <p class='ocr_par' dir='ltr' id='par_1_56' title="bbox 2176 2744 3769 2819">
     <span class='ocr_line' id='line_1_56' title="bbox 2176 2744 3769 2819; baseline -0.004 -14"><span class='ocrx_word' id='word_1_435' title='bbox 2176 2749 2613 2819; x_wconf 90' lang='lat' dir='ltr'><strong>imprimendam,</strong></span> <span class='ocrx_word' id='word_1_436' title='bbox 2661 2745 3061 2817; x_wconf 87' lang='lat' dir='ltr'><strong>pulcherrimus</strong></span> <span class='ocrx_word' id='word_1_437' title='bbox 3099 2753 3301 2800; x_wconf 76' lang='lat' dir='ltr'><strong>sancta:</strong></span> <span class='ocrx_word' id='word_1_438' title='bbox 3344 2744 3597 2800; x_wconf 64' lang='lat' dir='ltr'><strong>Ecclesiae</strong></span> <span class='ocrx_word' id='word_1_439' title='bbox 3646 2760 3769 2801; x_wconf 88' lang='lat' dir='ltr'><strong>mos</strong></span> 
     </span>
    </p>
   </div>
   <div class='ocr_carea' id='block_1_57' title="bbox 2177 2834 3767 2906">
    <p class='ocr_par' dir='ltr' id='par_1_57' title="bbox 2177 2834 3767 2906">
     <span class='ocr_line' id='line_1_57' title="bbox 2177 2834 3767 2906; baseline -0.005 -10"><span class='ocrx_word' id='word_1_440' title='bbox 2177 2840 2419 2905; x_wconf 89' lang='lat' dir='ltr'><strong>inolevit,</strong></span> <span class='ocrx_word' id='word_1_441' title='bbox 2445 2847 2506 2893; x_wconf 93' lang='lat' dir='ltr'><strong>ut</strong></span> <span class='ocrx_word' id='word_1_442' title='bbox 2537 2837 2693 2892; x_wconf 88' lang='lat' dir='ltr'><strong>annis</strong></span> <span class='ocrx_word' id='word_1_443' title='bbox 2724 2836 3023 2906; x_wconf 88' lang='lat' dir='ltr'><strong>singulisin</strong></span> <span class='ocrx_word' id='word_1_444' title='bbox 3045 2850 3108 2891; x_wconf 89' lang='lat' dir='ltr'><strong>ea</strong></span> <span class='ocrx_word' id='word_1_445' title='bbox 3136 2834 3479 2905; x_wconf 90' lang='lat' dir='ltr'><strong>baptismatis</strong></span> <span class='ocrx_word' id='word_1_446' title='bbox 3504 2834 3767 2905; x_wconf 84' lang='lat' dir='ltr'><strong>mysteria</strong></span> 
     </span>
    </p>
   </div>
   <div class='ocr_carea' id='block_1_58' title="bbox 2175 2926 3767 2998">
    <p class='ocr_par' dir='ltr' id='par_1_58' title="bbox 2175 2926 3767 2998">
     <span class='ocr_line' id='line_1_58' title="bbox 2175 2926 3767 2998; baseline -0.007 -7"><span class='ocrx_word' id='word_1_447' title='bbox 2175 2934 2548 2997; x_wconf 87' lang='lat' dir='ltr'><strong>celebrentur;</strong></span> <span class='ocrx_word' id='word_1_448' title='bbox 2584 2928 2887 2998; x_wconf 90' lang='lat' dir='ltr'><strong>ablutisque</strong></span> <span class='ocrx_word' id='word_1_449' title='bbox 2938 2926 3086 2983; x_wconf 87' lang='lat' dir='ltr'><strong>fonte</strong></span> <span class='ocrx_word' id='word_1_450' title='bbox 3130 2926 3352 2983; x_wconf 90' lang='lat' dir='ltr'><strong>salutari</strong></span> <span class='ocrx_word' id='word_1_451' title='bbox 3392 2926 3767 2988; x_wconf 88' lang='lat' dir='ltr'><strong>credentibus,</strong></span> 
     </span>
    </p>
   </div>
   <div class='ocr_carea' id='block_1_59' title="bbox 2177 3014 3771 3095">
    <p class='ocr_par' dir='ltr' id='par_1_59' title="bbox 2177 3014 3771 3095">
     <span class='ocr_line' id='line_1_59' title="bbox 2177 3014 3771 3095; baseline -0.006 -15"><span class='ocrx_word' id='word_1_452' title='bbox 2177 3021 2573 3095; x_wconf 86' lang='lat' dir='ltr'><strong>supervenienti</strong></span> <span class='ocrx_word' id='word_1_453' title='bbox 2628 3018 2849 3090; x_wconf 90' lang='lat' dir='ltr'><strong>Spiritui</strong></span> <span class='ocrx_word' id='word_1_454' title='bbox 2895 3026 3084 3073; x_wconf 90' lang='lat' dir='ltr'><strong>sancto</strong></span> <span class='ocrx_word' id='word_1_455' title='bbox 3141 3017 3397 3087; x_wconf 87' lang='lat' dir='ltr'><strong>templum</strong></span> <span class='ocrx_word' id='word_1_456' title='bbox 3459 3014 3771 3071; x_wconf 85' lang='lat' dir='ltr'><strong>venerabile</strong></span> 
     </span>
    </p>
   </div>
   <div class='ocr_carea' id='block_1_60' title="bbox 499 3079 3769 3186">
    <p class='ocr_par' dir='ltr' id='par_1_60' title="bbox 499 3079 3769 3186">
     <span class='ocr_line' id='line_1_60' title="bbox 499 3079 3769 3186; baseline -0.011 10"><span class='ocrx_word' id='word_1_457' title='bbox 499 3118 762 3186; x_wconf 64' lang='grc' dir='ltr'><strong>θδνίεθτθ·</strong></span> <span class='ocrx_word' id='word_1_458' title='bbox 795 3107 1113 3164; x_wconf 68' lang='lat' dir='ltr'><strong>Mundemus</strong></span> <span class='ocrx_word' id='word_1_459' title='bbox 1131 3115 1229 3171; x_wconf 57' lang='lat' dir='ltr'><strong>per</strong></span> <span class='ocrx_word' id='word_1_460' title='bbox 1254 3090 1647 3186; x_wconf 54' lang='lat' dir='ltr'><strong>ﬁdcm_9culum</strong></span> <span class='ocrx_word' id='word_1_461' title='bbox 1674 3086 1854 3142; x_wconf 58' lang='lat' dir='ltr'><strong>cordis</strong></span> <span class='ocrx_word' id='word_1_462' title='bbox 1877 3079 2074 3186; x_wconf 50' lang='grc' dir='ltr'><strong>ηοῗίτίξ</strong></span> <span class='ocrx_word' id='word_1_463' title='bbox 2103 3093 2147 3155; x_wconf 76' lang='lat' dir='ltr'>C</span> <span class='ocrx_word' id='word_1_464' title='bbox 2180 3079 2401 3185; x_wconf 63' lang='lat' dir='ltr'><strong>paretur</strong></span> <span class='ocrx_word' id='word_1_465' title='bbox 2436 3130 2447 3165; x_wconf 93' lang='lat'>:</span> <span class='ocrx_word' id='word_1_466' title='bbox 2479 3125 2543 3166; x_wconf 90' lang='lat' dir='ltr'><strong>ac</strong></span> <span class='ocrx_word' id='word_1_467' title='bbox 2566 3079 2789 3179; x_wconf 46' lang='lat' dir='ltr'><strong>per-hoc</strong></span> <span class='ocrx_word' id='word_1_468' title='bbox 2817 3123 2921 3163; x_wconf 90' lang='lat' dir='ltr'><strong>non</strong></span> <span class='ocrx_word' id='word_1_469' title='bbox 2971 3107 3141 3163; x_wconf 89' lang='lat' dir='ltr'><strong>solum</strong></span> <span class='ocrx_word' id='word_1_470' title='bbox 3169 3079 3371 3161; x_wconf 51' lang='lat' dir='ltr'><strong>vet-eris</strong></span> <span class='ocrx_word' id='word_1_471' title='bbox 3416 3105 3540 3161; x_wconf 91' lang='lat' dir='ltr'><strong>facti</strong></span> <span class='ocrx_word' id='word_1_472' title='bbox 3575 3119 3769 3160; x_wconf 86' lang='lat' dir='ltr'><strong>recor-</strong></span> 
     </span>
    </p>
   </div>
   <div class='ocr_carea' id='block_1_61' title="bbox 498 3173 2079 3277">
    <p class='ocr_par' dir='ltr' id='par_1_61' title="bbox 498 3173 2079 3277">
     <span class='ocr_line' id='line_1_61' title="bbox 498 3173 2079 3277; baseline -0.022 -17"><span class='ocrx_word' id='word_1_473' title='bbox 498 3173 624 3277; x_wconf 59' lang='lat' dir='ltr'><strong>quia</strong></span> <span class='ocrx_word' id='word_1_474' title='bbox 666 3202 745 3257; x_wconf 90' lang='lat' dir='ltr'><strong>sic</strong></span> <span class='ocrx_word' id='word_1_475' title='bbox 787 3193 1121 3255; x_wconf 88' lang='lat' dir='ltr'><strong>solummodo</strong></span> <span class='ocrx_word' id='word_1_476' title='bbox 1168 3190 1334 3250; x_wconf 84' lang='lat' dir='ltr'><strong>Deum</strong></span> <span class='ocrx_word' id='word_1_477' title='bbox 1376 3183 1561 3239; x_wconf 89' lang='lat' dir='ltr'><strong>videre</strong></span> <span class='ocrx_word' id='word_1_478' title='bbox 1598 3190 1904 3250; x_wconf 90' lang='lat' dir='ltr'><strong>possumus,</strong></span> <span class='ocrx_word' id='word_1_479' title='bbox 1937 3173 2079 3228; x_wconf 89' lang='lat' dir='ltr'><strong>sicut</strong></span> 
     </span>
    </p>
   </div>
   <div class='ocr_carea' id='block_1_62' title="bbox 502 3262 2070 3364">
    <p class='ocr_par' dir='ltr' id='par_1_62' title="bbox 502 3262 2070 3364">
     <span class='ocr_line' id='line_1_62' title="bbox 502 3262 2070 3364; baseline -0.022 -13"><span class='ocrx_word' id='word_1_480' title='bbox 502 3262 618 3364; x_wconf 56' lang='lat' dir='ltr'><strong>ipsa</strong></span> <span class='ocrx_word' id='word_1_481' title='bbox 639 3290 855 3347; x_wconf 82' lang='lat' dir='ltr'><strong>Veritas</strong></span> <span class='ocrx_word' id='word_1_482' title='bbox 884 3285 1021 3342; x_wconf 73' lang='lat' dir='ltr'><strong>dixit</strong></span> <span class='ocrx_word' id='word_1_483' title='bbox 1054 3298 1069 3335; x_wconf 89' lang='lat'><strong>:</strong></span> <span class='ocrx_word' id='word_1_484' title='bbox 1102 3280 1253 3335; x_wconf 84' lang='lat' dir='ltr'><strong>Beati</strong></span> <span class='ocrx_word' id='word_1_485' title='bbox 1277 3276 1470 3332; x_wconf 78' lang='lat' dir='ltr'><strong>mundo</strong></span> <span class='ocrx_word' id='word_1_486' title='bbox 1502 3272 1673 3333; x_wconf 87' lang='lat' dir='ltr'><strong>corde,</strong></span> <span class='ocrx_word' id='word_1_487' title='bbox 1697 3268 1949 3342; x_wconf 79' lang='lat' dir='ltr'><strong>quoniam</strong></span> <span class='ocrx_word' id='word_1_488' title='bbox 1971 3262 2070 3329; x_wconf 80' lang='lat' dir='ltr'><strong>ipsi</strong></span> 
     </span>
    </p>
   </div>
   <div class='ocr_carea' id='block_1_63' title="bbox 503 3352 2073 3444">
    <p class='ocr_par' dir='ltr' id='par_1_63' title="bbox 503 3352 2073 3444">
     <span class='ocr_line' id='line_1_63' title="bbox 503 3352 2073 3444; baseline -0.02 -7"><span class='ocrx_word' id='word_1_489' title='bbox 503 3352 671 3437; x_wconf 70' lang='lat' dir='ltr'><strong>Deum</strong></span> <span class='ocrx_word' id='word_1_490' title='bbox 694 3378 937 3435; x_wconf 73' lang='lat' dir='ltr'><strong>uidebunt</strong></span> <span class='ocrx_word' id='word_1_491' title='bbox 956 3364 1622 3444; x_wconf 79' lang='lat' dir='ltr'><strong>(Matth.v).Humiliemus</strong></span> <span class='ocrx_word' id='word_1_492' title='bbox 1642 3377 1737 3416; x_wconf 83' lang='lat' dir='ltr'><strong>nos</strong></span> <span class='ocrx_word' id='word_1_493' title='bbox 1759 3360 1851 3414; x_wconf 84' lang='lat' dir='ltr'><strong>sub</strong></span> <span class='ocrx_word' id='word_1_494' title='bbox 1875 3352 2073 3424; x_wconf 82' lang='lat' dir='ltr'><strong>potenti</strong></span> 
     </span>
    </p>
   </div>
   <div class='ocr_carea' id='block_1_64' title="bbox 504 3445 2072 3536">
    <p class='ocr_par' dir='ltr' id='par_1_64' title="bbox 504 3445 2072 3536">
     <span class='ocr_line' id='line_1_64' title="bbox 504 3445 2072 3536; baseline -0.02 -9"><span class='ocrx_word' id='word_1_495' title='bbox 504 3488 670 3527; x_wconf 80' lang='lat' dir='ltr'><strong>manu</strong></span> <span class='ocrx_word' id='word_1_496' title='bbox 692 3471 806 3536; x_wconf 86' lang='lat' dir='ltr'><strong>Dei,</strong></span> <span class='ocrx_word' id='word_1_497' title='bbox 826 3478 884 3522; x_wconf 87' lang='lat' dir='ltr'><strong>ut</strong></span> <span class='ocrx_word' id='word_1_498' title='bbox 908 3483 999 3521; x_wconf 84' lang='lat' dir='ltr'><strong>nos</strong></span> <span class='ocrx_word' id='word_1_499' title='bbox 1017 3461 1213 3519; x_wconf 78' lang='lat' dir='ltr'><strong>exaltet</strong></span> <span class='ocrx_word' id='word_1_500' title='bbox 1244 3459 1299 3511; x_wconf 85' lang='lat' dir='ltr'><strong>in</strong></span> <span class='ocrx_word' id='word_1_501' title='bbox 1325 3458 1408 3511; x_wconf 81' lang='lat' dir='ltr'><strong>die</strong></span> <span class='ocrx_word' id='word_1_502' title='bbox 1429 3455 1748 3510; x_wconf 77' lang='lat' dir='ltr'><strong>uisitationis</strong></span> <span class='ocrx_word' id='word_1_503' title='bbox 1771 3451 1814 3521; x_wconf 86' lang='grc'><strong>(1</strong></span> <span class='ocrx_word' id='word_1_504' title='bbox 1830 3450 1975 3504; x_wconf 86' lang='lat' dir='ltr'><strong>Pelr.</strong></span> <span class='ocrx_word' id='word_1_505' title='bbox 1995 3445 2072 3511; x_wconf 86' lang='lat' dir='ltr'><strong>v);</strong></span> 
     </span>
    </p>
   </div>
   <div class='ocr_carea' id='block_1_65' title="bbox 499 3541 2073 3631">
    <p class='ocr_par' dir='ltr' id='par_1_65' title="bbox 499 3541 2073 3631">
     <span class='ocr_line' id='line_1_65' title="bbox 499 3541 2073 3631; baseline -0.019 -15"><span class='ocrx_word' id='word_1_506' title='bbox 499 3562 591 3631; x_wconf 87' lang='lat' dir='ltr'><strong>qui</strong></span> <span class='ocrx_word' id='word_1_507' title='bbox 621 3560 763 3615; x_wconf 88' lang='lat' dir='ltr'><strong>enim</strong></span> <span class='ocrx_word' id='word_1_508' title='bbox 804 3555 963 3610; x_wconf 90' lang='lat' dir='ltr'><strong>modo</strong></span> <span class='ocrx_word' id='word_1_509' title='bbox 998 3548 1241 3606; x_wconf 86' lang='lat' dir='ltr'><strong>ascendit</strong></span> <span class='ocrx_word' id='word_1_510' title='bbox 1287 3542 1607 3614; x_wconf 88' lang='lat' dir='ltr'><strong>tranquillus</strong></span> <span class='ocrx_word' id='word_1_511' title='bbox 1650 3548 1705 3595; x_wconf 92' lang='lat' dir='ltr'><strong>et</strong></span> <span class='ocrx_word' id='word_1_512' title='bbox 1742 3541 2073 3600; x_wconf 90' lang='lat' dir='ltr'><strong>mansuetus,</strong></span> 
     </span>
    </p>
   </div>
   <div class='ocr_carea' id='block_1_66' title="bbox 501 3633 2079 3715">
    <p class='ocr_par' dir='ltr' id='par_1_66' title="bbox 501 3633 2079 3715">
     <span class='ocr_line' id='line_1_66' title="bbox 501 3633 2079 3715; baseline -0.021 0"><span class='ocrx_word' id='word_1_513' title='bbox 501 3672 631 3715; x_wconf 82' lang='lat' dir='ltr'><strong>tunc</strong></span> <span class='ocrx_word' id='word_1_514' title='bbox 676 3655 856 3712; x_wconf 89' lang='lat' dir='ltr'><strong>veniet</strong></span> <span class='ocrx_word' id='word_1_515' title='bbox 890 3649 1164 3707; x_wconf 90' lang='lat' dir='ltr'><strong>districtus</strong></span> <span class='ocrx_word' id='word_1_516' title='bbox 1204 3652 1261 3699; x_wconf 91' lang='lat' dir='ltr'><strong>et</strong></span> <span class='ocrx_word' id='word_1_517' title='bbox 1290 3640 1626 3698; x_wconf 88' lang='lat' dir='ltr'><strong>manifestus.</strong></span> <span class='ocrx_word' id='word_1_518' title='bbox 1671 3634 1815 3706; x_wconf 84' lang='lat' dir='ltr'><strong>Ignis</strong></span> <span class='ocrx_word' id='word_1_519' title='bbox 1858 3633 1913 3685; x_wconf 83' lang='lat' dir='ltr'><strong>in</strong></span> <span class='ocrx_word' id='word_1_520' title='bbox 1954 3646 2079 3684; x_wconf 82' lang='lat' dir='ltr'><strong>eou-</strong></span> 
     </span>
    </p>
   </div>
   <div class='ocr_carea' id='block_1_67' title="bbox 502 3728 2077 3822">
    <p class='ocr_par' dir='ltr' id='par_1_67' title="bbox 502 3728 2077 3822">
     <span class='ocr_line' id='line_1_67' title="bbox 502 3728 2077 3822; baseline -0.022 -15"><span class='ocrx_word' id='word_1_521' title='bbox 502 3761 675 3822; x_wconf 81' lang='lat' dir='ltr'><strong>spectu</strong></span> <span class='ocrx_word' id='word_1_522' title='bbox 704 3748 820 3817; x_wconf 82' lang='lat' dir='ltr'><strong>ejus</strong></span> <span class='ocrx_word' id='word_1_523' title='bbox 848 3740 1071 3805; x_wconf 82' lang='lat' dir='ltr'><strong>ardebit,</strong></span> <span class='ocrx_word' id='word_1_524' title='bbox 1112 3745 1160 3791; x_wconf 85' lang='lat' dir='ltr'><strong>et</strong></span> <span class='ocrx_word' id='word_1_525' title='bbox 1192 3736 1247 3789; x_wconf 86' lang='lat' dir='ltr'><strong>in</strong></span> <span class='ocrx_word' id='word_1_526' title='bbox 1273 3732 1496 3788; x_wconf 82' lang='lat' dir='ltr'><strong>circuitu</strong></span> <span class='ocrx_word' id='word_1_527' title='bbox 1531 3728 1643 3798; x_wconf 85' lang='lat' dir='ltr'><strong>ejus</strong></span> <span class='ocrx_word' id='word_1_528' title='bbox 1670 3732 1941 3795; x_wconf 82' lang='lat' dir='ltr'><strong>tempestas</strong></span> <span class='ocrx_word' id='word_1_529' title='bbox 1983 3736 2077 3774; x_wconf 83' lang='lat' dir='ltr'><strong>va-</strong></span> 
     </span>
    </p>
   </div>
   <div class='ocr_carea' id='block_1_68' title="bbox 502 3812 2072 3911">
    <p class='ocr_par' dir='ltr' id='par_1_68' title="bbox 502 3812 2072 3911">
     <span class='ocr_line' id='line_1_68' title="bbox 502 3812 2072 3911; baseline -0.022 -15"><span class='ocrx_word' id='word_1_530' title='bbox 502 3812 609 3897; x_wconf 73' lang='lat' dir='ltr'><strong>lida</strong></span> <span class='ocrx_word' id='word_1_531' title='bbox 634 3812 805 3911; x_wconf 64' lang='lat' dir='ltr'><strong>(Psal.</strong></span> <span class='ocrx_word' id='word_1_532' title='bbox 837 3831 1009 3902; x_wconf 70' lang='lat' dir='ltr'><strong>XLIX),</strong></span> <span class='ocrx_word' id='word_1_533' title='bbox 1051 3839 1105 3884; x_wconf 90' lang='lat' dir='ltr'><strong>ct</strong></span> <span class='ocrx_word' id='word_1_534' title='bbox 1134 3823 1343 3882; x_wconf 85' lang='lat' dir='ltr'><strong>sedebit</strong></span> <span class='ocrx_word' id='word_1_535' title='bbox 1375 3822 1428 3876; x_wconf 93' lang='lat' dir='ltr'><strong>in</strong></span> <span class='ocrx_word' id='word_1_536' title='bbox 1459 3819 1585 3875; x_wconf 87' lang='lat' dir='ltr'><strong>sede</strong></span> <span class='ocrx_word' id='word_1_537' title='bbox 1621 3812 1916 3883; x_wconf 74' lang='lat' dir='ltr'><strong>maiestatis</strong></span> <span class='ocrx_word' id='word_1_538' title='bbox 1944 3823 2072 3872; x_wconf 69' lang='lat' dir='ltr'><strong>sua),</strong></span> 
     </span>
    </p>
   </div>
   <div class='ocr_carea' id='block_1_69' title="bbox 503 3901 2080 4000">
    <p class='ocr_par' dir='ltr' id='par_1_69' title="bbox 503 3901 2080 4000">
     <span class='ocr_line' id='line_1_69' title="bbox 503 3901 2080 4000; baseline -0.022 -12"><span class='ocrx_word' id='word_1_539' title='bbox 503 3943 555 3989; x_wconf 92' lang='lat' dir='ltr'><strong>et</strong></span> <span class='ocrx_word' id='word_1_540' title='bbox 581 3901 1051 4000; x_wconf 43' lang='lat' dir='ltr'><strong>eo‘ngregabuntur</strong></span> <span class='ocrx_word' id='word_1_541' title='bbox 1079 3927 1204 3974; x_wconf 92' lang='lat' dir='ltr'><strong>ante</strong></span> <span class='ocrx_word' id='word_1_542' title='bbox 1231 3929 1354 3971; x_wconf 89' lang='lat' dir='ltr'><strong>eum</strong></span> <span class='ocrx_word' id='word_1_543' title='bbox 1381 3926 1572 3968; x_wconf 90' lang='lat' dir='ltr'><strong>omnes</strong></span> <span class='ocrx_word' id='word_1_544' title='bbox 1610 3915 1817 3980; x_wconf 88' lang='lat' dir='ltr'><strong>gentes,</strong></span> <span class='ocrx_word' id='word_1_545' title='bbox 1857 3912 1918 3958; x_wconf 88' lang='lat' dir='ltr'><strong>ut</strong></span> <span class='ocrx_word' id='word_1_546' title='bbox 1941 3901 2080 3957; x_wconf 89' lang='lat' dir='ltr'><strong>reci-</strong></span> 
     </span>
    </p>
   </div>
   <div class='ocr_carea' id='block_1_70' title="bbox 506 3997 2077 4096">
    <p class='ocr_par' dir='ltr' id='par_1_70' title="bbox 506 3997 2077 4096">
     <span class='ocr_line' id='line_1_70' title="bbox 506 3997 2077 4096; baseline -0.023 -17"><span class='ocrx_word' id='word_1_547' title='bbox 506 4025 619 4096; x_wconf 88' lang='lat' dir='ltr'><strong>piat</strong></span> <span class='ocrx_word' id='word_1_548' title='bbox 644 3997 1011 4087; x_wconf 76' lang='lat' dir='ltr'><strong>unusquisque</strong></span> <span class='ocrx_word' id='word_1_549' title='bbox 1032 4016 1192 4083; x_wconf 87' lang='lat' dir='ltr'><strong>prout</strong></span> <span class='ocrx_word' id='word_1_550' title='bbox 1212 4005 1398 4079; x_wconf 87' lang='lat' dir='ltr'><strong>gessit,</strong></span> <span class='ocrx_word' id='word_1_551' title='bbox 1432 4003 1545 4059; x_wconf 90' lang='lat' dir='ltr'><strong>sive</strong></span> <span class='ocrx_word' id='word_1_552' title='bbox 1569 4002 1790 4062; x_wconf 77' lang='lat' dir='ltr'><strong>bnnum,</strong></span> <span class='ocrx_word' id='word_1_553' title='bbox 1817 3997 1932 4051; x_wconf 89' lang='lat' dir='ltr'><strong>sive</strong></span> <span class='ocrx_word' id='word_1_554' title='bbox 1960 4006 2077 4046; x_wconf 90' lang='lat' dir='ltr'><strong>ma-</strong></span> 
     </span>
    </p>
   </div>
   <div class='ocr_carea' id='block_1_71' title="bbox 508 4092 2078 4176">
    <p class='ocr_par' dir='ltr' id='par_1_71' title="bbox 508 4092 2078 4176">
     <span class='ocr_line' id='line_1_71' title="bbox 508 4092 2078 4176; baseline -0.022 -7"><span class='ocrx_word' id='word_1_555' title='bbox 508 4092 639 4169; x_wconf 81' lang='lat' dir='ltr'><strong>lum.</strong></span> <span class='ocrx_word' id='word_1_556' title='bbox 666 4111 768 4176; x_wconf 80' lang='lat' dir='ltr'><strong>Qui</strong></span> <span class='ocrx_word' id='word_1_557' title='bbox 798 4123 917 4163; x_wconf 79' lang='lat' dir='ltr'><strong>vero</strong></span> <span class='ocrx_word' id='word_1_558' title='bbox 942 4106 1064 4159; x_wconf 78' lang='lat' dir='ltr'><strong>bene</strong></span> <span class='ocrx_word' id='word_1_559' title='bbox 1085 4106 1321 4172; x_wconf 84' lang='lat' dir='ltr'><strong>egerunt,</strong></span> <span class='ocrx_word' id='word_1_560' title='bbox 1358 4097 1503 4150; x_wconf 84' lang='lat' dir='ltr'><strong>ibunt</strong></span> <span class='ocrx_word' id='word_1_561' title='bbox 1524 4094 1580 4146; x_wconf 84' lang='lat' dir='ltr'><strong>in</strong></span> <span class='ocrx_word' id='word_1_562' title='bbox 1608 4092 1765 4145; x_wconf 82' lang='lat' dir='ltr'><strong>vitam</strong></span> <span class='ocrx_word' id='word_1_563' title='bbox 1796 4096 2078 4146; x_wconf 67' lang='lat' dir='ltr'><strong>(sternam;</strong></span> 
     </span>
    </p>
   </div>
   <div class='ocr_carea' id='block_1_72' title="bbox 505 4178 2080 4278">
    <p class='ocr_par' dir='ltr' id='par_1_72' title="bbox 505 4178 2080 4278">
     <span class='ocr_line' id='line_1_72' title="bbox 505 4178 2080 4278; baseline -0.02 -17"><span class='ocrx_word' id='word_1_564' title='bbox 505 4208 592 4278; x_wconf 85' lang='lat' dir='ltr'><strong>qui</strong></span> <span class='ocrx_word' id='word_1_565' title='bbox 638 4213 812 4258; x_wconf 83' lang='lat' dir='ltr'><strong>autent</strong></span> <span class='ocrx_word' id='word_1_566' title='bbox 852 4197 1017 4263; x_wconf 86' lang='lat' dir='ltr'><strong>male,</strong></span> <span class='ocrx_word' id='word_1_567' title='bbox 1056 4197 1111 4249; x_wconf 84' lang='lat' dir='ltr'><strong>in</strong></span> <span class='ocrx_word' id='word_1_568' title='bbox 1136 4196 1306 4265; x_wconf 85' lang='lat' dir='ltr'><strong>ignem</strong></span> <span class='ocrx_word' id='word_1_569' title='bbox 1348 4198 1596 4244; x_wconf 73' lang='lat' dir='ltr'><strong>a&#39;ternum</strong></span> <span class='ocrx_word' id='word_1_570' title='bbox 1638 4183 1815 4255; x_wconf 84' lang='lat' dir='ltr'><strong>(Joan.</strong></span> <span class='ocrx_word' id='word_1_571' title='bbox 1851 4178 1919 4251; x_wconf 64' lang='grc' dir='ltr'><strong>ν).</strong></span> <span class='ocrx_word' id='word_1_572' title='bbox 1962 4178 2080 4247; x_wconf 87' lang='lat' dir='ltr'><strong>Ipse</strong></span> 
     </span>
    </p>
   </div>
   <div class='ocr_carea' id='block_1_73' title="bbox 506 4268 2079 4369">
    <p class='ocr_par' dir='ltr' id='par_1_73' title="bbox 506 4268 2079 4369">
     <span class='ocr_line' id='line_1_73' title="bbox 506 4268 2079 4369; baseline -0.022 -15"><span class='ocrx_word' id='word_1_573' title='bbox 506 4268 634 4369; x_wconf 77' lang='lat' dir='ltr'><strong>ergo</strong></span> <span class='ocrx_word' id='word_1_574' title='bbox 685 4302 770 4350; x_wconf 90' lang='lat' dir='ltr'><strong>est</strong></span> <span class='ocrx_word' id='word_1_575' title='bbox 810 4291 965 4347; x_wconf 87' lang='lat' dir='ltr'><strong>nobis</strong></span> <span class='ocrx_word' id='word_1_576' title='bbox 1002 4287 1089 4342; x_wconf 89' lang='lat' dir='ltr'><strong>via</strong></span> <span class='ocrx_word' id='word_1_577' title='bbox 1113 4326 1129 4351; x_wconf 96' lang='lat'><strong>,</strong></span> <span class='ocrx_word' id='word_1_578' title='bbox 1178 4285 1293 4354; x_wconf 88' lang='lat' dir='ltr'><strong>ipse</strong></span> <span class='ocrx_word' id='word_1_579' title='bbox 1336 4289 1421 4335; x_wconf 90' lang='lat' dir='ltr'><strong>est</strong></span> <span class='ocrx_word' id='word_1_580' title='bbox 1445 4286 1500 4333; x_wconf 90' lang='lat' dir='ltr'><strong>et</strong></span> <span class='ocrx_word' id='word_1_581' title='bbox 1525 4275 1699 4347; x_wconf 86' lang='lat' dir='ltr'><strong>patria</strong></span> <span class='ocrx_word' id='word_1_582' title='bbox 1734 4289 1749 4326; x_wconf 89' lang='lat'><strong>:</strong></span> <span class='ocrx_word' id='word_1_583' title='bbox 1782 4268 2079 4327; x_wconf 87' lang='lat' dir='ltr'><strong>secundum</strong></span> 
     </span>
    </p>
   </div>
   <div class='ocr_carea' id='block_1_74' title="bbox 509 4362 2082 4445">
    <p class='ocr_par' dir='ltr' id='par_1_74' title="bbox 509 4362 2082 4445">
     <span class='ocr_line' id='line_1_74' title="bbox 509 4362 2082 4445; baseline -0.02 -1"><span class='ocrx_word' id='word_1_584' title='bbox 509 4388 779 4444; x_wconf 86' lang='lat' dir='ltr'><strong>hominem</strong></span> <span class='ocrx_word' id='word_1_585' title='bbox 821 4384 924 4445; x_wconf 86' lang='lat' dir='ltr'><strong>via,</strong></span> <span class='ocrx_word' id='word_1_586' title='bbox 974 4377 1268 4435; x_wconf 91' lang='lat' dir='ltr'><strong>secundum</strong></span> <span class='ocrx_word' id='word_1_587' title='bbox 1307 4373 1475 4427; x_wconf 90' lang='lat' dir='ltr'><strong>Deum</strong></span> <span class='ocrx_word' id='word_1_588' title='bbox 1505 4368 1696 4440; x_wconf 83' lang='lat' dir='ltr'><strong>patria.</strong></span> <span class='ocrx_word' id='word_1_589' title='bbox 1748 4364 1805 4420; x_wconf 90' lang='lat' dir='ltr'><strong>Si</strong></span> <span class='ocrx_word' id='word_1_590' title='bbox 1857 4362 2082 4417; x_wconf 86' lang='lat' dir='ltr'><strong>fideliter</strong></span> 
     </span>
    </p>
   </div>
   <div class='ocr_carea' id='block_1_75' title="bbox 511 4463 2084 4544">
    <p class='ocr_par' dir='ltr' id='par_1_75' title="bbox 511 4463 2084 4544">
     <span class='ocr_line' id='line_1_75' title="bbox 511 4463 2084 4544; baseline -0.02 -8"><span class='ocrx_word' id='word_1_591' title='bbox 511 4479 806 4537; x_wconf 88' lang='lat' dir='ltr'><strong>currimus,</strong></span> <span class='ocrx_word' id='word_1_592' title='bbox 841 4489 933 4544; x_wconf 86' lang='lat' dir='ltr'><strong>per</strong></span> <span class='ocrx_word' id='word_1_593' title='bbox 962 4472 1137 4542; x_wconf 90' lang='lat' dir='ltr'><strong>ipsum</strong></span> <span class='ocrx_word' id='word_1_594' title='bbox 1162 4468 1332 4531; x_wconf 87' lang='lat' dir='ltr'><strong>imus;</strong></span> <span class='ocrx_word' id='word_1_595' title='bbox 1365 4463 1409 4518; x_wconf 88' lang='lat' dir='ltr'><strong>si</strong></span> <span class='ocrx_word' id='word_1_596' title='bbox 1436 4464 1490 4516; x_wconf 92' lang='lat' dir='ltr'><strong>in</strong></span> <span class='ocrx_word' id='word_1_597' title='bbox 1517 4474 1677 4515; x_wconf 90' lang='lat' dir='ltr'><strong>cursu</strong></span> <span class='ocrx_word' id='word_1_598' title='bbox 1705 4467 2084 4527; x_wconf 88' lang='lat' dir='ltr'><strong>perseverave-</strong></span> 
     </span>
    </p>
   </div>
   <div class='ocr_carea' id='block_1_76' title="bbox 515 4551 2083 4645">
    <p class='ocr_par' dir='ltr' id='par_1_76' title="bbox 515 4551 2083 4645">
     <span class='ocr_line' id='line_1_76' title="bbox 515 4551 2083 4645; baseline -0.02 -18"><span class='ocrx_word' id='word_1_599' title='bbox 515 4573 712 4635; x_wconf 89' lang='lat' dir='ltr'><strong>rimus,</strong></span> <span class='ocrx_word' id='word_1_600' title='bbox 724 4568 807 4645; x_wconf 49' lang='lat' dir='ltr'><strong>ad</strong></span> <span class='ocrx_word' id='word_1_601' title='bbox 838 4567 1010 4635; x_wconf 85' lang='lat' dir='ltr'><strong>ipsqu</strong></span> <span class='ocrx_word' id='word_1_602' title='bbox 1041 4558 1435 4633; x_wconf 87' lang='lat' dir='ltr'><strong>perveniemus.</strong></span> <span class='ocrx_word' id='word_1_603' title='bbox 1467 4552 1620 4621; x_wconf 88' lang='lat' dir='ltr'><strong>Quod</strong></span> <span class='ocrx_word' id='word_1_604' title='bbox 1652 4551 1764 4620; x_wconf 86' lang='lat' dir='ltr'><strong>ipse</strong></span> <span class='ocrx_word' id='word_1_605' title='bbox 1790 4562 1884 4602; x_wconf 89' lang='lat' dir='ltr'><strong>sua</strong></span> <span class='ocrx_word' id='word_1_606' title='bbox 1913 4553 2083 4615; x_wconf 82' lang='lat' dir='ltr'><strong>gratia</strong></span> 
     </span>
    </p>
   </div>
   <div class='ocr_carea' id='block_1_77' title="bbox 514 4644 2085 4731">
    <p class='ocr_par' dir='ltr' id='par_1_77' title="bbox 514 4644 2085 4731">
     <span class='ocr_line' id='line_1_77' title="bbox 514 4644 2085 4731; baseline -0.021 -11"><span class='ocrx_word' id='word_1_607' title='bbox 514 4662 669 4720; x_wconf 89' lang='lat' dir='ltr'><strong>nobis</strong></span> <span class='ocrx_word' id='word_1_608' title='bbox 698 4644 955 4731; x_wconf 51' lang='lat' dir='ltr'><strong>praestare</strong></span> <span class='ocrx_word' id='word_1_609' title='bbox 976 4655 1246 4723; x_wconf 83' lang='lat' dir='ltr'><strong>dignetur,</strong></span> <span class='ocrx_word' id='word_1_610' title='bbox 1276 4647 1366 4717; x_wconf 85' lang='lat' dir='ltr'><strong>qui</strong></span> <span class='ocrx_word' id='word_1_611' title='bbox 1391 4644 1548 4700; x_wconf 87' lang='lat' dir='ltr'><strong>hodie</strong></span> <span class='ocrx_word' id='word_1_612' title='bbox 1576 4655 1737 4712; x_wconf 89' lang='lat' dir='ltr'><strong>super</strong></span> <span class='ocrx_word' id='word_1_613' title='bbox 1764 4650 1953 4694; x_wconf 91' lang='lat' dir='ltr'><strong>omnes</strong></span> <span class='ocrx_word' id='word_1_614' title='bbox 1976 4649 2085 4689; x_wconf 66' lang='lat' dir='ltr'><strong>coa-</strong></span> 
     </span>
    </p>
   </div>
   <div class='ocr_carea' id='block_1_78' title="bbox 515 4725 2085 4813">
    <p class='ocr_par' dir='ltr' id='par_1_78' title="bbox 515 4725 2085 4813">
     <span class='ocr_line' id='line_1_78' title="bbox 515 4725 2085 4813; baseline -0.02 -5"><span class='ocrx_word' id='word_1_615' title='bbox 515 4755 595 4811; x_wconf 88' lang='lat' dir='ltr'><strong>los</strong></span> <span class='ocrx_word' id='word_1_616' title='bbox 615 4725 877 4811; x_wconf 76' lang='lat' dir='ltr'><strong>ascendit,</strong></span> <span class='ocrx_word' id='word_1_617' title='bbox 906 4754 960 4800; x_wconf 89' lang='lat' dir='ltr'><strong>et</strong></span> <span class='ocrx_word' id='word_1_618' title='bbox 989 4758 1137 4813; x_wconf 90' lang='lat' dir='ltr'><strong>spem</strong></span> <span class='ocrx_word' id='word_1_619' title='bbox 1171 4740 1294 4794; x_wconf 62' lang='lat' dir='ltr'><strong>vitae</strong></span> <span class='ocrx_word' id='word_1_620' title='bbox 1316 4736 1471 4792; x_wconf 90' lang='lat' dir='ltr'><strong>nobis</strong></span> <span class='ocrx_word' id='word_1_621' title='bbox 1497 4744 1712 4787; x_wconf 63' lang='lat' dir='ltr'><strong>(clerate</strong></span> <span class='ocrx_word' id='word_1_622' title='bbox 1738 4728 1906 4791; x_wconf 87' lang='lat' dir='ltr'><strong>dedit,</strong></span> <span class='ocrx_word' id='word_1_623' title='bbox 1929 4725 2085 4780; x_wconf 83' lang='lat' dir='ltr'><strong>Jesus</strong></span> 
     </span>
    </p>
   </div>
   <div class='ocr_carea' id='block_1_79' title="bbox 513 4817 2084 4904">
    <p class='ocr_par' dir='ltr' id='par_1_79' title="bbox 513 4817 2084 4904">
     <span class='ocr_line' id='line_1_79' title="bbox 513 4817 2084 4904; baseline -0.023 0"><span class='ocrx_word' id='word_1_624' title='bbox 513 4846 759 4904; x_wconf 84' lang='lat' dir='ltr'><strong>Christus</strong></span> <span class='ocrx_word' id='word_1_625' title='bbox 789 4839 1046 4896; x_wconf 88' lang='lat' dir='ltr'><strong>Dominus</strong></span> <span class='ocrx_word' id='word_1_626' title='bbox 1072 4842 1254 4889; x_wconf 85' lang='lat' dir='ltr'><strong>noster</strong></span> <span class='ocrx_word' id='word_1_627' title='bbox 1278 4872 1292 4894; x_wconf 91' lang='lat'><strong>,</strong></span> <span class='ocrx_word' id='word_1_628' title='bbox 1324 4827 1416 4899; x_wconf 88' lang='lat' dir='ltr'><strong>qui</strong></span> <span class='ocrx_word' id='word_1_629' title='bbox 1446 4842 1568 4882; x_wconf 90' lang='lat' dir='ltr'><strong>cum</strong></span> <span class='ocrx_word' id='word_1_630' title='bbox 1606 4823 1767 4877; x_wconf 86' lang='lat' dir='ltr'><strong>Patre</strong></span> <span class='ocrx_word' id='word_1_631' title='bbox 1794 4828 1850 4875; x_wconf 92' lang='lat' dir='ltr'><strong>et</strong></span> <span class='ocrx_word' id='word_1_632' title='bbox 1880 4817 2084 4887; x_wconf 90' lang='lat' dir='ltr'><strong>Spiritu</strong></span> 
     </span>
    </p>
   </div>
   <div class='ocr_carea' id='block_1_80' title="bbox 515 4910 2083 4997">
    <p class='ocr_par' dir='ltr' id='par_1_80' title="bbox 515 4910 2083 4997">
     <span class='ocr_line' id='line_1_80' title="bbox 515 4910 2083 4997; baseline -0.02 -4"><span class='ocrx_word' id='word_1_633' title='bbox 515 4948 704 4993; x_wconf 86' lang='lat' dir='ltr'><strong>sancto</strong></span> <span class='ocrx_word' id='word_1_634' title='bbox 733 4933 867 4988; x_wconf 87' lang='lat' dir='ltr'><strong>vivit</strong></span> <span class='ocrx_word' id='word_1_635' title='bbox 897 4940 951 4985; x_wconf 90' lang='lat' dir='ltr'><strong>et</strong></span> <span class='ocrx_word' id='word_1_636' title='bbox 980 4933 1165 4997; x_wconf 82' lang='lat' dir='ltr'><strong>regnat</strong></span> <span class='ocrx_word' id='word_1_637' title='bbox 1199 4923 1339 4977; x_wconf 87' lang='lat' dir='ltr'><strong>Deus</strong></span> <span class='ocrx_word' id='word_1_638' title='bbox 1368 4934 1465 4989; x_wconf 90' lang='lat' dir='ltr'><strong>per</strong></span> <span class='ocrx_word' id='word_1_639' title='bbox 1489 4915 1667 4971; x_wconf 89' lang='lat' dir='ltr'><strong>omnia</strong></span> <span class='ocrx_word' id='word_1_640' title='bbox 1695 4910 1891 4968; x_wconf 86' lang='lat' dir='ltr'><strong>saecula</strong></span> <span class='ocrx_word' id='word_1_641' title='bbox 1918 4922 2083 4963; x_wconf 81' lang='lat' dir='ltr'><strong>saccu-</strong></span> 
     </span>
    </p>
   </div>
   <div class='ocr_carea' id='block_1_81' title="bbox 517 5023 933 5082">
    <p class='ocr_par' dir='ltr' id='par_1_81' title="bbox 517 5023 933 5082">
     <span class='ocr_line' id='line_1_81' title="bbox 517 5023 933 5082; baseline -0.017 0"><span class='ocrx_word' id='word_1_642' title='bbox 517 5027 709 5082; x_wconf 88' lang='lat' dir='ltr'><strong>lorum.</strong></span> <span class='ocrx_word' id='word_1_643' title='bbox 742 5023 933 5077; x_wconf 83' lang='lat' dir='ltr'><strong>Amen.</strong></span> 
     </span>
    </p>
   </div>
   <div class='ocr_carea' id='block_1_82' title="bbox 1062 5100 1539 5161">
    <p class='ocr_par' dir='ltr' id='par_1_82' title="bbox 1062 5100 1539 5161">
     <span class='ocr_line' id='line_1_82' title="bbox 1062 5100 1539 5161; baseline -0.017 0"><span class='ocrx_word' id='word_1_644' title='bbox 1062 5104 1342 5161; x_wconf 68' lang='grc' dir='ltr'><strong>ΗοιιιιΛΑ</strong></span> <span class='ocrx_word' id='word_1_645' title='bbox 1376 5100 1539 5156; x_wconf 73' lang='lat' dir='ltr'><strong>XXII.</strong></span> 
     </span>
    </p>
   </div>
   <div class='ocr_carea' id='block_1_83' title="bbox 1007 5204 1591 5253">
    <p class='ocr_par' dir='ltr' id='par_1_83' title="bbox 1007 5204 1591 5253">
     <span class='ocr_line' id='line_1_83' title="bbox 1007 5204 1591 5253; baseline -0.019 0"><span class='ocrx_word' id='word_1_646' title='bbox 1007 5216 1057 5253; x_wconf 73' lang='lat' dir='ltr'><strong>l.\&#39;</strong></span> <span class='ocrx_word' id='word_1_647' title='bbox 1093 5214 1177 5252; x_wconf 80' lang='lat' dir='ltr'><strong>DIE</strong></span> <span class='ocrx_word' id='word_1_648' title='bbox 1205 5204 1591 5250; x_wconf 64' lang='lat' dir='ltr'><strong>PENTEGCSTES.</strong></span> 
     </span>
    </p>
   </div>
   <div class='ocr_carea' id='block_1_84' title="bbox 589 5272 2081 5361">
    <p class='ocr_par' dir='ltr' id='par_1_84' title="bbox 589 5272 2081 5361">
     <span class='ocr_line' id='line_1_84' title="bbox 589 5272 2081 5361; baseline -0.019 -7"><span class='ocrx_word' id='word_1_649' title='bbox 589 5296 869 5354; x_wconf 68' lang='lat' dir='ltr'><strong>Hodiernus</strong></span> <span class='ocrx_word' id='word_1_650' title='bbox 899 5290 1225 5348; x_wconf 83' lang='lat' dir='ltr'><strong>celebritatis</strong></span> <span class='ocrx_word' id='word_1_651' title='bbox 1267 5286 1481 5361; x_wconf 58' lang='lat' dir='ltr'><strong>gaudia,</strong></span> <span class='ocrx_word' id='word_1_652' title='bbox 1520 5281 1713 5335; x_wconf 79' lang='lat' dir='ltr'><strong>fratres</strong></span> <span class='ocrx_word' id='word_1_653' title='bbox 1759 5272 2081 5335; x_wconf 84' lang='lat' dir='ltr'><strong>charissimi,</strong></span> 
     </span>
    </p>
   </div>
   <div class='ocr_carea' id='block_1_85' title="bbox 521 5371 2085 5462">
    <p class='ocr_par' dir='ltr' id='par_1_85' title="bbox 521 5371 2085 5462">
     <span class='ocr_line' id='line_1_85' title="bbox 521 5371 2085 5462; baseline -0.019 -16"><span class='ocrx_word' id='word_1_654' title='bbox 521 5399 720 5462; x_wconf 78' lang='lat' dir='ltr'><strong>quanto</strong></span> <span class='ocrx_word' id='word_1_655' title='bbox 773 5387 892 5458; x_wconf 89' lang='lat' dir='ltr'><strong>plus</strong></span> <span class='ocrx_word' id='word_1_656' title='bbox 942 5384 1221 5453; x_wconf 88' lang='lat' dir='ltr'><strong>capimus,</strong></span> <span class='ocrx_word' id='word_1_657' title='bbox 1277 5388 1425 5434; x_wconf 91' lang='lat' dir='ltr'><strong>tanto</strong></span> <span class='ocrx_word' id='word_1_658' title='bbox 1478 5375 1598 5445; x_wconf 85' lang='lat' dir='ltr'><strong>plus</strong></span> <span class='ocrx_word' id='word_1_659' title='bbox 1653 5371 1981 5442; x_wconf 59' lang='lat' dir='ltr'><strong>appetimus;</strong></span> <span class='ocrx_word' id='word_1_660' title='bbox 2036 5375 2085 5420; x_wconf 65' lang='lat' dir='ltr'><strong>cf</strong></span> 
     </span>
    </p>
   </div>
   <div class='ocr_carea' id='block_1_86' title="bbox 520 5460 2091 5552">
    <p class='ocr_par' dir='ltr' id='par_1_86' title="bbox 520 5460 2091 5552">
     <span class='ocr_line' id='line_1_86' title="bbox 520 5460 2091 5552; baseline -0.016 -16"><span class='ocrx_word' id='word_1_661' title='bbox 520 5489 719 5552; x_wconf 87' lang='lat' dir='ltr'><strong>quanto</strong></span> <span class='ocrx_word' id='word_1_662' title='bbox 740 5478 947 5543; x_wconf 85' lang='lat' dir='ltr'><strong>avidius</strong></span> <span class='ocrx_word' id='word_1_663' title='bbox 972 5475 1087 5545; x_wconf 89' lang='lat' dir='ltr'><strong>ejus</strong></span> <span class='ocrx_word' id='word_1_664' title='bbox 1108 5473 1423 5529; x_wconf 87' lang='lat' dir='ltr'><strong>suavitatem</strong></span> <span class='ocrx_word' id='word_1_665' title='bbox 1448 5470 1700 5529; x_wconf 87' lang='lat' dir='ltr'><strong>bibimus,</strong></span> <span class='ocrx_word' id='word_1_666' title='bbox 1726 5473 1871 5518; x_wconf 90' lang='lat' dir='ltr'><strong>tanto</strong></span> <span class='ocrx_word' id='word_1_667' title='bbox 1899 5460 2091 5515; x_wconf 85' lang='lat' dir='ltr'><strong>arden-</strong></span> 
     </span>
    </p>
   </div>
   <div class='ocr_carea' id='block_1_87' title="bbox 524 5556 2091 5639">
    <p class='ocr_par' dir='ltr' id='par_1_87' title="bbox 524 5556 2091 5639">
     <span class='ocr_line' id='line_1_87' title="bbox 524 5556 2091 5639; baseline -0.014 -12"><span class='ocrx_word' id='word_1_668' title='bbox 524 5575 627 5627; x_wconf 91' lang='lat' dir='ltr'><strong>tius</strong></span> <span class='ocrx_word' id='word_1_669' title='bbox 664 5570 780 5639; x_wconf 79' lang='lat' dir='ltr'><strong>ojus</strong></span> <span class='ocrx_word' id='word_1_670' title='bbox 812 5569 900 5624; x_wconf 91' lang='lat' dir='ltr'><strong>siti</strong></span> <span class='ocrx_word' id='word_1_671' title='bbox 929 5574 1236 5622; x_wconf 72' lang='lat' dir='ltr'><strong>aestuamus.</strong></span> <span class='ocrx_word' id='word_1_672' title='bbox 1274 5562 1630 5619; x_wconf 87' lang='lat' dir='ltr'><strong>Pentecosten</strong></span> <span class='ocrx_word' id='word_1_673' title='bbox 1657 5573 1786 5628; x_wconf 89' lang='lat' dir='ltr'><strong>ergo</strong></span> <span class='ocrx_word' id='word_1_674' title='bbox 1811 5556 1968 5610; x_wconf 86' lang='lat' dir='ltr'><strong>hodie</strong></span> <span class='ocrx_word' id='word_1_675' title='bbox 2004 5568 2091 5606; x_wconf 78' lang='lat' dir='ltr'><strong>rc-</strong></span> 
     </span>
    </p>
   </div>
   <div class='ocr_carea' id='block_1_88' title="bbox 524 5653 2090 5726">
    <p class='ocr_par' dir='ltr' id='par_1_88' title="bbox 524 5653 2090 5726">
     <span class='ocr_line' id='line_1_88' title="bbox 524 5653 2090 5726; baseline -0.01 -12"><span class='ocrx_word' id='word_1_676' title='bbox 524 5661 807 5725; x_wconf 86' lang='lat' dir='ltr'><strong>lcbramus,</strong></span> <span class='ocrx_word' id='word_1_677' title='bbox 844 5660 943 5714; x_wconf 88' lang='lat' dir='ltr'><strong>hoc</strong></span> <span class='ocrx_word' id='word_1_678' title='bbox 969 5668 1048 5713; x_wconf 78' lang='lat' dir='ltr'><strong>est</strong></span> <span class='ocrx_word' id='word_1_679' title='bbox 1077 5653 1576 5726; x_wconf 85' lang='lat' dir='ltr'><strong>quinquagesinmm</strong></span> <span class='ocrx_word' id='word_1_680' title='bbox 1617 5653 1755 5706; x_wconf 75' lang='lat' dir='ltr'><strong>diem</strong></span> <span class='ocrx_word' id='word_1_681' title='bbox 1789 5661 1817 5701; x_wconf 68' lang='grc' dir='ltr'><strong>τι</strong></span> <span class='ocrx_word' id='word_1_682' title='bbox 1852 5660 2090 5700; x_wconf 74' lang='lat' dir='ltr'><strong>resurre—</strong></span> 
     </span>
    </p>
   </div>
   <div class='ocr_carea' id='block_1_89' title="bbox 2179 3194 3770 3270">
    <p class='ocr_par' dir='ltr' id='par_1_89' title="bbox 2179 3194 3770 3270">
     <span class='ocr_line' id='line_1_89' title="bbox 2179 3194 3770 3270; baseline -0.009 -8"><span class='ocrx_word' id='word_1_683' title='bbox 2179 3206 2346 3270; x_wconf 88' lang='lat' dir='ltr'><strong>datio,</strong></span> <span class='ocrx_word' id='word_1_684' title='bbox 2371 3218 2560 3258; x_wconf 88' lang='lat' dir='ltr'><strong>verum</strong></span> <span class='ocrx_word' id='word_1_685' title='bbox 2586 3201 2748 3256; x_wconf 90' lang='lat' dir='ltr'><strong>etiam</strong></span> <span class='ocrx_word' id='word_1_686' title='bbox 2796 3200 2852 3253; x_wconf 90' lang='lat' dir='ltr'><strong>in</strong></span> <span class='ocrx_word' id='word_1_687' title='bbox 2897 3212 3067 3253; x_wconf 90' lang='lat' dir='ltr'><strong>novos</strong></span> <span class='ocrx_word' id='word_1_688' title='bbox 3096 3197 3399 3267; x_wconf 89' lang='lat' dir='ltr'><strong>adoptionis</strong></span> <span class='ocrx_word' id='word_1_689' title='bbox 3425 3194 3564 3250; x_wconf 87' lang='lat' dir='ltr'><strong>filios</strong></span> <span class='ocrx_word' id='word_1_690' title='bbox 3593 3209 3770 3249; x_wconf 90' lang='lat' dir='ltr'><strong>novus</strong></span> 
     </span>
    </p>
   </div>
   <div class='ocr_carea' id='block_1_90' title="bbox 2179 3284 3773 3363">
    <p class='ocr_par' dir='ltr' id='par_1_90' title="bbox 2179 3284 3773 3363">
     <span class='ocr_line' id='line_1_90' title="bbox 2179 3284 3773 3363; baseline -0.008 -13"><span class='ocrx_word' id='word_1_691' title='bbox 2179 3297 2231 3350; x_wconf 91' lang='lat' dir='ltr'><strong>in</strong></span> <span class='ocrx_word' id='word_1_692' title='bbox 2261 3310 2323 3350; x_wconf 87' lang='lat' dir='ltr'><strong>ea</strong></span> <span class='ocrx_word' id='word_1_693' title='bbox 2357 3292 2590 3363; x_wconf 90' lang='lat' dir='ltr'><strong>Spiritus</strong></span> <span class='ocrx_word' id='word_1_694' title='bbox 2634 3291 2806 3345; x_wconf 91' lang='lat' dir='ltr'><strong>sancti</strong></span> <span class='ocrx_word' id='word_1_695' title='bbox 2854 3288 3160 3344; x_wconf 89' lang='lat' dir='ltr'><strong>celebratur</strong></span> <span class='ocrx_word' id='word_1_696' title='bbox 3207 3287 3491 3342; x_wconf 81' lang='lat' dir='ltr'><strong>adventus.</strong></span> <span class='ocrx_word' id='word_1_697' title='bbox 3522 3284 3773 3353; x_wconf 82' lang='lat' dir='ltr'><strong>Qualiter</strong></span> 
     </span>
    </p>
   </div>
   <div class='ocr_carea' id='block_1_91' title="bbox 2176 3375 3773 3458">
    <p class='ocr_par' dir='ltr' id='par_1_91' title="bbox 2176 3375 3773 3458">
     <span class='ocr_line' id='line_1_91' title="bbox 2176 3375 3773 3458; baseline -0.008 -16"><span class='ocrx_word' id='word_1_698' title='bbox 2176 3401 2303 3458; x_wconf 89' lang='lat' dir='ltr'><strong>ergo</strong></span> <span class='ocrx_word' id='word_1_699' title='bbox 2358 3384 2482 3439; x_wconf 89' lang='lat' dir='ltr'><strong>huic</strong></span> <span class='ocrx_word' id='word_1_700' title='bbox 2526 3389 2726 3437; x_wconf 84' lang='lat' dir='ltr'><strong>nostrae</strong></span> <span class='ocrx_word' id='word_1_701' title='bbox 2775 3378 3055 3435; x_wconf 88' lang='lat' dir='ltr'><strong>festivitati</strong></span> <span class='ocrx_word' id='word_1_702' title='bbox 3104 3376 3294 3448; x_wconf 87' lang='lat' dir='ltr'><strong>legalis</strong></span> <span class='ocrx_word' id='word_1_703' title='bbox 3340 3375 3461 3431; x_wconf 90' lang='lat' dir='ltr'><strong>festi</strong></span> <span class='ocrx_word' id='word_1_704' title='bbox 3512 3385 3670 3446; x_wconf 80' lang='lat' dir='ltr'><strong>typus</strong></span> <span class='ocrx_word' id='word_1_705' title='bbox 3712 3385 3773 3430; x_wconf 90' lang='lat' dir='ltr'><strong>et</strong></span> 
     </span>
    </p>
   </div>
   <div class='ocr_carea' id='block_1_92' title="bbox 2177 3466 3771 3552">
    <p class='ocr_par' dir='ltr' id='par_1_92' title="bbox 2177 3466 3771 3552">
     <span class='ocr_line' id='line_1_92' title="bbox 2177 3466 3771 3552; baseline -0.009 -17"><span class='ocrx_word' id='word_1_706' title='bbox 2177 3481 2347 3552; x_wconf 85' lang='lat' dir='ltr'><strong>figura</strong></span> <span class='ocrx_word' id='word_1_707' title='bbox 2390 3475 2695 3539; x_wconf 86' lang='lat' dir='ltr'><strong>concinnat,</strong></span> <span class='ocrx_word' id='word_1_708' title='bbox 2738 3471 2977 3527; x_wconf 87' lang='lat' dir='ltr'><strong>charitas</strong></span> <span class='ocrx_word' id='word_1_709' title='bbox 3005 3476 3187 3525; x_wconf 90' lang='lat' dir='ltr'><strong>vestra</strong></span> <span class='ocrx_word' id='word_1_710' title='bbox 3223 3468 3501 3523; x_wconf 89' lang='lat' dir='ltr'><strong>attendat:</strong></span> <span class='ocrx_word' id='word_1_711' title='bbox 3552 3466 3771 3521; x_wconf 87' lang='lat' dir='ltr'><strong>liberati</strong></span> 
     </span>
    </p>
   </div>
   <div class='ocr_carea' id='block_1_93' title="bbox 2177 3558 3773 3641">
    <p class='ocr_par' dir='ltr' id='par_1_93' title="bbox 2177 3558 3773 3641">
     <span class='ocr_line' id='line_1_93' title="bbox 2177 3558 3773 3641; baseline -0.01 -11"><span class='ocrx_word' id='word_1_712' title='bbox 2177 3574 2244 3629; x_wconf 92' lang='lat' dir='ltr'><strong>de</strong></span> <span class='ocrx_word' id='word_1_713' title='bbox 2268 3569 2524 3641; x_wconf 65' lang='lat' dir='ltr'><strong>Egyptia</strong></span> <span class='ocrx_word' id='word_1_714' title='bbox 2554 3564 2814 3621; x_wconf 88' lang='lat' dir='ltr'><strong>servitute</strong></span> <span class='ocrx_word' id='word_1_715' title='bbox 2852 3563 2945 3617; x_wconf 84' lang='lat' dir='ltr'><strong>filii</strong></span> <span class='ocrx_word' id='word_1_716' title='bbox 2986 3560 3169 3626; x_wconf 86' lang='lat' dir='ltr'><strong>Israel,</strong></span> <span class='ocrx_word' id='word_1_717' title='bbox 3196 3568 3319 3631; x_wconf 92' lang='lat' dir='ltr'><strong>post</strong></span> <span class='ocrx_word' id='word_1_718' title='bbox 3338 3558 3773 3614; x_wconf 87' lang='lat' dir='ltr'><strong>immolationem</strong></span> 
     </span>
    </p>
   </div>
   <div class='ocr_carea' id='block_1_94' title="bbox 2178 3654 3773 3737">
    <p class='ocr_par' dir='ltr' id='par_1_94' title="bbox 2178 3654 3773 3737">
     <span class='ocr_line' id='line_1_94' title="bbox 2178 3654 3773 3737; baseline -0.008 -15"><span class='ocrx_word' id='word_1_719' title='bbox 2178 3666 2299 3737; x_wconf 85' lang='lat' dir='ltr'><strong>agni</strong></span> <span class='ocrx_word' id='word_1_720' title='bbox 2335 3662 2629 3734; x_wconf 77' lang='lat' dir='ltr'><strong>paschalis,</strong></span> <span class='ocrx_word' id='word_1_721' title='bbox 2660 3659 2910 3715; x_wconf 76' lang='lat' dir='ltr'><strong>exierunt</strong></span> <span class='ocrx_word' id='word_1_722' title='bbox 2948 3671 3044 3726; x_wconf 92' lang='lat' dir='ltr'><strong>per</strong></span> <span class='ocrx_word' id='word_1_723' title='bbox 3086 3656 3358 3710; x_wconf 88' lang='lat' dir='ltr'><strong>desertum</strong></span> <span class='ocrx_word' id='word_1_724' title='bbox 3412 3663 3473 3709; x_wconf 91' lang='lat' dir='ltr'><strong>ut</strong></span> <span class='ocrx_word' id='word_1_725' title='bbox 3517 3654 3773 3709; x_wconf 84' lang='lat' dir='ltr'><strong>venirent</strong></span> 
     </span>
    </p>
   </div>
   <div class='ocr_carea' id='block_1_95' title="bbox 2177 3746 3772 3824">
    <p class='ocr_par' dir='ltr' id='par_1_95' title="bbox 2177 3746 3772 3824">
     <span class='ocr_line' id='line_1_95' title="bbox 2177 3746 3772 3824; baseline -0.008 -9"><span class='ocrx_word' id='word_1_726' title='bbox 2177 3760 2246 3815; x_wconf 84' lang='lat' dir='ltr'><strong>ad</strong></span> <span class='ocrx_word' id='word_1_727' title='bbox 2270 3766 2475 3814; x_wconf 91' lang='lat' dir='ltr'><strong>terram</strong></span> <span class='ocrx_word' id='word_1_728' title='bbox 2525 3751 2981 3824; x_wconf 90' lang='lat' dir='ltr'><strong>repromissionis,</strong></span> <span class='ocrx_word' id='word_1_729' title='bbox 3005 3755 3474 3819; x_wconf 89' lang='lat' dir='ltr'><strong>perveneruntque</strong></span> <span class='ocrx_word' id='word_1_730' title='bbox 3501 3746 3568 3801; x_wconf 88' lang='lat' dir='ltr'><strong>ad</strong></span> <span class='ocrx_word' id='word_1_731' title='bbox 3614 3763 3772 3803; x_wconf 89' lang='lat' dir='ltr'><strong>mor-</strong></span> 
     </span>
    </p>
   </div>
   <div class='ocr_carea' id='block_1_96' title="bbox 2181 3838 3774 3911">
    <p class='ocr_par' dir='ltr' id='par_1_96' title="bbox 2181 3838 3774 3911">
     <span class='ocr_line' id='line_1_96' title="bbox 2181 3838 3774 3911; baseline -0.007 -8"><span class='ocrx_word' id='word_1_732' title='bbox 2181 3857 2286 3904; x_wconf 90' lang='lat' dir='ltr'><strong>tem</strong></span> <span class='ocrx_word' id='word_1_733' title='bbox 2329 3845 2513 3911; x_wconf 87' lang='lat' dir='ltr'><strong>Sinai;</strong></span> <span class='ocrx_word' id='word_1_734' title='bbox 2568 3851 2621 3898; x_wconf 91' lang='lat' dir='ltr'><strong>et</strong></span> <span class='ocrx_word' id='word_1_735' title='bbox 2664 3840 2993 3898; x_wconf 76' lang='lat' dir='ltr'><strong>descendens</strong></span> <span class='ocrx_word' id='word_1_736' title='bbox 3044 3838 3303 3895; x_wconf 91' lang='lat' dir='ltr'><strong>Dominus</strong></span> <span class='ocrx_word' id='word_1_737' title='bbox 3342 3838 3395 3892; x_wconf 92' lang='lat' dir='ltr'><strong>in</strong></span> <span class='ocrx_word' id='word_1_738' title='bbox 3443 3838 3567 3909; x_wconf 87' lang='lat' dir='ltr'><strong>igne</strong></span> <span class='ocrx_word' id='word_1_739' title='bbox 3602 3853 3774 3909; x_wconf 87' lang='lat' dir='ltr'><strong>super</strong></span> 
     </span>
    </p>
   </div>
   <div class='ocr_carea' id='block_1_97' title="bbox 2179 3926 3770 3999">
    <p class='ocr_par' dir='ltr' id='par_1_97' title="bbox 2179 3926 3770 3999">
     <span class='ocr_line' id='line_1_97' title="bbox 2179 3926 3770 3999; baseline -0.007 -6"><span class='ocrx_word' id='word_1_740' title='bbox 2179 3945 2439 3999; x_wconf 88' lang='lat' dir='ltr'><strong>montem,</strong></span> <span class='ocrx_word' id='word_1_741' title='bbox 2463 3934 2755 3991; x_wconf 88' lang='lat' dir='ltr'><strong>comitante</strong></span> <span class='ocrx_word' id='word_1_742' title='bbox 2781 3930 2962 3987; x_wconf 90' lang='lat' dir='ltr'><strong>sonitu</strong></span> <span class='ocrx_word' id='word_1_743' title='bbox 2991 3929 3251 3996; x_wconf 65' lang='lat' dir='ltr'><strong>buccinae,</strong></span> <span class='ocrx_word' id='word_1_744' title='bbox 3282 3928 3536 3983; x_wconf 91' lang='lat' dir='ltr'><strong>tonitruis</strong></span> <span class='ocrx_word' id='word_1_745' title='bbox 3559 3942 3626 3983; x_wconf 88' lang='lat' dir='ltr'><strong>ac</strong></span> <span class='ocrx_word' id='word_1_746' title='bbox 3654 3926 3770 3982; x_wconf 85' lang='lat' dir='ltr'><strong>ful-</strong></span> 
     </span>
    </p>
   </div>
   <div class='ocr_carea' id='block_1_98' title="bbox 2180 4017 3770 4099">
    <p class='ocr_par' dir='ltr' id='par_1_98' title="bbox 2180 4017 3770 4099">
     <span class='ocr_line' id='line_1_98' title="bbox 2180 4017 3770 4099; baseline -0.006 -16"><span class='ocrx_word' id='word_1_747' title='bbox 2180 4026 2419 4099; x_wconf 88' lang='lat' dir='ltr'><strong>guribus,</strong></span> <span class='ocrx_word' id='word_1_748' title='bbox 2463 4021 2910 4094; x_wconf 88' lang='lat' dir='ltr'><strong>quinquagesimo</strong></span> <span class='ocrx_word' id='word_1_749' title='bbox 2954 4018 3040 4073; x_wconf 90' lang='lat' dir='ltr'><strong>die</strong></span> <span class='ocrx_word' id='word_1_750' title='bbox 3086 4018 3291 4088; x_wconf 90' lang='lat' dir='ltr'><strong>peracti</strong></span> <span class='ocrx_word' id='word_1_751' title='bbox 3337 4017 3581 4083; x_wconf 70' lang='lat' dir='ltr'><strong>Paschaz,</strong></span> <span class='ocrx_word' id='word_1_752' title='bbox 3630 4017 3770 4090; x_wconf 85' lang='lat' dir='ltr'><strong>legis</strong></span> 
     </span>
    </p>
   </div>
   <div class='ocr_carea' id='block_1_99' title="bbox 2179 4108 3769 4186">
    <p class='ocr_par' dir='ltr' id='par_1_99' title="bbox 2179 4108 3769 4186">
     <span class='ocr_line' id='line_1_99' title="bbox 2179 4108 3769 4186; baseline -0.009 -13"><span class='ocrx_word' id='word_1_753' title='bbox 2179 4117 2493 4186; x_wconf 89' lang='lat' dir='ltr'><strong>decalogum</strong></span> <span class='ocrx_word' id='word_1_754' title='bbox 2522 4114 2602 4169; x_wconf 90' lang='lat' dir='ltr'><strong>eis</strong></span> <span class='ocrx_word' id='word_1_755' title='bbox 2649 4120 2834 4182; x_wconf 87' lang='lat' dir='ltr'><strong>aperta</strong></span> <span class='ocrx_word' id='word_1_756' title='bbox 2885 4124 3018 4165; x_wconf 89' lang='lat' dir='ltr'><strong>voce</strong></span> <span class='ocrx_word' id='word_1_757' title='bbox 3048 4108 3309 4179; x_wconf 89' lang='lat' dir='ltr'><strong>disposuit</strong></span> <span class='ocrx_word' id='word_1_758' title='bbox 3344 4108 3539 4180; x_wconf 74' lang='lat' dir='ltr'><strong>(Exod.</strong></span> <span class='ocrx_word' id='word_1_759' title='bbox 3588 4123 3655 4163; x_wconf 74' lang='lat' dir='ltr'><strong>xx</strong></span> <span class='ocrx_word' id='word_1_760' title='bbox 3687 4118 3707 4181; x_wconf 82' lang='lat'><strong><em>)</em></strong></span> <span class='ocrx_word' id='word_1_761' title='bbox 3749 4126 3769 4165; x_wconf 87' lang='lat'><strong>:</strong></span> 
     </span>
    </p>
   </div>
   <div class='ocr_carea' id='block_1_100' title="bbox 2180 4198 3776 4277">
    <p class='ocr_par' dir='ltr' id='par_1_100' title="bbox 2180 4198 3776 4277">
     <span class='ocr_line' id='line_1_100' title="bbox 2180 4198 3776 4277; baseline -0.006 -15"><span class='ocrx_word' id='word_1_762' title='bbox 2180 4214 2341 4277; x_wconf 87' lang='lat' dir='ltr'><strong>atque</strong></span> <span class='ocrx_word' id='word_1_763' title='bbox 2375 4205 2430 4260; x_wconf 90' lang='lat' dir='ltr'><strong>in</strong></span> <span class='ocrx_word' id='word_1_764' title='bbox 2459 4202 2776 4259; x_wconf 88' lang='lat' dir='ltr'><strong>memoriam</strong></span> <span class='ocrx_word' id='word_1_765' title='bbox 2821 4199 2961 4255; x_wconf 81' lang='lat' dir='ltr'><strong>data:</strong></span> <span class='ocrx_word' id='word_1_766' title='bbox 3005 4198 3139 4270; x_wconf 84' lang='lat' dir='ltr'><strong>legis</strong></span> <span class='ocrx_word' id='word_1_767' title='bbox 3181 4199 3370 4254; x_wconf 88' lang='lat' dir='ltr'><strong>statuit</strong></span> <span class='ocrx_word' id='word_1_768' title='bbox 3412 4213 3476 4255; x_wconf 89' lang='lat' dir='ltr'><strong>eo</strong></span> <span class='ocrx_word' id='word_1_769' title='bbox 3518 4198 3625 4263; x_wconf 91' lang='lat' dir='ltr'><strong>die,</strong></span> <span class='ocrx_word' id='word_1_770' title='bbox 3670 4214 3776 4269; x_wconf 87' lang='lat' dir='ltr'><strong>per</strong></span> 
     </span>
    </p>
   </div>
   <div class='ocr_carea' id='block_1_101' title="bbox 2181 4288 3773 4365">
    <p class='ocr_par' dir='ltr' id='par_1_101' title="bbox 2181 4288 3773 4365">
     <span class='ocr_line' id='line_1_101' title="bbox 2181 4288 3773 4365; baseline -0.006 -12"><span class='ocrx_word' id='word_1_771' title='bbox 2181 4312 2350 4353; x_wconf 90' lang='lat' dir='ltr'><strong>annos</strong></span> <span class='ocrx_word' id='word_1_772' title='bbox 2378 4294 2634 4365; x_wconf 85' lang='lat' dir='ltr'><strong>singulos,</strong></span> <span class='ocrx_word' id='word_1_773' title='bbox 2680 4292 2783 4347; x_wconf 88' lang='lat' dir='ltr'><strong>sibi</strong></span> <span class='ocrx_word' id='word_1_774' title='bbox 2830 4289 3157 4347; x_wconf 90' lang='lat' dir='ltr'><strong>sacrificium</strong></span> <span class='ocrx_word' id='word_1_775' title='bbox 3201 4304 3400 4344; x_wconf 92' lang='lat' dir='ltr'><strong>novum</strong></span> <span class='ocrx_word' id='word_1_776' title='bbox 3431 4290 3497 4345; x_wconf 90' lang='lat' dir='ltr'><strong>de</strong></span> <span class='ocrx_word' id='word_1_777' title='bbox 3524 4288 3773 4360; x_wconf 83' lang='lat' dir='ltr'><strong>frugibus</strong></span> 
     </span>
    </p>
   </div>
   <div class='ocr_carea' id='block_1_102' title="bbox 2186 4380 3772 4461">
    <p class='ocr_par' dir='ltr' id='par_1_102' title="bbox 2186 4380 3772 4461">
     <span class='ocr_line' id='line_1_102' title="bbox 2186 4380 3772 4461; baseline -0.007 -16"><span class='ocrx_word' id='word_1_778' title='bbox 2186 4387 2425 4461; x_wconf 79' lang='lat' dir='ltr'><strong>ejusdem</strong></span> <span class='ocrx_word' id='word_1_779' title='bbox 2448 4385 2594 4444; x_wconf 83' lang='lat' dir='ltr'><strong>anni.</strong></span> <span class='ocrx_word' id='word_1_780' title='bbox 2620 4398 2788 4454; x_wconf 92' lang='lat' dir='ltr'><strong>panes</strong></span> <span class='ocrx_word' id='word_1_781' title='bbox 2815 4382 3064 4437; x_wconf 89' lang='lat' dir='ltr'><strong>videlicet</strong></span> <span class='ocrx_word' id='word_1_782' title='bbox 3099 4381 3468 4451; x_wconf 82' lang='lat' dir='ltr'><strong>primitiarum</strong></span> <span class='ocrx_word' id='word_1_783' title='bbox 3500 4382 3654 4447; x_wconf 90' lang='lat' dir='ltr'><strong>duos,</strong></span> <span class='ocrx_word' id='word_1_784' title='bbox 3700 4380 3772 4435; x_wconf 88' lang='lat' dir='ltr'><strong>ad</strong></span> 
     </span>
    </p>
   </div>
   <div class='ocr_carea' id='block_1_103' title="bbox 2191 4472 3773 4545">
    <p class='ocr_par' dir='ltr' id='par_1_103' title="bbox 2191 4472 3773 4545">
     <span class='ocr_line' id='line_1_103' title="bbox 2191 4472 3773 4545; baseline -0.004 -10"><span class='ocrx_word' id='word_1_785' title='bbox 2191 4481 2360 4535; x_wconf 90' lang='lat' dir='ltr'><strong>altare</strong></span> <span class='ocrx_word' id='word_1_786' title='bbox 2389 4476 2607 4533; x_wconf 83' lang='lat' dir='ltr'><strong>deferri.</strong></span> <span class='ocrx_word' id='word_1_787' title='bbox 2654 4474 2745 4529; x_wconf 91' lang='lat' dir='ltr'><strong>Sic</strong></span> <span class='ocrx_word' id='word_1_788' title='bbox 2789 4488 3001 4545; x_wconf 90' lang='lat' dir='ltr'><strong>quoque</strong></span> <span class='ocrx_word' id='word_1_789' title='bbox 3035 4482 3156 4544; x_wconf 90' lang='lat' dir='ltr'><strong>post</strong></span> <span class='ocrx_word' id='word_1_790' title='bbox 3195 4472 3615 4528; x_wconf 90' lang='lat' dir='ltr'><strong>immolationem</strong></span> <span class='ocrx_word' id='word_1_791' title='bbox 3651 4474 3773 4529; x_wconf 88' lang='lat' dir='ltr'><strong>veri</strong></span> 
     </span>
    </p>
   </div>
   <div class='ocr_carea' id='block_1_104' title="bbox 2190 4562 3772 4643">
    <p class='ocr_par' dir='ltr' id='par_1_104' title="bbox 2190 4562 3772 4643">
     <span class='ocr_line' id='line_1_104' title="bbox 2190 4562 3772 4643; baseline -0.006 -16"><span class='ocrx_word' id='word_1_792' title='bbox 2190 4573 2349 4643; x_wconf 86' lang='lat' dir='ltr'><strong>Agni,</strong></span> <span class='ocrx_word' id='word_1_793' title='bbox 2375 4572 2479 4625; x_wconf 90' lang='lat' dir='ltr'><strong>hoc</strong></span> <span class='ocrx_word' id='word_1_794' title='bbox 2501 4576 2583 4624; x_wconf 90' lang='lat' dir='ltr'><strong>est</strong></span> <span class='ocrx_word' id='word_1_795' title='bbox 2603 4566 2825 4631; x_wconf 88' lang='lat' dir='ltr'><strong>Christi,</strong></span> <span class='ocrx_word' id='word_1_796' title='bbox 2851 4565 2974 4635; x_wconf 89' lang='lat' dir='ltr'><strong>quia</strong></span> <span class='ocrx_word' id='word_1_797' title='bbox 2998 4564 3193 4634; x_wconf 79' lang='lat' dir='ltr'><strong>pascha</strong></span> <span class='ocrx_word' id='word_1_798' title='bbox 3210 4573 3445 4618; x_wconf 82' lang='lat' dir='ltr'><strong>nostrum</strong></span> <span class='ocrx_word' id='word_1_799' title='bbox 3466 4562 3772 4617; x_wconf 76' lang='lat' dir='ltr'><strong>immolatus</strong></span> 
     </span>
    </p>
   </div>
   <div class='ocr_carea' id='block_1_105' title="bbox 2192 4652 3775 4727">
    <p class='ocr_par' dir='ltr' id='par_1_105' title="bbox 2192 4652 3775 4727">
     <span class='ocr_line' id='line_1_105' title="bbox 2192 4652 3775 4727; baseline -0.005 -10"><span class='ocrx_word' id='word_1_800' title='bbox 2192 4673 2261 4717; x_wconf 84' lang='lat' dir='ltr'><strong>est</strong></span> <span class='ocrx_word' id='word_1_801' title='bbox 2282 4660 2515 4716; x_wconf 83' lang='lat' dir='ltr'><strong>Christus</strong></span> <span class='ocrx_word' id='word_1_802' title='bbox 2546 4657 2598 4727; x_wconf 88' lang='grc'><strong>(1</strong></span> <span class='ocrx_word' id='word_1_803' title='bbox 2622 4656 2745 4711; x_wconf 87' lang='lat' dir='ltr'><strong>Cor.</strong></span> <span class='ocrx_word' id='word_1_804' title='bbox 2770 4656 2847 4727; x_wconf 88' lang='lat' dir='ltr'><strong>v),</strong></span> <span class='ocrx_word' id='word_1_805' title='bbox 2876 4654 3319 4725; x_wconf 89' lang='lat' dir='ltr'><strong>quinquagesimo</strong></span> <span class='ocrx_word' id='word_1_806' title='bbox 3343 4668 3495 4723; x_wconf 71' lang='lat' dir='ltr'><strong>{£3un</strong></span> <span class='ocrx_word' id='word_1_807' title='bbox 3525 4652 3632 4717; x_wconf 87' lang='lat' dir='ltr'><strong>die,</strong></span> <span class='ocrx_word' id='word_1_808' title='bbox 3664 4652 3775 4709; x_wconf 85' lang='lat' dir='ltr'><strong>hoc</strong></span> 
     </span>
    </p>
   </div>
   <div class='ocr_carea' id='block_1_106' title="bbox 2189 4742 3771 4817">
    <p class='ocr_par' dir='ltr' id='par_1_106' title="bbox 2189 4742 3771 4817">
     <span class='ocr_line' id='line_1_106' title="bbox 2189 4742 3771 4817; baseline -0.006 -9"><span class='ocrx_word' id='word_1_809' title='bbox 2189 4762 2270 4809; x_wconf 90' lang='lat' dir='ltr'><strong>est</strong></span> <span class='ocrx_word' id='word_1_810' title='bbox 2292 4751 2468 4815; x_wconf 78' lang='lat' dir='ltr'><strong>hodie,</strong></span> <span class='ocrx_word' id='word_1_811' title='bbox 2497 4750 2621 4805; x_wconf 88' lang='lat' dir='ltr'><strong>data</strong></span> <span class='ocrx_word' id='word_1_812' title='bbox 2650 4756 2733 4803; x_wconf 89' lang='lat' dir='ltr'><strong>est</strong></span> <span class='ocrx_word' id='word_1_813' title='bbox 2758 4746 2929 4817; x_wconf 86' lang='lat' dir='ltr'><strong>gratia</strong></span> <span class='ocrx_word' id='word_1_814' title='bbox 2984 4743 3216 4815; x_wconf 90' lang='lat' dir='ltr'><strong>Spiritus</strong></span> <span class='ocrx_word' id='word_1_815' title='bbox 3255 4744 3427 4799; x_wconf 91' lang='lat' dir='ltr'><strong>sancti</strong></span> <span class='ocrx_word' id='word_1_816' title='bbox 3465 4742 3771 4813; x_wconf 73' lang='lat' dir='ltr'><strong>discipulis,</strong></span> 
     </span>
    </p>
   </div>
   <div class='ocr_carea' id='block_1_107' title="bbox 2191 4834 3775 4902">
    <p class='ocr_par' dir='ltr' id='par_1_107' title="bbox 2191 4834 3775 4902">
     <span class='ocr_line' id='line_1_107' title="bbox 2191 4834 3775 4902; baseline -0.005 -4"><span class='ocrx_word' id='word_1_817' title='bbox 2191 4844 2243 4898; x_wconf 85' lang='lat' dir='ltr'><strong>ir</strong></span> <span class='ocrx_word' id='word_1_818' title='bbox 2266 4840 2547 4898; x_wconf 67' lang='lat' dir='ltr'><strong>caenaculo</strong></span> <span class='ocrx_word' id='word_1_819' title='bbox 2575 4837 2901 4902; x_wconf 89' lang='lat' dir='ltr'><strong>constitutis,</strong></span> <span class='ocrx_word' id='word_1_820' title='bbox 2935 4837 3037 4891; x_wconf 92' lang='lat' dir='ltr'><strong>hoc</strong></span> <span class='ocrx_word' id='word_1_821' title='bbox 3062 4845 3144 4891; x_wconf 91' lang='lat' dir='ltr'><strong>est</strong></span> <span class='ocrx_word' id='word_1_822' title='bbox 3171 4836 3223 4889; x_wconf 92' lang='lat' dir='ltr'><strong>in</strong></span> <span class='ocrx_word' id='word_1_823' title='bbox 3255 4835 3582 4890; x_wconf 85' lang='lat' dir='ltr'><strong>sublimitate</strong></span> <span class='ocrx_word' id='word_1_824' title='bbox 3605 4834 3775 4891; x_wconf 69' lang='lat' dir='ltr'><strong>unle-</strong></span> 
     </span>
    </p>
   </div>
   <div class='ocr_carea' id='block_1_108' title="bbox 2192 4923 3776 4999">
    <p class='ocr_par' dir='ltr' id='par_1_108' title="bbox 2192 4923 3776 4999">
     <span class='ocr_line' id='line_1_108' title="bbox 2192 4923 3776 4999; baseline -0.006 -12"><span class='ocrx_word' id='word_1_825' title='bbox 2192 4933 2352 4988; x_wconf 86' lang='lat' dir='ltr'><strong>stium</strong></span> <span class='ocrx_word' id='word_1_826' title='bbox 2379 4936 2769 4999; x_wconf 68' lang='lat' dir='ltr'><strong>prmceptorum</strong></span> <span class='ocrx_word' id='word_1_827' title='bbox 2801 4944 2814 4980; x_wconf 90' lang='lat'><strong>:</strong></span> <span class='ocrx_word' id='word_1_828' title='bbox 2856 4926 2978 4995; x_wconf 89' lang='lat' dir='ltr'><strong>quia</strong></span> <span class='ocrx_word' id='word_1_829' title='bbox 3011 4934 3301 4995; x_wconf 88' lang='lat' dir='ltr'><strong>apparente</strong></span> <span class='ocrx_word' id='word_1_830' title='bbox 3328 4923 3463 4979; x_wconf 89' lang='lat' dir='ltr'><strong>foris</strong></span> <span class='ocrx_word' id='word_1_831' title='bbox 3488 4924 3609 4994; x_wconf 87' lang='lat' dir='ltr'><strong>igne</strong></span> <span class='ocrx_word' id='word_1_832' title='bbox 3641 4924 3776 4978; x_wconf 82' lang='lat' dir='ltr'><strong>visi-</strong></span> 
     </span>
    </p>
   </div>
   <div class='ocr_carea' id='block_1_109' title="bbox 2192 5015 3775 5089">
    <p class='ocr_par' dir='ltr' id='par_1_109' title="bbox 2192 5015 3775 5089">
     <span class='ocr_line' id='line_1_109' title="bbox 2192 5015 3775 5089; baseline -0.005 -11"><span class='ocrx_word' id='word_1_833' title='bbox 2192 5024 2308 5088; x_wconf 87' lang='lat' dir='ltr'><strong>bili,</strong></span> <span class='ocrx_word' id='word_1_834' title='bbox 2337 5020 2676 5076; x_wconf 87' lang='lat' dir='ltr'><strong>invisibiliter</strong></span> <span class='ocrx_word' id='word_1_835' title='bbox 2709 5033 2901 5076; x_wconf 86' lang='lat' dir='ltr'><strong>eorum</strong></span> <span class='ocrx_word' id='word_1_836' title='bbox 2924 5026 3141 5089; x_wconf 89' lang='lat' dir='ltr'><strong>pectora</strong></span> <span class='ocrx_word' id='word_1_837' title='bbox 3184 5016 3303 5071; x_wconf 90' lang='lat' dir='ltr'><strong>luce</strong></span> <span class='ocrx_word' id='word_1_838' title='bbox 3348 5016 3585 5071; x_wconf 74' lang='lat' dir='ltr'><strong>scientia:</strong></span> <span class='ocrx_word' id='word_1_839' title='bbox 3632 5015 3775 5070; x_wconf 79' lang='lat' dir='ltr'><strong>irra-</strong></span> 
     </span>
    </p>
   </div>
   <div class='ocr_carea' id='block_1_110' title="bbox 2194 5107 3769 5180">
    <p class='ocr_par' dir='ltr' id='par_1_110' title="bbox 2194 5107 3769 5180">
     <span class='ocr_line' id='line_1_110' title="bbox 2194 5107 3769 5180; baseline -0.004 -12"><span class='ocrx_word' id='word_1_840' title='bbox 2194 5114 2378 5176; x_wconf 83' lang='lat' dir='ltr'><strong>diavit,</strong></span> <span class='ocrx_word' id='word_1_841' title='bbox 2408 5120 2461 5165; x_wconf 90' lang='lat' dir='ltr'><strong>et</strong></span> <span class='ocrx_word' id='word_1_842' title='bbox 2483 5108 2902 5180; x_wconf 78' lang='lat' dir='ltr'><strong>inexstinguihili</strong></span> <span class='ocrx_word' id='word_1_843' title='bbox 2923 5109 3204 5166; x_wconf 86' lang='lat' dir='ltr'><strong>charitatis</strong></span> <span class='ocrx_word' id='word_1_844' title='bbox 3225 5109 3417 5163; x_wconf 88' lang='lat' dir='ltr'><strong>ardore</strong></span> <span class='ocrx_word' id='word_1_845' title='bbox 3449 5107 3769 5163; x_wconf 87' lang='lat' dir='ltr'><strong>succendit:</strong></span> 
     </span>
    </p>
   </div>
   <div class='ocr_carea' id='block_1_111' title="bbox 2194 5196 3772 5274">
    <p class='ocr_par' dir='ltr' id='par_1_111' title="bbox 2194 5196 3772 5274">
     <span class='ocr_line' id='line_1_111' title="bbox 2194 5196 3772 5274; baseline -0.006 -13"><span class='ocrx_word' id='word_1_846' title='bbox 2194 5218 2497 5274; x_wconf 86' lang='lat' dir='ltr'><strong>novumque</strong></span> <span class='ocrx_word' id='word_1_847' title='bbox 2542 5204 2723 5259; x_wconf 90' lang='lat' dir='ltr'><strong>statim</strong></span> <span class='ocrx_word' id='word_1_848' title='bbox 2768 5200 3092 5256; x_wconf 83' lang='lat' dir='ltr'><strong>sacrificium</strong></span> <span class='ocrx_word' id='word_1_849' title='bbox 3122 5198 3221 5268; x_wconf 87' lang='lat' dir='ltr'><strong>ipsi</strong></span> <span class='ocrx_word' id='word_1_850' title='bbox 3260 5212 3472 5268; x_wconf 84' lang='lat' dir='ltr'><strong>quoque</strong></span> <span class='ocrx_word' id='word_1_851' title='bbox 3516 5196 3772 5267; x_wconf 88' lang='lat' dir='ltr'><strong>apostoli,</strong></span> 
     </span>
    </p>
   </div>
   <div class='ocr_carea' id='block_1_112' title="bbox 2195 5287 3775 5363">
    <p class='ocr_par' dir='ltr' id='par_1_112' title="bbox 2195 5287 3775 5363">
     <span class='ocr_line' id='line_1_112' title="bbox 2195 5287 3775 5363; baseline -0.006 -13"><span class='ocrx_word' id='word_1_852' title='bbox 2195 5313 2314 5350; x_wconf 76' lang='lat' dir='ltr'><strong>mox</strong></span> <span class='ocrx_word' id='word_1_853' title='bbox 2364 5305 2588 5363; x_wconf 88' lang='lat' dir='ltr'><strong>accepto</strong></span> <span class='ocrx_word' id='word_1_854' title='bbox 2631 5296 2770 5349; x_wconf 91' lang='lat' dir='ltr'><strong>dono</strong></span> <span class='ocrx_word' id='word_1_855' title='bbox 2803 5292 3037 5362; x_wconf 82' lang='lat' dir='ltr'><strong>Spiritus</strong></span> <span class='ocrx_word' id='word_1_856' title='bbox 3064 5290 3259 5354; x_wconf 89' lang='lat' dir='ltr'><strong>sancti,</strong></span> <span class='ocrx_word' id='word_1_857' title='bbox 3293 5289 3346 5342; x_wconf 92' lang='lat' dir='ltr'><strong>in</strong></span> <span class='ocrx_word' id='word_1_858' title='bbox 3376 5289 3583 5343; x_wconf 88' lang='lat' dir='ltr'><strong>duobus</strong></span> <span class='ocrx_word' id='word_1_859' title='bbox 3611 5287 3775 5342; x_wconf 86' lang='lat' dir='ltr'><strong>obtu-</strong></span> 
     </span>
    </p>
   </div>
   <div class='ocr_carea' id='block_1_113' title="bbox 2190 5381 3774 5457">
    <p class='ocr_par' dir='ltr' id='par_1_113' title="bbox 2190 5381 3774 5457">
     <span class='ocr_line' id='line_1_113' title="bbox 2190 5381 3774 5457; baseline -0.006 -16"><span class='ocrx_word' id='word_1_860' title='bbox 2190 5388 2367 5442; x_wconf 72' lang='lat' dir='ltr'><strong>leruut</strong></span> <span class='ocrx_word' id='word_1_861' title='bbox 2398 5387 2645 5457; x_wconf 84' lang='lat' dir='ltr'><strong>panibus,</strong></span> <span class='ocrx_word' id='word_1_862' title='bbox 2676 5385 2777 5439; x_wconf 89' lang='lat' dir='ltr'><strong>hoc</strong></span> <span class='ocrx_word' id='word_1_863' title='bbox 2802 5392 2884 5438; x_wconf 89' lang='lat' dir='ltr'><strong>est</strong></span> <span class='ocrx_word' id='word_1_864' title='bbox 2923 5382 3131 5437; x_wconf 90' lang='lat' dir='ltr'><strong>duobus</strong></span> <span class='ocrx_word' id='word_1_865' title='bbox 3174 5381 3399 5451; x_wconf 87' lang='lat' dir='ltr'><strong>populis,</strong></span> <span class='ocrx_word' id='word_1_866' title='bbox 3445 5394 3565 5434; x_wconf 91' lang='lat' dir='ltr'><strong>cum</strong></span> <span class='ocrx_word' id='word_1_867' title='bbox 3602 5392 3774 5432; x_wconf 78' lang='lat' dir='ltr'><strong>evan-</strong></span> 
     </span>
    </p>
   </div>
   <div class='ocr_carea' id='block_1_114' title="bbox 2190 5470 3772 5549">
    <p class='ocr_par' dir='ltr' id='par_1_114' title="bbox 2190 5470 3772 5549">
     <span class='ocr_line' id='line_1_114' title="bbox 2190 5470 3772 5549; baseline -0.006 -17"><span class='ocrx_word' id='word_1_868' title='bbox 2190 5480 2479 5549; x_wconf 82' lang='lat' dir='ltr'><strong>gelizautes</strong></span> <span class='ocrx_word' id='word_1_869' title='bbox 2504 5476 2589 5531; x_wconf 88' lang='lat' dir='ltr'><strong>his</strong></span> <span class='ocrx_word' id='word_1_870' title='bbox 2641 5475 2732 5545; x_wconf 89' lang='lat' dir='ltr'><strong>qui</strong></span> <span class='ocrx_word' id='word_1_871' title='bbox 2781 5480 3163 5534; x_wconf 88' lang='lat' dir='ltr'><strong>convenerant,</strong></span> <span class='ocrx_word' id='word_1_872' title='bbox 3191 5470 3452 5540; x_wconf 86' lang='lat' dir='ltr'><strong>plurimos</strong></span> <span class='ocrx_word' id='word_1_873' title='bbox 3479 5478 3772 5524; x_wconf 81' lang='lat' dir='ltr'><strong>converte-</strong></span> 
     </span>
    </p>
   </div>
   <div class='ocr_carea' id='block_1_115' title="bbox 2194 5558 3772 5630">
    <p class='ocr_par' dir='ltr' id='par_1_115' title="bbox 2194 5558 3772 5630">
     <span class='ocr_line' id='line_1_115' title="bbox 2194 5558 3772 5630; baseline -0.006 -8"><span class='ocrx_word' id='word_1_874' title='bbox 2194 5567 2407 5622; x_wconf 85' lang='lat' dir='ltr'><strong>ruutad</strong></span> <span class='ocrx_word' id='word_1_875' title='bbox 2443 5566 2625 5629; x_wconf 81' lang='lat' dir='ltr'><strong>fidem,</strong></span> <span class='ocrx_word' id='word_1_876' title='bbox 2662 5573 2715 5619; x_wconf 85' lang='lat' dir='ltr'><strong>et</strong></span> <span class='ocrx_word' id='word_1_877' title='bbox 2748 5565 2846 5618; x_wconf 90' lang='lat' dir='ltr'><strong>hos</strong></span> <span class='ocrx_word' id='word_1_878' title='bbox 2873 5564 2936 5617; x_wconf 89' lang='lat' dir='ltr'><strong>de</strong></span> <span class='ocrx_word' id='word_1_879' title='bbox 2973 5561 3119 5615; x_wconf 87' lang='lat' dir='ltr'><strong>fonte</strong></span> <span class='ocrx_word' id='word_1_880' title='bbox 3161 5558 3500 5630; x_wconf 87' lang='lat' dir='ltr'><strong>baptismatis</strong></span> <span class='ocrx_word' id='word_1_881' title='bbox 3550 5565 3772 5612; x_wconf 84' lang='lat' dir='ltr'><strong>renatos</strong></span> 
     </span>
    </p>
   </div>
   <div class='ocr_carea' id='block_1_116' title="bbox 2192 5646 3772 5725">
    <p class='ocr_par' dir='ltr' id='par_1_116' title="bbox 2192 5646 3772 5725">
     <span class='ocr_line' id='line_1_116' title="bbox 2192 5646 3772 5725; baseline -0.004 -14"><span class='ocrx_word' id='word_1_882' title='bbox 2192 5675 2253 5713; x_wconf 88' lang='lat' dir='ltr'><strong>ac</strong></span> <span class='ocrx_word' id='word_1_883' title='bbox 2301 5657 2531 5719; x_wconf 85' lang='lat' dir='ltr'><strong>Spiritus</strong></span> <span class='ocrx_word' id='word_1_884' title='bbox 2582 5655 2749 5725; x_wconf 82' lang='lat' dir='ltr'><strong>gratia</strong></span> <span class='ocrx_word' id='word_1_885' title='bbox 2799 5652 3183 5719; x_wconf 79' lang='lat' dir='ltr'><strong>sanctificatos,</strong></span> <span class='ocrx_word' id='word_1_886' title='bbox 3214 5652 3362 5705; x_wconf 86' lang='lat' dir='ltr'><strong>vivas</strong></span> <span class='ocrx_word' id='word_1_887' title='bbox 3405 5650 3587 5718; x_wconf 87' lang='lat' dir='ltr'><strong>utique</strong></span> <span class='ocrx_word' id='word_1_888' title='bbox 3633 5646 3772 5705; x_wconf 84' lang='lat' dir='ltr'><strong>Novi</strong></span> 
     </span>
    </p>
   </div>
  </div>
