3922 6370
172 352 230 403 £5
1018 334 1324 396 llOMthE
1367 336 1452 391 Dii
1494 332 1731 391 FES'liS
1769 327 2176 396 PRECIPUIS,
2219 328 2368 385 ETC.
3327 318 3395 372 Mi

178 466 464 519 Testamentt
514 458 806 529 primitias,
842 457 909 512 ad
955 456 1387 512 cornumnionem
1447 448 1708 506 Dominici
1737 457 1785 512 Α
1813 461 1931 499 cum
1949 443 2242 497 libamentis
2280 442 2390 494 suis
2436 442 2487 492 in
2518 440 2725 493 odorem
2755 440 3117 529 suauissimam
3146 435 3386 529 Domino,

176 552 336 611 altaris
374 550 700 606 obtulerunt.
749 548 857 603 Nos
882 563 1030 618 ergo,
1068 546 1284 609 fratres,
1322 544 1434 599 haec
1460 540 1708 596 conside—

180 652 349 703 rantes,
380 648 538 708 atque
560 654 693 709 pura
710 647 890 693 mente
923 651 988 691 ac
1015 634 1243 705 simplici
1271 632 1374 688 ﬁde
1396 638 1709 692 tractantes,

174 731 456 790 mandemus
499 742 601 783 nos
644 728 712 783 ab
757 726 902 782 omni
946 724 1350 795 inquinamento
1401 720 1600 785 carnis,
1656 726 1715 772 ut

177 821 401 893 Spiritum
430 826 676 873 sanetum
702 815 999 887 promereri
1042 822 1098 869 et
1136 812 1382 882 accipere
1428 808 1711 880 possimus.

176 913 224 967 Si
265 924 379 981 ergo
421 908 565 962 hunc
618 907 873 962 niundum
923 903 1311 973 relinquamus,
1340 914 1439 955 nos
1482 896 1714 953 similem

176 1002 469 1073 paracletum
494 998 635 1054 sicut
671 996 918 1067 apostoli,
965 995 1021 1049 id
1048 1000 1133 1049 est
1161 990 1426 1062 Spiritum
1450 987 1715 1053 veritatis,

173 1106 311 1161 quem
333 1089 500 1143 mittet
539 1088 695 1143 nobis
726 1087 910 1151 Pater,
943 1081 1291 1151 accipiemus,
1324 1077 1577 1149 quoniam
1610 1090 1716 1130 non

173 1190 242 1237 est
265 1193 603 1250 personarum
642 1176 881 1245 acceptio
933 1173 1076 1244 apud
1123 1172 1293 1226 Deum
1336 1167 1574 1232 Patrem,
1627 1165 1721 1221 sed

171 1271 407 1342 promissa
434 1268 798 1339 apostolorum
847 1266 1003 1320 nobis
1038 1263 1345 1335 proﬁciunt,
1392 1259 1438 1314 si
1477 1271 1640 1328 opera
1666 1264 1722 1310 et

174 1360 409 1415 desideria
435 1367 489 1413 et
528 1365 679 1413 actus
724 1357 983 1427 gerimus,
1015 1354 1158 1425 quod
1205 1350 1431 1423 apostoli
1458 1349 1718 1404 fecerunt.

171 1449 221 1505 Si
239 1464 349 1503 vero
368 1448 537 1518 legem
568 1448 779 1503 Domini
801 1445 1220 1509 immaculatam,
1244 1450 1297 1497 et
1322 1447 1722 1497 convertentem

170 1539 375 1603 animas,
428 1535 697 1607 implendo
748 1538 998 1590 mandata
1028 1533 1165 1604 ejus,
1202 1531 1565 1605 perﬁciamus,
1600 1543 1725 1583 nos-

169 1629 401 1699 metipsos
454 1628 693 1682 haeredes
742 1628 953 1682 Domini
992 1635 1048 1681 et
1075 1623 1384 1681 cohaeredes
1425 1621 1626 1678 Christi
1657 1621 1726 1675 ad

168 1718 511 1774 hazredilatem
579 1718 961 1787 sempiternam
1024 1725 1077 1771 et
1125 1716 1192 1771 ad
1248 1713 1722 1770 commorationem

1814 543 1920 587 etc.
1968 530 2177 602 (Ibid).
2221 530 2349 596 Qum
2399 529 2581 583 omnia
2631 540 2845 596 quoque
2874 524 3190 593 spiritaliter
3238 524 3398 578 modo

1816 623 2103 677 observare
2156 625 2212 674 et
2264 618 2443 673 facere
2489 617 2745 671 debemus
2798 615 2853 669 in
2903 622 3088 668 sancta
3134 611 3399 675 Ecclesia,

1816 709 2143 781 manipulum
2166 709 2523 779 primitiarum
2554 707 2744 761 messis
2765 714 2961 761 nostra:
2974 704 3041 758 ad
3062 704 3399 758 sacerdotem

1817 807 2061 855 nostrum
2091 796 2386 862 oderimus,
2419 810 2540 850 cum
2580 793 2742 848 ﬁdem
2792 792 3084 847 Dominicae
3127 788 3399 860 passionis

1818 904 1882 943 ac
1906 886 2337 951 resurrectionis,
2360 885 2453 954 qui
2497 883 2793 939 resurrexit
2832 882 3082 952 primitiae
3127 879 3399 935 dormieno

1820 981 1975 1044 tium,
2006 979 2123 1049 ipso
2176 976 2445 1033 sacerdoti
2487 991 2703 1031 summo
2754 974 3062 1038 oderimus;
3096 988 3264 1044 quam
3310 970 3403 1026 ille

1819 1071 2051 1128 elevabit
2092 1080 2151 1125 ut
2184 1069 2532 1140 acceptabilis
2559 1068 2633 1123 sit
2675 1082 2858 1122 coram
2906 1066 3150 1129 Domino,
3184 1063 3310 1132 quia
3340 1070 3401 1116 ut

1820 1161 2054 1218 Joannes
2078 1161 2154 1215 ait
2179 1178 2193 1215 :
2215 1160 2538 1215 Advocatum
2579 1157 2827 1211 habemus
2848 1154 2989 1226 apud
3035 1153 3272 1217 Patrem,
3307 1151 3402 1205 Ιε-

1820 1270 1935 1309 sum
1965 1251 2228 1307 Christum
2259 1252 2489 1322 justum,
2533 1253 2624 1320 qui
2670 1258 2885 1320 apparet
2915 1262 3051 1301 nunc
3094 1244 3259 1300 vultui
3313 1244 3407 1298 Dei

1820 1360 1916 1413 pro
1958 1343 2123 1405 nobis,
2172 1351 2220 1395 et
2248 1342 2358 1411 ipse
2386 1341 2445 1409 ﬁt
2472 1338 2772 1410 propitiatio
2806 1353 2900 1408 pro
2937 1336 3162 1407 peccatis
3216 1335 3408 1388 nostris

1823 1434 1876 1505 (Ι
1906 1434 2065 1489 Joan.
2098 1432 2182 1505 ιι).
2216 1431 2555 1489 Sacriﬁcium
2599 1444 2801 1484 novem
2852 1428 3081 1483 Domino
3125 1423 3405 1481 offerimus

1823 1542 1892 1582 ex
1939 1526 2190 1582 omnibus
2235 1521 2559 1579 habitaculis
2608 1520 2831 1586 nostris,
2877 1535 3001 1574 cum
3038 1517 3410 1588 unusquisque

1825 1628 2069 1676 nostrum
2116 1618 2335 1690 propria
2385 1616 2683 1680 voluntate,
2735 1616 3029 1672 secundum
3096 1612 3408 1684 evangelica

1828 1712 2083 1765 mandata
2135 1708 2269 1763 Novi
2293 1707 2647 1773 Testamenti,
2676 1706 3145 1764 mortiﬁcationem
3168 1704 3412 1776 corporis

167 1812 452 1884 angelorum
496 1827 619 1866 cum
663 1812 839 1882 gratia
870 1810 1068 1866 Christi
1117 1807 1523 1864 committimus.
1564 1804 1716 1860 Unde
1747 1800 1791 1860 Β
1818 1800 1901 1854 sui
1928 1799 2085 1856 olTert
2114 1800 2240 1856 Deo.
2274 1797 2441 1855 Vetus
2465 1798 2608 1855 enim
2636 1797 2724 1853 lex
2766 1796 3006 1867 praecipit
3040 1814 3055 1851 :
3099 1794 3326 1851 Crescite
3362 1804 3412 1851 et

165 1902 369 1965 obsecro
397 1916 512 1966 vos,
559 1898 754 1954 fratres
785 1897 1114 1963 charissimi,
1142 1904 1201 1953 ut
1228 1895 1333 1950 ﬁde
1374 1895 1580 1964 integra
1622 1892 1725 1946 Pa-

168 1999 307 2050 trem,
344 1999 396 2044 et
435 1990 654 2055 Filium,
681 1999 735 2044 et
777 1989 1035 2058 Spiritum
1065 1996 1331 2049 sanctum,
1364 1998 1528 2037 unum
1556 1982 1725 2037 Deum

166 2083 213 2136 ia
241 2083 519 2147 Triaitate,
554 2092 607 2138 et
647 2082 965 2136 Trinitatem
1013 2080 1066 2134 in
1105 2079 1333 2138 unitate.
1363 2076 1615 2138 credatis,
1659 2088 1728 2128 ne

166 2173 311 2241 pedes
332 2182 631 2227 vestrorum
658 2187 913 2227 sensuum
944 2170 1269 2235 claudicent,
1306 2176 1399 2222 aut
1420 2166 1559 2222 oculi
1596 2180 1724 2235 pra-

163 2275 276 2313 vum
310 2261 549 2326 videant,
581 2268 675 2314 aut
722 2276 914 2315 manus
957 2260 1122 2314 arida.-
1168 2257 1318 2311 ﬁant.
1354 2255 1543 2312 Omnis
1583 2254 1728 2309 enim

163 2350 246 2417 qui
271 2348 422 2403 ﬁdem
453 2348 775 2404 catholicam
824 2362 928 2402 non
973 2348 1109 2401 bene
1148 2344 1413 2415 sequitur,
1442 2343 1606 2412 pedes
1631 2340 1729 2394 de-

164 2437 288 2492 biles
337 2439 521 2504 habet,
572 2453 826 2493 manuum
884 2437 1135 2491 ariditate
1192 2435 1443 2490 siccatur.
1493 2431 1550 2487 ω
1601 2445 1731 2501 ergo

163 2528 313 2595 agite,
334 2529 690 2595 dilectissimi,
714 2529 766 2584 id
790 2528 1081 2593 elaborate,
1121 2542 1189 2581 ne
1233 2525 1411 2595 aliqua
1460 2523 1731 2578 membro-

165 2632 273 2670 rum
312 2627 616 2673 vestrorum
636 2620 811 2688 portio
831 2619 932 2673 hac
965 2617 1239 2673 debilitate
1269 2615 1517 2679 vitietur;
1547 2628 1614 2669 ne
1640 2621 1734 2667 aut

162 2707 276 2776 gula
319 2707 373 2762 in
427 2709 582 2764 vobis
616 2709 855 2771 horreat,
898 2716 991 2763 aut
1034 2706 1259 2761 avaritia
1287 2705 1590 2775 displiceat,
1640 2711 1733 2756 aut

161 2794 443 2852 inlidclitas
480 2798 754 2869 langueat,
786 2805 846 2851 ut
888 2795 1161 2851 cmundati
1198 2793 1410 2864 penitus
1440 2807 1505 2848 ac
1546 2790 1732 2863 puriﬁ-

162 2886 281 2949 cati,
309 2888 677 2943 habitaculum
707 2887 800 2942 Dei
828 2886 1156 2951 elliciamini,
1183 2894 1237 2957 et
1261 2884 1494 2954 Spiritus
1517 2890 1735 2937 sanctus

160 2974 245 3043 qui
275 2976 623 3031 descendisse
648 2976 807 3029 hodie
850 2976 902 3029 in
935 2975 1207 3044 apostolos
1239 2974 1451 3045 legitur,
1501 2973 1555 3026 in
1583 2972 1735 3026 vobis

160 3078 272 3117 esse
292 3080 507 3135 semper
524 3066 799 3135 dignetur,
831 3073 1119 3134 praestante
1147 3063 1375 3118 Domino
1400 3070 1586 3117 nostro
1607 3058 1732 3115 Jesn

1824 1891 2266 1963 multiplicamini,
2297 1901 2344 1945 et
2373 1890 2562 1961 replete
2589 1900 2785 1943 terram
2816 1886 2967 1960 (Gen.
2996 1904 3014 1944 ι
3041 1888 3092 1959 );
3142 1896 3197 1943 et
3240 1888 3368 1943 item
3395 1904 3409 1941 :

1827 1982 1886 2038 Si
1913 1984 2175 2038 volueritis
2204 1992 2251 2036 et
2274 1982 2549 2036 audieritis
2594 1998 2693 2046 mc,
2720 1981 2855 2035 bona
2903 1988 3056 2034 terra:
3105 1978 3410 2042 comedetis,

1827 2077 1901 2129 ait
1925 2074 2180 2129 Dominus
2202 2074 2342 2127 Deus
2375 2072 2507 2144 (lsa.
2546 2072 2617 2144 1);
2647 2071 2853 2128 Novum
2884 2078 3064 2125 autem
3096 2068 3415 2123 Testamen-

1830 2175 1941 2221 tum
1981 2167 2053 2220 ita
2085 2164 2326 2235 prtecipit
2369 2182 2382 2218 :
2434 2162 2743 2219 Contendite
2770 2180 2862 2233 per
2909 2172 3186 2232 angustam
3211 2171 3418 2232 portam

1829 2256 2026 2309 intrare
2052 2253 2200 2326 (Luc.
2237 2253 2389 2323 xm);
2415 2253 2504 2323 qui
2531 2252 2660 2318 vult,
2688 2252 2864 2322 inquit
2885 2251 3164 2317 Dominus,
3187 2252 3309 2321 post
3336 2264 3421 2304 ms

1829 2345 2021 2409 venire,
2060 2350 2273 2416 abreget
2304 2345 2632 2415 semetipsum
2661 2356 2706 2400 et
2753 2343 2902 2399 tollat
2940 2360 3143 2399 crucem
3174 2358 3345 2407 suam,
3373 2351 3421 2395 et

1831 2444 2078 2505 sequatur
2120 2452 2202 2489 me
2250 2435 2400 2507 (Luc.
2451 2434 2569 2508 ix);
2614 2446 2668 2491 et
2697 2436 2984 2506 Apostolus
3029 2454 3042 2489 :
3098 2435 3202 2501 Qui
3246 2442 3421 2488 autem

1832 2536 1954 2579 sunt
1981 2524 2197 2592 Christi,
2244 2543 2453 2582 carnem
2505 2544 2660 2582 suam
2699 2528 3073 2595 cruci/ia'erunt
3123 2542 3242 2581 cum
3279 2524 3421 2579 vitiis

1833 2626 1881 2670 et
1912 2619 2344 2688 concupiscentiis
2380 2615 2523 2690 (Gal.
2555 2619 2632 2690 v).
2676 2619 2849 2674 Panes
2887 2618 3248 2688 primitiarum
3284 2618 3423 2673 duos

1835 2707 2062 2763 Domino
2089 2707 2368 2765 oﬁ‘erimus
2395 2728 2406 2764 :
2440 2726 2563 2765 cum
2588 2709 2785 2781 Legem
2812 2719 2867 2765 et
2888 2709 3255 2781 Evangelium,
3304 2724 3425 2780 quas

1836 2812 1965 2853 vere
1993 2807 2119 2854 sunt
2165 2799 2272 2854 cibi
2325 2801 2628 2855 animarum
2668 2809 3002 2867 nostrarum,
3058 2816 3157 2871 pro
3205 2799 3424 2855 modulo

1838 2898 2045 2957 nostro,
2073 2899 2334 2960 quantum
2373 2906 2679 2961 possumus,
2717 2890 3107 2962 adimplemus;
3136 2891 3226 2960 qui
3258 2904 3425 2961 panes

1838 2988 1966 3033 sunt
2011 2993 2077 3033 ex
2121 2978 2328 3034 duabus
2368 2980 2593 3036 decimis
2621 2981 2812 3036 similm
2846 2980 3200 3043 fermentatus,
3234 2994 3301 3035 ex
3329 2980 3428 3035 doo

1841 3069 2013 3123 ctrina
2036 3068 2285 3124 videlicet
2311 3086 2431 3140 qute
2452 3071 2747 3139 perlectam
2774 3070 2974 3125 Christi
3001 3071 3339 3126 divinitatem
3369 3078 3425 3125 et

162 3152 389 3213 Christo.
428 3156 521 3223 qui
557 3156 802 3209 eumdem
832 3155 1093 3225 Spiritum
1123 3162 1368 3209 sanctum
1396 3165 1449 3208 et
1473 3152 1738 3222 promisit,
1768 3137 1812 3199 C
1846 3160 2239 3215 immanitatem
2270 3137 2466 3228 iri—mit,—
2486 3177 2585 3217 ηερ
2609 3161 2763 3217 aliter
2792 3163 2949 3232 coqui
2982 3162 3085 3217 nisi
3134 3177 3230 3233 per
3265 3162 3426 3218 talem

163 3259 383 3313 regnans
408 3262 534 3301 cum
568 3246 728 3300 Patre
758 3246 810 3299 in
843 3246 1046 3299 unitate
1076 3242 1311 3312 ejusdem
1356 3242 1592 3314 Spiritus
1619 3258 1742 3297 saa-

162 3333 251 3396 cti,
281 3351 378 3406 per
406 3336 590 3391 omnia
625 3334 817 3390 szemila
852 3334 1191 3389 saeculorum.
1218 3333 1408 3387 Amen.

699 3444 978 3500 IIOMILIA
1028 3443 1212 3498 ΧΧὶΙΙ.

573 3530 638 3569 DE
674 3530 881 3570 JEJUNIO
907 3529 1102 3577 QUARTI
1134 3528 1338 3567 IENSIS.

224 3601 352 3659 Post
381 3605 502 3659 dies
531 3604 649 3660 illos
684 3604 880 3659 ‘.ctiti:e
923 3605 1118 3674 quibus
1143 3603 1388 3660 Salvator
1415 3615 1599 3660 noster
1627 3614 1742 3673 post

164 3699 616 3754 resurrectionem
650 3713 799 3753 suam
849 3713 970 3753 cum
1003 3697 1282 3767 discipulis
1332 3696 1444 3751 suis
1491 3712 1747 3766 corpora-

160 3784 277 3839 liter
322 3787 376 3841 in
419 3795 566 3841 terra
596 3796 942 3842 converSatus
991 3798 1092 3851 est,
1136 3796 1190 3842 et
1217 3796 1339 3857 post
1378 3801 1747 3842 ascensronem

162 3873 366 3931 Domini
415 3886 473 3932 et
520 3877 810 3932 adventum
867 3875 1100 3946 Spiritus
1155 3876 1329 3931 sancti
1391 3890 1511 3946 qua:
1565 3875 1749 3930 omnia

159 3966 381 4022 solemni
435 3967 806 4025 celebratione
853 3970 1100 4022 venerari
1151 3967 1371 4037 dignum
1416 3976 1574 4032 erat,
1621 3982 1749 4022 san-

160 4059 228 4113 cti
279 4069 468 4129 patres
524 4060 698 4116 nostri
757 4076 824 4117 ex
869 4061 1190 4116 auctoritate
1254 4060 1387 4131 legis
1440 4061 1750 4126 admoniti,

158 4157 211 4203 et
269 4150 591 4223 evangelica
648 4151 877 4207 veritate
951 4152 1199 4207 instructi
1237 4192 1253 4218 ,
1300 4151 1701 4207 constituerunt
1734 4192 1751 4217 ,

161 4236 354 4294 fratres
386 4239 729 4307 charissimi,
753 4240 1017 4311 jejunium
1040 4240 1340 4305 celebrare,
1363 4255 1472 4311 quo
1518 4242 1751 4297 creatori

160 4336 342 4383 nostra
373 4346 580 4385 munus
606 4330 906 4385 devotionis
932 4340 1128 4387 nostra:
1160 4332 1212 4387 in
1241 4332 1458 4387 modum
1490 4332 1754 4403 primitia-

160 4433 297 4482 rum,
328 4435 455 4489 qum
486 4421 633 4475 circa
662 4421 761 4477 hoc
784 4430 995 4492 tempus
1017 4422 1242 4477 Domino
1263 4422 1557 4478 secundum
1581 4423 1752 4493 legem

160 4509 574 4575 deferebantur,
634 4512 927 4569 oll'erimus.
976 4513 1239 4585 Prmcepit
1309 4530 1438 4584 ergo
1501 4514 1759 4570 Dominus

161 4598 348 4672 Moysi,
376 4604 454 4656 ita
486 4601 718 4657 dicens:
758 4602 985 4673 Loquere
1031 4603 1157 4672 ﬁliis
1202 4603 1373 4658 Israel
1420 4613 1467 4658 et
1496 4604 1636 4659 dices
1689 4605 1758 4658 ad

158 4707 242 4743 eos
270 4708 290 4745 .’
332 4691 473 4747 Cum
499 4693 723 4762 ingressi
750 4693 952 4761 fueritis
977 4694 1032 4747 in
1057 4704 1246 4748 terram
1275 4712 1433 4767 quam
1483 4712 1575 4765 ego
1622 4696 1757 4749 dabo

160 4782 319 4844 vobis,
352 4792 403 4835 et
432 4783 758 4836 messuaritis
798 4793 988 4853 segetes
1014 4794 1167 4838 terra:
1196 4796 1397 4851 restria,
1427 4784 1599 4853 feretis
1647 4800 1760 4837 ma-

162 4873 370 4943 nipulos
393 4876 669 4944 spicarum
699 4874 957 4944 primitias
992 4877 1169 4929 messis
1205 4887 1385 4931 vestra:
1426 4876 1495 4929 ad
1517 4876 1760 4929 sacerdo-

162 4979 282 5030 tem,
314 4969 408 5036 qui
441 4968 638 5022 leuabit
677 4966 985 5036 fasciculum
1004 4984 1180 5022 coram
1212 4966 1430 5021 Domino
1452 4976 1507 5019 ut
1528 4977 1763 5036 accepta-

164 5059 279 5113 lu’lis
307 5063 375 5114 sit
408 5075 514 5128 pro
544 5059 685 5114 vobis
738 5058 924 5130 (Leuit.
976 5058 1163 5129 xxni);
1207 5067 1261 5113 et
1288 5060 1447 5128 paulo
1474 5071 1612 5129 post,
1643 5074 1764 5113 cum

163 5149 227 5203 de
262 5151 351 5204 dic
404 5148 742 5218 cxpletionis
787 5150 1133 5205 hebdomadae
1172 5151 1414 5219 septimae
1470 5149 1708 5219 disputat
1753 5166 1764 5202 ;

166 5234 439 5306 Offerelis,
478 5238 679 5308 inquit.
714 5239 1031 5306 sacriﬁcium
1061 5256 1245 5294 novum
1272 5239 1496 5293 Domino
1524 5256 1588 5293 ea:
1612 5243 1771 5294 omni—

165 5328 256 5381 bus
286 5328 625 5381 habitaculis
667 5330 867 5390 uestris,
923 5346 1083 5397 panes
1130 5330 1481 5398 primitiarum
1524 5330 1655 5383 duos
1707 5330 1770 5384 de

168 5418 374 5473 duabus
399 5420 629 5473 decimis
675 5419 861 5473 similw
905 5419 1247 5486 fermentatw,
1284 5435 1413 5490 quos
1439 5423 1665 5490 coquetis
1715 5423 1769 5473 in

168 5514 435 5580 primitias
498 5509 713 5563 Domini
766 5526 783 5563 :
834 5510 1159 5579 o/feretisque
1192 5526 1305 5563 cum
1336 5511 1557 5579 panibus
1612 5528 1771 5579 agnos

170 5601 556 5653 immaculatos
607 5608 799 5667 septem
849 5599 1154 5663 anniculos,
1202 5608 1248 5652 ct
1294 5599 1516 5653 vitulum
1572 5601 1634 5653 de
1692 5618 1774 5652 ar-

173 5704 343 5745 mento
376 5706 578 5754 unum,
610 5700 656 5744 et
688 5691 873 5743 arietes
903 5692 1052 5755 duos,
1078 5700 1126 5744 et
1155 5701 1302 5744 erunt
1330 5691 1383 5743 in
1412 5692 1771 5745 holocaustum

1846 3248 2144 3304 doctrinam
2183 3260 2426 3319 possunt.
2458 3249 2853 3321 Oﬁ‘crimusque
2883 3267 3003 3307 cum
3034 3252 3151 3308 istis
3197 3252 3430 3323 panibus

1846 3348 2051 3407 septem
2069 3353 2237 3410 agnos
2260 3340 2652 3406 immaculatos,
2694 3356 2815 3396 cum
2851 3341 3238 3408 innocentiam,
3267 3358 3429 3413 quam

1846 3429 2177 3499 septiformis
2207 3432 2377 3503 gratia
2437 3431 2671 3503 Spiritus
2717 3434 2890 3489 sancti
2932 3434 2984 3488 in
3034 3435 3188 3490 nobis
3229 3434 3429 3503 elﬁcit;

1846 3521 2189 3575 concorditer
2242 3521 2342 3591 legi
2409 3532 2464 3576 et
2528 3523 2814 3593 Evangelio
2860 3525 2914 3577 in
2980 3524 3074 3579 Dei
3140 3534 3431 3596 conspectu

1847 3612 2183 3667 exhibemus.
2220 3610 2507 3669 Oﬁ‘erimus
2554 3623 2607 3668 et
2645 3614 2873 3668 vitulum
2904 3614 2970 3669 de
3006 3624 3271 3681 armento,
3311 3630 3434 3670 cum

1848 3703 2123 3758 Christum
2166 3719 2231 3758 ex
2282 3706 2712 3775 patriarcharum
2742 3705 2948 3776 origine
2989 3706 3283 3761 secundum
3311 3723 3436 3762 car-

1850 3808 1973 3847 nem
2013 3794 2277 3863 geuitum,
2306 3809 2370 3849 ac
2400 3809 2499 3863 pro
2527 3795 2681 3849 nobis
2711 3794 3053 3862 cruciﬁxum,
3090 3797 3433 3853 conﬁtemur.

1851 3880 2137 3938 Oll’crimus
2181 3891 2235 3938 et
2268 3883 2402 3938 duos
2427 3884 2648 3948 arietes,
2694 3899 2816 3938 cum
2856 3884 3236 3941 excellentiora
3279 3901 3437 3941 man-

1852 3972 2000 4037 data,
2038 3987 2157 4042 qua:
2187 3973 2337 4041 sequi
2375 3972 2511 4027 alias
2552 3973 2781 4028 virtutes
2827 3975 2976 4029 velut
3022 3991 3151 4031 oves
3204 3985 3438 4046 oportet,

1852 4063 2145 4133 adimplere
2195 4063 2493 4128 studemus,
2526 4072 2583 4118 ut
2618 4071 2701 4119 est
2730 4064 2858 4120 illud
2893 4083 2907 4118 :
2946 4064 3007 4120 Si
3059 4066 3133 4121 vis
3183 4066 3441 4136 perfectus

1852 4172 1980 4218 esse,
2014 4155 2162 4220 vade,
2190 4154 2349 4209 vende
2371 4154 2549 4208 omnia
2577 4172 2695 4225 qua:
2727 4156 2905 4218 habes,
2929 4166 2975 4209 et
3004 4158 3071 4209 da
3096 4158 3439 4226 pauperibus,

1854 4251 1959 4298 etc.
1990 4240 2203 4313 (Matth.
2230 4240 2379 4313 xrx);
2410 4250 2465 4297 et
2486 4242 2615 4297 illud
2662 4257 2676 4296 :
2730 4242 2940 4313 Diligite
2968 4244 3204 4298 inimicos
3227 4254 3439 4311 vestros,

1854 4348 1900 4391 et
1939 4336 2224 4405 benefacite
2250 4337 2330 4390 his
2376 4336 2465 4407 qui
2492 4336 2713 4391 oderunt
2741 4353 2855 4401 vos,
2884 4346 2939 4392 et
2970 4337 3173 4407 reliqua
3226 4338 3441 4409 (Matth.

1857 4428 1934 4499 ν).
1963 4427 2165 4483 Horum
2191 4440 2319 4498 ergo
2348 4426 2610 4482 sacriﬁcia
2634 4435 2689 4481 et
2714 4426 2918 4490 lihatio,
2949 4428 3173 4481 scicntia
3195 4429 3442 4485 videlicet

1860 4528 1915 4574 et
1940 4519 2202 4587 operatio,
2252 4517 2388 4572 odor
2418 4517 2701 4572 suavitatis
2749 4517 2997 4580 Domino,
3049 4525 3108 4571 ut
3155 4517 3444 4587 Apostolus

1861 4611 1956 4675 ait,
1979 4608 2171 4664 Christi
2192 4609 2354 4662 bonus
2377 4607 2510 4660 odor
2529 4623 2711 4661 smnus
2742 4605 2868 4660 Deo.
2903 4605 3028 4662 Ηωο
3052 4608 3217 4663 etiam
3247 4608 3449 4665 oblatio

1860 4696 1998 4752 festo
2049 4696 2396 4751 Pentecostes
2439 4697 2718 4766 competit,
2755 4696 2880 4765 quia
2929 4698 3448 4754 consummationem

1863 4787 2027 4840 totius
2082 4782 2431 4855 perfectionis
2482 4782 2717 4853 Spiritus
2757 4785 3002 4853 paracliti
3050 4794 3203 4856 grate
3236 4786 3446 4842 tribuit.

1863 4876 2007 4940 Ideo,
2041 4875 2256 4938 fratres,
2288 4876 2460 4931 sancti
2510 4883 2693 4945 patres
2739 4874 2924 4935 nostri,
2959 4876 3169 4945 expleta
3208 4877 3451 4933 celeber-

1868 4968 2003 5021 rima
2052 4967 2346 5022 festivitate
2397 4960 2764 5029 Pentecostcs,
2808 4966 2908 5019 hoc
2936 4965 3149 5020 salubre
3184 4964 3449 5035 jejunium

1869 5066 2184 5119 sanxerunt,
2219 5063 2276 5109 ul
2300 5070 2395 5124 per
2419 5052 2799 5109 abstinentiam
2826 5062 2879 5107 et
2920 5053 3338 5124 supplicationes
3366 5055 3450 5110 in-

1871 5154 2046 5199 tentas
2069 5143 2177 5199 Deo
2204 5144 2562 5213 acceptabilcs
2590 5158 2688 5197 nos
2708 5142 3013 5198 oll'eramus.
3048 5144 3275 5210 Quidam
3301 5160 3451 5209 vero,

1872 5252 1936 5291 ex
1973 5235 2279 5306 evangelica
2311 5235 2631 5289 auctoritate
2662 5232 2932 5299 instructi,
2961 5234 3013 5288 in
3038 5236 3139 5290 hoc
3160 5236 3304 5305 quod
3335 5234 3456 5291 Sal-

1875 5334 2029 5380 vator
2054 5324 2343 5379 Pharisaeis
2367 5334 2421 5377 et
2447 5322 2724 5391 discipulis
2752 5320 2975 5378 Joannis
2999 5323 3457 5394 interrogantibus

1876 5434 1971 5470 cur
2020 5414 2264 5483 discipuli
2313 5415 2428 5482 ejus
2473 5430 2575 5466 non
2618 5414 2943 5483 jejunarcnt,
2992 5414 3285 5483 respondit,
3333 5413 3456 5467 Non

1874 5520 2085 5579 possunt
2118 5507 2216 5576 ﬁlii
2241 5507 2415 5577 sponsi
2438 5506 2612 5575 lugere
2636 5507 2868 5574 quandiu
2898 5523 3014 5559 cum
3051 5506 3154 5559 illis
3195 5515 3270 5559 est
3300 5522 3461 5575 spon-

1876 5612 1971 5655 sus"
1991 5614 2008 5651 :
2030 5601 2229 5653 venient
2258 5608 2429 5651 autem
2452 5598 2561 5650 dies
2591 5614 2708 5651 cum
2735 5597 3005 5666 auferetur
3030 5598 3094 5650 ab
3125 5598 3197 5650 eis
3218 5612 3460 5664 sponsus,

1877 5701 1923 5745 et
1948 5700 2071 5744 tunc
2088 5688 2405 5758 jejunabanl
2430 5686 2642 5755 (Matth.
2686 5687 2797 5757 nt);
2838 5688 2960 5743 inde
2989 5688 3357 5749 instituerunt,
3408 5694 3467 5738 ut
