3922 6340
464 281 537 334 47
1114 287 1177 343 Β.
1219 288 1473 347 BABANI
1515 293 1735 350 MAURI
1772 296 2089 353 ARCHIEP.
2132 298 2440 360 MOGUNT.
2483 304 2768 365 OPERUM
2806 309 2985 367 PARS
3017 310 3080 368 11.
3678 325 3746 383 48

462 407 584 470 νοεῖ
608 401 981 456 ascensionem
1007 402 1242 467 Domini,
1264 406 1363 503 qui
1395 409 1583 463 matris
1614 410 1867 467 Eccleslze
1893 428 2053 469 verus
2082 424 2128 482 Α
2157 432 2272 471 oves
2338 419 2403 472 ab
2456 420 2663 488 htrdis;
2724 440 2839 479 oves
2894 438 3049 497 ponet
3104 430 3175 483 ad
3226 432 3517 503 dexteram,
3571 440 3753 498 Ita'dos

462 500 545 545 est
568 505 819 561 sponsus,
860 500 913 545 et
942 501 1063 561 post
1091 495 1233 549 diem
1264 494 1614 555 Pentecostes
1643 502 1827 555 statim
1855 504 1940 557 die
1968 503 2051 557 al-

465 592 577 635 tera
592 580 858 652 jejunium
894 583 1229 653 incipientes,
1257 602 1428 656 usque
1455 590 1523 644 ad
1553 588 1907 661 quadraginta
1940 596 2052 649 dies

462 672 591 727 illud
617 674 961 743 protendunt.
996 674 1111 730 Hoc
1139 692 1268 732 vero
1297 680 1387 748 qui
1410 696 1517 734 non
1546 682 1796 746 voluerit,
1828 693 1918 736 aut
1946 702 2050 737 non

460 765 695 831 potuerit
715 779 811 833 per
836 765 1207 822 infirmitatem
1249 771 1430 825 carnis
1461 772 1663 836 facere,
1698 774 1888 827 saltem
1923 776 2066 841 istos:

462 862 572 907 tres
633 853 748 909 dies
792 855 1139 912 continentiae
1201 858 1454 914 salutaris
1506 860 1742 932 legitime
1788 865 2048 919 exsolvat.

460 942 727 1014 Iejttnium
740 946 955 1015 quidem
977 949 1155 1017 quarti
1178 949 1379 1004 mensis
1402 954 1637 1021 estquod
1654 954 1809 1009 nobis
1823 957 2053 1025 prophe—

462 1045 636 1089 tarum
668 1035 826 1090 lectio
845 1038 1209 1103 commendat,
1234 1047 1289 1093 et
1305 1039 1436 1094 nulli
1461 1041 1822 1097 violarelicet.
1849 1044 2053 1100 Idcirco

457 1136 647 1196 quarta
680 1135 736 1183 et
770 1137 924 1183 sexta
955 1129 1089 1183 feria
1112 1136 1167 1184 et
1197 1129 1425 1186 sabbato
1466 1132 1520 1186 in
1568 1133 1669 1188 hac
1716 1134 2049 1189 hebdomada

461 1217 609 1272 vobis
655 1216 1007 1287 iejnnandum
1064 1228 1164 1283 est,
1226 1220 1367 1275 sicut
1395 1230 1597 1278 sancte
1649 1232 1704 1279 et
1741 1226 2052 1293 apostolica:

460 1308 717 1365 Ecclesia:
743 1309 1000 1365 Romanae
1027 1312 1327 1368 auctoritas
1362 1328 1428 1368 ex
1460 1315 1699 1384 antiquis
1724 1318 2052 1387 temporibus

454 1401 760 1457 ordinabat.
814 1400 967 1458 Nunc
992 1417 1124 1473 ergo
1169 1404 1370 1471 venite,
1412 1406 1771 1473 dilectissimi,
1801 1410 2049 1474 obsecro,

455 1492 519 1545 in
542 1491 748 1546 sanctis
773 1490 966 1545 diebus
989 1492 1058 1545 ad
1090 1506 1245 1547 sacra
1275 1493 1564 1549 missarum
1593 1494 1881 1561 solemnia,
1931 1495 2051 1551 fun-

453 1581 569 1635 dite
591 1580 667 1636 ibi
692 1595 883 1651 preces
903 1589 1112 1636 vestras
1140 1597 1263 1636 cum
1304 1582 1559 1656 lacrymis
1585 1599 1765 1640 coram
1798 1585 2048 1653 Domino,

454 1678 696 1741 petentes
726 1671 843 1742 ejus
887 1671 1320 1728 misericordiam
1353 1683 1413 1728 ut
1450 1675 1543 1744 qui
1571 1689 1669 1729 vos
1722 1675 1775 1729 in
1826 1691 2051 1732 venera‘

2153 517 2325 561 autem
2360 508 2429 562 ad
2451 510 2718 567 sinistram
2754 514 2968 585 (Matth.
3001 520 3151 591 xxv).
3178 521 3578 583 Commemorat
3608 531 3753 588 bona

2152 609 2315 663 opera
2332 597 2569 665 illorum,
2592 602 2987 673 increpatmala
3006 608 3250 677 istorum,
3271 629 3337 668 ne
3352 614 3566 688 longum
3587 618 3758 678 facia-

2154 700 2271 740 mus
2299 702 2625 754 sermonem,
2655 692 2793 747 dicet
2818 695 2896 748 eis
2920 699 3011 764 qui
3037 700 3103 752 ad
3127 700 3405 757 dexteram
3426 704 3543 774 ejus
3565 720 3692 765 sunt
3726 731 3739 765 :

2163 774 2359 839 V‘enite,
2393 776 2647 833 benedicti
2683 780 2861 837 Patris
2912 788 3030 851 mei,
3071 792 3319 861 percipite
3362 811 3573 865 regnum
3608 818 3748 872 quoa

2154 864 2295 918 vobis
2335 878 2578 936 paratum
2602 882 2689 923 est
2742 873 2806 924 ab
2838 876 3038 944 origine
3068 881 3285 945 mundi;
3320 883 3373 936 in
3404 864 3507 942 hac
3549 864 3751 960 quippe

2156 958 2413 1010 memoria
2444 970 2645 1014 interna
2675 964 2777 1016 erit
2815 964 3011 1033 justus.
3065 967 3218 1025 Dicet
3247 980 3301 1026 et
3332 975 3569 1032 sinistris
3602 998 3615 1033 :
3644 958 3751 1037 dte

2153 1046 2206 1140 in
2234 1046 2404 1140 ignem
2433 1059 2683 1140 veternum
2716 1055 2804 1122 qui
2849 1067 3065 1124 paratus
3104 1070 3178 1113 est
3220 1061 3427 1119 diabolo
3463 1078 3510 1120 et
3548 1069 3752 1140 angelis

2154 1136 2306 1229 ejus;
2338 1138 2405 1229 ab
2435 1138 2537 1193 hoc
2561 1142 2745 1195 auditu
2779 1145 2921 1200 malo
2944 1161 3048 1201 non
3079 1149 3322 1219 timebit;
3360 1164 3415 1209 et
3450 1157 3551 1213 hoc
3583 1136 3753 1229 unde,

2152 1226 2253 1279 nisi
2302 1228 2428 1295 quia
2476 1229 2565 1282 hic
2608 1232 2816 1299 positus
2862 1239 3097 1291 creatori
3143 1254 3240 1294 suo
3282 1244 3420 1299 bene
3464 1226 3753 1305 timoratus

2153 1325 2309 1406 antea
2336 1318 2749 1390 obtemperavit.
2777 1322 2891 1379 Non
2919 1326 3173 1398 ignorare
3198 1348 3292 1388 vos
3315 1337 3501 1400 credo,
3525 1337 3745 1406 fratres,

2153 1404 2311 1473 hujus
2366 1409 2693 1464 sanctissimi
2748 1413 2848 1467 viri
2900 1418 3344 1485 probatissimum
3394 1440 3622 1496 agonem
3677 1404 3743 1485 ac

2152 1496 2562 1554 celeberrimam
2601 1501 2906 1571 victoriam,
2957 1507 3071 1575 qui,
3135 1513 3428 1568 secundum
3488 1517 3752 1575 Veritatis

2152 1599 2339 1642 vocem
2368 1589 2720 1645 beatitudinis
2748 1604 2873 1647 octo
2910 1607 3176 1667 praecepta
3213 1617 3467 1671 sequens,
3506 1607 3748 1662 beatitu-

2151 1678 2331 1733 dinem
2361 1694 2546 1735 veram
2574 1693 2896 1739 consecutus
2918 1696 3020 1742 est.
3054 1688 3188 1744 Nam
3230 1693 3492 1750 Dominus
3533 1698 3665 1753 dicit
3691 1701 3746 1755 in

454 1762 916 1857 tione-Dominicte
937 1763 1359 1857 resurrectionis
1398 1766 1466 1821 ad
1498 1774 1706 1834 tempus
1729 1766 2045 1821 consolaba-
2077 1778 2123 1837 Β
2152 1767 2441 1840 Evangelio
2468 1784 2483 1823 :
2529 1770 2680 1826 Beati
2718 1791 2971 1843 pauperes
2994 1780 3204 1849 spiritu,
3232 1785 3480 1852 quoniam
3509 1786 3747 1857 ipsorum

452 1863 561 1920 tur,
596 1852 651 1907 in
700 1867 933 1922 superna
985 1850 1103 1921 ejus
1152 1854 1359 1910 visione
1390 1855 1442 1910 in
1472 1864 1733 1911 teternum
1766 1857 2047 1912 consolare

452 1943 723 2015 dignetur.
784 1942 1013 1998 Peracto
1065 1950 1248 1997 autem
1305 1945 1485 1999 missae
1555 1942 1751 2009 cilicio,
1805 1960 1927 1999 cum
1980 1946 2047 2001 ad

452 2035 779 2091 cenandum
844 2034 990 2090 domi
1050 2036 1433 2102 conveneritis,
1488 2052 1593 2091 non
1654 2037 2048 2092 obliviscamini

452 2142 767 2198 puupentm,
798 2127 892 2182 sed
921 2127 1226 2197 portionem
1250 2142 1437 2183 eorum
1460 2128 1540 2183 eis
1565 2129 1722 2194 detis,
1748 2130 1887 2183 sicut
1906 2143 2049 2199 smpe

453 2235 547 2276 vos
576 2220 911 2287 eommonui,
948 2220 1073 2290 quia
1108 2221 1387 2293 indignum
1413 2232 1497 2278 est
1548 2232 1608 2279 ut
1635 2224 1851 2295 quando
1882 2224 2047 2279 mise-

452 2313 741 2371 ricordiam
770 2314 865 2369 Dei
889 2314 1153 2370 intentius
1179 2314 1456 2386 expetitis,
1472 2315 1574 2386 ipsi
1591 2316 2052 2373 immisericordes

451 2416 638 2462 conm
668 2407 945 2476 proximos
972 2415 1185 2462 vestros
1215 2407 1589 2462 inveniamini.
1644 2409 1918 2477 Scriptum
1968 2414 2052 2463 est

452 2498 637 2552 enim:
664 2498 796 2552 Date
822 2496 1204 2568 eleemosgnam
1240 2506 1288 2552 et
1336 2514 1451 2553 ecce
1476 2500 1652 2552 omnia
1690 2499 1885 2551 munda
1925 2508 2047 2552 sunt

452 2590 591 2644 vobis
618 2588 772 2661 (Luc.
801 2588 901 2661 ιι),
928 2588 1080 2659 quia,
1111 2589 1247 2643 sicut
1282 2605 1422 2659 aqua
1451 2589 1730 2660 exstinguit
1761 2589 1949 2659 ignem,
1974 2589 2049 2642 ita

450 2683 774 2753 deemsyna
805 2682 1088 2753 exstinguit
1128 2692 1418 2753 peccatum,
1449 2682 1678 2736 charitas
1721 2698 1838 2735 vero
1886 2680 2049 2749 operit

461 2775 851 2829 multitudinea:
870 2786 1230 2844 peccatorum.
1254 2778 1421 2839 (Eccl.
1448 2778 1551 2846 tn).
1575 2778 1744 2845 Cujus
1765 2778 2039 2834 abundan-

462 2869 590 2922 tiam
631 2868 782 2922 vobis
821 2869 934 2935 ipse
970 2869 1209 2926 tribuere
1252 2870 1528 2941 dignetur,
1569 2873 1660 2942 qui
1694 2872 1878 2925 dilexit
1942 2888 2035 2924 nos

462 2969 511 3014 et
564 2961 691 3015 lavit
736 2977 831 3015 nos
873 2978 905 3015 a
960 2962 1188 3029 peccatis
1228 2964 1420 3017 nostris
1451 2964 1505 3016 in
1528 2966 1787 3033 sanguine
1839 2980 1934 3016 suo
1980 2962 2036 3030 (I

466 3047 608 3102 Patr.
642 3049 741 3119 tv).
777 3047 936 3105 Iesus
960 3049 1210 3106 Christus
1236 3049 1489 3106 Salvator
1522 3062 1728 3115 noster,
1789 3055 1876 3120 qni
1912 3067 2036 3106 cum

2148 1867 2223 1911 est
2253 1875 2467 1929 regnum
2493 1862 2740 1941 ctelorum
2765 1864 2980 1935 (Matth.
3007 1869 3083 1940 v).
3136 1870 3301 1938 Ecce,
3328 1873 3549 1941 fratres,
3606 1893 3749 1932 nun-

2151 1950 2281 2020 quid
2302 1966 2409 2006 non
2436 1952 2538 2007 iste
2562 1962 2782 2009 sanctus
2808 1972 3012 2029 pauper
3046 1960 3148 2016 fuit
3172 1964 3385 2033 spiritu,
3409 1967 3502 2035 qui
3524 1976 3753 2037 sponta-

2151 2055 2306 2094 neam
2335 2051 2708 2111 paupertatem
2752 2045 2978 2115 eligens,
3030 2052 3189 2107 rebus
3219 2056 3453 2125 propriis
3497 2066 3549 2111 et
3579 2057 3750 2126 patrio

2152 2130 2354 2193 monio,
2384 2133 2629 2202 cognatis
2651 2142 2703 2187 et
2732 2134 3049 2203 parentibus
3075 2139 3365 2207 derelictis,
3394 2146 3518 2201 huic
3543 2152 3747 2207 mundo

2151 2222 2304 2292 quasi
2334 2234 2579 2277 mortuus
2601 2224 2839 2292 perfecte
2871 2231 3203 2287 renuntiavit
3243 2252 3256 2287 :
3293 2236 3570 2293 humiliter
3615 2256 3751 2297 con-

2150 2317 2374 2368 versans
2409 2322 2465 2367 et
2502 2315 2756 2371 nobiliter
2784 2320 3061 2387 exsulans,
3093 2332 3146 2378 et
3194 2324 3249 2379 in
3298 2328 3747 2397 peregrinatione

2151 2402 2323 2457 solum
2365 2403 2637 2458 Christum
2672 2407 2877 2462 studuit
2916 2409 3254 2480 lucrifacere,
3286 2424 3347 2469 ut
3373 2432 3599 2485 regnum
3631 2434 3748 2483 cos-

2148 2491 2323 2547 lorum
2348 2508 2470 2547 cum
2510 2507 2574 2547 co
2601 2496 2989 2566 perpetualiter
3033 2503 3297 2571 potuisset
3324 2506 3544 2562 habere.
3592 2506 3750 2563 Beati

2149 2584 2319 2649 mites,
2351 2587 2595 2655 quoniam
2624 2588 2723 2659 ipsi
2758 2590 3091 2657 possidebunt
3139 2604 3370 2663 terram;
3425 2598 3515 2653 hic
3549 2600 3743 2671 utique

2150 2678 2296 2733 mitis
2325 2687 2460 2743 erat,
2491 2681 2617 2749 quia
2652 2682 2780 2736 nulli
2827 2686 3035 2751 nocuit,
3064 2686 3195 2741 nulli
3236 2689 3559 2745 calumniam
3591 2690 3753 2757 fecit,

2151 2769 2261 2824 imo
2287 2771 2354 2825 ab
2382 2771 2502 2827 aliis
2529 2772 2629 2826 sibi
2659 2773 2795 2827 facta
2831 2776 3221 2844 patientissime
3246 2779 3496 2835 toleravit
3530 2799 3543 2834 :
3578 2782 3755 2838 male-

2150 2860 2453 2917 dicentibus
2494 2863 2597 2918 sibi
2650 2878 2755 2919 non
2800 2866 3154 2931 remaledixit,
3205 2869 3297 2923 sed
3350 2871 3523 2941 magis
3574 2872 3751 2941 bene-

2149 2952 2307 3018 dixit,
2335 2961 2387 3007 et
2419 2969 2515 3024 pro
2540 2956 2993 3025 persequentibus
3008 2962 3283 3020 exoravit;
3310 2963 3379 3016 ob
3404 2936 3506 3017 hoc
3526 2936 3750 3034 quoque

2148 3059 2269 3099 cum
2286 3046 2488 3100 sanctis
2511 3047 2711 3117 angelis
2735 3056 2932 3101 terram
2949 3049 3243 3105 viventium
3261 3053 3310 3105 in
3334 3062 3590 3108 aeternum
3617 3070 3750 3126 pos-

463 3139 622 3195 Patre
655 3150 707 3195 et
734 3141 942 3211 Spiritu
979 3152 1167 3198 sancto
1218 3143 1349 3197 vivit
1398 3154 1452 3196 et
1498 3153 1690 3213 regnat
1740 3143 1897 3203 Dens.
1946 3158 2043 3213 per

2152 3133 2365 3188 sidebit.
2392 3132 2539 3188 Beati
2568 3136 2657 3205 qui
2682 3135 2855 3205 lugent
2885 3154 3039 3203 nunc,
3073 3142 3320 3209 quoniam
3358 3142 3457 3211 ipsi
3504 3143 3749 3198 consola-

462 3238 647 3290 omnia
683 3237 883 3292 sarcula
914 3238 1259 3291 Str-culorum.
1280 3237 1475 3291 Amen.

988 3319 1269 3375 HOMILIA
1313 3319 1500 3375 XXIV.

667 3424 719 3464 DN
757 3424 953 3464 NATALI
993 3424 1183 3464 SANCTI
1238 3423 1501 3464 BONIFACH
1543 3424 1829 3465 MARTIRIS.

524 3500 815 3557 Praesentis
845 3500 947 3555 diei
980 3499 1243 3565 laetitiam,
1286 3498 1485 3555 fratres
1518 3501 1846 3565 charissimi,
1895 3500 2046 3556 vobis

451 3591 814 3655 audientibus,
846 3601 1211 3661 opportunum
1238 3606 1362 3647 reor
1397 3607 1648 3647 sermone
1675 3592 1887 3663 placido
1922 3607 2044 3648 cum

455 3684 744 3739 dilectione
769 3693 953 3738 vestra
986 3690 1241 3747 tractare,
1273 3690 1328 3737 et
1356 3684 1673 3738 memoriam
1700 3684 1843 3739 beati
1861 3683 2043 3753 ponti-

453 3776 575 3831 ficis
598 3784 649 3831 et
674 3776 933 3845 martyris
956 3774 1166 3829 Christi
1204 3773 1471 3830 Bonifacii
1511 3775 1568 3830 in
1614 3783 1851 3829 mentem
1894 3789 2048 3829 revo-

455 3882 603 3932 care,
636 3866 868 3936 qualiter
917 3864 1176 3936 temporis
1218 3866 1343 3920 vita
1391 3880 1611 3921 cursum
1653 3880 1939 3937 peragens,
1979 3865 2047 3919 ad

454 3956 841 4012 beatitudinem
868 3956 1206 4025 pervenisset
1248 3962 1585 4026 perpetuam.
1620 3955 1686 4009 Et
1715 3956 1933 4025 dignum
1966 3964 2049 4011 est

457 4058 519 4103 ut
562 4046 823 4103 memoria
871 4046 939 4102 de
992 4060 1056 4101 eo
1102 4047 1323 4116 cogitet,
1374 4062 1536 4117 quem
1581 4047 1842 4101 memoria
1902 4056 2048 4104 tenet

458 4148 692 4205 aeterna;
721 4154 852 4194 nam
894 4140 945 4194 in
994 4140 1201 4210 psalmo
1246 4142 1510 4211 scriptum
1538 4148 1621 4196 est
1657 4157 1671 4194 :
1702 4139 1767 4194 In
1798 4143 2048 4195 memoria

460 4239 655 4283 aeterna
700 4230 797 4284 erit
834 4229 1038 4300 justus,
1085 4231 1150 4285 ab
1201 4232 1469 4287 auditione
1510 4231 1653 4286 mala
1707 4249 1809 4287 non
1852 4232 2047 4286 timebit

462 4319 636 4390 (Psal.
702 4320 833 4392 CXI).
890 4320 989 4377 llic
1034 4338 1164 4392 ergo
1214 4338 1425 4387 versus,
1476 4322 1694 4389 fratres,
1744 4323 1882 4378 bene
1939 4332 2049 4376 tam

463 4400 651 4470 saneto
680 4414 798 4469 viro
826 4416 1100 4480 convenit,
1147 4416 1240 4486 qui
1271 4432 1375 4470 non
1406 4416 1578 4471 solum
1608 4416 1871 4487 justitiam
1925 4415 2048 4469 dili—

2152 3223 2375 3287 buntur;
2413 3233 2468 3278 et
2514 3226 2601 3279 hic
2641 3240 2762 3279 cum
2802 3229 3127 3298 pauperibus
3151 3229 3352 3285 Christi
3380 3234 3551 3303 magis
3579 3233 3751 3306 elegit

2149 3312 2551 3369 tribulationem
2595 3324 2648 3368 et
2691 3332 2999 3385 pressuram
3050 3320 3104 3373 in
3149 3320 3251 3375 hoc
3288 3323 3488 3377 mundo
3517 3323 3750 3392 habere,

2148 3417 2308 3473 quam
2341 3420 2462 3457 cum
2512 3404 2765 3460 divitibus
2818 3406 2976 3475 hujus
3023 3410 3204 3464 saeculi
3256 3410 3385 3466 falsa
3439 3411 3621 3467 laetitia
3672 3416 3747 3472 ad

2147 3504 2361 3565 tempus
2394 3497 2588 3558 ridere,
2645 3508 2697 3551 et
2750 3509 2936 3567 postea
2982 3500 3034 3554 in
3064 3510 3328 3557 aeternum
3361 3504 3564 3573 lugere.
3602 3505 3747 3561 Nam

2147 3602 2269 3641 cum
2311 3588 2377 3642 ab
2404 3589 2694 3658 apostolica
2740 3592 2864 3645 sede
2892 3586 3177 3663 episcopus
3223 3604 3306 3649 est
3348 3598 3647 3662 ordinatus,
3688 3608 3747 3654 et

2148 3679 2265 3735 vice
2303 3680 2597 3750 apostolica
2654 3680 2858 3752 legatus
2905 3682 3259 3741 Germanitus
3296 3689 3363 3741 ad
3405 3687 3746 3745 Francorum

2148 3778 2364 3843 gentem
2393 3779 2477 3825 est
2505 3771 2826 3837 destinatus,
2862 3772 2988 3827 illud
3014 3772 3419 3847 Psalmographi
3463 3778 3518 3831 in
3546 3792 3605 3833 se
3636 3781 3748 3833 im-

2147 3861 2315 3930 plevit
2346 3862 2733 3927 testimonium,
2767 3864 2910 3933 quod
2957 3864 3024 3919 de
3072 3866 3521 3934 przedicatoribus
3563 3872 3743 3924 sancti

2149 3950 2424 4021 Evangelii
2450 3952 2652 4007 dictum
2676 3961 2758 4007 est
2793 3971 2804 4005 :
2840 3952 3037 4007 Euntes
3084 3954 3227 4009 ibant
3254 3965 3303 4008 et
3342 3956 3562 4024 ﬂebant,
3616 3961 3746 4012 mit-

2150 4054 2312 4098 tentes
2341 4046 2538 4099 semina
2564 4063 2661 4099 sua
2676 4063 2696 4112 ;
2727 4046 2984 4099 venientes
3012 4055 3187 4100 autem
3216 4048 3413 4101 venient
3452 4049 3507 4102 in
3556 4050 3737 4103 exsul-

2151 4136 2367 4200 tatione,
2394 4146 2657 4206 portantes
2685 4134 2981 4205 manipulos
3008 4152 3129 4189 suos
3170 4135 3339 4207 (Psal.
3372 4137 3555 4209 cxxv).
3585 4136 3746 4195 Beati

2149 4228 2238 4298 qui
2264 4229 2500 4282 esuriant
2524 4238 2570 4281 et
2598 4228 2783 4281 sitiunt
2806 4228 3092 4296 justitiam,
3114 4230 3362 4299 quoniam
3401 4230 3499 4299 ipsi
3523 4241 3747 4285 satura-

2152 4319 2364 4371 buntur.
2396 4317 2511 4372 [Ioc
2541 4318 2616 4372 illi
2641 4318 2966 4373 desiderium
2994 4335 3212 4390 semper
3240 4320 3360 4389 fuit,
3393 4323 3496 4378 hoc
3531 4324 3747 4381 esuries

2154 4410 2372 4475 mentis,
2412 4412 2515 4467 hoc
2546 4410 2666 4465 sitis
2692 4411 2886 4464 anim-.e
2912 4421 2969 4465 ut
2990 4411 3407 4480 iustificationes
3448 4414 3742 4470 mandato—

461 4506 624 4575 gebat
644 4514 845 4572 mente,
868 4508 999 4577 quin
1025 4508 1193 4563 etiam
1220 4510 1473 4563 servabat
1499 4508 1553 4562 in
1585 4508 1965 4578 prasdicatione
1993 4517 2047 4561 et
2073 4502 2123 4559 D
2151 4522 2271 4559 rum
2315 4506 2525 4560 Domini
2573 4506 2627 4559 En
2676 4520 2733 4560 se
2776 4506 3087 4571 custodiret,
3115 4516 3170 4563 et
3209 4509 3344 4565 alios
3379 4510 3510 4565 item
3560 4509 3747 4568 facere

463 4598 752 4653 exercebat
781 4599 833 4653 in
865 4614 1029 4669 opere
1060 4616 1074 4653 :
1122 4608 1285 4668 atque
1309 4599 1378 4654 ob
1402 4600 1506 4654 hoc
1528 4598 1704 4653 anima
1730 4598 1858 4668 justi
1895 4598 2052 4669 lmjus

466 4689 629 4746 modo
646 4690 780 4745 vivit
817 4692 868 4746 in
900 4692 1087 4762 requie
1111 4706 1233 4747 eum
1264 4691 1489 4757 sanctis,
1528 4700 1733 4745 remota
1762 4700 1814 4745 et
1843 4700 2049 4746 secreta

466 4783 533 4836 ab
560 4782 811 4837 omnibus
855 4782 1031 4851 poenis
1084 4797 1145 4836 ac
1194 4780 1433 4837 tenebris
1482 4781 1789 4850 impiorum.
1838 4780 1894 4834 In
1946 4781 2051 4837 line

468 4880 647 4927 autem
674 4871 854 4927 saeculi
893 4881 1110 4941 recepto
1140 4886 1386 4939 corpore,
1413 4886 1517 4926 non
1546 4870 1759 4925 mortali
1804 4872 1895 4925 sed
1946 4872 2051 4925 im-

470 4962 708 5028 mortali,
742 4977 849 5017 non
876 4961 1097 5016 animali
1133 4961 1227 5015 sed
1270 4960 1497 5030 spiritali
1526 4960 1673 5031 (quia
1703 4960 1844 5028 quod
1886 4960 2051 5014 semi-

472 5062 633 5106 natur
658 5052 713 5106 in
742 5052 1091 5117 contumelia,
1139 5060 1385 5121 resurget
1430 5051 1486 5104 in
1528 5050 1720 5121 gloria)
1749 5048 2055 5118 mquabitur

472 5141 679 5212 angelis
720 5141 835 5207 Dei,
880 5149 933 5196 et
959 5141 1012 5195 in
1062 5140 1179 5211 ipsa
1214 5140 1476 5194 memoria
1501 5148 1701 5193 aeterna
1730 5139 1834 5193 erit
1852 5137 2051 5206 justus.

474 5230 580 5287 Sed
601 5246 639 5286 a
669 5246 776 5301 quo
804 5232 985 5285 auditu
1010 5231 1153 5285 malo
1186 5244 1292 5285 non
1320 5229 1545 5293 timebit,
1568 5238 1622 5284 et
1646 5228 1748 5284 hoc
1766 5229 1968 5291 audite,
1999 5236 2051 5281 ct

474 5324 556 5378 sic
611 5324 753 5394 agite
805 5332 865 5378 ut
904 5324 970 5377 ab
1018 5324 1201 5377 auditu
1254 5324 1406 5378 malo
1440 5338 1546 5377 non
1596 5322 1849 5376 timentis.
1915 5323 2055 5376 Dicit

476 5415 621 5470 enim
647 5417 907 5470 Dominus
937 5424 1121 5470 noster
1145 5414 1302 5469 Jesus
1327 5414 1572 5469 Christus
1593 5414 1717 5483 quia
1745 5429 1851 5468 non
1880 5422 2058 5482 potest

478 5506 587 5564 falli
617 5508 706 5576 qui
739 5509 1005 5561 neminem
1056 5506 1208 5560 fallit.
1250 5504 1382 5559 Cum
1435 5506 1649 5569 venerit,
1682 5505 1879 5572 inquit,
1911 5503 2058 5571 ﬁlius

482 5599 703 5652 hominis
756 5601 807 5652 in
858 5600 1024 5670 gloria
1090 5616 1201 5659 sua,
1259 5596 1707 5666 congregabantur
1757 5606 1876 5649 ante
1939 5614 2056 5649 eum

483 5701 657 5740 ornaes
687 5699 878 5757 gentes,
912 5698 957 5741 et
1013 5687 1270 5757 separabit
1302 5703 1387 5738 eos
1415 5686 1547 5738 sicut
1595 5695 1776 5753 pastor
1825 5697 2058 5757 segregat

2154 4598 2522 4667 persuaderet,
2546 4605 2606 4649 ut
2624 4595 2850 4651 Domino
2872 4612 2995 4651 cum
3016 4597 3285 4668 Propheta
3310 4608 3494 4669 posset
3514 4600 3702 4656 dicere
3727 4620 3741 4655 :

2152 4686 2267 4758 Ego
2280 4695 2453 4740 autem
2467 4702 2580 4739 cum
2588 4686 2616 4756 j
2623 4686 2800 4739 ustitia
2815 4686 3072 4756 apparebo
3089 4688 3142 4741 in
3156 4697 3427 4759 conspectu
3441 4698 3530 4744 tuo
3544 4705 3562 4744 :
3578 4691 3747 4744 satia-

2154 4778 2244 4831 bor
2274 4778 2398 4829 dum
2434 4776 2854 4844 manifestabitur
2884 4775 3054 4846 glon'a
3086 4787 3177 4831 tua
3213 4775 3383 4848 (Psal.
3422 4780 3557 4849 xvr).
3587 4777 3745 4833 Beati

2151 4868 2531 4933 misericordes,
2546 4868 2792 4938 quoniam
2809 4868 2908 4937 ipsi
2920 4869 3331 4923 misericordiam
3344 4878 3741 4940 consequentur.

2152 4959 2217 5011 Et
2246 4959 2383 5013 unde
2418 4966 2625 5011 tantum
2664 4955 2908 5027 Laborem
2932 4947 3108 5012 eisilii
3153 4959 3472 5027 praedicator
3495 4958 3597 5014 iste
3623 4960 3748 5016 exi-

2150 5048 2293 5103 mius
2317 5048 2501 5115 subiit,
2521 5049 2622 5103 nisi
2649 5050 2772 5117 quia
2792 5048 3174 5104 misericordiae
3191 5050 3489 5105 visceribus
3516 5050 3745 5122 instiga-

2157 5153 2263 5208 tus,
2281 5144 2508 5198 aliorum
2531 5147 2725 5198 damna
2748 5151 2807 5198 ut
2830 5158 2924 5198 sua
2940 5144 3127 5208 doluit,
3143 5153 3198 5197 et
3218 5144 3339 5199 ideo
3358 5146 3426 5200 de
3446 5145 3743 5201 multorum

2160 5234 2497 5289 correctione
2518 5233 2943 5288 misericordiam
2965 5235 3347 5303 sempiternam
3371 5249 3555 5289 coram
3571 5236 3748 5292 oculis

2160 5326 2253 5379 Dei
2273 5325 2493 5378 invenit.
2514 5324 2662 5377 Beati
2684 5324 2876 5377 munda
2899 5326 3070 5387 corde,
3094 5326 3340 5394 quoniam
3362 5324 3460 5394 ipsi
3482 5324 3649 5377 Deum
3668 5325 3746 5381 vi-

2161 5417 2348 5470 debunt
2393 5430 2409 5467 :
2456 5416 2688 5470 mundus
2713 5417 2874 5470 corde
2903 5415 3019 5480 fuit,
3050 5416 3142 5485 qui
3190 5424 3394 5469 tantum
3445 5415 3624 5471 lumen
3655 5432 3746 5471 sa-

2161 5507 2375 5575 pientiae
2406 5506 2457 5558 in
2486 5514 2663 5559 mente
2703 5505 2891 5558 habuit
2910 5504 3093 5569 ;‘unde
3122 5502 3247 5557 alibi
3302 5505 3562 5573 scriptum
3591 5513 3675 5559 est
3728 5523 3742 5557 :

2165 5600 2353 5651 Anima
2369 5597 2503 5667 justi
2534 5597 2678 5649 sedes
2716 5606 2787 5649 est
2812 5595 3113 5664 sapientia;
3162 5596 3254 5663 qui
3302 5603 3481 5648 autem
3527 5596 3745 5664 sapienv-

2165 5688 2294 5741 tiam
2320 5701 2500 5740 veram
2531 5673 2785 5753 possidet,
2815 5682 3057 5737 frustrari
3083 5684 3174 5738 Dei
3198 5693 3488 5752 conspectu
3512 5683 3745 5739 nullate-
