3922 6326
175 390 238 445 ιθ
1053 388 1356 445 ΠΟΜΙῌᾹΞ
1400 388 1486 442 DE
1526 386 1748 443 FESTIE

1853 386 2207 455 RIEClPUlS,
2249 390 2403 445 ETC.
3356 392 3426 443 hil

174 522 265 563 nus
285 514 477 577 potest.
509 506 663 561 Beati
691 507 915 576 paci/lci,
938 508 1184 576 quoniam
1210 507 1306 577 ipsi
1340 504 1439 574 ﬁlii
1473 505 1565 559 Dei
1596 521 1744 558 voca-
1774 504 1820 561 Λ
1848 504 1941 558 sed
1967 519 2167 559 corona
2192 504 2437 575 martyrii
2469 504 2526 559 flt
2555 514 2832 575 perpetua.
2858 505 3010 560 Beati
3042 505 3207 575 igitur
3230 518 3425 575 marty-

173 596 392 653 lnmtur:
420 612 613 667 pacem
660 598 758 652 iste
802 605 1009 667 martyr
1064 598 1313 665 primitus
1359 598 1412 650 in
1452 596 1741 665 semetipso

171 688 307 753 fecit,
334 703 456 743 cum
479 675 671 743 omnes
700 697 875 742 motus
897 688 1076 742 carnis
1104 704 1215 743 sua:
1254 688 1479 759 spiritus
1519 686 1743 755 imperio

170 778 481 849 subjugavit,
513 787 571 833 et
607 778 688 832 sic
732 778 952 832 verbum
982 777 1436 833 reconciliationis
1464 776 1583 829 aliis
1610 790 1743 844 prte-

172 869 359 923 dicavit
403 870 569 936 unde,
621 877 675 924 et
719 870 924 938 peccati
976 884 1142 939 regno
1193 870 1492 930 destructo,
1549 866 1745 920 multos

169 957 300 1015 filios
346 973 442 1029 per
498 959 828 1029 baptismum
878 967 931 1015 et
975 961 1413 1031 praedicationem
1472 958 1745 1026 Evangeﬁi

1848 611 1935 649 res
1964 596 2066 651 sibi
2096 596 2366 661 vixerunt,
2409 606 2464 652 et
2513 598 2707 653 mortui
2752 597 3059 667 exemplum
3108 596 3263 653 nobis
3304 598 3425 650 reli~

1846 693 2099 754 querunt,
2148 686 2285 740 bene
2336 686 2601 753 vivendo,
2650 687 3097 751 conversationis,
3150 684 3425 741 tolerando

1846 776 2079 845 fortiter,
2113 780 2399 849 passionis.
2452 779 2586 834 Nam
2645 781 2767 836 ideo
2822 781 3082 835 Dominus
3127 795 3223 849 per
3259 788 3427 836 totum

1848 870 2105 924 mundum
2132 870 2358 925 diversis
2382 870 2558 939 ptenis
2582 871 2691 940 pati
2720 879 2985 941 martyres
3011 871 3202 936 voluit,
3233 879 3291 925 ut
3314 878 3429 925 tan~

1848 976 2008 1029 quam
2032 960 2207 1015 idonei
2242 971 2407 1017 testes
2428 962 2715 1031 praesentia
2746 962 2973 1031 quadam
3022 963 3143 1017 fidei
3182 961 3429 1032 exemplo

169 1050 271 1105 Deo
312 1050 619 1119 acquisivit.
683 1049 833 1103 Beati
880 1051 968 1119 qui
1021 1049 1425 1119 perscrutionem
1478 1050 1748 1118 patiuntur
1830 1070 1959 1115 sua":
1978 1054 2333 1111 confessionis
2355 1063 2665 1125 arguerent,
2692 1053 3430 1122 utlmmanafragilitas,qute

166 1150 365 1213 propter
375 1140 668 1209 justitiam,
697 1141 943 1210 quoniam
980 1140 1212 1208 ipsorum
1259 1148 1333 1192 est
1360 1154 1574 1209 regnum
1602 1135 1747 1189 cccle-

168 1249 275 1286 rum
321 1247 339 1284 :
382 1231 821 1302 persecutionem
874 1231 1037 1300 igitur
1080 1238 1298 1301 propter
1339 1228 1603 1298 justitiam
1640 1242 1747 1282 non

167 1322 325 1377 solum
349 1339 378 1377 a
402 1323 647 1393 paganis,
676 1323 785 1377 imo
814 1323 977 1377 etiam
1006 1324 1072 1377 ab
1094 1322 1367 1378 luereticis
1390 1329 1446 1376 et
1485 1320 1749 1375 schisma-

166 1411 301 1473 ticis.
335 1427 436 1466 nec
465 1428 572 1467 non
609 1421 663 1466 et
709 1427 738 1466 a
778 1411 925 1468 falsis
956 1412 1277 1468 Christianis
1306 1426 1499 1481 passus
1526 1418 1627 1475 est,
1657 1410 1748 1479 qui

163 1516 281 1555 enm
302 1501 496 1557 validis
543 1502 950 1558 insectabantur
976 1504 1133 1567 odiis,
1186 1503 1670 1572 vituperationibus
1696 1510 1751 1557 et

165 1592 414 1648 conviciis
444 1592 743 1658 laniabant,
789 1601 949 1662 atque
978 1595 1187 1649 insidiis
1224 1594 1520 1663 dispositis,
1549 1594 1751 1648 interfl—

166 1695 284 1736 oere
306 1682 604 1750 saepissime
623 1683 967 1754 cogitabant;
1006 1686 1099 1739 sed
1132 1685 1395 1739 Dominus
1442 1682 1588 1738 illum
1619 1698 1747 1753 pro-

169 1770 393 1842 tegebat,
424 1780 486 1827 ut
522 1773 797 1841 Evangelii
846 1776 1197 1829 seminarium
1247 1775 1407 1829 latius
1458 1782 1746 1829 cresceret.

1849 1146 2218 1216 praedicationi
2240 1144 2531 1199 Dominiem
2563 1145 2743 1199 auditu
2772 1144 3000 1215 longiori
3027 1144 3113 1197 vix
3134 1145 3325 1209 credit,
3350 1145 3429 1197 vel

1850 1238 1901 1291 in
1943 1238 2228 1307 praesentia
2276 1238 2585 1292 testimonio
2632 1238 2871 1307 martyrii
2927 1238 3186 1292 crederet.
3244 1235 3433 1291 Cuncti

1851 1329 2013 1398 igitur
2041 1337 2309 1399 martyres
2330 1328 2678 1383 devotissime
2696 1328 2905 1382 colendi
2934 1336 3081 1391 sunt,
3106 1329 3197 1385 sed
3228 1329 3434 1398 specia-

1850 1418 1972 1472 liter
1992 1418 2047 1473 hi
2068 1419 2357 1473 venerandi
2375 1428 2501 1474 sunt
2519 1435 2549 1477 a
2570 1420 2725 1474 nobis
2742 1434 2967 1489 quorum
2986 1420 3240 1489 reliquias
3266 1421 3435 1489 possi-

1851 1510 2057 1567 demus.
2091 1510 2166 1564 llli
2192 1510 2335 1565 enim
2358 1525 2457 1565 nos
2483 1510 2819 1565 orationibus
2846 1510 3122 1580 adjuvant,
3156 1510 3245 1564 isti
3273 1510 3433 1567 etiam

1850 1600 2108 1670 adjuvant
2134 1600 2422 1671 passione:
2447 1616 2569 1657 cum
2595 1601 2683 1655 his
2712 1610 2889 1655 autem
2920 1600 3076 1655 nobis
3098 1598 3437 1654 familiaritas

1850 1692 2096 1763 quaedam
2111 1700 2213 1756 est,
2234 1706 2445 1761 semper
2464 1692 2609 1746 enim
2635 1692 2916 1747 nobiscum
2932 1701 3075 1756 sunt,
3092 1690 3195 1745 hoc
3210 1697 3292 1743 est
3310 1698 3366 1743 et
3386 1690 3436 1743 in

1851 1800 2080 1855 corpore
2093 1785 2334 1838 viventes
2354 1782 2685 1847 custodiunt,
2710 1791 2763 1837 et
2784 1784 2849 1846 de
2871 1796 3097 1851 corpore
3120 1781 3436 1836 recedentes

170 1859 460 1917 Novissime
503 1878 657 1927 vero,
710 1879 829 1917 eum
883 1864 1169 1919 Frisonum
1212 1866 1357 1935 genti
1381 1865 1605 1919 verbum
1651 1864 1745 1919 Dei
1777 1885 1823 1943 Β
1852 1876 2302 1945 ειςίρίιηηειιίο,
2334 1890 2401 1929 ne
2443 1882 2787 1944 peccatorum
2811 1872 2958 1927 labes
2993 1879 3271 1926 assumant
3307 1884 3437 1930 nos,

165 1953 497 2022 praedicaret,
528 1969 650 2008 cum
679 1953 854 2023 palma
880 1956 1126 2025 martyrii
1148 1956 1213 2008 ad
1236 1955 1521 2011 Dominum
1551 1955 1749 2025 migra-

165 2042 255 2095 vit.
303 2042 444 2099 Ecce
496 2043 743 2109 audistis,
778 2043 973 2100 fratres
1004 2047 1330 2112 charissimi,
1382 2060 1481 2115 per
1511 2046 1751 2117 singulas

164 2134 364 2204 species
386 2135 741 2192 beatitudinis
761 2139 993 2207 qualiter
1019 2139 1120 2193 iste
1156 2148 1377 2194 sanctus
1404 2141 1630 2194 antistes
1657 2140 1746 2194 Dei

165 2236 215 2282 et
233 2240 439 2300 martyr
464 2230 802 2300 proficiebat,
832 2242 886 2287 et
915 2234 981 2286 ad
1012 2248 1174 2302 quam
1204 2232 1585 2303 perfectionem
1627 2248 1749 2303 per-

175 2318 423 2372 veniebat.
456 2320 739 2375 Imitemur
766 2337 882 2383 nos,
916 2323 1006 2390 qui
1038 2322 1240 2376 alumni
1272 2321 1389 2391 ejus
1416 2339 1623 2387 sumus,
1654 2339 1749 2392 pro

179 2406 372 2461 nodulo
412 2417 624 2474 nostro,
665 2408 966 2479 profectum
1014 2411 1165 2479 ejus;
1208 2426 1499 2481 sequamur
1548 2412 1749 2465 monita

186 2491 322 2559 llius,
353 2503 408 2550 et
436 2496 538 2562 sic,
564 2495 674 2551 Deo
720 2497 1036 2567 opitulante,
1081 2502 1459 2570 perveniemus
1505 2501 1571 2555 ad
1616 2515 1753 2569 prae-

174 2582 324 2636 nium
353 2583 495 2653 ejus.
550 2584 854 2640 Laudemus
901 2585 955 2639 in
1010 2587 1236 2643 Domino
1282 2590 1517 2643 animam
1560 2588 1747 2657 ipsius,

170 2671 284 2741 quia
311 2676 475 2730 modo
501 2692 622 2731 cum
658 2676 865 2731 sanctis
892 2678 1095 2746 angelis
1126 2679 1337 2734 laetatur
1363 2680 1415 2733 in
1462 2688 1750 2748 conspectu

166 2762 292 2834 ejus.
323 2766 670 2823 Honoremus
703 2768 867 2822 etiam
895 2782 1091 2837 corpus
1142 2770 1307 2834 illius,
1355 2770 1480 2839 quia
1525 2772 1749 2840 pretiosa

165 2863 240 2909 est
268 2858 321 2909 in
352 2868 634 2927 conspectu
668 2859 880 2915 Domini
909 2877 1049 2914 mors
1078 2870 1378 2915 sanctorum
1410 2861 1523 2929 ejus
1576 2858 1745 2931 (Paul.

162 2944 301 3016 ειν).
333 2946 838 3005 Commemoremus
863 2951 1170 3020 passionem
1199 2949 1337 3019 ejus,
1364 2960 1417 3005 et
1444 2952 1523 3005 sic
1550 2950 1601 3004 in
1632 2951 1749 3005 loco

163 3035 509 3105 reliquiarum
542 3039 686 3095 illius
718 3039 1048 3097 celebremus
1078 3042 1303 3111 gloriam
1329 3040 1581 3110 triumphi
1610 3039 1746 3109 ejus.

162 3126 271 3184 Non
301 3130 447 3184 enim
478 3146 630 3185 aram
674 3133 1053 3188 constituimus
1084 3142 1341 3202 tanquam
1390 3132 1498 3187 Deo
1536 3131 1752 3187 Bonifa-

1854 1965 1927 2021 ibi
1957 1980 2025 2020 ne
2054 1966 2251 2021 inferni
2280 1966 2476 2020 horror
2517 1964 2753 2019 invadat.
2801 1962 2935 2017 Nam
2985 1963 3107 2017 ideo
3152 1976 3183 2016 a
3219 1958 3438 2029 majori-

1850 2056 1950 2111 bus
1985 2057 2086 2110 hoc
2102 2055 2377 2124 provisum
2392 2062 2476 2109 est
2491 2061 2549 2109 ut
2562 2063 2871 2110 sanctorum
2892 2053 3104 2109 ossibus
3126 2059 3309 2106 nostra
3323 2064 3438 2105 cor-

1849 2163 1979 2219 pora
1996 2148 2285 2211 sociemus,
2304 2154 2363 2199 ut
2383 2147 2509 2200 dum
2525 2146 2644 2201 illos
2669 2155 2905 2200 tartarus
2930 2144 3141 2206 metuit,
3160 2158 3255 2196 nos
3276 2156 3435 2211 ρωιιίε

1850 2252 1955 2293 non
1988 2245 2202 2308 tangat;
2244 2237 2369 2291 dum
2417 2236 2535 2291 illos
2578 2235 2823 2291 Christus
2872 2233 3158 2297 illuminat,
3202 2248 3232 2285 a
3286 2231 3443 2285 nobis

1852 2329 2203 2382 tenebrarum
2231 2326 2409 2395 caligo
2436 2325 2697 2395 dilfugiat.
2742 2324 2872 2379 Cum
2905 2324 3105 2377 sanctis
3133 2337 3262 2392 ergo
3303 2336 3441 2373 mar-

1853 2418 2061 2487 tyribus
2079 2417 2442 2485 quiescentes,
2468 2414 2760 2469 evademus
2788 2412 2980 2467 inferni
3008 2412 3281 2475 tenebras,
3311 2419 3366 2464 et
3389 2411 3440 2463 si

1852 2522 1957 2561 non
1986 2506 2220 2576 propriis
2250 2506 2493 2571 meritis,
2531 2513 2770 2559 attamen
2802 2505 2925 2559 ﬁdei
2957 2504 3183 2558 veritate
3209 2511 3264 2556 et
3301 2516 3433 2555 con—

1852 2597 2005 2651 sortii
2058 2596 2364 2651 sanctitate.
2403 2594 2669 2665 Martyres
2706 2594 2850 2649 enim
2891 2591 3085 2648 inferni
3128 2599 3280 2661 porta
3328 2605 3438 2644 non

1852 2686 2118 2755 possidet,
2161 2685 2418 2754 quoniam
2458 2700 2554 2741 eos
2593 2684 2826 2755 paradisi
2856 2699 3078 2753 regnum
3115 2690 3277 2735 tenet.
3307 2680 3439 2733 Nam

1852 2779 2094 2832 videmus
2123 2791 2217 2831 eos
2261 2776 2349 2831 hic
2380 2777 2562 2846 utique
2588 2775 2697 2844 jam
2742 2790 3001 2846 regnare;
3051 2774 3324 2828 cernimus
3347 2786 3441 2827 eos

1853 2866 2165 2935 frequenter
2214 2866 2280 2920 ab
2322 2866 2773 2920 immundissimis
2814 2864 3145 2918 (temonibus
3192 2864 3443 2917 obsessos

1851 2957 2097 3011 homines
2122 2956 2387 3021 liberare;
2437 2956 2680 3011 videmus
2710 2966 2763 3010 et
2798 2959 2866 3010 ab
2888 2956 2967 3010 eis
2999 2965 3205 3007 natura:
3238 2962 3438 3008 nostra:

1850 3046 2219 3101 infirmitatem
2254 3047 2504 3113 relevari,
2535 3048 2638 3102 hoc
2659 3055 2744 3101 est
2768 3061 2939 3101 caecos
2966 3044 3276 3110 illuminari,
3313 3060 3431 3100 sur—

1854 3136 1935 3192 dis
1962 3137 2201 3192 auditum
2227 3137 2474 3207 przeberi,
2518 3137 2721 3192 claudis
2750 3150 2995 3207 gressum
3040 3136 3244 3203 tribui,
3273 3135 3439 3190 mutis

160 3221 265 3285 cio,
311 3221 405 3275 sed
446 3236 578 3275 vero
610 3221 720 3277 Deo
768 3238 918 3277 aram
967 3222 1191 3277 fecimus
1232 3221 1590 3285 Bonifacium,
1623 3222 1747 3292 quia
1778 3251 1823 3314 ρ
1855 3226 2142 3296 loquelam,
2173 3235 2227 3281 et
2254 3227 2520 3281 debilibus
2548 3227 2834 3282 sanitatem
2866 3224 3120 3281 conferri.
3150 3224 3275 3281 Haec
3304 3242 3437 3295 quo-

162 3316 311 3369 sedes
334 3314 525 3383 utique
552 3314 645 3368 Dei
673 3322 756 3370 est
792 3315 973 3370 anima
1020 3316 1188 3385 ipsius
1232 3332 1243 3368 :
1297 3314 1365 3368 ad
1413 3311 1566 3382 cujus
1618 3328 1757 3384 gau-

165 3403 303 3457 dium
333 3421 434 3475 per
461 3407 763 3460 orationem
800 3406 942 3461 illius
969 3422 1066 3461 nos
1092 3406 1375 3477 pervenire
1422 3420 1581 3475 posse
1626 3420 1753 3460 con-

165 3494 332 3559 cedat,
362 3496 456 3564 qui
492 3495 643 3549 illum
682 3497 1057 3567 triumpharat,
1110 3494 1266 3551 Jesus
1297 3496 1543 3555 Christus
1572 3495 1757 3550 Domia

165 3599 259 3637 nus
284 3594 492 3649 noster,
520 3585 612 3653 qui
639 3584 767 3639 vivit
792 3594 848 3640 et
880 3594 1071 3655 regnat
1092 3600 1216 3639 cum
1239 3585 1348 3639 Deo
1370 3583 1531 3637 Patre
1550 3592 1606 3638 et
1632 3584 1751 3653 Spi-

164 3672 265 3728 ritu
320 3686 515 3732 sancto
548 3677 714 3743 Deus,
767 3692 864 3747 per
916 3675 1097 3732 omnia
1156 3674 1349 3730 Saecula
1409 3674 1748 3731 smculorun.

164 3764 353 3822 Amen.

712 3854 995 3913 HOMILIA
1024 3854 1195 3911 XXV.

441 3962 499 4003 Ιβ
525 3962 721 4003 κΔτΑιι
746 3963 932 4003 SANCTI
958 3963 1147 4002 ALBANI
1174 3959 1441 4001 NARTYBIS

229 4035 431 4099 Sancta
483 4038 797 4093 solemnitas
852 4036 1146 4091 beatissimi
1210 4035 1399 4089 Albani
1456 4033 1746 4104 martyris,

162 4140 277 4195 qua
312 4141 435 4191 nos,
466 4124 668 4181 fratres
694 4126 1025 4191 charissimi,
1058 4126 1111 4179 in
1149 4138 1365 4178 nomine
1393 4123 1602 4177 Domini
1628 4138 1752 4177 con-

163 4217 421 4285 gregavit,
464 4215 533 4271 de
572 4216 783 4271 meritis
811 4224 865 4270 et
892 4215 1063 4285 gloria
1109 4216 1243 4269 tanti
1294 4213 1546 4284 martyris
1586 4212 1753 4282 exigit

164 4306 363 4377 aliquid
393 4306 529 4372 dici,
578 4307 673 4361 sed
723 4320 829 4361 non
884 4313 1063 4377 potest
1113 4306 1315 4375 aliquid
1364 4306 1524 4376 digne
1571 4303 1673 4358 diei
1735 4317 1747 4355 :

166 4404 544 4451 verumtamen
579 4404 634 4451 et
668 4411 767 4451 nos
797 4396 1084 4452 devotione
1110 4398 1281 4467 magis
1308 4411 1471 4465 quam
1498 4394 1752 4450 facultate

162 4486 442 4543 laudemus
470 4502 614 4553 eum,
649 4488 758 4543 imo
788 4488 1070 4543 Dominum
1100 4489 1379 4543 laudemus
1413 4490 1465 4541 in
1511 4504 1597 4552 eo,
1648 4487 1751 4540 Do.

1856 3333 1961 3386 que
1980 3326 2035 3372 et
2065 3316 2170 3370 alia
2198 3316 2455 3371 miracula
2477 3332 2575 3386 per
2596 3326 2811 3371 sanctos
2839 3316 2954 3371 fieri
2976 3317 3228 3371 omnibus
3254 3323 3437 3370 notum

1854 3418 1937 3464 est
1958 3450 1973 3475 ,
2003 3417 2057 3462 et
2090 3404 2237 3472 ideo,
2273 3407 2503 3471 fratres,
2542 3423 2863 3463 veneremur
2890 3424 2983 3463 eos
3013 3409 3063 3461 in
3096 3409 3197 3463 hoc
3223 3407 3438 3471 saeculo,

1854 3514 1988 3569 quos
2018 3498 2327 3554 defensores
2357 3498 2557 3553 habere
2586 3498 2833 3568 CUpimus
2864 3498 2917 3551 in
2950 3498 3131 3552 futuro
3167 3516 3178 3551 :
3215 3505 3270 3552 et
3299 3497 3439 3551 sicut

1853 3602 1975 3642 cum
2008 3588 2089 3641 eis
2119 3588 2335 3642 ossibus
2368 3595 2651 3656 parentum
2684 3596 2994 3641 nostrorum
3034 3587 3331 3658 jungimur,
3364 3587 3436 3639 ita

1852 3687 1907 3733 et
1928 3679 2007 3733 eis
2030 3677 2152 3732 fidei
2179 3678 2480 3732 imitatione
2504 3674 2814 3747 iungamur.
2862 3677 3155 3747 Diligamus
3181 3676 3325 3746 quod
3355 3675 3431 3729 illi

1853 3768 2176 3832 dilexerunt,
2207 3775 2261 3823 et
2300 3767 2547 3822 odiamus
2571 3769 2712 3837 quod
2741 3766 2811 3820 illi
2840 3768 3095 3830 oderunt;
3132 3778 3440 3836 quaeramus

1852 3858 1995 3927 quod
2029 3858 2127 3926 ipsi
2157 3858 2523 3924 quaesierunt,
2556 3866 2611 3911 et
2635 3856 2963 3926 refugiamus
2992 3856 3134 3925 quod
3164 3857 3262 3925 ipsi
3294 3856 3439 3911 refu-

1853 3948 2087 4018 gierunt.
2134 3946 2448 4001 Dilexerunt
2474 3947 2689 4015 quidem
2720 3948 2792 4001 illi
2824 3948 2990 4001 Deum
3018 3964 3082 4001 ex
3116 3956 3224 4002 toto
3254 3948 3433 4010 corde,

1856 4043 1965 4089 tota
1994 4036 2169 4089 anima
2191 4074 2205 4100 ,
2248 4046 2357 4089 t0ta
2385 4036 2585 4091 virtute
2606 4076 2619 4099 ,
2650 4044 2703 4089 et
2726 4036 2999 4104 proximos
3028 4050 3155 4091 suos
3186 4046 3437 4104 tanquam

1854 4124 2093 4193 seipsos;
2135 4124 2207 4177 ita
2238 4133 2293 4180 et
2318 4138 2417 4179 nos
2441 4124 2574 4179 nihil
2610 4139 2794 4179 amore
2832 4124 2923 4179 Dei
2954 4141 3348 4195 pneponamus,
3384 4136 3438 4181 et

1852 4215 2126 4283 proximos
2150 4223 2366 4269 nostros
2390 4216 2444 4269 in
2470 4230 2787 4285 quocunque
2812 4217 3079 4285 possimus
3102 4217 3433 4286 adjuvemus.

1853 4303 1931 4357 llli
1951 4304 2179 4358 oderunt
2204 4305 2330 4359 vitia
2357 4346 2370 4371 ,
2396 4313 2451 4359 et
2479 4310 2783 4359 vitaverunt
2812 4316 3028 4376 peccata
3046 4347 3061 4372 ,
3096 4323 3195 4362 nos
3219 4323 3433 4377 quoque

1854 4395 2103 4450 similiter
2134 4396 2459 4451 detestamur
2485 4398 2615 4451 vitia
2635 4440 2650 4461 ,
2690 4409 2745 4451 et
2773 4397 3001 4452 vitemus
3032 4408 3271 4466 peccata.
3304 4398 3430 4468 ipsi,

1857 4483 2182 4554 refugientes
2222 4484 2407 4539 luxum
2441 4486 2598 4556 hujus
2627 4487 2782 4553 vitaz,
2812 4502 2907 4556 per
2937 4486 3097 4540 ﬁdem
3144 4499 3345 4542 rectam
3382 4498 3432 4545 et

166 4578 363 4632 mitium
393 4578 449 4631 in
482 4576 594 4642 illo,
623 4587 678 4631 et
704 4578 851 4632 illum
883 4580 937 4633 in
984 4580 1228 4633 Domino.
1260 4578 1396 4645 Quid
1424 4578 1563 4631 enim
1606 4584 1751 4631 esset
1781 4595 1829 4653 ι)
1856 4577 1994 4631 bona
2021 4592 2185 4645 opera
2226 4580 2555 4647 quaesierunt
2582 4580 2743 4633 vitam
2773 4588 3061 4643 aeternam;
3098 4595 3195 4634 uos
3223 4596 3435 4651 quoque

163 4666 275 4721 sine
318 4666 576 4732 Domino,
608 4682 709 4721 vox
749 4680 1045 4739 martyrum
1075 4669 1141 4723 de
1170 4669 1373 4738 psalmo
1403 4684 1523 4721 cum
1550 4667 1753 4736 legere-

166 4766 247 4810 tur
271 4757 458 4810 audita
495 4764 580 4811 est
606 4774 617 4809 :
648 4757 919 4812 Auxilium
953 4769 1189 4813 nostrum
1215 4760 1269 4812 in
1293 4760 1497 4812 nomine
1543 4757 1752 4810 Domini

165 4844 333 4913 (Psal.
366 4847 585 4915 cum).
624 4846 680 4901 Si
713 4848 969 4902 auxilium
1001 4851 1244 4903 omnium
1272 4859 1517 4903 nostrum
1546 4847 1600 4901 in
1653 4862 1749 4901 no-

166 4939 304 4992 mine
337 4940 577 5001 Domini,
608 4948 810 5007 quanto
847 4941 1016 5009 magis
1049 4950 1347 5012 martyrum
1396 4959 1405 4993 :
1457 4940 1548 4993 ubi
1579 4938 1751 5006 major

164 5037 358 5098 pugna,
398 5028 474 5081 ibi
521 5029 695 5097 majus
738 5030 993 5083 auxilium
1040 5032 1402 5085 necessarium
1439 5038 1537 5084 est.
1569 5028 1748 5083 Facile

164 5130 264 5181 est,
292 5120 518 5183 fratres,
561 5130 857 5192 martyrum
885 5121 1142 5176 solemnia
1170 5122 1463 5181 celebrare,
1493 5122 1586 5175 sed
1613 5119 1747 5173 ditii-

168 5209 263 5264 rile
310 5220 398 5265 est
449 5220 749 5281 martyrum
784 5214 1061 5281 passiones
1109 5212 1327 5265 imitari.
1369 5214 1666 5280 Angustam
1696 5218 1749 5263 et

168 5312 369 5357 arctam
404 5303 838 5359 Christianorum
885 5307 1027 5359 viam
1068 5306 1183 5359 dum
1214 5320 1300 5359 res
1348 5305 1569 5369 faciunt,
1622 5320 1748 5359 ron-

171 5399 398 5463 temptus
432 5394 721 5464 voluptatis
747 5404 800 5449 et
848 5396 1129 5450 tolerantia
1176 5395 1465 5463 passionis.
1497 5396 1749 5463 Quisquis

169 5482 322 5551 igitur
349 5484 538 5536 taliter
604 5485 859 5555 confligit,
917 5486 1053 5541 sciat
1110 5500 1168 5539 se
1218 5501 1337 5540 cum
1385 5494 1494 5538 toto
1550 5486 1748 5538 mundo

170 5570 475 5640 conﬂigere.
511 5570 643 5625 Nam
674 5574 717 5627 si
755 5575 866 5629 haec
896 5574 1002 5630 duo
1038 5574 1239 5638 vincat,
1281 5575 1332 5628 id
1358 5584 1459 5637 est,
1489 5573 1747 5642 quidquid

170 5661 444 5716 blanditur
470 5672 528 5716 et
555 5663 813 5733 quidquid
840 5669 1094 5731 minatur,
1124 5666 1197 5719 ita
1234 5667 1399 5720 vincit
1446 5666 1702 5719 mundum
1730 5685 1740 5719 :

172 5755 415 5825 voluptas
442 5754 592 5809 enim
626 5756 806 5810 mundi
855 5757 985 5813 falsa
1030 5769 1113 5813 est
1144 5766 1196 5811 et
1227 5772 1361 5824 pene
1409 5756 1743 5819 transitoria,

1857 4665 2014 4718 simili
2062 4666 2220 4721 modo
2268 4668 2634 4721 renuntiantes
2688 4667 3052 4735 voluptatibus
3104 4670 3326 4734 carnis,
3380 4671 3433 4723 in

1854 4754 1977 4817 fide,
2008 4770 2125 4822 qute
2156 4770 2252 4823 per
2272 4755 2610 4810 dilectionem
2634 4766 2908 4825 operatur,
2932 4773 3238 4827 quaeramus
3266 4760 3432 4812 vitam

1854 4845 2066 4898 beatam
2092 4856 2147 4900 et
2176 4845 2368 4915 gaudia
2399 4846 2516 4899 sine
2546 4844 2651 4899 ﬁne
2684 4862 2952 4900 mansura.
2984 4847 3037 4900 ln
3079 4846 3224 4902 nullo
3250 4847 3433 4901 videli-

1853 4949 1939 4994 cet
1968 4942 2033 4995 ab
2065 4942 2195 5009 ipsis
2230 4942 2468 5010 separari
2496 4942 2810 5010 poterimus,
2842 4943 2884 4995 si
2912 4942 3180 4996 sociemus
3209 4957 3307 4997 nos
3330 4942 3432 4998 illis

1857 5039 1964 5084 tam
1996 5032 2249 5100 religione
2276 5047 2436 5100 quam
2478 5045 2705 5100 corpore
2738 5051 2748 5084 :
2798 5028 2938 5100 quod
2968 5048 3063 5101 per
3088 5032 3431 5088 intercessio—

1855 5138 1975 5174 nem
2004 5131 2058 5176 et
2090 5124 2277 5176 merita
2306 5121 2447 5175 illius
2474 5122 2641 5175 sancti
2684 5123 2936 5190 martyris
2966 5126 3029 5175 ad
3064 5123 3215 5190 cujus
3244 5137 3430 5177 sacras

1855 5215 2109 5283 reliquias
2142 5224 2401 5278 astamus,
2434 5214 2545 5282 ipse
2573 5213 2724 5267 nobis
2754 5224 3007 5281 praestare
3036 5214 3304 5282 dignetur,
3335 5216 3425 5284 qui

1854 5318 1975 5358 cum
2024 5302 2181 5357 Patre
2213 5313 2267 5356 et
2296 5303 2500 5371 Spiritu
2543 5310 2732 5357 sancto
2772 5303 2903 5355 vivit
2947 5312 2999 5356 et
3041 5314 3229 5374 regnat
3263 5305 3426 5369 Deus,

1853 5410 1946 5463 per
1976 5396 2151 5447 omnia
2188 5395 2381 5448 sarcula
2414 5394 2751 5447 saeculorum.
2780 5396 2970 5448 Amen.

2385 5502 2665 5557 HOMILIA
2712 5502 2899 5557 XXVI.

2110 5591 2160 5628 ΙΝ
2201 5590 2392 5628 NATALI
2431 5589 2617 5627 SANCTI
2648 5588 2861 5629 JOANNIS
2897 5586 3191 5627 BAPTISTE.

1924 5661 2040 5718 1am
2069 5665 2293 5719 Domino
2319 5665 2642 5733 propitiante
2669 5705 2681 5727 ,
2714 5663 2907 5717 fratres
2931 5663 3237 5716 charissimi
3260 5703 3275 5727 ,
3318 5678 3418 5717 non

1853 5770 2041 5821 parum
2068 5755 2371 5810 desiderata
2398 5755 2613 5810 advenit
2642 5754 2903 5811 festivitas
2930 5796 2940 5816 ,
2976 5764 3025 5806 et
3054 5754 3170 5807 ideo
3201 5756 3407 5821 quiem}
