3922 6328
437 386 498 444 ει
1075 380 1136 436 n.
1180 381 1433 437 RAMNI
1475 358 1692 440 munt
1730 381 2049 439 ARCillEP.
2093 383 2405 444 uocum.
2445 389 2733 457 OPERUM
2765 392 2946 452 rans
2984 394 3047 449 ιι.
3663 403 3732 459 52

437 513 545 569 que
569 497 708 554 bene
746 494 925 551 devoti
958 496 1113 552 bonis
1143 498 1397 568 operibus
1425 499 1494 563 ad
1523 506 1727 554 tantam
1754 498 2037 554 ceh-hrita-
2067 501 2114 560 Α
2140 507 2196 554 et
2235 501 2564 561 infidelitatis
2603 506 2832 566 humore
2879 509 3107 584 digesto,
3134 512 3455 570 adveniente
3491 513 3729 582 Clu-isto,

441 600 550 647 tem
591 604 652 647 se
680 600 1138 661 praparaverant,
1172 591 1419 647 securius
1443 591 1747 664 gaudeant;
1785 608 1876 662 qm
1905 606 2036 646 vero

439 681 507 739 ad
556 681 658 735 hoc
704 679 1012 735 faciendum
1053 681 1228 752 magis
1254 683 1434 739 adhuc
1457 697 1652 754 segnes
1689 684 2032 749 exstiterant,

441 773 868 835 misericordiam
901 772 994 828 Dei
1023 772 1214 829 saltem
1250 789 1396 830 nunc
1433 789 1556 831 cum
1577 774 1834 846 lacrymis
1861 782 1918 830 et
1946 789 2037 847 ge-

439 864 578 920 mitu
617 865 878 920 intentius
916 873 1192 936 expetant,
1240 875 1301 922 ttt
1333 867 1530 939 gaudio
1573 874 1886 924 sanctorum
1912 879 2038 938 per-

441 955 583 1014 fecto
610 957 662 1011 in
691 965 953 1012 aeternum
978 973 1086 1025 non
1111 957 1356 1014 careant.
1386 958 1633 1014 Natalem
1660 974 1877 1030 quoque
1905 975 2036 1015 san-

438 1051 512 1108 cti
534 1049 758 1108 Joannis
782 1051 1040 1122 Baptista
1059 1051 1243 1116 hodie,
1267 1050 1484 1116 fratres,
1508 1051 1868 1117 celebramus,
1891 1051 2036 1122 quod

439 1145 572 1203 nulli
602 1152 917 1213 sanctorum
943 1161 1182 1215 unquam
1216 1144 1445 1216 legimus
1492 1145 1657 1202 fuisse
1693 1161 2031 1202 concessum.

439 1235 622 1294 Solius
643 1237 786 1292 enim
821 1237 1033 1293 Domini
1071 1244 1126 1292 et
1151 1238 1296 1293 beati
1335 1235 1560 1293 Joannis
1584 1237 1699 1293 dics
1735 1237 2036 1292 nativitatis

439 1329 497 1386 in
522 1329 776 1385 universo
807 1329 1011 1384 mundo
1033 1329 1340 1385 celebratur
1373 1338 1427 1383 et
1457 1329 1673 1395 colitur,
1708 1338 1762 1385 et
1793 1330 1988 1384 merito
2019 1347 2032 1384 :

439 1423 568 1492 quia
603 1430 834 1492 utraque
871 1421 1128 1476 nativitas
1167 1421 1323 1490 plena
1356 1429 1435 1476 est
1467 1421 1741 1491 mysterio.
1773 1418 2038 1476 Joannem

441 1514 644 1570 sterilis
681 1513 912 1585 peperit,
955 1512 1232 1569 Christum
1261 1511 1428 1583 Virgo
1458 1513 1735 1582 concepit;
1770 1512 1822 1566 in
1865 1512 2040 1568 Eliss-

439 1606 568 1662 beth
599 1605 860 1660 sterilitas
887 1604 1146 1669 vincitur,
1193 1605 1246 1658 in
1269 1605 1429 1658 beata
1463 1602 1632 1658 Maria
1672 1603 2041 1672 conceptionis

441 1696 776 1751 consuetudo
803 1703 1078 1760 mutatur;
1131 1695 1409 1750 Elisabeth
1451 1695 1627 1749 virum
1660 1695 2040 1765 cognoscendo

442 1788 611 1844 filium
638 1789 853 1860 genuit,
883 1787 1049 1842 Maria
1093 1787 1283 1859 angelo
1323 1787 1554 1842 credidit
1579 1797 1633 1843 et
1661 1788 1904 1857 concepit
1940 1788 2040 1842 lto-

2141 592 2210 648 ab
2240 593 2330 650 illo
2356 595 2564 652 caelesti
2596 597 2799 654 lumine
2831 598 3096 656 laetiﬁcari
3124 615 3345 672 possent
3367 607 3547 675 potius
3572 623 3733 677 quam

2145 685 2406 755 torqueri.
2453 685 2608 744 Sicut
2641 689 2787 746 enim
2818 689 3106 762 lippientes
3130 695 3316 749 oculos
3345 699 3411 752 ad
3441 697 3736 754 videndum

2141 792 2406 846 provocas
2428 779 2474 834 si
2499 782 2752 854 exiguum
2776 783 3117 853 splendorem
3143 786 3376 843 lucerna
3407 791 3734 855 ostenderis,

2140 877 2194 922 ct
2223 870 2456 941 amplius
2485 873 2698 929 crucias
2727 874 2769 929 si
2803 874 2983 932 lumcn
3008 892 3263 949 magnum
3306 880 3624 951 ingesseris,
3659 882 3735 938 ita

2144 958 2402 1016 Dominus
2432 972 2486 1017 ct
2511 962 2765 1020 Salvator
2797 976 3006 1033 noster,
3049 970 3140 1039 qui
3181 977 3264 1025 cst
3301 970 3480 1026 lumen
3521 989 3735 1036 verum.

2141 1054 2244 1108 nisi
2285 1055 2436 1125 prius
2475 1057 2691 1113 beatum
2731 1057 2994 1116 Joannem
3021 1061 3165 1117 velut
3194 1065 3469 1120 lucernam
3501 1068 3740 1136 puemit-

2142 1152 2303 1212 tcret,
2336 1147 2646 1204 claritatem
2683 1150 2800 1220 ejus
2843 1162 2988 1208 totus
3031 1154 3266 1210 mundus
3315 1155 3584 1212 sustinere
3629 1173 3736 1212 non

2138 1245 2341 1306 posset.
2397 1236 2539 1308 Ergo
2568 1239 2694 1307 quia
2739 1241 2955 1298 beatum
2985 1256 3374 1312 pracursorem
3409 1244 3620 1300 Domini
3657 1245 3738 1300 lu-

2139 1342 2358 1384 cernam
2383 1345 2505 1386 esse
2530 1333 2884 1402 cognovimus
2907 1377 2921 1398 ,
2948 1337 3039 1406 qui
3074 1352 3259 1392 veram
3293 1338 3464 1394 lucem
3493 1356 3736 1410 praeur-

2140 1420 2313 1486 rebat,
2337 1431 2392 1477 et
2425 1423 2794 1480 testimonium
2825 1427 3090 1496 perhibuit
3121 1426 3188 1483 de
3212 1428 3441 1510 Lumine,
3468 1440 3525 1485 ut
3546 1444 3740 1486 omnes

2139 1513 2423 1568 crederent
2447 1528 2546 1585 per
2574 1516 2725 1571 illum
2770 1535 2782 1571 :
2833 1533 3123 1574 curramus
3160 1501 3417 1584 adeum,
3452 1520 3740 1577 audiamus

2140 1603 2269 1672 quid
2305 1613 2542 1660 resonet.
2575 1606 2692 1676 Ipse
2719 1608 2940 1678 quidem
2976 1623 3080 1664 vox
3112 1619 3219 1676 est,
3250 1611 3389 1665 sicut
3417 1610 3543 1665 dicit
3573 1611 3739 1666 [satas

2140 1697 2402 1767 propheta
2431 1715 2443 1752 :
2478 1695 2595 1754 νοτ
2611 1698 2889 1755 clamantis
2917 1701 2972 1756 in
2996 1704 3223 1769 deserto,
3256 1700 3453 1758 Parate
3477 1703 3616 1757 uiam
3636 1702 3738 1757 Do-

2142 1789 2292 1854 mini,
2318 1799 2487 1846 rectas
2519 1791 2676 1862 facite
2697 1793 2910 1848 semitas
2936 1793 3073 1865 ejus.
3105 1793 3290 1849 Omnis
3316 1793 3466 1849 vallis
3498 1794 3740 1865 implebi-

442 1880 676 1944 minem;
705 1880 953 1950 concepit
977 1877 1255 1934 Elisabcth
1291 1878 1584 1942 hominem,
1618 1877 1712 1933 sed
1742 1878 1913 1933 solum
1944 1879 2038 1933 ho-
2073 1860 2115 1918 Β
2143 1888 2231 1934 tur
2270 1891 2340 1935 et.
2358 1860 2527 1938 omnis
2571 1901 2721 1939 mons
2762 1895 2809 1938 et
2851 1860 3000 1939 collis
3044 1886 3412 1940 humiliabitur
3434 1927 3449 1952 ,
3498 1897 3546 1942 et
3571 1860 3742 1942 erunt

443 1970 671 2035 minem,
702 1968 872 2024 Maria
897 1984 1026 2025 vero
1060 1968 1237 2024 Deum
1265 1978 1322 2034 et
1359 1969 1654 2024 hominem.
1686 1968 1911 2041 Magnus
1943 1969 2041 2040 igi-

443 2067 533 2116 tur
559 2058 820 2125 Joannes,
851 2059 1005 2130 cujus
1027 2058 1386 2131 magnitudini
1416 2059 1578 2114 etiam
1610 2043 1859 2114 salvator
1884 2062 2039 2116 testi—

443 2151 687 2206 monium
721 2151 968 2221 perhibet
1010 2151 1197 2207 dicens
1229 2169 1242 2204 :
1290 2150 1415 2205 Non
1441 2151 1671 2204 surrexit
1713 2151 1852 2206 inter
1889 2162 2041 2208 natos

443 2243 722 2298 mulierum
750 2241 928 2312 major
966 2241 1176 2297 Joanne
1214 2241 1457 2312 Baptista
1488 2240 1706 2310 (Matth.
1742 2241 1836 2313 χι).
1889 2242 2038 2298 Pra-

443 2333 593 2390 eellit
611 2333 756 2389 enim
777 2331 990 2388 cunctis
1019 2340 1073 2387 et
1096 2332 1386 2398 universis,
1417 2332 1688 2388 antecedit
1724 2333 2037 2404 prophetas,

443 2425 852 2498 supergreditur
905 2426 1267 2495 patriarchas,
1313 2433 1371 2480 et
1414 2423 1660 2494 quisquis
1703 2424 1769 2485 de
1814 2424 2042 2481 muliere

445 2527 606 2574 natus
627 2527 729 2584 est,
766 2519 993 2574 inferior
1016 2526 1100 2574 cst
1129 2515 1338 2572 Joanne
1364 2534 1376 2570 :
1404 2517 1496 2588 qui
1524 2525 1704 2572 autem
1733 2519 1798 2573 de
1823 2517 2041 2589 Virgine

444 2621 605 2668 natus
651 2620 756 2678 est,
789 2609 964 2680 major
1005 2619 1091 2666 est
1133 2609 1252 2674 illo;
1278 2609 1420 2664 unde
1477 2608 1619 2663 idem
1665 2607 1900 2665 Joannes
1922 2610 2036 2664 ait:

445 2703 553 2771 Qui
577 2711 691 2775 post
717 2719 798 2756 me
823 2703 978 2763 venit,
1005 2713 1124 2756 ante
1153 2716 1235 2754 me
1262 2699 1434 2769 factus
1471 2708 1570 2765 est,
1601 2699 1753 2770 cujus
1781 2716 1883 2756 non
1923 2717 2042 2755 sum

443 2795 640 2866 dignus
667 2794 865 2850 soluere
914 2793 1196 2864 corrigiam
1227 2790 1564 2846 calceamenti
1592 2790 1775 2864 (Joan.
1816 2792 1894 2862 ι);
1940 2800 2037 2848 et:

442 2887 524 2946 De
545 2886 874 2961 plenitudine
899 2886 1014 2957 ejus
1038 2902 1130 2940 nos
1157 2900 1335 2939 omnes
1362 2884 1675 2954 accepimus,
1701 2884 1924 2954 gratiam
1946 2900 2041 2956 pro

443 2979 616 3050 gratia
640 2977 830 3052 (Ibid.)
855 2994 869 3044 ;
901 2976 1026 3047 quia
1055 2992 1115 3033 se
1141 2976 1373 3048 quisque
1395 2983 1449 3031 et
1472 2990 1662 3030 omnes
1690 2974 1936 3030 homines
1958 2989 2043 3030 se-

444 3087 573 3129 cum
609 3085 774 3143 agere
801 3084 924 3126 cum
959 3068 1132 3142 gratia
1164 3069 1480 3140 conspexit,
1509 3068 1632 3125 ideo
1655 3068 1859 3124 nullum
1885 3069 2041 3139 quasi

446 3179 555 3221 non
587 3171 837 3236 egentem
864 3163 933 3219 ab
957 3163 1062 3219 hoc
1082 3177 1311 3218 numero
1338 3161 1606 3238 exclusit;
1641 3175 1705 3217 ac
1728 3161 1775 3217 si
1803 3159 2036 3217 diceret:

444 3257 559 3314 Nos
584 3271 776 3313 omnes
805 3256 1105 3328 propheta,
1133 3254 1478 3325 patriarcha,
1499 3253 1752 3325 apostoli,
1776 3261 2041 3326 quotquot

445 3350 626 3407 sancti
655 3358 713 3406 et
739 3358 865 3405 ante
898 3347 1328 3405 incarnationem
1357 3345 1648 3416 pramissi,
1671 3344 1754 3402 vel
1775 3344 1843 3400 ab
1867 3345 2044 3400 lncar-

444 3449 577 3497 nato
623 3439 797 3507 missi,
840 3454 1032 3496 omnes
1069 3453 1170 3493 nos
1213 3437 1281 3493 de
1323 3435 1656 3507 plenitudine
1694 3434 1810 3504 ejus
1839 3435 2046 3506 accepi-

447 3547 571 3586 mus
603 3548 617 3585 :
648 3546 748 3587 nos
769 3544 898 3586 vasa
922 3543 1131 3593 sumus,
1162 3526 1252 3582 ille
1290 3525 1411 3582 fons
1430 3535 1541 3598 est;
1569 3525 1662 3580 ille
1686 3531 1918 3586 creator,
1945 3538 2045 3580 nos

445 3630 737 3688 creatura;
767 3620 856 3677 ille
881 3621 1044 3688 Deus,
1072 3635 1170 3675 nos
1196 3619 1464 3675 homines.
1499 3617 1614 3672 Hoc
1641 3631 1789 3687 ergo,
1821 3615 2040 3683 fratres,

447 3717 772 3790 mysterium
817 3723 902 3770 est
947 3714 1000 3768 in
1037 3713 1317 3768 nativitate
1353 3709 1711 3788 praeursoris
1739 3707 1956 3764 Domini
1990 3715 2046 3764 et

449 3806 506 3865 ln
535 3805 822 3861 nativitate
847 3802 1229 3875 Redemptoris
1270 3802 1462 3866 nostri,
1491 3801 1636 3871 quod
1678 3800 1733 3856 in
1765 3797 2045 3869 propheta

447 3895 737 3957 natlvitate
763 3893 1042 3950 humilitas
1075 3901 1260 3949 nostra
1292 3891 1638 3962 designatur,
1667 3891 1722 3945 in
1761 3889 2045 3945 nativitate

450 4002 671 4062 quoque
727 3985 942 4042 Domini
995 3983 1253 4046 exaltatio
1304 3991 1512 4039 nostra.
1562 3980 1800 4038 Joannes
1859 3979 2048 4036 decre-

451 4086 640 4138 scente
667 4077 753 4134 die
798 4084 961 4132 natus
995 4084 1098 4141 est,
1140 4073 1391 4131 Christus
1416 4087 1547 4128 vero
1574 4078 1887 4145 crescente,
1916 4070 2044 4140 quia

451 4174 675 4245 dignum
716 4169 819 4226 fuit
852 4177 910 4226 ut
939 4167 1174 4225 hominis
1215 4166 1356 4221 fama
1399 4165 1736 4222 minueretur
1776 4171 1834 4219 et
1874 4161 2045 4234 gloria

451 4261 549 4321 Del
583 4259 936 4318 esaltaretur.
975 4258 1090 4316 Hoc
1111 4258 1251 4314 idem
1280 4267 1336 4313 et
1362 4253 1601 4312 Joannes
1635 4255 1895 4321 sentiens,
1923 4253 2000 4308 ait
2029 4271 2042 4308 :

452 4353 544 4412 die
586 4363 788 4426 oportet
833 4352 1030 4418 minui,
1060 4350 1212 4410 illum
1242 4360 1417 4407 autem
1449 4365 1680 4404 crescere
1713 4346 1896 4421 (Joan.
1934 4346 2043 4418 nt).

452 4445 611 4520 Quod
639 4445 804 4501 etiam
836 4444 889 4500 in
911 4444 1255 4514 passionibus
1281 4443 1565 4498 amborum
1599 4439 1882 4512 impletum
1912 4447 1997 4494 est
2028 4454 2044 4495 :

2141 1987 2303 2040 praua
2345 1972 2402 2028 in
2429 1975 2629 2030 directa
2653 2017 2668 2042 ,
2700 1984 2748 2032 et
2777 1993 2967 2047 aspera
2996 1977 3051 2031 in
3078 1977 3186 2032 vias
3215 1976 3400 2046 planas
3422 2018 3436 2043 ,
3473 1988 3519 2031 et
3554 1978 3744 2033 videbit

2143 2063 2310 2118 omnis
2340 2081 2464 2120 caro
2487 2065 2721 2122 salutare
2752 2066 2845 2122 Dei
2875 2067 3011 2122 (Ira.
3041 2067 3155 2138 XL).
3196 2068 3570 2138 Praparemus
3599 2084 3741 2138 quo-

2141 2169 2246 2223 que
2275 2163 2328 2209 et
2357 2171 2457 2211 nos
2496 2157 2639 2212 viam
2679 2159 2907 2214 Domino
2946 2167 3181 2214 venturo
3224 2159 3291 2213 ad
3330 2160 3493 2214 corda
3527 2169 3740 2226 nostra,

2143 2243 2394 2300 tollamus
2415 2246 2742 2303 offensiones
2763 2257 3109 2318 peccatorum
3134 2265 3234 2322 per
3261 2251 3660 2321 confessionem
3689 2261 3746 2306 ct

2143 2335 2540 2404 pauitantiam,
2567 2347 2747 2395 rectas
2774 2340 3036 2396 faciamus
3061 2341 3287 2396 semitas
3312 2343 3746 2398 conversationis

2142 2436 2363 2494 nostra,
2392 2444 2512 2498 qua
2536 2431 2688 2501 prius
2717 2442 2896 2501 prava
2925 2441 2980 2488 et
3011 2440 3268 2489 tortuosa
3298 2444 3489 2500 erant;
3520 2443 3739 2490 sterna-

2143 2530 2264 2572 mus
2291 2517 2434 2572 viam
2469 2534 2611 2574 vera
2641 2521 2764 2576 fidei
2806 2522 2963 2577 bonis
2992 2523 3277 2592 operibus,
3317 2522 3621 2593 deponatur
3647 2540 3743 2580 su-

2141 2608 2329 2677 perbia
2359 2610 2651 2676 mundana,
2685 2619 2739 2665 et
2767 2611 3009 2667 elevetur
3036 2612 3450 2682 pusillanimitas
3483 2612 3748 2669 formido-

2143 2699 2256 2755 losa
2286 2720 2298 2755 :
2345 2702 2532 2773 sicque
2571 2703 2908 2774 compositis,
2943 2703 3228 2770 ordinatis,
3264 2704 3492 2774 aqualis
3531 2711 3586 2759 et
3617 2720 3749 2759 coa-

2143 2791 2360 2851 dunatis
2387 2796 2660 2864 omnibus,
2695 2797 2996 2854 videbimus
3025 2797 3263 2853 salutare
3290 2798 3385 2852 Dei
3422 2798 3579 2854 sicuti
3611 2807 3700 2853 cst
3728 2817 3741 2853 :

2143 2885 2269 2956 quia
2299 2886 2352 2941 in
2383 2903 2510 2956 pace
2539 2887 2713 2957 factus
2743 2895 2819 2940 est
2854 2885 3000 2941 locus
3027 2886 3164 2957 ejus,
3192 2896 3240 2940 et
3263 2886 3520 2941 habitatio
3543 2887 3661 2957 ejus
3686 2888 3742 2942 in

2145 2978 2274 3035 Sion
2304 2978 2476 3051 (Psal.
2508 2978 2704 3050 Lxxv),
2741 2978 2896 3048 cujus
2935 2979 3145 3034 visione
3175 2987 3436 3050 perpetua
3477 2984 3575 3034 nos
3613 2995 3745 3049 per-

2144 3072 2250 3127 frui
2275 3113 2289 3139 ,
2322 3070 2678 3142 praeursoris
2710 3071 2790 3124 sui
2818 3069 3069 3140 precibus
3091 3079 3379 3142 exoratus,
3409 3069 3522 3141 ipse
3548 3085 3751 3126 conce-

2148 3163 2272 3229 dat,
2306 3163 2402 3234 qui
2430 3161 2500 3217 ob
2528 3161 2643 3217 hoc-
2664 3159 2733 3215 de
2773 3159 2929 3216 calis
2957 3160 3311 3216 descenderat
3332 3199 3348 3224 ,
3383 3167 3440 3216 et
3467 3159 3532 3214 de
3568 3169 3751 3215 morte

2148 3255 2512 3326 triumphans,
2542 3268 2760 3309 sursum
2790 3253 3127 3316 ascenderat,
3159 3250 3320 3309 Jesus
3340 3249 3589 3308 Christus
3617 3249 3748 3308 Sal-

2146 3358 2300 3404 vator
2327 3356 2532 3412 noster,
2559 3347 2651 3418 qui
2678 3361 2802 3401 cum
2825 3344 2988 3399 Patre
3013 3351 3068 3399 et
3094 3342 3298 3415 Spiritu
3326 3352 3514 3399 sancto
3536 3343 3671 3400 vivit
3692 3351 3756 3401 et

2145 3445 2336 3510 regnat
2368 3439 2527 3503 Deus,
2559 3451 2657 3508 per
2685 3434 2867 3491 omnia
2895 3429 3093 3490 saecula
3119 3433 3461 3490 saculorum.
3490 3432 3692 3490 Amen.

2675 3566 2960 3625 HOMILIA
2994 3565 3209 3623 XXVII.

2149 3701 2201 3740 IN
2241 3699 2437 3741 NATALI
2474 3695 2796 3739 SANC'I'OBUI
2834 3693 3223 3736 APOSTOLORUM
3246 3693 3414 3734 ‘PETRI
3452 3691 3523 3734 ΕΤ
3561 3694 3747 3737 PAULI.

2220 3799 2412 3864 Hodie,
2453 3797 2651 3854 fratres
2681 3795 2991 3851 charissimi
3014 3833 3030 3861 ,
3066 3794 3506 3851 beatissimorum
3528 3801 3754 3864 aposto-

2147 3893 2321 3949 lorum
2347 3889 2495 3946 Petri
2522 3897 2576 3945 et
2597 3888 2751 3946 Pauli
2777 3887 2975 3943 natalis
2999 3887 3116 3943 dies
3150 3894 3235 3942 est
3257 3887 3310 3942 in
3335 3895 3448 3943 toto
3481 3887 3612 3943 orbe
3640 3901 3751 3942 no-

2149 3985 2391 4042 tissimus
2418 4000 2432 4038 :
2467 3983 2522 4037 in
2551 3996 2666 4053 qua.
2683 3981 2830 4037 enim
2856 3988 3010 4051 parte
3033 3979 3182 4036 orbis
3203 3979 3374 4035 latere
3398 3979 3577 4050 potuit
3594 3987 3751 4033 tanta

2149 4074 2384 4139 devotio,
2418 4087 2543 4130 cum
2571 4070 2865 4128 virtutibus
2893 4069 3220 4125 testantibus
3247 4069 3446 4140 ubique
3482 4069 3750 4140 pradica-

2153 4173 2240 4222 tur
2266 4178 2453 4221 eorum
2475 4161 2660 4234 gloria
2689 4159 3038 4231 magnitudo?
3067 4157 3126 4214 Si
3159 4158 3376 4229 quidem
3404 4172 3530 4215 cum
3557 4157 3624 4213 de
3659 4158 3752 4214 his

2148 4254 2296 4312 dicat
2328 4253 2499 4310 David
2525 4251 2789 4324 propheta
2816 4263 2831 4304 :
2863 4248 2931 4305 In
2961 4264 3166 4304 omnem
3187 4257 3383 4302 terram
3398 4248 3555 4304 exiuit
3583 4263 3751 4308 sonus

2148 4364 2349 4413 eorum,
2398 4355 2445 4401 et
2487 4346 2541 4398 in
2589 4344 2721 4414 ﬁnes
2773 4341 2912 4396 orbis
2956 4350 3111 4394 terra
3149 4338 3304 4396 verba
3345 4354 3527 4394 eorum
3569 4337 3745 4410 (Psal.

2152 4437 2330 4511 xvm).
2377 4437 2436 4496 ln
2482 4450 2698 4493 omnem
2747 4441 2949 4504 terram
3005 4430 3332 4486 mirabilium
3383 4429 3532 4486 Petri
3571 4430 3752 4487 virtus

451 4519 514 4598 ut
543 4533 887 4592 minueretur
912 4536 1096 4600 homo,
1127 4541 1291 4606 caput
1331 4532 1556 4590 Joannis
1582 4530 1951 4596 abscinditur;
1990 4536 2048 4585 ut
2074 4567 2127 4632 Β
2153 4529 2546 4585 annuntiatur':
2579 4536 2634 4582 et
2673 4526 2727 4581 in
2759 4523 2894 4580 ﬁnes
2930 4523 3081 4579 orbis
3111 4529 3271 4577 terra
3298 4519 3552 4591 Epistola
3589 4520 3748 4578 Pauli

451 4630 792 4690 exaltaretur
843 4627 1024 4697 Deus,
1076 4626 1326 4684 Christus
1378 4624 1432 4682 in
1486 4623 1632 4696 ligno
1676 4620 2044 4695 suspenditur.

453 4721 638 4795 Quare
674 4728 855 4776 autem
883 4719 1102 4774 beatum
1139 4715 1403 4771 Joannem
1430 4713 1690 4768 Dominus
1712 4723 1768 4768 et
1798 4709 2050 4766 Salvator

454 4819 644 4870 noster
682 4808 959 4868 lucernam
1007 4821 1130 4864 esse
1181 4804 1399 4870 dixerit,
1440 4812 1494 4859 et
1530 4816 1700 4877 quare
1748 4815 1874 4859 eum
1919 4810 2049 4855 ante

455 4903 600 4966 mitti
626 4901 860 4960 voluerit
886 4941 902 4967 ,
937 4898 1178 4958 breviter
1206 4894 1463 4956 charitati
1491 4902 1691 4949 vestra
1734 4892 2001 4951 intimabo
2031 4909 2045 4946 :

455 4998 772 5077 pramissus
793 5004 879 5052 est
897 4994 1044 5055 enim
1072 4992 1309 5050 Joannes
1332 4991 1482 5048 velut
1505 5004 1611 5047 vox
1639 4996 1764 5045 ante
1798 4989 2050 5056 verbum,

458 5089 682 5151 lucerna
703 5097 830 5144 ante
849 5085 1041 5152 solem,
1069 5099 1250 5159 praco
1271 5091 1399 5140 ante
1417 5081 1680 5152 iudicem,
1712 5096 1906 5138 servus
1926 5088 2051 5136 ante

459 5177 757 5241 dominum,
786 5176 994 5234 amicus
1017 5182 1142 5229 ante
1175 5187 1455 5247 sponsum.
1491 5171 1560 5228 Et
1583 5172 1711 5247 quia
1734 5172 2051 5228 universum

461 5269 721 5328 mundum
771 5251 1114 5342 peccatorum
1164 5263 1402 5323 tenebra
1451 5271 1507 5323 et
1554 5279 1662 5319 nox
1715 5263 2052 5321 inﬁdelitatis

459 5366 827 5434 oppresserat,
851 5367 907 5412 ct
928 5358 1097 5414 solem
1118 5356 1343 5426 iustitia
1365 5356 1612 5428 aspicere
1639 5370 1748 5413 non
1774 5354 2050 5421 valebant,

460 5454 653 5508 beatas
675 5448 915 5506 Joannes
943 5448 1098 5519 quasi
1129 5448 1347 5503 lucerna
1375 5446 1741 5518 praemittitur,
1772 5453 1829 5500 ut
1868 5447 2049 5501 cordis

459 5544 627 5609 oculi,
661 5542 774 5615 qui,
805 5540 1124 5615 lippitudine
1155 5539 1456 5610 iniquitatis
1487 5537 1752 5609 oppressi,
1791 5551 2048 5608 magnum

460 5649 516 5697 et
541 5652 732 5695 verum
765 5635 945 5704 lumen
973 5633 1160 5691 videre
1190 5647 1297 5686 non
1323 5637 1606 5702 poterant,
1643 5629 1711 5684 ad
1746 5624 1928 5682 lumen
1963 5628 2046 5683 lu-

461 5742 640 5785 cerna
665 5726 900 5798 primum
924 5723 1080 5794 quasi
1105 5731 1322 5776 tenuem
1351 5720 1689 5790 splendorem
1709 5718 1895 5774 videre
1921 5734 2050 5774 con-

461 5827 801 5885 sucsccrcnt,
843 5825 897 5874 et
936 5815 1196 5886 paulatim
1230 5821 1575 5886 peccatorum
1601 5810 1786 5867 nubilo
1818 5818 2045 5874 remoto,

2154 4629 2525 4694 penetrarunt.
2555 4619 2688 4688 Quis
2730 4619 2875 4674 enim
2920 4632 3029 4673 non
3077 4615 3283 4671 audivit
3321 4615 3466 4684 quod
3507 4614 3748 4684 primum

2155 4718 2344 4770 beatus
2395 4713 2588 4769 Petrus
2625 4709 2902 4783 apostolus
2929 4707 3138 4764 sedenti
3168 4706 3236 4762 ad
3281 4713 3496 4776 portam
3535 4705 3750 4776 specio-

2155 4821 2272 4862 sam
2305 4803 2490 4874 templi
2534 4803 2726 4858 claudo
2763 4817 2829 4858 ex
2857 4808 3050 4854 ventre
3095 4796 3288 4852 matris
3328 4810 3440 4851 sua
3463 4795 3590 4852 olim
3625 4795 3747 4866 jam

2157 4898 2317 4956 debili
2339 4897 2535 4968 pedum
2558 4909 2778 4951 suorum
2801 4890 3098 4946 restituerit
3129 4888 3440 4943 firmitatem
3470 4886 3608 4957 (Act.
3633 4886 3745 4957 tu),

2158 5000 2217 5050 ut
2239 4991 2383 5060 quod
2421 4998 2615 5045 natura
2651 4986 2832 5041 minus
2869 4982 3206 5047 contulerat,
3249 4978 3545 5051 apostolica
3570 4979 3747 5051 gratia

2152 5079 2467 5151 repararet?
2516 5077 2625 5133 Aut
2669 5074 2792 5146 quis
2835 5073 2986 5129 locus
3025 5085 3222 5141 expers
3257 5077 3341 5124 est
3380 5068 3746 5139 Epistolarum

2154 5172 2340 5231 Pauli?
2368 5172 2459 5227 ubi
2489 5169 2649 5225 verba
2676 5165 2904 5238 apostoli
2922 5162 3074 5217 Pauli
3102 5176 3208 5217 non
3236 5159 3520 5231 leguntur?
3541 5167 3594 5214 et
3621 5161 3751 5229 quis

2157 5261 2393 5318 fidelium
2415 5275 2522 5316 non
2552 5272 2616 5312 ea
2644 5256 2838 5314 litteris
2865 5253 3162 5322 inscripsit,
3190 5251 3354 5306 corde
3375 5251 3590 5313 retinet,
3615 5264 3750 5305 con-

2157 5353 2464 5408 versatione
2493 5335 2767 5406 custodit?
2813 5346 2903 5416 qui
2944 5343 3144 5398 Paulus
3180 5359 3209 5397 a
3242 5342 3473 5397 Domino
3505 5356 3601 5396 vas
3635 5340 3749 5397 ele-

2156 5445 2353 5502 ctionis
2397 5451 2481 5501 est
2517 5439 2826 5496 nominatus
2860 5453 2874 5491 :
2907 5437 3106 5491 bonum
3134 5449 3228 5488 vas
3249 5475 3264 5500 ,
3295 5435 3348 5489 in
3378 5449 3484 5503 quo
3521 5432 3748 5503 pretiosi

2159 5537 2535 5591 mandatorum
2587 5530 2792 5590 Chcisti
2849 5529 3090 5584 thesauri
3145 5527 3488 5591 conduntur;
3544 5524 3748 5581 bonum

2159 5629 2345 5697 utique
2375 5642 2487 5690 vas,
2525 5624 2592 5679 de
2621 5622 2774 5692 cujus
2805 5619 3137 5691 plenitudine
3163 5617 3465 5672 substantia
3491 5615 3617 5669 vita
3647 5629 3750 5683 po-

2157 5720 2296 5790 pulis
2326 5733 2539 5788 semper
2563 5724 2832 5787 erogatur,
2860 5721 2915 5767 ct
2941 5711 3159 5782 plenum
3189 5702 3290 5764 est.
3335 5707 3496 5777 Ergo,
3526 5704 3746 5768 fratres,

2159 5811 2418 5867 Dominus
2447 5807 2694 5863 Christus
2719 5803 2914 5859 merito
2941 5803 3038 5856 hos
3068 5800 3201 5855 duos
3231 5795 3500 5871 apostolos
3521 5795 3574 5849 in
3597 5804 3748 5852 coetu
