3922 6322
1998 270 2002 295 ς

166 425 227 482 53
1059 413 1361 471 llOMlLIA‘Z
1400 413 1487 469 DE
1526 412 1764 468 FESTIS
1799 411 2204 478 l’lleClPUlS,
2245 411 2393 468 ETC.
3318 414 3386 469 fit

164 541 450 593 sanctorum
488 544 709 585 suorum
738 528 975 583 eminere
1007 527 1132 582 fecit
1154 569 1169 593 ,
1208 542 1343 597 quos
1386 540 1484 581 suo
1514 524 1716 594 judicio
1745 530 1789 587 Α
1819 539 1916 579 nos
1944 524 2234 589 habemus,
2265 525 2448 595 quales
2477 525 2639 579 duces
2666 523 2938 597 religionis
2960 532 3175 590 nostrze,
3200 526 3383 595 quales

165 624 213 679 in
240 630 430 677 tantam
460 618 687 690 gloriam
713 616 981 672 exaltavit.
1016 615 1150 670 Nam
1181 616 1367 680 Petro,
1400 617 1541 671 sicut
1575 613 1714 668 bono

165 712 525 785 dispensatori,
578 709 780 766 clavem
823 709 971 779 regni
1020 709 1256 764 ccelestis
1297 706 1478 771 dedit;
1528 705 1712 770 Paulo,

167 812 404 872 tanquam
453 791 652 856 idoneo
687 799 892 854 doctori
934 798 1296 868 magisterium
1341 796 1716 852 ecclesiasticae

164 892 499 950 institutionis
529 889 760 959 iniunxit
796 908 810 944 :
857 890 1061 946 scilicet
1087 897 1146 944 ut
1173 904 1308 961 quos
1334 888 1434 944 iste
1461 889 1718 943 erudierit

164 983 223 1038 ad
255 982 497 1048 salutem,
539 980 629 1036 ille
669 979 925 1051 suscipiat
965 980 1033 1033 ad
1071 979 1343 1049 quietem;
1384 986 1444 1032 ut
1489 992 1716 1048 quorum

161 1073 311 1130 corda
334 1071 534 1127 Paulus
560 1069 887 1142 patefaceret
911 1070 1151 1126 doctrina
1184 1069 1473 1125 verborum
1490 1106 1504 1131 ,
1529 1081 1715 1122 eorum

162 1161 425 1217 animabus
444 1160 642 1217 Petrus
671 1160 875 1231 aperiat
896 1174 1056 1231 regna
1085 1159 1361 1215 cmlornm.
1390 1155 1571 1226 Itaque
1593 1155 1716 1210 bea-

158 1261 241 1307 tus
266 1251 451 1308 Petrus
472 1260 531 1306 et
545 1249 744 1307 Paulus
766 1250 1005 1305 eminent
1030 1249 1171 1304 inter
1192 1248 1477 1304 universos
1505 1252 1717 1315 aposto-

159 1337 259 1404 los,
298 1350 352 1397 et
395 1340 651 1411 peculiari
707 1340 939 1412 quadam
989 1340 1342 1410 praerogativa
1383 1336 1711 1408 praecellunt.

158 1430 342 1486 Verim
363 1431 505 1486 inter
528 1432 674 1502 ipsos
699 1431 821 1502 quis
842 1430 928 1485 cui
952 1437 1294 1501 praeponatur
1319 1429 1587 1485 incertum
1611 1435 1714 1481 est.

157 1520 284 1576 Put)
315 1522 458 1576 enim
508 1522 628 1577 illos
670 1520 903 1590 aequales
930 1534 1049 1576 esse
1077 1520 1305 1584 meritis,
1353 1518 1446 1589 qui
1486 1517 1717 1587 aequales

155 1622 273 1670 sunt
298 1614 576 1684 passione;
607 1621 664 1669 et
703 1612 866 1668 simili
898 1628 992 1669 eos
1021 1611 1142 1668 ﬁdei
1177 1611 1458 1667 devotione
1495 1610 1714 1674 vixisse,

158 1719 284 1774 quos
313 1704 471 1759 simul
493 1704 738 1760 videmus
763 1703 831 1759 ad
859 1702 1104 1775 martyrii
1130 1702 1353 1773 gloriam
1380 1700 1710 1771 pervenisse.

156 1794 263 1851 Non
287 1795 430 1851 enim
460 1796 579 1852 sine
603 1810 763 1852 causa
791 1794 988 1851 factum
1010 1802 1259 1865 putemus
1288 1792 1431 1863 quod
1469 1808 1576 1847 una
1603 1792 1710 1857 die,

1817 614 2088 683 adjutores
2117 615 2293 686 gaudii
2324 615 2514 670 nostri.
2544 614 2609 669 Et
2646 616 2766 669 ideo
2801 615 3224 684 quotiescunque
3254 629 3379 669 san-

1816 712 2025 757 ctorum
2059 702 2419 772 apostolorum
2455 703 2569 757 sive
2613 710 2911 774 martyrum
2938 701 3138 756 Christi
3182 714 3384 756 memo-

1818 792 1951 845 riam
1980 789 2332 854 cclebramus,
2361 792 2733 861 praztermissis
2757 792 3005 846 omnibus
3033 789 3213 846 smculi
3246 791 3381 846 acti-

1818 881 1939 945 bus,
1964 881 2081 935 sine
2116 881 2292 951 aliqua
2328 882 2583 936 dilatione
2630 896 3031 937 concurramus.
3080 881 3385 936 Reddamus

1816 969 1921 1025 illis
1948 969 2433 1036 honoriﬁcentiam,
2457 971 2548 1041 qui
2580 971 2732 1026 nobis
2757 970 2977 1025 salutem
3005 986 3103 1042 pro
3123 970 3385 1027 effusione

1816 1060 1899 1115 sui
1924 1060 2197 1131 sanguinis
2226 1069 2569 1131 pepererunt,
2601 1061 2693 1131 qui
2723 1070 2975 1130 tanquam
3007 1070 3273 1117 sacratam
3295 1061 3372 1117 ho

1814 1150 1976 1206 stiam
1995 1164 2094 1219 pro
2116 1158 2298 1205 nostra
2319 1152 2694 1221 propitiationc
2717 1166 2772 1205 se
2797 1150 3027 1206 Domino
3053 1151 3399 1218 obtulerunt,

1814 1242 2112 1312 praesertim
2162 1257 2285 1297 cum
2313 1243 2458 1298 dicat
2503 1245 2570 1299 ad
2617 1251 2833 1300 sanctos
2884 1258 3010 1299 suos
3049 1245 3385 1313 omnipotens

1816 1333 1988 1389 Deus:
2015 1332 2118 1400 Qui
2138 1348 2224 1389 vos
2244 1334 2485 1400 honorat,
2513 1352 2591 1390 me
2610 1337 2864 1401 honorat;
2892 1346 2940 1391 et
2960 1336 3050 1407 qui
3071 1352 3157 1390 vos
3170 1337 3382 1405 spernit,

1815 1441 1896 1479 me
1914 1426 2108 1495 spernit
2134 1424 2285 1497 (Luc.
2315 1424 2393 1495 ιε).
2419 1425 2752 1482 Honoremus
2780 1437 2996 1484 sanctos
3010 1428 3277 1497 apostolos
3306 1437 3388 1482 at-

1816 1528 1921 1583 que
1941 1521 2205 1585 martyres
2220 1513 2416 1570 Christi
2440 1515 2587 1573 cultu
2609 1516 2806 1572 celebri
2829 1535 2842 1570 :
2870 1516 3198 1573 honoremus
3220 1517 3388 1572 laudi-

1814 1605 1936 1670 bus,
1952 1605 2277 1661 honoremus
2296 1607 2598 1671 devotione,
2617 1606 2943 1663 honoremus
2970 1616 3026 1662 ct
3052 1607 3349 1667 imitatione
3370 1625 3383 1672 ;

1813 1702 1868 1751 et
1904 1696 1983 1751 sic
2017 1710 2115 1766 per
2151 1711 2337 1752 eorum
2373 1696 2670 1753 orationem
2704 1698 3076 1767 perveniemus
3114 1698 3183 1753 ad
3209 1698 3387 1773 gaudii

1814 1789 2053 1860 ipsorum
2091 1798 2404 1859 perpetuam
2435 1790 2779 1856 societatem;
2810 1799 3097 1862 praestante
3132 1792 3236 1845 hoc
3286 1804 3387 1843 αυ-

154 1898 254 1939 uno
286 1885 337 1939 in
374 1883 517 1951 loco,
563 1886 721 1940 unius
774 1884 986 1956 tyranni
1012 1862 1323 1939 toleravere
1372 1882 1710 1937 sententiam.
1743 1862 1790 1922 Β
1816 1887 1964 1934 ctore
1991 1889 2046 1933 et
2068 1879 2323 1951 largitore
2344 1880 2583 1935 omnium
2606 1879 2871 1936 bonorum
2900 1880 3127 1935 Domino
3149 1918 3165 1946 ,
3193 1879 3387 1934 videli»

157 1972 265 2031 Uno
291 1974 375 2030 die
401 1974 545 2044 passi
586 1982 731 2040 sunt,
754 1981 816 2029 ut
844 1973 911 2028 ad
940 1972 1213 2029 Christum
1243 1971 1449 2041 pariter
1468 1969 1717 2041 perveni-

153 2072 296 2128 rent;
325 2079 431 2117 uno
460 2064 513 2117 in
541 2063 690 2129 loco,
718 2078 785 2117 ne
814 2061 967 2116 alteri
997 2060 1167 2115 Roma
1197 2060 1443 2124 deesset;
1480 2057 1581 2113 sub
1609 2072 1717 2113 uno

152 2162 516 2224 persecutore,
559 2163 617 2206 ut
663 2152 885 2221 aequalis
918 2149 1209 2206 crudelitas
1256 2157 1541 2217 utrumque
1590 2161 1717 2201 con-

152 2244 429 2313 stringeret
459 2261 472 2295 :
508 2242 625 2297 dies
667 2256 798 2313 ergo
833 2255 933 2310 pro
958 2239 1151 2294 merito
1175 2278 1190 2303 ,
1219 2238 1371 2293 locus
1393 2251 1491 2307 pro
1517 2235 1714 2308 gloria,

150 2340 451 2401 persecqu
503 2330 753 2385 decretus
812 2338 896 2385 est
946 2344 1044 2399 pro
1080 2328 1299 2382 virtute.
1367 2325 1436 2380 Et
1495 2324 1550 2380 in
1609 2339 1717 2395 quo

150 2422 354 2476 tandem
409 2421 528 2477 loco
573 2421 887 2491 martyrium
928 2419 1296 2490 pertulerunt?
1345 2417 1405 2473 In
1450 2418 1584 2473 urbe
1611 2417 1719 2473 Ro-

149 2528 328 2577 mana,
378 2528 499 2582 quin
547 2513 905 2583 principatum
960 2521 1014 2568 et
1063 2520 1227 2583 caput
1271 2512 1477 2569 obtinet
1535 2510 1714 2567 natio-

149 2617 268 2654 num
318 2620 330 2654 :
378 2601 587 2657 scilicet
639 2610 698 2654 ut
750 2601 840 2656 ubi
890 2610 1050 2671 caput
1105 2601 1505 2671 superstitionis
1557 2610 1712 2665 erat,

148 2692 249 2748 illic
276 2701 436 2762 caput
473 2693 780 2762 quiesceret
814 2692 1159 2756 sanctitatis;
1214 2700 1268 2747 et
1307 2692 1395 2747 ubi
1437 2691 1713 2762 gentilium

144 2784 407 2855 principes
471 2784 811 2847 habitarent,
876 2784 987 2837 illic
1037 2782 1393 2838 Ecclesiarum
1444 2782 1716 2852 principes

147 2884 498 2929 morarentur.
538 2872 701 2944 Cujus
740 2884 916 2929 autem
951 2874 1123 2928 meriti
1153 2874 1263 2929 sint
1290 2873 1584 2928 beatissimi
1615 2872 1715 2927 Pe-

145 2970 255 3016 tms
302 2970 356 3017 et
402 2961 643 3029 Paulus,
704 2965 831 3019 hinc
880 2977 1164 3034 possumus
1223 2962 1521 3033 intelligere
1573 2962 1714 3032 quod

147 3050 395 3106 Dominus
449 3052 687 3108 Orientis
748 3054 1019 3125 regionem
1089 3055 1300 3124 propria
1367 3052 1712 3109 illustravcrit

143 3145 424 3212 pissioue;
486 3144 809 3211 Occidentis,
852 3162 919 3201 ne
965 3146 1092 3215 quid
1140 3146 1315 3200 minus
1370 3157 1544 3206 esset,
1599 3146 1713 3200 vice

1819 1981 1903 2027 cet
1935 1970 2061 2027 Jesu
2090 1970 2323 2037 Christo,
2350 1973 2441 2041 qui
2467 1986 2591 2027 cum
2613 1973 2777 2029 Patre
2801 1974 2933 2028 vivit
2953 1982 3007 2029 et
3036 1982 3225 2045 regnat
3246 1974 3388 2029 Deus

1818 2063 1874 2117 in
1900 2063 2105 2118 unitate
2130 2060 2363 2132 Spiritus
2387 2065 2557 2121 sancti
2578 2105 2593 2129 ,
2618 2079 2718 2134 per
2740 2065 2918 2120 omnia
2944 2064 3137 2120 saecula
3164 2062 3387 2121 sarculo-
3422 2125 3430 2133 ,

1819 2166 1959 2207 rum.
1990 2151 2180 2206 Amen.

2320 2244 2604 2302 HOMILIA
2641 2246 2877 2304 XXVIII.

2215 2353 2270 2394 II
2310 2354 2505 2395 NATALI
2545 2354 2761 2395 SANC'I'E
2802 2354 3003 2394 ΙΙΑΒΙΒ.

1890 2427 2055 2483 Adest
2082 2430 2273 2495 nobis,
2311 2428 2642 2483 dilectissimi
2665 2468 2680 2493 ,
2718 2435 2934 2498 optatus
2975 2427 3091 2484 dies
3116 2428 3288 2483 beatae
3326 2442 3387 2481 ac

1815 2517 2135 2575 venerabilis
2164 2533 2376 2590 semper
2396 2518 2617 2589 virginis
2638 2516 2819 2584 Maria;
2844 2537 2857 2573 :
2887 2518 3006 2574 ideo
3030 2533 3152 2574 cum
3181 2532 3386 2573 summa

1815 2608 2170 2665 exsultatione
2206 2610 2436 2682 gaudeat
2466 2618 2607 2665 terra
2642 2618 2828 2665 nostra
2871 2618 3030 2665 tanta:
3058 2609 3282 2681 virginis
3324 2608 3387 2663 il-

1814 2699 2037 2756 lustrata
2067 2701 2369 2767 nativitate,
2396 2711 2450 2757 et
2478 2716 2573 2771 per
2600 2699 2754 2769 cujus
2777 2710 2988 2770 partum
3017 2708 3256 2755 mutatur
3290 2716 3387 2764 na-

1815 2799 1934 2845 tura
1960 2790 2275 2862 plastorum,
2302 2806 2409 2861 qua
2431 2790 2637 2846 deletur
2669 2800 2724 2846 et
2752 2791 2904 2861 culpa
2935 2809 2946 2845 :
2975 2790 3197 2860 prmcisa
3231 2790 3386 2861 [prie

1814 2879 2008 2953 cisum]
2048 2889 2129 2936 est
2166 2895 2399 2951 namque
2434 2881 2485 2935 in
2532 2895 2595 2937 ea
2641 2880 2770 2935 illud
2823 2881 3016 2935 divina:
3055 2878 3389 2934 infelicitatis

1812 2969 2039 3041 elogium
2079 2972 2219 3040 quod
2265 2970 2395 3025 dicit
2438 2989 2451 3025 :
2489 2969 2557 3024 In
2601 2971 2814 3025 tristitia
2851 2971 3023 3041 paries
3053 2969 3219 3038 ﬁlios,
3267 2969 3389 3037 quia

1813 3068 1915 3123 ista
1955 3066 2007 3121 in
2054 3066 2237 3122 laetitia
2267 3065 2549 3121 Dominum
2577 3065 2882 3136 parturivit.
2917 3063 3026 3117 Eva
3062 3062 3202 3119 enim
3236 3061 3389 3122 luxit,

1820 3159 1920 3214 iSta
1954 3158 2272 3221 exsultavit;
2315 3157 2426 3211 Eva
2474 3156 2774 3226 lacrymas,
2817 3154 2983 3208 Maria
3026 3153 3276 3224 gaudium
3335 3152 3386 3207 in

141 3248 169 3286 s
191 3234 240 3291 xi.
282 3235 647 3303 apostolorum
679 3237 937 3305 sanguine
973 3236 1275 3292 illuminare
1310 3238 1558 3308 dignatus
1596 3244 1710 3301 est;
1743 3220 1787 3281 C
1818 3258 2005 3303 νρηιιςε
2025 3247 2286 3318 portavit;
2324 3246 2449 3317 quia
2480 3244 2566 3301 ina
2587 3220 2947 3317 ῥθοεαιοι-οηι,
2980 3220 3080 3298 ἰείη
3113 3242 3274 3298 eam“
3309 3242 3385 3295 ευ-

141 3334 194 3376 et
252 3324 372 3379 licet
423 3326 570 3380 illius
612 3326 787 3395 passio
841 3327 993 3381 nobis
1043 3325 1270 3382 sulliciat
1335 3328 1402 3380 ad
1456 3327 1713 3391 salutem,

146 3422 316 3469 tamen
367 3425 425 3470 et
473 3417 754 3471 amborum
809 3418 1125 3486 martyrium
1176 3418 1329 3472 nobis
1380 3418 1608 3471 contulit
1652 3419 1717 3471 ad

142 3508 460 3577 exemplum.
514 3508 780 3563 Hodierna
822 3510 907 3564 die
949 3509 1112 3579 igitur
1148 3511 1289 3564 Leati
1336 3509 1559 3580 apostoli
1592 3526 1716 3564 san-

143 3596 349 3664 guinem
379 3597 765 3667 profuderunt;
799 3599 894 3654 sed
935 3600 1211 3655 videamus
1239 3614 1457 3654 causam
1488 3616 1586 3656 cur
1613 3600 1713 3653 ista

143 3687 374 3755 perpessi
405 3697 558 3753 sunt,
590 3688 796 3744 scilicet
830 3691 970 3760 quod
1001 3690 1142 3744 inter
1185 3698 1379 3745 caetera
1425 3690 1714 3755 mirabilia,

141 3775 299 3830 etiam
337 3793 559 3848 magum
605 3778 753 3832 illum
800 3778 1075 3835 Simonem
1119 3781 1451 3836 orationibus
1491 3782 1604 3836 suis
1648 3780 1716 3837 de

143 3865 278 3920 aeris
338 3881 514 3922 vacuo
585 3868 845 3938 praecipiti
906 3867 1059 3923 ruina
1119 3870 1526 3940 prostraverint.
1581 3870 1716 3925 Cmu

142 3956 279 4011 enim
327 3959 475 4014 idem
526 3957 711 4014 Simon
757 3975 817 4015 se
863 3960 1132 4015 Christum
1185 3961 1424 4026 diceret,
1487 3968 1542 4014 et
1602 3968 1717 4013 tan-

144 4058 295 4115 quam
344 4047 519 4102 ﬁlium
550 4048 617 4102 ad
658 4058 861 4119 patrem
903 4058 1169 4105 assereret
1195 4049 1424 4105 volando
1462 4063 1518 4104 se
1559 4063 1719 4120 posse

144 4140 525 4205 conscendere,
554 4148 718 4210 atque
746 4140 919 4196 elatus
941 4143 1118 4198 subito
1143 4143 1368 4213 magicis
1392 4143 1598 4198 artibus
1624 4158 1720 4197 vo-

145 4226 251 4283 lare
300 4232 589 4300 erupisset,
641 4242 766 4288 tunc
811 4232 1001 4289 Petrus
1042 4234 1163 4290 lixis
1200 4236 1423 4305 genibus
1466 4241 1717 4305 precatus

144 4326 222 4371 est
256 4318 579 4386 Dominum,
612 4329 669 4377 et
705 4322 1017 4391 precatione
1062 4333 1249 4379 sancta
1278 4324 1407 4380 vicit
1446 4325 1711 4392 magicam

144 4404 454 4464 lenitatem:
510 4411 662 4480 prius
704 4413 868 4467 etiam
914 4415 1156 4469 ascendit
1197 4415 1264 4470 ad
1312 4415 1479 4471 Deum
1538 4417 1716 4471 oratio

143 4514 294 4567 quam
322 4501 572 4565 volatus,
612 4511 666 4556 et
709 4512 835 4558 ante
868 4505 1112 4574 pervenit
1142 4504 1288 4574 justa
1325 4506 1515 4575 petitio
1551 4522 1710 4577 quam

144 4584 316 4656 iniqua
348 4592 727 4660 praesumptio;
770 4603 915 4658 ante,
954 4592 1194 4663 inquam,
1220 4594 1432 4661 Petrus,
1469 4596 1523 4650 in
1557 4597 1715 4651 terris

140 4679 359 4747 positus,
382 4681 622 4737 obtinuit
637 4686 776 4753 quod
797 4685 1196 4757 petebat,quam
1212 4686 1396 4742 Simon
1412 4688 1719 4757 perveniret

143 4766 206 4823 ad
229 4770 471 4827 caelestia
499 4789 607 4843 quo
636 4776 885 4832 tendebat
913 4794 927 4831 :
954 4777 1117 4833 altius
1154 4778 1399 4834 ascendit
1441 4778 1717 4834 humilitas

141 4873 294 4928 quam
316 4864 607 4932 superbia;
635 4864 864 4922 validius
896 4867 1083 4922 intima
1121 4868 1383 4923 caelorum
1412 4868 1717 4938 penetravit

144 4948 378 5006 cbaritas
404 4967 571 5022 quam
608 4964 1027 5025 pmsumptuosa
1060 4956 1333 5026 iniquitas.
1372 4957 1571 5012 Deinde
1599 4957 1711 5027 ipsa

141 5033 338 5100 passio,
368 5035 501 5091 licet
530 5037 743 5093 diversa
770 5038 824 5093 in
858 5040 1084 5111 singulis
1126 5041 1288 5097 fuerit
1313 5083 1327 5108 ,
1380 5052 1557 5098 tamen
1594 5044 1709 5112 pari

142 5120 333 5179 referta
384 5134 475 5181 est
523 5128 714 5198 gratiae
762 5132 1063 5187 sanctitate.
1122 5133 1256 5188 Nam
1307 5134 1498 5189 Petrus
1538 5135 1715 5190 crucis

142 5212 274 5269 sicut
325 5213 585 5272 Salvator
624 5218 845 5274 exitium
886 5221 1024 5288 tulit,
1066 5232 1120 5277 et
1157 5222 1449 5279 Dominicas
1478 5224 1715 5278 devotio-

142 5304 223 5360 nis
247 5306 644 5374 similitudine,
675 5324 773 5365 nec
802 5319 973 5366 morte
1001 5312 1253 5382 deceptus
1276 5322 1390 5379 est,
1419 5314 1624 5368 scilicet
1655 5322 1711 5367 ut

140 5405 292 5464 quem
318 5396 646 5453 imitabatur
672 5397 794 5467 ﬁde,
820 5400 1121 5456 imitaretur
1144 5410 1199 5456 et
1218 5403 1487 5473 passione.
1515 5402 1714 5457 Paulus

141 5497 261 5540 vero
286 5488 472 5557 sapite
498 5501 673 5544 caesus
695 5497 797 5555 est,
825 5490 951 5560 quia
981 5491 1227 5561 gentibus
1252 5501 1416 5562 caput
1444 5491 1565 5545 ﬁdei
1596 5506 1715 5546 esse

139 5576 495 5644 probabatur,
533 5586 591 5633 et
616 5588 675 5634 ut
698 5582 1002 5637 ostenderet
1025 5580 1269 5638 ﬁdelibus
1296 5597 1393 5653 per
1420 5582 1715 5638 truncatio-

140 5679 253 5719 nem
290 5669 495 5737 capitis
538 5677 703 5739 caput
746 5685 929 5727 verum
954 5713 969 5737 ,
1001 5670 1140 5743 quod
1178 5681 1262 5728 est
1293 5673 1570 5740 Christus,
1606 5689 1715 5731 non

138 5768 285 5826 posse
306 5757 417 5813 ullo
449 5760 615 5815 modo
641 5760 833 5817 divelli.
863 5763 1021 5832 Ecce,
1051 5765 1262 5832 fratres,
1286 5773 1515 5835 quantos
1533 5773 1715 5835 patro-

1818 3348 2097 3394 nocentem
2118 3379 2133 3405 ,
2166 3338 2422 3409 virgoque
2457 3338 2643 3407 genuit
2682 3346 2736 3391 et
2765 3336 2914 3407 virgo
2948 3335 3243 3405 permansit
3270 3342 3392 3405 post

1816 3436 2027 3497 partum
2073 3446 2087 3485 :
2136 3437 2423 3499 utrumque
2454 3428 2768 3484 miraculum
2791 3469 2806 3491 ,
2839 3427 3062 3494 fratres,
3093 3428 3235 3497 quod
3272 3427 3389 3482 sine

1816 3519 2160 3588 corruptione
2184 3518 2402 3589 gravida
2424 3558 2439 3585 ,
2465 3527 2520 3574 et
2546 3519 2598 3573 in
2627 3526 2782 3589 partu
2812 3519 2963 3589 virgo
2985 3528 3067 3574 cst
3103 3533 3384 3589 puerpera.

1818 3608 1939 3671 Ave,
1968 3607 2141 3677 inquit
2173 3608 2395 3679 angelus
2419 3607 2487 3663 ad
2517 3623 2636 3664 eam
2657 3648 2673 3673 ,
2713 3610 2886 3678 gratia
2910 3608 3062 3679 plena
3087 3648 3103 3674 ,
3131 3608 3387 3677 Dominus

1816 3706 2015 3759 tecum;
2048 3706 2222 3753 tecum
2252 3698 2513 3753 Dominus
2540 3696 2594 3751 in
2623 3698 2786 3754 corde
2807 3738 2822 3762 ,
2862 3708 3037 3754 tecum
3077 3699 3131 3752 in
3163 3706 3349 3753 ventre
3369 3738 3383 3763 ,

1818 3796 1994 3843 tecum
2021 3787 2071 3841 in
2102 3799 2275 3854 utero,
2319 3798 2493 3844 tecum
2536 3788 2590 3843 in
2631 3789 2849 3845 auxilio.
2895 3788 3197 3856 Gratulare,
3233 3792 3389 3845 beata

1818 3882 1986 3953 virgo,
2020 3882 2265 3938 Christus
2291 3894 2385 3938 rex
2408 3897 2439 3938 e
2459 3882 2595 3938 cmlo
2621 3897 2739 3947 suo,
2770 3882 2823 3936 in
2855 3890 3014 3936 utero
3047 3890 3167 3946 tuo;
3194 3888 3249 3935 et
3271 3881 3396 3936 ideo

1815 3972 2095 4028 benedicta
2125 3972 2233 4028 eris
2260 3981 2313 4027 tu
2348 3972 2491 4027 inter
2523 3971 2794 4035 mulieres,
2822 3986 2943 4040 qua:
2972 3970 3136 4024 vitam
3176 3977 3232 4025 et
3257 3969 3386 4024 viris
3424 3982 3427 3987 ·

1817 4077 1883 4118 ac
1915 4062 2225 4119 mulieribus
2248 4061 2521 4133 peperisti.
2548 4062 2719 4117 Mater
2739 4061 2951 4132 generis
2975 4060 3145 4115 nostri
3172 4075 3389 4129 poenam

1819 4152 1997 4209 intulit
2023 4154 2238 4218 mundo,
2270 4153 2501 4225 genitrix
2528 4152 2739 4208 Domini
2768 4152 2933 4206 nostri
2961 4151 3185 4207 salutem
3208 4151 3389 4206 attulit

1818 4241 2014 4297 sacculo
2062 4258 2074 4295 :
2132 4242 2396 4312 percussit
2455 4241 2543 4296 illa
2571 4282 2587 4307 ,
2634 4242 2736 4297 ista
2781 4240 3100 4308 viviﬁcavit;
3170 4249 3388 4311 prepter

1819 4331 2231 4387 iuobedientiam
2289 4331 2431 4387 enim
2475 4331 2777 4386 obedientia
2817 4340 3196 4388 commutatur.
3239 4330 3383 4384 Lzeta

1818 4422 1980 4491 igitur
2019 4420 2180 4474 Maria
2211 4431 2384 4492 gestat
2418 4419 2709 4487 infantem,
2739 4421 3013 4476 exsultans
3054 4420 3387 4491 amplexatur

1820 4513 2009 4579 lilium,
2032 4521 2209 4583 portat
2233 4529 2263 4566 a
2294 4528 2400 4583 quo
2425 4513 2757 4583 portabatur.
2788 4512 2983 4568 Audite
3010 4512 3173 4583 igitur
3199 4527 3389 4568 vocem

1818 4604 2105 4657 verborum
2152 4602 2294 4657 illius
2334 4618 2437 4671 qua
2482 4602 2615 4657 dixit
2654 4620 2667 4657 :
2709 4601 3015 4672 Magni/hat
3054 4603 3232 4655 anima
3270 4618 3383 4656 mea

1817 4692 2099 4747 Dominum
2118 4732 2131 4757 ,
2159 4704 2206 4746 et
2234 4692 2506 4747 exsultavit
2540 4694 2752 4763 spiritus
2782 4709 2923 4747 meus
2945 4693 3000 4747 in
3026 4692 3135 4748 Deo
3164 4692 3387 4747 salutari

1817 4800 1929 4837 meo
1968 4797 1987 4835 :
2034 4784 2156 4854 quia
2200 4786 2419 4853 respexit
2466 4783 2805 4839 humilitatem
2849 4784 3055 4839 ancilla:
3084 4800 3233 4849 sum;
3273 4798 3387 4837 ecce

1817 4875 1956 4928 enim
1988 4890 2050 4928 ea:
2088 4876 2183 4928 hoc
2222 4876 2423 4930 beatam
2466 4891 2547 4929 me
2588 4874 2758 4928 dicent
2787 4891 2960 4929 omnes
3002 4876 3380 4945 generationes,

1817 4964 1941 5033 quia
1970 4964 2091 5032 fecit
2116 4964 2243 5018 mihi
2288 4981 2478 5035 magna
2507 4964 2596 5034 qui
2624 4972 2800 5033 potens
2834 4972 2907 5016 est
2941 4962 3091 5035 (Luc.
3122 4963 3185 5037 ι).
3224 4964 3383 5020 Deni-

1820 5068 1926 5123 que
1972 5062 2091 5121 post
2120 5052 2245 5107 illud
2284 5054 2635 5109 benedicibile
2678 5054 3013 5125 praesagium,
3056 5054 3180 5107 dum
3221 5054 3382 5109 tacita

1818 5158 1999 5198 secum
2028 5143 2188 5214 Virgo
2238 5144 2433 5199 mentis
2485 5144 2838 5199 alternationc
2890 5143 3164 5213 confligit,
3210 5143 3385 5214 qualis

1818 5242 1959 5289 esset
2004 5234 2102 5288 ista
2145 5233 2427 5300 salutatio,
2458 5235 2676 5289 nuntius
2711 5235 2923 5287 interim
2968 5233 3203 5288 caelestis
3233 5248 3382 5289 exse-

1818 5326 2044 5394 quitur:
2080 5324 2163 5378 Ne
2206 5325 2408 5391 timeas,
2459 5324 2654 5391 Maria,
2706 5325 2942 5379 invenisti
2977 5325 3113 5379 enim
3158 5326 3383 5394 gratiam

1819 5413 1958 5483 apud
1985 5412 2151 5467 Deum
2196 5427 2213 5465 :
2255 5430 2367 5468 ecce
2400 5416 2652 5485 concipies
2678 5426 2725 5469 et
2751 5418 2921 5486 paries
2945 5414 3132 5485 ﬁlium,
3156 5426 3202 5469 et
3232 5432 3383 5470 noca—

1821 5500 1896 5555 bis
1943 5517 2129 5555 nomen
2177 5503 2290 5572 ejus
2332 5504 2554 5569 Jesum;
2586 5514 2640 5558 at
2666 5506 2753 5559 illa
2794 5524 2807 5559 :
2852 5505 3143 5571 Quomodo,
3184 5505 3382 5574 inquit,

1819 5590 1906 5659 ﬁet
1934 5591 2094 5659 istud,
2125 5594 2368 5661 quoniam
2397 5594 2561 5648 uirum
2596 5612 2699 5648 non
2741 5598 3038 5667 cognosco?
3064 5605 3117 5651 et
3162 5596 3382 5665 angelus

1820 5678 1888 5733 ad
1912 5692 2030 5734 eam
2066 5697 2077 5731 :
2120 5679 2343 5748 Spiritus
2373 5692 2604 5747 sanctus,
2644 5684 2737 5748 ait,
2770 5687 3087 5753 superveniet
3128 5686 3181 5739 in
3224 5695 3290 5751 te,
3330 5695 3377 5741 et

1818 5768 1977 5823 virtus
2009 5767 2259 5823 Altissimi
2286 5770 2604 5826 obumbrabit
2638 5772 2765 5837 tibi;
2797 5774 3009 5845 ideoque
3036 5775 3172 5842 quod
3193 5791 3371 5830 nasce-
