  <div class='ocr_page' id='page_1' title='image "/cluster/home/n/w/nwhite01/storage/ocr_20150623/110/uva.x000827066/035.png"; bbox 0 0 3922 6342; ppageno 0'>
   <div class='ocr_carea' id='block_1_1' title="bbox 472 348 3103 417">
    <p class='ocr_par' dir='ltr' id='par_1_1' title="bbox 472 348 3103 417">
     <span class='ocr_line' id='line_1_1' title="bbox 472 348 3103 417; baseline 0.005 -12"><span class='ocrx_word' id='word_1_1' title='bbox 472 348 544 407; x_wconf 81' lang='lat' dir='ltr'><strong>SS</strong></span> <span class='ocrx_word' id='word_1_2' title='bbox 1115 349 1177 403; x_wconf 85' lang='grc' dir='ltr'><strong>Β.</strong></span> <span class='ocrx_word' id='word_1_3' title='bbox 1223 349 1474 407; x_wconf 77' lang='lat' dir='ltr'><strong>iiABANl</strong></span> <span class='ocrx_word' id='word_1_4' title='bbox 1516 351 1737 410; x_wconf 78' lang='lat' dir='ltr'><strong>MAURI</strong></span> <span class='ocrx_word' id='word_1_5' title='bbox 1775 351 2097 410; x_wconf 76' lang='lat' dir='ltr'><strong>ARCHIEP.</strong></span> <span class='ocrx_word' id='word_1_6' title='bbox 2140 353 2452 412; x_wconf 71' lang='lat' dir='ltr'><strong>MOGUNT.</strong></span> <span class='ocrx_word' id='word_1_7' title='bbox 2494 355 2782 415; x_wconf 74' lang='lat' dir='ltr'><strong>OPERUM</strong></span> <span class='ocrx_word' id='word_1_8' title='bbox 2822 357 3001 417; x_wconf 76' lang='lat' dir='ltr'><strong>PARS</strong></span> <span class='ocrx_word' id='word_1_9' title='bbox 3038 360 3103 417; x_wconf 88' lang='lat' dir='ltr'><strong>ll.</strong></span> 
     </span>
    </p>
   </div>
   <div class='ocr_carea' id='block_1_2' title="bbox 3686 364 3775 423">
    <p class='ocr_par' dir='ltr' id='par_1_2' title="bbox 3686 364 3775 423">
     <span class='ocr_line' id='line_1_2' title="bbox 3686 364 3775 423; baseline 0 0"><span class='ocrx_word' id='word_1_10' title='bbox 3686 364 3775 423; x_wconf 75' lang='lat'><strong>58</strong></span> 
     </span>
    </p>
   </div>
   <div class='ocr_carea' id='block_1_3' title="bbox 464 467 3778 552">
    <p class='ocr_par' dir='ltr' id='par_1_3' title="bbox 464 467 3778 552">
     <span class='ocr_line' id='line_1_3' title="bbox 464 467 3778 552; baseline 0.005 -28"><span class='ocrx_word' id='word_1_11' title='bbox 464 476 558 527; x_wconf 79' lang='lat' dir='ltr'><strong>tur</strong></span> <span class='ocrx_word' id='word_1_12' title='bbox 580 477 646 522; x_wconf 71' lang='lat' dir='ltr'><strong>at:</strong></span> <span class='ocrx_word' id='word_1_13' title='bbox 676 474 723 522; x_wconf 75' lang='lat' dir='ltr'><strong>ts</strong></span> <span class='ocrx_word' id='word_1_14' title='bbox 761 473 1023 531; x_wconf 80' lang='lat' dir='ltr'><strong>sanctum,</strong></span> <span class='ocrx_word' id='word_1_15' title='bbox 1053 468 1323 524; x_wconf 72' lang='lat' dir='ltr'><strong>vocabitur</strong></span> <span class='ocrx_word' id='word_1_16' title='bbox 1350 467 1527 526; x_wconf 83' lang='lat' dir='ltr'><strong>Filius</strong></span> <span class='ocrx_word' id='word_1_17' title='bbox 1559 468 1678 527; x_wconf 85' lang='lat' dir='ltr'><strong>Dei.</strong></span> <span class='ocrx_word' id='word_1_18' title='bbox 1731 470 1841 529; x_wconf 77' lang='lat' dir='ltr'><strong>Nec</strong></span> <span class='ocrx_word' id='word_1_19' title='bbox 1882 486 2058 536; x_wconf 84' lang='lat' dir='ltr'><strong>mera,</strong></span> <span class='ocrx_word' id='word_1_20' title='bbox 2090 476 2135 534; x_wconf 83' lang='lat' dir='ltr'><strong>A</strong></span> <span class='ocrx_word' id='word_1_21' title='bbox 2166 470 2412 529; x_wconf 83' lang='lat' dir='ltr'><strong>Laudent</strong></span> <span class='ocrx_word' id='word_1_22' title='bbox 2471 489 2591 528; x_wconf 88' lang='lat' dir='ltr'><strong>eam</strong></span> <span class='ocrx_word' id='word_1_23' title='bbox 2627 474 2825 546; x_wconf 80' lang='lat' dir='ltr'><strong>angeli,</strong></span> <span class='ocrx_word' id='word_1_24' title='bbox 2852 480 3147 546; x_wconf 68' lang='lat' dir='ltr'><strong>praedicent</strong></span> <span class='ocrx_word' id='word_1_25' title='bbox 3195 479 3524 552; x_wconf 82' lang='lat' dir='ltr'><strong>archangeli,</strong></span> <span class='ocrx_word' id='word_1_26' title='bbox 3567 496 3778 538; x_wconf 84' lang='lat' dir='ltr'><strong>omnes</strong></span> 
     </span>
    </p>
   </div>
   <div class='ocr_carea' id='block_1_4' title="bbox 468 554 2130 630">
    <p class='ocr_par' dir='ltr' id='par_1_4' title="bbox 468 554 2130 630">
     <span class='ocr_line' id='line_1_4' title="bbox 468 554 2130 630; baseline -0.001 -18"><span class='ocrx_word' id='word_1_27' title='bbox 468 554 761 615; x_wconf 82' lang='lat' dir='ltr'><strong>revertitur</strong></span> <span class='ocrx_word' id='word_1_28' title='bbox 784 556 1030 621; x_wconf 87' lang='lat' dir='ltr'><strong>nuntius,</strong></span> <span class='ocrx_word' id='word_1_29' title='bbox 1056 563 1112 611; x_wconf 88' lang='lat' dir='ltr'><strong>et</strong></span> <span class='ocrx_word' id='word_1_30' title='bbox 1140 557 1457 627; x_wconf 84' lang='lat' dir='ltr'><strong>virginalem</strong></span> <span class='ocrx_word' id='word_1_31' title='bbox 1485 559 1785 617; x_wconf 78' lang='lat' dir='ltr'><strong>thalamum</strong></span> <span class='ocrx_word' id='word_1_32' title='bbox 1816 558 2055 630; x_wconf 89' lang='lat' dir='ltr'><strong>ingredi-</strong></span> <span class='ocrx_word' id='word_1_33' title='bbox 2110 580 2130 601; x_wconf 78' lang='grc' dir='ltr'><strong>ο</strong></span> 
     </span>
    </p>
   </div>
   <div class='ocr_carea' id='block_1_5' title="bbox 466 644 2060 721">
    <p class='ocr_par' dir='ltr' id='par_1_5' title="bbox 466 644 2060 721">
     <span class='ocr_line' id='line_1_5' title="bbox 466 644 2060 721; baseline 0.004 -23"><span class='ocrx_word' id='word_1_34' title='bbox 466 654 558 701; x_wconf 89' lang='lat' dir='ltr'><strong>tur</strong></span> <span class='ocrx_word' id='word_1_35' title='bbox 576 644 846 705; x_wconf 76' lang='lat' dir='ltr'><strong>Christus.</strong></span> <span class='ocrx_word' id='word_1_36' title='bbox 878 644 1224 704; x_wconf 80' lang='lat' dir='ltr'><strong>Gaudeamus</strong></span> <span class='ocrx_word' id='word_1_37' title='bbox 1253 664 1384 721; x_wconf 79' lang='lat' dir='ltr'><strong>ergo</strong></span> <span class='ocrx_word' id='word_1_38' title='bbox 1412 658 1469 705; x_wconf 90' lang='lat' dir='ltr'><strong>et</strong></span> <span class='ocrx_word' id='word_1_39' title='bbox 1497 665 1616 718; x_wconf 86' lang='lat' dir='ltr'><strong>nos,</strong></span> <span class='ocrx_word' id='word_1_40' title='bbox 1647 650 1864 716; x_wconf 78' lang='lat' dir='ltr'><strong>fratres,</strong></span> <span class='ocrx_word' id='word_1_41' title='bbox 1897 652 1950 707; x_wconf 91' lang='lat' dir='ltr'><strong>in</strong></span> <span class='ocrx_word' id='word_1_42' title='bbox 1973 652 2060 705; x_wconf 86' lang='lat' dir='ltr'><strong>die</strong></span> 
     </span>
    </p>
   </div>
   <div class='ocr_carea' id='block_1_6' title="bbox 466 735 2060 809">
    <p class='ocr_par' dir='ltr' id='par_1_6' title="bbox 466 735 2060 809">
     <span class='ocr_line' id='line_1_6' title="bbox 466 735 2060 809; baseline 0.003 -15"><span class='ocrx_word' id='word_1_43' title='bbox 466 743 630 794; x_wconf 64' lang='lat' dir='ltr'><strong>tanta</strong></span> <span class='ocrx_word' id='word_1_44' title='bbox 656 735 927 806; x_wconf 79' lang='lat' dir='ltr'><strong>Virginis,</strong></span> <span class='ocrx_word' id='word_1_45' title='bbox 970 753 1093 809; x_wconf 87' lang='lat' dir='ltr'><strong>quae</strong></span> <span class='ocrx_word' id='word_1_46' title='bbox 1122 740 1356 805; x_wconf 88' lang='lat' dir='ltr'><strong>meruit,</strong></span> <span class='ocrx_word' id='word_1_47' title='bbox 1400 741 1513 797; x_wconf 89' lang='lat' dir='ltr'><strong>sola</strong></span> <span class='ocrx_word' id='word_1_48' title='bbox 1539 740 1781 796; x_wconf 89' lang='lat' dir='ltr'><strong>omnium</strong></span> <span class='ocrx_word' id='word_1_49' title='bbox 1830 739 2060 799; x_wconf 87' lang='lat' dir='ltr'><strong>femina-</strong></span> 
     </span>
    </p>
   </div>
   <div class='ocr_carea' id='block_1_7' title="bbox 464 830 2056 901">
    <p class='ocr_par' dir='ltr' id='par_1_7' title="bbox 464 830 2056 901">
     <span class='ocr_line' id='line_1_7' title="bbox 464 830 2056 901; baseline 0 -17"><span class='ocrx_word' id='word_1_50' title='bbox 464 843 605 895; x_wconf 85' lang='lat' dir='ltr'><strong>rum,</strong></span> <span class='ocrx_word' id='word_1_51' title='bbox 660 843 868 901; x_wconf 89' lang='lat' dir='ltr'><strong>regem,</strong></span> <span class='ocrx_word' id='word_1_52' title='bbox 898 844 1060 898; x_wconf 86' lang='lat' dir='ltr'><strong>quem</strong></span> <span class='ocrx_word' id='word_1_53' title='bbox 1110 830 1251 895; x_wconf 74' lang='lat' dir='ltr'><strong>cmli,</strong></span> <span class='ocrx_word' id='word_1_54' title='bbox 1299 840 1464 897; x_wconf 88' lang='lat' dir='ltr'><strong>terra,</strong></span> <span class='ocrx_word' id='word_1_55' title='bbox 1496 846 1667 896; x_wconf 90' lang='lat' dir='ltr'><strong>mare,</strong></span> <span class='ocrx_word' id='word_1_56' title='bbox 1714 845 1909 901; x_wconf 84' lang='lat' dir='ltr'><strong>capere</strong></span> <span class='ocrx_word' id='word_1_57' title='bbox 1949 845 2056 885; x_wconf 91' lang='lat' dir='ltr'><strong>non</strong></span> 
     </span>
    </p>
   </div>
   <div class='ocr_carea' id='block_1_8' title="bbox 464 920 2058 993">
    <p class='ocr_par' dir='ltr' id='par_1_8' title="bbox 464 920 2058 993">
     <span class='ocr_line' id='line_1_8' title="bbox 464 920 2058 993; baseline 0 -18"><span class='ocrx_word' id='word_1_58' title='bbox 464 928 693 991; x_wconf 81' lang='lat' dir='ltr'><strong>possunt</strong></span> <span class='ocrx_word' id='word_1_59' title='bbox 719 960 735 988; x_wconf 88' lang='lat'><strong>,</strong></span> <span class='ocrx_word' id='word_1_60' title='bbox 767 920 823 975; x_wconf 92' lang='lat' dir='ltr'><strong>in</strong></span> <span class='ocrx_word' id='word_1_61' title='bbox 853 935 1009 976; x_wconf 87' lang='lat' dir='ltr'><strong>suam</strong></span> <span class='ocrx_word' id='word_1_62' title='bbox 1037 920 1355 993; x_wconf 74' lang='lat' dir='ltr'><strong>virginalem</strong></span> <span class='ocrx_word' id='word_1_63' title='bbox 1384 922 1551 977; x_wconf 88' lang='lat' dir='ltr'><strong>castis</strong></span> <span class='ocrx_word' id='word_1_64' title='bbox 1572 929 1627 977; x_wconf 88' lang='lat' dir='ltr'><strong>et</strong></span> <span class='ocrx_word' id='word_1_65' title='bbox 1655 921 1855 977; x_wconf 81' lang='lat' dir='ltr'><strong>sanctis</strong></span> <span class='ocrx_word' id='word_1_66' title='bbox 1880 920 2058 975; x_wconf 89' lang='lat' dir='ltr'><strong>visce-</strong></span> 
     </span>
    </p>
   </div>
   <div class='ocr_carea' id='block_1_9' title="bbox 462 1010 2058 1086">
    <p class='ocr_par' dir='ltr' id='par_1_9' title="bbox 462 1010 2058 1086">
     <span class='ocr_line' id='line_1_9' title="bbox 462 1010 2058 1086; baseline 0.001 -16"><span class='ocrx_word' id='word_1_67' title='bbox 462 1010 616 1070; x_wconf 82' lang='lat' dir='ltr'><strong>ribus</strong></span> <span class='ocrx_word' id='word_1_68' title='bbox 641 1011 930 1083; x_wconf 86' lang='lat' dir='ltr'><strong>concipere</strong></span> <span class='ocrx_word' id='word_1_69' title='bbox 954 1014 1195 1081; x_wconf 77' lang='lat' dir='ltr'><strong>vulvam,</strong></span> <span class='ocrx_word' id='word_1_70' title='bbox 1228 1022 1289 1070; x_wconf 90' lang='lat' dir='ltr'><strong>ut</strong></span> <span class='ocrx_word' id='word_1_71' title='bbox 1314 1014 1428 1086; x_wconf 90' lang='lat' dir='ltr'><strong>ipsa</strong></span> <span class='ocrx_word' id='word_1_72' title='bbox 1454 1014 1542 1086; x_wconf 91' lang='lat' dir='ltr'><strong>pia</strong></span> <span class='ocrx_word' id='word_1_73' title='bbox 1574 1014 1927 1071; x_wconf 85' lang='lat' dir='ltr'><strong>interventrix</strong></span> <span class='ocrx_word' id='word_1_74' title='bbox 1959 1030 2058 1086; x_wconf 89' lang='lat' dir='ltr'><strong>pro</strong></span> 
     </span>
    </p>
   </div>
   <div class='ocr_carea' id='block_1_10' title="bbox 462 1102 2057 1177">
    <p class='ocr_par' dir='ltr' id='par_1_10' title="bbox 462 1102 2057 1177">
     <span class='ocr_line' id='line_1_10' title="bbox 462 1102 2057 1177; baseline 0.002 -19"><span class='ocrx_word' id='word_1_75' title='bbox 462 1102 623 1159; x_wconf 84' lang='lat' dir='ltr'><strong>nobis</strong></span> <span class='ocrx_word' id='word_1_76' title='bbox 664 1105 929 1161; x_wconf 83' lang='lat' dir='ltr'><strong>consistat</strong></span> <span class='ocrx_word' id='word_1_77' title='bbox 972 1106 1040 1161; x_wconf 90' lang='lat' dir='ltr'><strong>ad</strong></span> <span class='ocrx_word' id='word_1_78' title='bbox 1093 1106 1260 1162; x_wconf 82' lang='lat' dir='ltr'><strong>filium</strong></span> <span class='ocrx_word' id='word_1_79' title='bbox 1284 1149 1299 1172; x_wconf 91' lang='lat'><strong>,</strong></span> <span class='ocrx_word' id='word_1_80' title='bbox 1340 1107 1430 1177; x_wconf 90' lang='lat' dir='ltr'><strong>qui</strong></span> <span class='ocrx_word' id='word_1_81' title='bbox 1464 1122 1584 1163; x_wconf 89' lang='lat' dir='ltr'><strong>eam</strong></span> <span class='ocrx_word' id='word_1_82' title='bbox 1611 1108 1912 1163; x_wconf 83' lang='lat' dir='ltr'><strong>transvexit</strong></span> <span class='ocrx_word' id='word_1_83' title='bbox 1934 1122 2057 1163; x_wconf 91' lang='lat' dir='ltr'><strong>cum</strong></span> 
     </span>
    </p>
   </div>
   <div class='ocr_carea' id='block_1_11' title="bbox 458 1192 2062 1270">
    <p class='ocr_par' dir='ltr' id='par_1_11' title="bbox 458 1192 2062 1270">
     <span class='ocr_line' id='line_1_11' title="bbox 458 1192 2062 1270; baseline 0.004 -23"><span class='ocrx_word' id='word_1_84' title='bbox 458 1192 609 1251; x_wconf 86' lang='lat' dir='ltr'><strong>omni</strong></span> <span class='ocrx_word' id='word_1_85' title='bbox 637 1192 809 1265; x_wconf 88' lang='lat' dir='ltr'><strong>gloria</strong></span> <span class='ocrx_word' id='word_1_86' title='bbox 835 1196 903 1252; x_wconf 88' lang='lat' dir='ltr'><strong>ad</strong></span> <span class='ocrx_word' id='word_1_87' title='bbox 929 1196 1052 1254; x_wconf 73' lang='lat' dir='ltr'><strong>cmli</strong></span> <span class='ocrx_word' id='word_1_88' title='bbox 1078 1195 1361 1268; x_wconf 83' lang='lat' dir='ltr'><strong>palatium,</strong></span> <span class='ocrx_word' id='word_1_89' title='bbox 1386 1207 1443 1253; x_wconf 90' lang='lat' dir='ltr'><strong>et</strong></span> <span class='ocrx_word' id='word_1_90' title='bbox 1470 1212 1612 1253; x_wconf 90' lang='lat' dir='ltr'><strong>nunc</strong></span> <span class='ocrx_word' id='word_1_91' title='bbox 1629 1197 1762 1253; x_wconf 86' lang='lat' dir='ltr'><strong>vivit</strong></span> <span class='ocrx_word' id='word_1_92' title='bbox 1778 1208 1841 1253; x_wconf 86' lang='lat' dir='ltr'><strong>et</strong></span> <span class='ocrx_word' id='word_1_93' title='bbox 1871 1206 2062 1270; x_wconf 83' lang='lat' dir='ltr'><strong>regnat</strong></span> 
     </span>
    </p>
   </div>
   <div class='ocr_carea' id='block_1_12' title="bbox 462 1285 1581 1344">
    <p class='ocr_par' dir='ltr' id='par_1_12' title="bbox 462 1285 1581 1344">
     <span class='ocr_line' id='line_1_12' title="bbox 462 1285 1581 1344; baseline 0.004 -6"><span class='ocrx_word' id='word_1_94' title='bbox 462 1296 587 1339; x_wconf 82' lang='lat' dir='ltr'><strong>eum</strong></span> <span class='ocrx_word' id='word_1_95' title='bbox 610 1297 679 1341; x_wconf 82' lang='lat' dir='ltr'><strong>eo</strong></span> <span class='ocrx_word' id='word_1_96' title='bbox 704 1286 760 1341; x_wconf 89' lang='lat' dir='ltr'><strong>in</strong></span> <span class='ocrx_word' id='word_1_97' title='bbox 789 1285 985 1343; x_wconf 65' lang='lat' dir='ltr'><strong>saecula</strong></span> <span class='ocrx_word' id='word_1_98' title='bbox 1011 1287 1356 1344; x_wconf 73' lang='lat' dir='ltr'><strong>saeculorum.</strong></span> <span class='ocrx_word' id='word_1_99' title='bbox 1386 1288 1581 1344; x_wconf 82' lang='lat' dir='ltr'><strong>Amen.</strong></span> 
     </span>
    </p>
   </div>
   <div class='ocr_carea' id='block_1_13' title="bbox 997 1399 1519 1457">
    <p class='ocr_par' dir='ltr' id='par_1_13' title="bbox 997 1399 1519 1457">
     <span class='ocr_line' id='line_1_13' title="bbox 997 1399 1519 1457; baseline 0.002 -2"><span class='ocrx_word' id='word_1_100' title='bbox 997 1399 1280 1457; x_wconf 77' lang='lat' dir='ltr'><strong>HOMILIA</strong></span> <span class='ocrx_word' id='word_1_101' title='bbox 1324 1399 1519 1456; x_wconf 83' lang='lat' dir='ltr'><strong>XXIX.</strong></span> 
     </span>
    </p>
   </div>
   <div class='ocr_carea' id='block_1_14' title="bbox 639 1482 1873 1528">
    <p class='ocr_par' dir='ltr' id='par_1_14' title="bbox 639 1482 1873 1528">
     <span class='ocr_line' id='line_1_14' title="bbox 639 1482 1873 1528; baseline 0.001 -5"><span class='ocrx_word' id='word_1_102' title='bbox 639 1482 694 1523; x_wconf 73' lang='lat' dir='ltr'><strong>IN</strong></span> <span class='ocrx_word' id='word_1_103' title='bbox 734 1482 1101 1527; x_wconf 69' lang='lat' dir='ltr'><strong>LBSUIPTIONE</strong></span> <span class='ocrx_word' id='word_1_104' title='bbox 1139 1485 1359 1528; x_wconf 59' lang='grc' dir='ltr'><strong>ελκατδ</strong></span> <span class='ocrx_word' id='word_1_105' title='bbox 1397 1485 1579 1527; x_wconf 64' lang='grc' dir='ltr'><strong>ΙΛΒΙΒ</strong></span> <span class='ocrx_word' id='word_1_106' title='bbox 1615 1483 1873 1526; x_wconf 61' lang='grc' dir='ltr'><strong>νιιιθικιε.</strong></span> 
     </span>
    </p>
   </div>
   <div class='ocr_carea' id='block_1_15' title="bbox 526 1553 2054 1631">
    <p class='ocr_par' dir='ltr' id='par_1_15' title="bbox 526 1553 2054 1631">
     <span class='ocr_line' id='line_1_15' title="bbox 526 1553 2054 1631; baseline 0.003 -20"><span class='ocrx_word' id='word_1_107' title='bbox 526 1553 663 1611; x_wconf 85' lang='lat' dir='ltr'><strong>Cum</strong></span> <span class='ocrx_word' id='word_1_108' title='bbox 710 1559 956 1614; x_wconf 88' lang='lat' dir='ltr'><strong>omnium</strong></span> <span class='ocrx_word' id='word_1_109' title='bbox 1000 1568 1317 1616; x_wconf 87' lang='lat' dir='ltr'><strong>sanctarum</strong></span> <span class='ocrx_word' id='word_1_110' title='bbox 1372 1560 1642 1631; x_wconf 83' lang='lat' dir='ltr'><strong>virginum</strong></span> <span class='ocrx_word' id='word_1_111' title='bbox 1690 1558 2012 1616; x_wconf 82' lang='lat' dir='ltr'><strong>festivitates</strong></span> <span class='ocrx_word' id='word_1_112' title='bbox 2039 1604 2054 1627; x_wconf 92' lang='lat'><strong>,</strong></span> 
     </span>
    </p>
   </div>
   <div class='ocr_carea' id='block_1_16' title="bbox 455 1648 2057 1723">
    <p class='ocr_par' dir='ltr' id='par_1_16' title="bbox 455 1648 2057 1723">
     <span class='ocr_line' id='line_1_16' title="bbox 455 1648 2057 1723; baseline 0.004 -22"><span class='ocrx_word' id='word_1_113' title='bbox 455 1660 580 1720; x_wconf 63' lang='lat' dir='ltr'><strong>quae</strong></span> <span class='ocrx_word' id='word_1_114' title='bbox 607 1648 916 1706; x_wconf 80' lang='lat' dir='ltr'><strong>castitatem</strong></span> <span class='ocrx_word' id='word_1_115' title='bbox 943 1651 1143 1708; x_wconf 86' lang='lat' dir='ltr'><strong>mentis</strong></span> <span class='ocrx_word' id='word_1_116' title='bbox 1183 1659 1240 1707; x_wconf 88' lang='lat' dir='ltr'><strong>et</strong></span> <span class='ocrx_word' id='word_1_117' title='bbox 1284 1653 1530 1722; x_wconf 87' lang='lat' dir='ltr'><strong>corporis</strong></span> <span class='ocrx_word' id='word_1_118' title='bbox 1574 1666 1748 1723; x_wconf 90' lang='lat' dir='ltr'><strong>usque</strong></span> <span class='ocrx_word' id='word_1_119' title='bbox 1795 1654 1862 1708; x_wconf 89' lang='lat' dir='ltr'><strong>ad</strong></span> <span class='ocrx_word' id='word_1_120' title='bbox 1896 1652 2057 1707; x_wconf 84' lang='lat' dir='ltr'><strong>linem</strong></span> 
     </span>
    </p>
   </div>
   <div class='ocr_carea' id='block_1_17' title="bbox 456 1737 2056 1812">
    <p class='ocr_par' dir='ltr' id='par_1_17' title="bbox 456 1737 2056 1812">
     <span class='ocr_line' id='line_1_17' title="bbox 456 1737 2056 1812; baseline 0.005 -22"><span class='ocrx_word' id='word_1_121' title='bbox 456 1737 582 1795; x_wconf 67' lang='lat' dir='ltr'><strong>vita!</strong></span> <span class='ocrx_word' id='word_1_122' title='bbox 611 1749 1004 1806; x_wconf 86' lang='lat' dir='ltr'><strong>servaverunt,</strong></span> <span class='ocrx_word' id='word_1_123' title='bbox 1036 1750 1093 1797; x_wconf 89' lang='lat' dir='ltr'><strong>et</strong></span> <span class='ocrx_word' id='word_1_124' title='bbox 1127 1756 1227 1812; x_wconf 90' lang='lat' dir='ltr'><strong>per</strong></span> <span class='ocrx_word' id='word_1_125' title='bbox 1249 1741 1343 1798; x_wconf 87' lang='lat' dir='ltr'><strong>Dei</strong></span> <span class='ocrx_word' id='word_1_126' title='bbox 1388 1741 1817 1798; x_wconf 88' lang='lat' dir='ltr'><strong>misericordiam</strong></span> <span class='ocrx_word' id='word_1_127' title='bbox 1847 1741 1915 1798; x_wconf 90' lang='lat' dir='ltr'><strong>de</strong></span> <span class='ocrx_word' id='word_1_128' title='bbox 1951 1743 2056 1798; x_wconf 88' lang='lat' dir='ltr'><strong>hoc</strong></span> 
     </span>
    </p>
   </div>
   <div class='ocr_carea' id='block_1_18' title="bbox 2161 566 3773 628">
    <p class='ocr_par' dir='ltr' id='par_1_18' title="bbox 2161 566 3773 628">
     <span class='ocr_line' id='line_1_18' title="bbox 2161 566 3773 628; baseline 0.005 -9"><span class='ocrx_word' id='word_1_129' title='bbox 2161 566 2423 621; x_wconf 71' lang='lat' dir='ltr'><strong>caelorum</strong></span> <span class='ocrx_word' id='word_1_130' title='bbox 2472 569 2700 625; x_wconf 84' lang='lat' dir='ltr'><strong>virtutes</strong></span> <span class='ocrx_word' id='word_1_131' title='bbox 2747 578 2803 626; x_wconf 90' lang='lat' dir='ltr'><strong>et</strong></span> <span class='ocrx_word' id='word_1_132' title='bbox 2849 587 3039 628; x_wconf 91' lang='lat' dir='ltr'><strong>omnes</strong></span> <span class='ocrx_word' id='word_1_133' title='bbox 3103 578 3415 628; x_wconf 86' lang='lat' dir='ltr'><strong>sanctorum</strong></span> <span class='ocrx_word' id='word_1_134' title='bbox 3474 579 3651 627; x_wconf 73' lang='lat' dir='ltr'><strong>emtas</strong></span> <span class='ocrx_word' id='word_1_135' title='bbox 3700 571 3773 627; x_wconf 86' lang='lat' dir='ltr'><strong>in</strong></span> 
     </span>
    </p>
   </div>
   <div class='ocr_carea' id='block_1_19' title="bbox 2161 653 3771 730">
    <p class='ocr_par' dir='ltr' id='par_1_19' title="bbox 2161 653 3771 730">
     <span class='ocr_line' id='line_1_19' title="bbox 2161 653 3771 730; baseline 0.004 -21"><span class='ocrx_word' id='word_1_136' title='bbox 2161 653 2410 714; x_wconf 86' lang='lat' dir='ltr'><strong>laudibus</strong></span> <span class='ocrx_word' id='word_1_137' title='bbox 2442 658 2559 728; x_wconf 87' lang='lat' dir='ltr'><strong>ejus</strong></span> <span class='ocrx_word' id='word_1_138' title='bbox 2591 662 2892 730; x_wconf 80' lang='lat' dir='ltr'><strong>exsultent;</strong></span> <span class='ocrx_word' id='word_1_139' title='bbox 2945 671 3186 718; x_wconf 83' lang='lat' dir='ltr'><strong>attamen</strong></span> <span class='ocrx_word' id='word_1_140' title='bbox 3231 661 3408 717; x_wconf 84' lang='lat' dir='ltr'><strong>adhuc</strong></span> <span class='ocrx_word' id='word_1_141' title='bbox 3441 662 3575 717; x_wconf 90' lang='lat' dir='ltr'><strong>mihi</strong></span> <span class='ocrx_word' id='word_1_142' title='bbox 3605 660 3771 716; x_wconf 82' lang='lat' dir='ltr'><strong>vide—</strong></span> 
     </span>
    </p>
   </div>
   <div class='ocr_carea' id='block_1_20' title="bbox 2163 749 3779 823">
    <p class='ocr_par' dir='ltr' id='par_1_20' title="bbox 2163 749 3779 823">
     <span class='ocr_line' id='line_1_20' title="bbox 2163 749 3779 823; baseline 0.003 -22"><span class='ocrx_word' id='word_1_143' title='bbox 2163 757 2251 804; x_wconf 90' lang='lat' dir='ltr'><strong>tur</strong></span> <span class='ocrx_word' id='word_1_144' title='bbox 2290 750 2555 811; x_wconf 83' lang='lat' dir='ltr'><strong>excellere</strong></span> <span class='ocrx_word' id='word_1_145' title='bbox 2598 752 2834 822; x_wconf 79' lang='lat' dir='ltr'><strong>dignitas</strong></span> <span class='ocrx_word' id='word_1_146' title='bbox 2863 752 3290 811; x_wconf 82' lang='lat' dir='ltr'><strong>honorificentiae</strong></span> <span class='ocrx_word' id='word_1_147' title='bbox 3320 752 3459 823; x_wconf 88' lang='lat' dir='ltr'><strong>ejus.</strong></span> <span class='ocrx_word' id='word_1_148' title='bbox 3509 749 3615 807; x_wconf 88' lang='lat' dir='ltr'><strong>Sed</strong></span> <span class='ocrx_word' id='word_1_149' title='bbox 3640 750 3779 807; x_wconf 63' lang='lat' dir='ltr'><strong>haec</strong></span> 
     </span>
    </p>
   </div>
   <div class='ocr_carea' id='block_1_21' title="bbox 2159 840 3774 913">
    <p class='ocr_par' dir='ltr' id='par_1_21' title="bbox 2159 840 3774 913">
     <span class='ocr_line' id='line_1_21' title="bbox 2159 840 3774 913; baseline 0.004 -22"><span class='ocrx_word' id='word_1_150' title='bbox 2159 840 2576 909; x_wconf 86' lang='lat' dir='ltr'><strong>perpendentes,</strong></span> <span class='ocrx_word' id='word_1_151' title='bbox 2610 840 2831 908; x_wconf 83' lang='lat' dir='ltr'><strong>fratres,</strong></span> <span class='ocrx_word' id='word_1_152' title='bbox 2875 859 2982 899; x_wconf 90' lang='lat' dir='ltr'><strong>non</strong></span> <span class='ocrx_word' id='word_1_153' title='bbox 3012 843 3362 913; x_wconf 88' lang='lat' dir='ltr'><strong>desperemus</strong></span> <span class='ocrx_word' id='word_1_154' title='bbox 3389 856 3492 897; x_wconf 89' lang='lat' dir='ltr'><strong>nec</strong></span> <span class='ocrx_word' id='word_1_155' title='bbox 3520 840 3774 913; x_wconf 86' lang='lat' dir='ltr'><strong>refugia-</strong></span> 
     </span>
    </p>
   </div>
   <div class='ocr_carea' id='block_1_22' title="bbox 2161 931 3775 1006">
    <p class='ocr_par' dir='ltr' id='par_1_22' title="bbox 2161 931 3775 1006">
     <span class='ocr_line' id='line_1_22' title="bbox 2161 931 3775 1006; baseline 0.002 -22"><span class='ocrx_word' id='word_1_156' title='bbox 2161 944 2301 997; x_wconf 86' lang='lat' dir='ltr'><strong>mus,</strong></span> <span class='ocrx_word' id='word_1_157' title='bbox 2337 931 2447 987; x_wconf 90' lang='lat' dir='ltr'><strong>imo</strong></span> <span class='ocrx_word' id='word_1_158' title='bbox 2495 934 2669 1005; x_wconf 90' lang='lat' dir='ltr'><strong>magis</strong></span> <span class='ocrx_word' id='word_1_159' title='bbox 2701 935 2756 989; x_wconf 91' lang='lat' dir='ltr'><strong>in</strong></span> <span class='ocrx_word' id='word_1_160' title='bbox 2781 934 2995 990; x_wconf 89' lang='lat' dir='ltr'><strong>laudem</strong></span> <span class='ocrx_word' id='word_1_161' title='bbox 3019 934 3141 1005; x_wconf 88' lang='lat' dir='ltr'><strong>ejus</strong></span> <span class='ocrx_word' id='word_1_162' title='bbox 3187 949 3287 1006; x_wconf 79' lang='lat' dir='ltr'><strong>pro</strong></span> <span class='ocrx_word' id='word_1_163' title='bbox 3316 932 3535 990; x_wconf 88' lang='lat' dir='ltr'><strong>modulo</strong></span> <span class='ocrx_word' id='word_1_164' title='bbox 3568 942 3775 988; x_wconf 91' lang='lat' dir='ltr'><strong>nostro</strong></span> 
     </span>
    </p>
   </div>
   <div class='ocr_carea' id='block_1_23' title="bbox 2160 1018 3772 1095">
    <p class='ocr_par' dir='ltr' id='par_1_23' title="bbox 2160 1018 3772 1095">
     <span class='ocr_line' id='line_1_23' title="bbox 2160 1018 3772 1095; baseline 0.002 -20"><span class='ocrx_word' id='word_1_165' title='bbox 2160 1018 2482 1089; x_wconf 81' lang='lat' dir='ltr'><strong>excitemur,</strong></span> <span class='ocrx_word' id='word_1_166' title='bbox 2512 1028 2568 1077; x_wconf 92' lang='lat' dir='ltr'><strong>et</strong></span> <span class='ocrx_word' id='word_1_167' title='bbox 2597 1022 2650 1077; x_wconf 92' lang='lat' dir='ltr'><strong>in</strong></span> <span class='ocrx_word' id='word_1_168' title='bbox 2680 1023 3065 1094; x_wconf 56' lang='lat' dir='ltr'><strong>praedicatione</strong></span> <span class='ocrx_word' id='word_1_169' title='bbox 3085 1024 3202 1095; x_wconf 88' lang='lat' dir='ltr'><strong>ejus</strong></span> <span class='ocrx_word' id='word_1_170' title='bbox 3226 1022 3594 1087; x_wconf 79' lang='lat' dir='ltr'><strong>exsultemus;</strong></span> <span class='ocrx_word' id='word_1_171' title='bbox 3625 1021 3772 1093; x_wconf 80' lang='lat' dir='ltr'><strong>quia</strong></span> 
     </span>
    </p>
   </div>
   <div class='ocr_carea' id='block_1_24' title="bbox 2160 1107 3777 1184">
    <p class='ocr_par' dir='ltr' id='par_1_24' title="bbox 2160 1107 3777 1184">
     <span class='ocr_line' id='line_1_24' title="bbox 2160 1107 3777 1184; baseline 0.003 -24"><span class='ocrx_word' id='word_1_172' title='bbox 2160 1107 2301 1177; x_wconf 90' lang='lat' dir='ltr'><strong>quod</strong></span> <span class='ocrx_word' id='word_1_173' title='bbox 2328 1108 2508 1171; x_wconf 86' lang='lat' dir='ltr'><strong>minus</strong></span> <span class='ocrx_word' id='word_1_174' title='bbox 2531 1118 2617 1165; x_wconf 90' lang='lat' dir='ltr'><strong>est</strong></span> <span class='ocrx_word' id='word_1_175' title='bbox 2640 1111 2694 1166; x_wconf 93' lang='lat' dir='ltr'><strong>in</strong></span> <span class='ocrx_word' id='word_1_176' title='bbox 2725 1112 3084 1183; x_wconf 85' lang='lat' dir='ltr'><strong>possibilitate</strong></span> <span class='ocrx_word' id='word_1_177' title='bbox 3129 1119 3335 1178; x_wconf 87' lang='lat' dir='ltr'><strong>nostra,</strong></span> <span class='ocrx_word' id='word_1_178' title='bbox 3364 1110 3608 1184; x_wconf 76' lang='lat' dir='ltr'><strong>implebit</strong></span> <span class='ocrx_word' id='word_1_179' title='bbox 3660 1110 3777 1166; x_wconf 86' lang='lat' dir='ltr'><strong>bo-</strong></span> 
     </span>
    </p>
   </div>
   <div class='ocr_carea' id='block_1_25' title="bbox 2161 1197 3773 1271">
    <p class='ocr_par' dir='ltr' id='par_1_25' title="bbox 2161 1197 3773 1271">
     <span class='ocr_line' id='line_1_25' title="bbox 2161 1197 3773 1271; baseline 0.003 -20"><span class='ocrx_word' id='word_1_180' title='bbox 2161 1197 2303 1253; x_wconf 83' lang='lat' dir='ltr'><strong>nitas</strong></span> <span class='ocrx_word' id='word_1_181' title='bbox 2346 1214 2467 1253; x_wconf 89' lang='lat' dir='ltr'><strong>sua.</strong></span> <span class='ocrx_word' id='word_1_182' title='bbox 2495 1198 2813 1257; x_wconf 77' lang='lat' dir='ltr'><strong>Mundemus</strong></span> <span class='ocrx_word' id='word_1_183' title='bbox 2845 1202 3235 1258; x_wconf 86' lang='lat' dir='ltr'><strong>conscientiam</strong></span> <span class='ocrx_word' id='word_1_184' title='bbox 3257 1209 3503 1261; x_wconf 81' lang='lat' dir='ltr'><strong>nostram</strong></span> <span class='ocrx_word' id='word_1_185' title='bbox 3532 1202 3600 1256; x_wconf 91' lang='lat' dir='ltr'><strong>ab</strong></span> <span class='ocrx_word' id='word_1_186' title='bbox 3627 1214 3773 1271; x_wconf 79' lang='lat' dir='ltr'><strong>ope-</strong></span> 
     </span>
    </p>
   </div>
   <div class='ocr_carea' id='block_1_26' title="bbox 2162 1288 3769 1363">
    <p class='ocr_par' dir='ltr' id='par_1_26' title="bbox 2162 1288 3769 1363">
     <span class='ocr_line' id='line_1_26' title="bbox 2162 1288 3769 1363; baseline 0.003 -21"><span class='ocrx_word' id='word_1_187' title='bbox 2162 1288 2312 1345; x_wconf 85' lang='lat' dir='ltr'><strong>ribus</strong></span> <span class='ocrx_word' id='word_1_188' title='bbox 2337 1290 2589 1358; x_wconf 87' lang='lat' dir='ltr'><strong>mortuis,</strong></span> <span class='ocrx_word' id='word_1_189' title='bbox 2635 1298 2692 1347; x_wconf 86' lang='lat' dir='ltr'><strong>et</strong></span> <span class='ocrx_word' id='word_1_190' title='bbox 2718 1307 3088 1363; x_wconf 83' lang='lat' dir='ltr'><strong>praeparemus</strong></span> <span class='ocrx_word' id='word_1_191' title='bbox 3116 1309 3217 1349; x_wconf 88' lang='lat' dir='ltr'><strong>nos</strong></span> <span class='ocrx_word' id='word_1_192' title='bbox 3251 1294 3320 1349; x_wconf 90' lang='lat' dir='ltr'><strong>ad</strong></span> <span class='ocrx_word' id='word_1_193' title='bbox 3352 1293 3769 1350; x_wconf 77' lang='lat' dir='ltr'><strong>confessionem</strong></span> 
     </span>
    </p>
   </div>
   <div class='ocr_carea' id='block_1_27' title="bbox 2162 1381 3773 1453">
    <p class='ocr_par' dir='ltr' id='par_1_27' title="bbox 2162 1381 3773 1453">
     <span class='ocr_line' id='line_1_27' title="bbox 2162 1381 3773 1453; baseline 0.004 -21"><span class='ocrx_word' id='word_1_194' title='bbox 2162 1381 2292 1436; x_wconf 88' lang='lat' dir='ltr'><strong>tanti</strong></span> <span class='ocrx_word' id='word_1_195' title='bbox 2319 1381 2572 1439; x_wconf 91' lang='lat' dir='ltr'><strong>nominis.</strong></span> <span class='ocrx_word' id='word_1_196' title='bbox 2597 1381 2789 1439; x_wconf 88' lang='lat' dir='ltr'><strong>Omnis</strong></span> <span class='ocrx_word' id='word_1_197' title='bbox 2820 1398 3052 1453; x_wconf 86' lang='lat' dir='ltr'><strong>persona</strong></span> <span class='ocrx_word' id='word_1_198' title='bbox 3079 1393 3137 1439; x_wconf 92' lang='lat' dir='ltr'><strong>et</strong></span> <span class='ocrx_word' id='word_1_199' title='bbox 3167 1384 3349 1442; x_wconf 88' lang='lat' dir='ltr'><strong>omnis</strong></span> <span class='ocrx_word' id='word_1_200' title='bbox 3375 1392 3511 1440; x_wconf 86' lang='lat' dir='ltr'><strong>aetas</strong></span> <span class='ocrx_word' id='word_1_201' title='bbox 3538 1384 3605 1438; x_wconf 89' lang='lat' dir='ltr'><strong>ad</strong></span> <span class='ocrx_word' id='word_1_202' title='bbox 3635 1393 3773 1444; x_wconf 66' lang='lat' dir='ltr'><strong>tam</strong></span> 
     </span>
    </p>
   </div>
   <div class='ocr_carea' id='block_1_28' title="bbox 2161 1470 3779 1533">
    <p class='ocr_par' dir='ltr' id='par_1_28' title="bbox 2161 1470 3779 1533">
     <span class='ocr_line' id='line_1_28' title="bbox 2161 1470 3779 1533; baseline 0.004 -9"><span class='ocrx_word' id='word_1_203' title='bbox 2161 1479 2269 1525; x_wconf 88' lang='lat' dir='ltr'><strong>tam</strong></span> <span class='ocrx_word' id='word_1_204' title='bbox 2292 1470 2644 1533; x_wconf 81' lang='lat' dir='ltr'><strong>festivitatem</strong></span> <span class='ocrx_word' id='word_1_205' title='bbox 2672 1474 3054 1532; x_wconf 84' lang='lat' dir='ltr'><strong>celebrandam</strong></span> <span class='ocrx_word' id='word_1_206' title='bbox 3098 1476 3256 1532; x_wconf 85' lang='lat' dir='ltr'><strong>bonis</strong></span> <span class='ocrx_word' id='word_1_207' title='bbox 3286 1476 3531 1531; x_wconf 89' lang='lat' dir='ltr'><strong>moribus</strong></span> <span class='ocrx_word' id='word_1_208' title='bbox 3556 1485 3779 1531; x_wconf 75' lang='lat' dir='ltr'><strong>ornare</strong></span> 
     </span>
    </p>
   </div>
   <div class='ocr_carea' id='block_1_29' title="bbox 2160 1562 3774 1636">
    <p class='ocr_par' dir='ltr' id='par_1_29' title="bbox 2160 1562 3774 1636">
     <span class='ocr_line' id='line_1_29' title="bbox 2160 1562 3774 1636; baseline 0.001 -18"><span class='ocrx_word' id='word_1_209' title='bbox 2160 1577 2227 1618; x_wconf 87' lang='lat' dir='ltr'><strong>se</strong></span> <span class='ocrx_word' id='word_1_210' title='bbox 2244 1562 2479 1627; x_wconf 89' lang='lat' dir='ltr'><strong>studeat,</strong></span> <span class='ocrx_word' id='word_1_211' title='bbox 2504 1572 2562 1619; x_wconf 93' lang='lat' dir='ltr'><strong>et</strong></span> <span class='ocrx_word' id='word_1_212' title='bbox 2604 1564 2660 1619; x_wconf 91' lang='lat' dir='ltr'><strong>in</strong></span> <span class='ocrx_word' id='word_1_213' title='bbox 2688 1579 2799 1635; x_wconf 92' lang='lat' dir='ltr'><strong>quo</strong></span> <span class='ocrx_word' id='word_1_214' title='bbox 2844 1573 3072 1620; x_wconf 83' lang='lat' dir='ltr'><strong>vocatus</strong></span> <span class='ocrx_word' id='word_1_215' title='bbox 3098 1573 3202 1632; x_wconf 90' lang='lat' dir='ltr'><strong>est,</strong></span> <span class='ocrx_word' id='word_1_216' title='bbox 3251 1566 3305 1619; x_wconf 92' lang='lat' dir='ltr'><strong>in</strong></span> <span class='ocrx_word' id='word_1_217' title='bbox 3337 1580 3404 1620; x_wconf 86' lang='lat' dir='ltr'><strong>eo</strong></span> <span class='ocrx_word' id='word_1_218' title='bbox 3432 1579 3774 1636; x_wconf 81' lang='lat' dir='ltr'><strong>permanere</strong></span> 
     </span>
    </p>
   </div>
   <div class='ocr_carea' id='block_1_30' title="bbox 2160 1652 3776 1729">
    <p class='ocr_par' dir='ltr' id='par_1_30' title="bbox 2160 1652 3776 1729">
     <span class='ocr_line' id='line_1_30' title="bbox 2160 1652 3776 1729; baseline 0.003 -21"><span class='ocrx_word' id='word_1_219' title='bbox 2160 1652 2420 1710; x_wconf 86' lang='lat' dir='ltr'><strong>decertet.</strong></span> <span class='ocrx_word' id='word_1_220' title='bbox 2449 1654 2771 1725; x_wconf 83' lang='lat' dir='ltr'><strong>Quicunque</strong></span> <span class='ocrx_word' id='word_1_221' title='bbox 2814 1672 2944 1728; x_wconf 90' lang='lat' dir='ltr'><strong>ergo</strong></span> <span class='ocrx_word' id='word_1_222' title='bbox 2985 1657 3091 1712; x_wconf 89' lang='lat' dir='ltr'><strong>viri</strong></span> <span class='ocrx_word' id='word_1_223' title='bbox 3120 1658 3237 1714; x_wconf 89' lang='lat' dir='ltr'><strong>sive</strong></span> <span class='ocrx_word' id='word_1_224' title='bbox 3286 1657 3502 1714; x_wconf 75' lang='lat' dir='ltr'><strong>feminae</strong></span> <span class='ocrx_word' id='word_1_225' title='bbox 3526 1657 3776 1729; x_wconf 84' lang='lat' dir='ltr'><strong>virgini-</strong></span> 
     </span>
    </p>
   </div>
   <div class='ocr_carea' id='block_1_31' title="bbox 2161 1747 3770 1820">
    <p class='ocr_par' dir='ltr' id='par_1_31' title="bbox 2161 1747 3770 1820">
     <span class='ocr_line' id='line_1_31' title="bbox 2161 1747 3770 1820; baseline 0.002 -20"><span class='ocrx_word' id='word_1_226' title='bbox 2161 1747 2289 1801; x_wconf 88' lang='lat' dir='ltr'><strong>tatis</strong></span> <span class='ocrx_word' id='word_1_227' title='bbox 2315 1748 2651 1818; x_wconf 89' lang='lat' dir='ltr'><strong>propositum</strong></span> <span class='ocrx_word' id='word_1_228' title='bbox 2684 1757 2891 1814; x_wconf 88' lang='lat' dir='ltr'><strong>tenent,</strong></span> <span class='ocrx_word' id='word_1_229' title='bbox 2920 1748 2976 1807; x_wconf 88' lang='lat' dir='ltr'><strong>in</strong></span> <span class='ocrx_word' id='word_1_230' title='bbox 3005 1763 3071 1804; x_wconf 92' lang='lat' dir='ltr'><strong>eo</strong></span> <span class='ocrx_word' id='word_1_231' title='bbox 3104 1764 3455 1819; x_wconf 86' lang='lat' dir='ltr'><strong>perseverare</strong></span> <span class='ocrx_word' id='word_1_232' title='bbox 3485 1758 3770 1820; x_wconf 80' lang='lat' dir='ltr'><strong>satagant,</strong></span> 
     </span>
    </p>
   </div>
   <div class='ocr_carea' id='block_1_32' title="bbox 452 1822 3775 1910">
    <p class='ocr_par' dir='ltr' id='par_1_32' title="bbox 452 1822 3775 1910">
     <span class='ocr_line' id='line_1_32' title="bbox 452 1822 3775 1910; baseline 0.004 -25"><span class='ocrx_word' id='word_1_233' title='bbox 452 1827 656 1887; x_wconf 69' lang='lat' dir='ltr'><strong>mulo</strong></span> <span class='ocrx_word' id='word_1_234' title='bbox 686 1844 921 1899; x_wconf 87' lang='lat' dir='ltr'><strong>nequam</strong></span> <span class='ocrx_word' id='word_1_235' title='bbox 965 1829 1393 1902; x_wconf 84' lang='lat' dir='ltr'><strong>triumpharunt,</strong></span> <span class='ocrx_word' id='word_1_236' title='bbox 1429 1832 1603 1902; x_wconf 71' lang='lat' dir='ltr'><strong>dignae</strong></span> <span class='ocrx_word' id='word_1_237' title='bbox 1643 1831 1751 1887; x_wconf 90' lang='lat' dir='ltr'><strong>sint</strong></span> <span class='ocrx_word' id='word_1_238' title='bbox 1778 1830 2049 1899; x_wconf 85' lang='lat' dir='ltr'><strong>laudibus,</strong></span> <span class='ocrx_word' id='word_1_239' title='bbox 2082 1822 2129 1882; x_wconf 85' lang='grc' dir='ltr'><strong>Β</strong></span> <span class='ocrx_word' id='word_1_240' title='bbox 2160 1845 2219 1891; x_wconf 90' lang='lat' dir='ltr'><strong>ut</strong></span> <span class='ocrx_word' id='word_1_241' title='bbox 2244 1837 2353 1892; x_wconf 87' lang='lat' dir='ltr'><strong>sint</strong></span> <span class='ocrx_word' id='word_1_242' title='bbox 2374 1847 2577 1893; x_wconf 76' lang='lat' dir='ltr'><strong>sancta:</strong></span> <span class='ocrx_word' id='word_1_243' title='bbox 2606 1847 2662 1893; x_wconf 90' lang='lat' dir='ltr'><strong>et</strong></span> <span class='ocrx_word' id='word_1_244' title='bbox 2690 1854 2919 1909; x_wconf 90' lang='lat' dir='ltr'><strong>corpore</strong></span> <span class='ocrx_word' id='word_1_245' title='bbox 2940 1847 2997 1895; x_wconf 91' lang='lat' dir='ltr'><strong>et</strong></span> <span class='ocrx_word' id='word_1_246' title='bbox 3034 1839 3229 1910; x_wconf 86' lang='lat' dir='ltr'><strong>spiritu</strong></span> <span class='ocrx_word' id='word_1_247' title='bbox 3258 1858 3272 1892; x_wconf 92' lang='lat'><strong>:</strong></span> <span class='ocrx_word' id='word_1_248' title='bbox 3308 1840 3421 1894; x_wconf 86' lang='lat' dir='ltr'><strong>sint</strong></span> <span class='ocrx_word' id='word_1_249' title='bbox 3457 1838 3775 1909; x_wconf 62' lang='lat' dir='ltr'><strong>disciplina</strong></span> 
     </span>
    </p>
   </div>
   <div class='ocr_carea' id='block_1_33' title="bbox 453 1917 2054 1992">
    <p class='ocr_par' dir='ltr' id='par_1_33' title="bbox 453 1917 2054 1992">
     <span class='ocr_line' id='line_1_33' title="bbox 453 1917 2054 1992; baseline 0.002 -19"><span class='ocrx_word' id='word_1_250' title='bbox 453 1917 795 1991; x_wconf 83' lang='lat' dir='ltr'><strong>perpendite,</strong></span> <span class='ocrx_word' id='word_1_251' title='bbox 828 1918 1045 1988; x_wconf 86' lang='lat' dir='ltr'><strong>fratres,</strong></span> <span class='ocrx_word' id='word_1_252' title='bbox 1078 1929 1283 1991; x_wconf 89' lang='lat' dir='ltr'><strong>quanta</strong></span> <span class='ocrx_word' id='word_1_253' title='bbox 1310 1922 1657 1977; x_wconf 86' lang='lat' dir='ltr'><strong>veneratione</strong></span> <span class='ocrx_word' id='word_1_254' title='bbox 1678 1920 1840 1992; x_wconf 91' lang='lat' dir='ltr'><strong>digna</strong></span> <span class='ocrx_word' id='word_1_255' title='bbox 1865 1921 1937 1977; x_wconf 90' lang='lat' dir='ltr'><strong>sit</strong></span> <span class='ocrx_word' id='word_1_256' title='bbox 1965 1936 2054 1977; x_wconf 90' lang='lat' dir='ltr'><strong>so-</strong></span> 
     </span>
    </p>
   </div>
   <div class='ocr_carea' id='block_1_34' title="bbox 455 2003 2053 2083">
    <p class='ocr_par' dir='ltr' id='par_1_34' title="bbox 455 2003 2053 2083">
     <span class='ocr_line' id='line_1_34' title="bbox 455 2003 2053 2083; baseline 0.003 -21"><span class='ocrx_word' id='word_1_257' title='bbox 455 2003 715 2064; x_wconf 87' lang='lat' dir='ltr'><strong>lemnitas</strong></span> <span class='ocrx_word' id='word_1_258' title='bbox 742 2007 865 2076; x_wconf 90' lang='lat' dir='ltr'><strong>illa,</strong></span> <span class='ocrx_word' id='word_1_259' title='bbox 910 2022 1016 2083; x_wconf 87' lang='lat' dir='ltr'><strong>qua</strong></span> <span class='ocrx_word' id='word_1_260' title='bbox 1046 2009 1212 2080; x_wconf 78' lang='lat' dir='ltr'><strong>Virgo</strong></span> <span class='ocrx_word' id='word_1_261' title='bbox 1240 2011 1509 2082; x_wconf 85' lang='lat' dir='ltr'><strong>virginum</strong></span> <span class='ocrx_word' id='word_1_262' title='bbox 1541 2023 1607 2067; x_wconf 83' lang='lat' dir='ltr'><strong>ex</strong></span> <span class='ocrx_word' id='word_1_263' title='bbox 1634 2010 1737 2066; x_wconf 83' lang='lat' dir='ltr'><strong>hac</strong></span> <span class='ocrx_word' id='word_1_264' title='bbox 1769 2012 2053 2081; x_wconf 86' lang='lat' dir='ltr'><strong>temporali</strong></span> 
     </span>
    </p>
   </div>
   <div class='ocr_carea' id='block_1_35' title="bbox 455 2100 2052 2172">
    <p class='ocr_par' dir='ltr' id='par_1_35' title="bbox 455 2100 2052 2172">
     <span class='ocr_line' id='line_1_35' title="bbox 455 2100 2052 2172; baseline 0 -15"><span class='ocrx_word' id='word_1_265' title='bbox 455 2100 570 2159; x_wconf 83' lang='lat' dir='ltr'><strong>vita</strong></span> <span class='ocrx_word' id='word_1_266' title='bbox 598 2108 858 2156; x_wconf 65' lang='lat' dir='ltr'><strong>mternam</strong></span> <span class='ocrx_word' id='word_1_267' title='bbox 896 2102 1153 2172; x_wconf 86' lang='lat' dir='ltr'><strong>migravit</strong></span> <span class='ocrx_word' id='word_1_268' title='bbox 1195 2100 1264 2165; x_wconf 78' lang='lat' dir='ltr'><strong>ad</strong></span> <span class='ocrx_word' id='word_1_269' title='bbox 1307 2101 1547 2171; x_wconf 86' lang='lat' dir='ltr'><strong>requiem</strong></span> <span class='ocrx_word' id='word_1_270' title='bbox 1590 2118 1603 2155; x_wconf 89' lang='lat'>:</span> <span class='ocrx_word' id='word_1_271' title='bbox 1650 2117 1771 2157; x_wconf 87' lang='lat' dir='ltr'><strong>cum</strong></span> <span class='ocrx_word' id='word_1_272' title='bbox 1812 2118 1920 2159; x_wconf 89' lang='lat' dir='ltr'><strong>non</strong></span> <span class='ocrx_word' id='word_1_273' title='bbox 1962 2116 2052 2157; x_wconf 90' lang='lat' dir='ltr'><strong>so-</strong></span> 
     </span>
    </p>
   </div>
   <div class='ocr_carea' id='block_1_36' title="bbox 453 2188 2046 2249">
    <p class='ocr_par' dir='ltr' id='par_1_36' title="bbox 453 2188 2046 2249">
     <span class='ocr_line' id='line_1_36' title="bbox 453 2188 2046 2249; baseline 0 -1"><span class='ocrx_word' id='word_1_274' title='bbox 453 2188 568 2248; x_wconf 89' lang='lat' dir='ltr'><strong>lum</strong></span> <span class='ocrx_word' id='word_1_275' title='bbox 629 2191 905 2248; x_wconf 79' lang='lat' dir='ltr'><strong>credimus</strong></span> <span class='ocrx_word' id='word_1_276' title='bbox 973 2190 1119 2246; x_wconf 87' lang='lat' dir='ltr'><strong>illam</strong></span> <span class='ocrx_word' id='word_1_277' title='bbox 1182 2190 1467 2248; x_wconf 90' lang='lat' dir='ltr'><strong>nobiscum</strong></span> <span class='ocrx_word' id='word_1_278' title='bbox 1527 2207 1648 2249; x_wconf 86' lang='lat' dir='ltr'><strong>esse</strong></span> <span class='ocrx_word' id='word_1_279' title='bbox 1711 2192 2046 2248; x_wconf 85' lang='lat' dir='ltr'><strong>memorabi-</strong></span> 
     </span>
    </p>
   </div>
   <div class='ocr_carea' id='block_1_37' title="bbox 454 2280 2052 2353">
    <p class='ocr_par' dir='ltr' id='par_1_37' title="bbox 454 2280 2052 2353">
     <span class='ocr_line' id='line_1_37' title="bbox 454 2280 2052 2353; baseline 0.003 -18"><span class='ocrx_word' id='word_1_280' title='bbox 454 2281 560 2336; x_wconf 89' lang='lat' dir='ltr'><strong>lem</strong></span> <span class='ocrx_word' id='word_1_281' title='bbox 579 2322 595 2352; x_wconf 89' lang='lat'><strong>,</strong></span> <span class='ocrx_word' id='word_1_282' title='bbox 620 2282 717 2336; x_wconf 86' lang='lat' dir='ltr'><strong>sed</strong></span> <span class='ocrx_word' id='word_1_283' title='bbox 747 2282 914 2337; x_wconf 88' lang='lat' dir='ltr'><strong>etiam</strong></span> <span class='ocrx_word' id='word_1_284' title='bbox 937 2297 1060 2337; x_wconf 90' lang='lat' dir='ltr'><strong>cum</strong></span> <span class='ocrx_word' id='word_1_285' title='bbox 1090 2280 1221 2352; x_wconf 86' lang='lat' dir='ltr'><strong>ipsis</strong></span> <span class='ocrx_word' id='word_1_286' title='bbox 1250 2282 1457 2337; x_wconf 85' lang='lat' dir='ltr'><strong>sanctis</strong></span> <span class='ocrx_word' id='word_1_287' title='bbox 1488 2282 1769 2352; x_wconf 88' lang='lat' dir='ltr'><strong>spiritibus</strong></span> <span class='ocrx_word' id='word_1_288' title='bbox 1794 2282 2052 2353; x_wconf 88' lang='lat' dir='ltr'><strong>angelicis</strong></span> 
     </span>
    </p>
   </div>
   <div class='ocr_carea' id='block_1_38' title="bbox 455 2373 2055 2445">
    <p class='ocr_par' dir='ltr' id='par_1_38' title="bbox 455 2373 2055 2445">
     <span class='ocr_line' id='line_1_38' title="bbox 455 2373 2055 2445; baseline -0.001 -16"><span class='ocrx_word' id='word_1_289' title='bbox 455 2375 577 2432; x_wconf 67' lang='lat' dir='ltr'><strong>fieri</strong></span> <span class='ocrx_word' id='word_1_290' title='bbox 621 2373 783 2430; x_wconf 86' lang='lat' dir='ltr'><strong>valde</strong></span> <span class='ocrx_word' id='word_1_291' title='bbox 812 2374 1222 2439; x_wconf 85' lang='lat' dir='ltr'><strong>honorabilem,</strong></span> <span class='ocrx_word' id='word_1_292' title='bbox 1261 2375 1354 2445; x_wconf 86' lang='lat' dir='ltr'><strong>qui</strong></span> <span class='ocrx_word' id='word_1_293' title='bbox 1382 2374 1581 2430; x_wconf 87' lang='lat' dir='ltr'><strong>celebri</strong></span> <span class='ocrx_word' id='word_1_294' title='bbox 1614 2374 1736 2430; x_wconf 89' lang='lat' dir='ltr'><strong>inde</strong></span> <span class='ocrx_word' id='word_1_295' title='bbox 1778 2373 2055 2430; x_wconf 85' lang='lat' dir='ltr'><strong>exsultant</strong></span> 
     </span>
    </p>
   </div>
   <div class='ocr_carea' id='block_1_39' title="bbox 450 2465 2052 2538">
    <p class='ocr_par' dir='ltr' id='par_1_39' title="bbox 450 2465 2052 2538">
     <span class='ocr_line' id='line_1_39' title="bbox 450 2465 2052 2538; baseline -0.001 -17"><span class='ocrx_word' id='word_1_296' title='bbox 450 2468 667 2538; x_wconf 89' lang='lat' dir='ltr'><strong>gaudio,</strong></span> <span class='ocrx_word' id='word_1_297' title='bbox 695 2482 818 2525; x_wconf 81' lang='lat' dir='ltr'><strong>cum</strong></span> <span class='ocrx_word' id='word_1_298' title='bbox 845 2474 1075 2523; x_wconf 87' lang='lat' dir='ltr'><strong>matrem</strong></span> <span class='ocrx_word' id='word_1_299' title='bbox 1099 2466 1314 2523; x_wconf 88' lang='lat' dir='ltr'><strong>Domini</strong></span> <span class='ocrx_word' id='word_1_300' title='bbox 1337 2476 1501 2538; x_wconf 86' lang='lat' dir='ltr'><strong>atque</strong></span> <span class='ocrx_word' id='word_1_301' title='bbox 1529 2466 1828 2524; x_wconf 89' lang='lat' dir='ltr'><strong>conditoris</strong></span> <span class='ocrx_word' id='word_1_302' title='bbox 1854 2465 2052 2521; x_wconf 90' lang='lat' dir='ltr'><strong>summi</strong></span> 
     </span>
    </p>
   </div>
   <div class='ocr_carea' id='block_1_40' title="bbox 452 2556 2053 2629">
    <p class='ocr_par' dir='ltr' id='par_1_40' title="bbox 452 2556 2053 2629">
     <span class='ocr_line' id='line_1_40' title="bbox 452 2556 2053 2629; baseline -0.002 -16"><span class='ocrx_word' id='word_1_303' title='bbox 452 2566 657 2615; x_wconf 66' lang='lat' dir='ltr'><strong>aeterna</strong></span> <span class='ocrx_word' id='word_1_304' title='bbox 696 2557 1034 2614; x_wconf 82' lang='lat' dir='ltr'><strong>beatitudine</strong></span> <span class='ocrx_word' id='word_1_305' title='bbox 1064 2572 1251 2614; x_wconf 89' lang='lat' dir='ltr'><strong>secum</strong></span> <span class='ocrx_word' id='word_1_306' title='bbox 1280 2556 1488 2629; x_wconf 76' lang='lat' dir='ltr'><strong>perfrui</strong></span> <span class='ocrx_word' id='word_1_307' title='bbox 1515 2557 1894 2627; x_wconf 85' lang='lat' dir='ltr'><strong>cOnspiciunt;</strong></span> <span class='ocrx_word' id='word_1_308' title='bbox 1938 2571 2053 2609; x_wconf 85' lang='lat' dir='ltr'><strong>ma-</strong></span> 
     </span>
    </p>
   </div>
   <div class='ocr_carea' id='block_1_41' title="bbox 452 2645 2051 2719">
    <p class='ocr_par' dir='ltr' id='par_1_41' title="bbox 452 2645 2051 2719">
     <span class='ocr_line' id='line_1_41' title="bbox 452 2645 2051 2719; baseline -0.004 -12"><span class='ocrx_word' id='word_1_309' title='bbox 452 2658 594 2707; x_wconf 80' lang='lat' dir='ltr'><strong>trem</strong></span> <span class='ocrx_word' id='word_1_310' title='bbox 619 2648 872 2705; x_wconf 83' lang='lat' dir='ltr'><strong>videlicet</strong></span> <span class='ocrx_word' id='word_1_311' title='bbox 905 2648 1058 2706; x_wconf 88' lang='lat' dir='ltr'><strong>illam</strong></span> <span class='ocrx_word' id='word_1_312' title='bbox 1087 2662 1208 2719; x_wconf 68' lang='lat' dir='ltr'><strong>qua:</strong></span> <span class='ocrx_word' id='word_1_313' title='bbox 1236 2647 1477 2704; x_wconf 90' lang='lat' dir='ltr'><strong>sobolem</strong></span> <span class='ocrx_word' id='word_1_314' title='bbox 1503 2647 1557 2702; x_wconf 90' lang='lat' dir='ltr'><strong>in</strong></span> <span class='ocrx_word' id='word_1_315' title='bbox 1588 2656 1743 2702; x_wconf 87' lang='lat' dir='ltr'><strong>utero</strong></span> <span class='ocrx_word' id='word_1_316' title='bbox 1780 2645 2051 2715; x_wconf 87' lang='lat' dir='ltr'><strong>concepit,</strong></span> 
     </span>
    </p>
   </div>
   <div class='ocr_carea' id='block_1_42' title="bbox 453 2736 2053 2809">
    <p class='ocr_par' dir='ltr' id='par_1_42' title="bbox 453 2736 2053 2809">
     <span class='ocr_line' id='line_1_42' title="bbox 453 2736 2053 2809; baseline -0.004 -14"><span class='ocrx_word' id='word_1_317' title='bbox 453 2748 507 2795; x_wconf 83' lang='lat' dir='ltr'><strong>et</strong></span> <span class='ocrx_word' id='word_1_318' title='bbox 532 2746 683 2801; x_wconf 83' lang='lat' dir='ltr'><strong>casta</strong></span> <span class='ocrx_word' id='word_1_319' title='bbox 709 2748 832 2804; x_wconf 90' lang='lat' dir='ltr'><strong>est;</strong></span> <span class='ocrx_word' id='word_1_320' title='bbox 866 2736 1036 2792; x_wconf 84' lang='lat' dir='ltr'><strong>lilium</strong></span> <span class='ocrx_word' id='word_1_321' title='bbox 1066 2737 1284 2809; x_wconf 90' lang='lat' dir='ltr'><strong>genuit,</strong></span> <span class='ocrx_word' id='word_1_322' title='bbox 1322 2746 1377 2792; x_wconf 90' lang='lat' dir='ltr'><strong>et</strong></span> <span class='ocrx_word' id='word_1_323' title='bbox 1404 2737 1558 2803; x_wconf 76' lang='lat' dir='ltr'><strong>virgo</strong></span> <span class='ocrx_word' id='word_1_324' title='bbox 1588 2744 1701 2802; x_wconf 87' lang='lat' dir='ltr'><strong>est;</strong></span> <span class='ocrx_word' id='word_1_325' title='bbox 1744 2746 1920 2791; x_wconf 73' lang='lat' dir='ltr'><strong>mater</strong></span> <span class='ocrx_word' id='word_1_326' title='bbox 1950 2736 2053 2790; x_wconf 84' lang='lat' dir='ltr'><strong>im-</strong></span> 
     </span>
    </p>
   </div>
   <div class='ocr_carea' id='block_1_43' title="bbox 454 2826 2055 2898">
    <p class='ocr_par' dir='ltr' id='par_1_43' title="bbox 454 2826 2055 2898">
     <span class='ocr_line' id='line_1_43' title="bbox 454 2826 2055 2898; baseline -0.004 -14"><span class='ocrx_word' id='word_1_327' title='bbox 454 2828 747 2894; x_wconf 85' lang='lat' dir='ltr'><strong>maculata,</strong></span> <span class='ocrx_word' id='word_1_328' title='bbox 792 2836 965 2883; x_wconf 89' lang='lat' dir='ltr'><strong>mater</strong></span> <span class='ocrx_word' id='word_1_329' title='bbox 1003 2826 1336 2898; x_wconf 90' lang='lat' dir='ltr'><strong>incorrupta,</strong></span> <span class='ocrx_word' id='word_1_330' title='bbox 1388 2836 1563 2884; x_wconf 86' lang='lat' dir='ltr'><strong>mater</strong></span> <span class='ocrx_word' id='word_1_331' title='bbox 1607 2827 1830 2893; x_wconf 83' lang='lat' dir='ltr'><strong>intacta,</strong></span> <span class='ocrx_word' id='word_1_332' title='bbox 1880 2835 2055 2881; x_wconf 80' lang='lat' dir='ltr'><strong>mater</strong></span> 
     </span>
    </p>
   </div>
   <div class='ocr_carea' id='block_1_44' title="bbox 454 2917 2055 2993">
    <p class='ocr_par' dir='ltr' id='par_1_44' title="bbox 454 2917 2055 2993">
     <span class='ocr_line' id='line_1_44' title="bbox 454 2917 2055 2993; baseline -0.002 -19"><span class='ocrx_word' id='word_1_333' title='bbox 454 2918 719 2993; x_wconf 84' lang='lat' dir='ltr'><strong>nuigeniti</strong></span> <span class='ocrx_word' id='word_1_334' title='bbox 770 2919 983 2974; x_wconf 83' lang='lat' dir='ltr'><strong>Domini</strong></span> <span class='ocrx_word' id='word_1_335' title='bbox 1036 2927 1092 2975; x_wconf 90' lang='lat' dir='ltr'><strong>et</strong></span> <span class='ocrx_word' id='word_1_336' title='bbox 1132 2918 1276 2987; x_wconf 91' lang='lat' dir='ltr'><strong>regis</strong></span> <span class='ocrx_word' id='word_1_337' title='bbox 1320 2917 1585 2982; x_wconf 90' lang='lat' dir='ltr'><strong>omnium,</strong></span> <span class='ocrx_word' id='word_1_338' title='bbox 1626 2917 1973 2986; x_wconf 73' lang='lat' dir='ltr'><strong>plasmatoris</strong></span> <span class='ocrx_word' id='word_1_339' title='bbox 2000 2924 2055 2970; x_wconf 92' lang='lat' dir='ltr'><strong>et</strong></span> 
     </span>
    </p>
   </div>
   <div class='ocr_carea' id='block_1_45' title="bbox 452 3008 2054 3080">
    <p class='ocr_par' dir='ltr' id='par_1_45' title="bbox 452 3008 2054 3080">
     <span class='ocr_line' id='line_1_45' title="bbox 452 3008 2054 3080; baseline -0.004 -12"><span class='ocrx_word' id='word_1_340' title='bbox 452 3012 720 3068; x_wconf 76' lang='lat' dir='ltr'><strong>creatoris</strong></span> <span class='ocrx_word' id='word_1_341' title='bbox 773 3019 1124 3076; x_wconf 88' lang='lat' dir='ltr'><strong>cunctorum;</strong></span> <span class='ocrx_word' id='word_1_342' title='bbox 1190 3009 1331 3070; x_wconf 88' lang='lat' dir='ltr'><strong>illius</strong></span> <span class='ocrx_word' id='word_1_343' title='bbox 1386 3010 1478 3080; x_wconf 88' lang='lat' dir='ltr'><strong>qui</strong></span> <span class='ocrx_word' id='word_1_344' title='bbox 1547 3009 1600 3065; x_wconf 89' lang='lat' dir='ltr'><strong>in</strong></span> <span class='ocrx_word' id='word_1_345' title='bbox 1654 3008 1885 3065; x_wconf 83' lang='lat' dir='ltr'><strong>excelsis</strong></span> <span class='ocrx_word' id='word_1_346' title='bbox 1938 3008 2054 3065; x_wconf 89' lang='lat' dir='ltr'><strong>sine</strong></span> 
     </span>
    </p>
   </div>
   <div class='ocr_carea' id='block_1_46' title="bbox 454 3098 2052 3170">
    <p class='ocr_par' dir='ltr' id='par_1_46' title="bbox 454 3098 2052 3170">
     <span class='ocr_line' id='line_1_46' title="bbox 454 3098 2052 3170; baseline 0 -17"><span class='ocrx_word' id='word_1_347' title='bbox 454 3109 668 3160; x_wconf 70' lang='lat' dir='ltr'><strong>matre.</strong></span> <span class='ocrx_word' id='word_1_348' title='bbox 716 3107 773 3155; x_wconf 91' lang='lat' dir='ltr'><strong>et</strong></span> <span class='ocrx_word' id='word_1_349' title='bbox 820 3100 873 3154; x_wconf 90' lang='lat' dir='ltr'><strong>in</strong></span> <span class='ocrx_word' id='word_1_350' title='bbox 922 3109 1067 3160; x_wconf 89' lang='lat' dir='ltr'><strong>terra</strong></span> <span class='ocrx_word' id='word_1_351' title='bbox 1114 3108 1198 3155; x_wconf 89' lang='lat' dir='ltr'><strong>est</strong></span> <span class='ocrx_word' id='word_1_352' title='bbox 1242 3099 1360 3155; x_wconf 88' lang='lat' dir='ltr'><strong>sine</strong></span> <span class='ocrx_word' id='word_1_353' title='bbox 1398 3099 1592 3164; x_wconf 83' lang='lat' dir='ltr'><strong>Patre;</strong></span> <span class='ocrx_word' id='word_1_354' title='bbox 1648 3100 1819 3168; x_wconf 86' lang='lat' dir='ltr'><strong>ipsius</strong></span> <span class='ocrx_word' id='word_1_355' title='bbox 1864 3098 1956 3170; x_wconf 88' lang='lat' dir='ltr'><strong>qui</strong></span> <span class='ocrx_word' id='word_1_356' title='bbox 1998 3098 2052 3153; x_wconf 91' lang='lat' dir='ltr'><strong>in</strong></span> 
     </span>
    </p>
   </div>
   <div class='ocr_carea' id='block_1_47' title="bbox 2155 1927 3775 1999">
    <p class='ocr_par' dir='ltr' id='par_1_47' title="bbox 2155 1927 3775 1999">
     <span class='ocr_line' id='line_1_47' title="bbox 2155 1927 3775 1999; baseline 0.001 -17"><span class='ocrx_word' id='word_1_357' title='bbox 2155 1927 2251 1983; x_wconf 89' lang='lat' dir='ltr'><strong>Dei</strong></span> <span class='ocrx_word' id='word_1_358' title='bbox 2301 1944 2587 1995; x_wconf 89' lang='lat' dir='ltr'><strong>memores,</strong></span> <span class='ocrx_word' id='word_1_359' title='bbox 2627 1928 2895 1999; x_wconf 88' lang='lat' dir='ltr'><strong>justitiam</strong></span> <span class='ocrx_word' id='word_1_360' title='bbox 2924 1945 3049 1985; x_wconf 88' lang='lat' dir='ltr'><strong>cum</strong></span> <span class='ocrx_word' id='word_1_361' title='bbox 3085 1929 3347 1999; x_wconf 90' lang='lat' dir='ltr'><strong>religione</strong></span> <span class='ocrx_word' id='word_1_362' title='bbox 3376 1937 3614 1996; x_wconf 88' lang='lat' dir='ltr'><strong>teneant,</strong></span> <span class='ocrx_word' id='word_1_363' title='bbox 3646 1929 3775 1984; x_wconf 87' lang='lat' dir='ltr'><strong>sint</strong></span> 
     </span>
    </p>
   </div>
   <div class='ocr_carea' id='block_1_48' title="bbox 2153 2017 3781 2087">
    <p class='ocr_par' dir='ltr' id='par_1_48' title="bbox 2153 2017 3781 2087">
     <span class='ocr_line' id='line_1_48' title="bbox 2153 2017 3781 2087; baseline -0.004 -11"><span class='ocrx_word' id='word_1_364' title='bbox 2153 2019 2379 2076; x_wconf 82' lang='lat' dir='ltr'><strong>stabiles</strong></span> <span class='ocrx_word' id='word_1_365' title='bbox 2424 2019 2477 2074; x_wconf 90' lang='lat' dir='ltr'><strong>in</strong></span> <span class='ocrx_word' id='word_1_366' title='bbox 2511 2019 2637 2087; x_wconf 81' lang='lat' dir='ltr'><strong>fide,</strong></span> <span class='ocrx_word' id='word_1_367' title='bbox 2670 2020 2905 2075; x_wconf 86' lang='lat' dir='ltr'><strong>humiles</strong></span> <span class='ocrx_word' id='word_1_368' title='bbox 2927 2020 2981 2074; x_wconf 93' lang='lat' dir='ltr'><strong>in</strong></span> <span class='ocrx_word' id='word_1_369' title='bbox 3016 2020 3237 2084; x_wconf 89' lang='lat' dir='ltr'><strong>timore,</strong></span> <span class='ocrx_word' id='word_1_370' title='bbox 3283 2017 3351 2073; x_wconf 88' lang='lat' dir='ltr'><strong>ad</strong></span> <span class='ocrx_word' id='word_1_371' title='bbox 3395 2032 3610 2073; x_wconf 89' lang='lat' dir='ltr'><strong>omnem</strong></span> <span class='ocrx_word' id='word_1_372' title='bbox 3677 2025 3781 2071; x_wconf 82' lang='lat' dir='ltr'><strong>to-</strong></span> 
     </span>
    </p>
   </div>
   <div class='ocr_carea' id='block_1_49' title="bbox 2156 2109 3774 2180">
    <p class='ocr_par' dir='ltr' id='par_1_49' title="bbox 2156 2109 3774 2180">
     <span class='ocr_line' id='line_1_49' title="bbox 2156 2109 3774 2180; baseline 0 -16"><span class='ocrx_word' id='word_1_373' title='bbox 2156 2110 2446 2165; x_wconf 87' lang='lat' dir='ltr'><strong>lerantiam</strong></span> <span class='ocrx_word' id='word_1_374' title='bbox 2472 2110 2666 2177; x_wconf 89' lang='lat' dir='ltr'><strong>fortes,</strong></span> <span class='ocrx_word' id='word_1_375' title='bbox 2699 2113 2768 2167; x_wconf 90' lang='lat' dir='ltr'><strong>ad</strong></span> <span class='ocrx_word' id='word_1_376' title='bbox 2789 2111 3164 2167; x_wconf 87' lang='lat' dir='ltr'><strong>sustinendam</strong></span> <span class='ocrx_word' id='word_1_377' title='bbox 3192 2110 3446 2180; x_wconf 72' lang='lat' dir='ltr'><strong>iniuriam</strong></span> <span class='ocrx_word' id='word_1_378' title='bbox 3481 2109 3665 2175; x_wconf 87' lang='lat' dir='ltr'><strong>mites,</strong></span> <span class='ocrx_word' id='word_1_379' title='bbox 3690 2110 3774 2164; x_wconf 87' lang='lat' dir='ltr'><strong>ad</strong></span> 
     </span>
    </p>
   </div>
   <div class='ocr_carea' id='block_1_50' title="bbox 2156 2199 3777 2274">
    <p class='ocr_par' dir='ltr' id='par_1_50' title="bbox 2156 2199 3777 2274">
     <span class='ocr_line' id='line_1_50' title="bbox 2156 2199 3777 2274; baseline 0.001 -21"><span class='ocrx_word' id='word_1_380' title='bbox 2156 2199 2463 2257; x_wconf 86' lang='lat' dir='ltr'><strong>faciendam</strong></span> <span class='ocrx_word' id='word_1_381' title='bbox 2493 2201 2931 2259; x_wconf 88' lang='lat' dir='ltr'><strong>misericordiam</strong></span> <span class='ocrx_word' id='word_1_382' title='bbox 2957 2200 3164 2264; x_wconf 88' lang='lat' dir='ltr'><strong>faciles,</strong></span> <span class='ocrx_word' id='word_1_383' title='bbox 3200 2200 3439 2257; x_wconf 84' lang='lat' dir='ltr'><strong>fraterna</strong></span> <span class='ocrx_word' id='word_1_384' title='bbox 3467 2214 3599 2274; x_wconf 84' lang='lat' dir='ltr'><strong>pace</strong></span> <span class='ocrx_word' id='word_1_385' title='bbox 3622 2216 3777 2255; x_wconf 87' lang='lat' dir='ltr'><strong>una-</strong></span> 
     </span>
    </p>
   </div>
   <div class='ocr_carea' id='block_1_51' title="bbox 2155 2293 3779 2363">
    <p class='ocr_par' dir='ltr' id='par_1_51' title="bbox 2155 2293 3779 2363">
     <span class='ocr_line' id='line_1_51' title="bbox 2155 2293 3779 2363; baseline -0.002 -16"><span class='ocrx_word' id='word_1_386' title='bbox 2155 2293 2329 2349; x_wconf 86' lang='lat' dir='ltr'><strong>nimes</strong></span> <span class='ocrx_word' id='word_1_387' title='bbox 2374 2301 2535 2363; x_wconf 86' lang='lat' dir='ltr'><strong>atque</strong></span> <span class='ocrx_word' id='word_1_388' title='bbox 2565 2294 2883 2359; x_wconf 88' lang='lat' dir='ltr'><strong>concordes,</strong></span> <span class='ocrx_word' id='word_1_389' title='bbox 2935 2301 2990 2348; x_wconf 90' lang='lat' dir='ltr'><strong>et</strong></span> <span class='ocrx_word' id='word_1_390' title='bbox 3021 2295 3089 2349; x_wconf 87' lang='lat' dir='ltr'><strong>ad</strong></span> <span class='ocrx_word' id='word_1_391' title='bbox 3129 2308 3293 2349; x_wconf 89' lang='lat' dir='ltr'><strong>omne</strong></span> <span class='ocrx_word' id='word_1_392' title='bbox 3334 2295 3534 2348; x_wconf 84' lang='lat' dir='ltr'><strong>bonum</strong></span> <span class='ocrx_word' id='word_1_393' title='bbox 3571 2307 3779 2361; x_wconf 54' lang='lat' dir='ltr'><strong>promq</strong></span> 
     </span>
    </p>
   </div>
   <div class='ocr_carea' id='block_1_52' title="bbox 2155 2383 3778 2454">
    <p class='ocr_par' dir='ltr' id='par_1_52' title="bbox 2155 2383 3778 2454">
     <span class='ocr_line' id='line_1_52' title="bbox 2155 2383 3778 2454; baseline 0 -17"><span class='ocrx_word' id='word_1_394' title='bbox 2155 2383 2420 2453; x_wconf 86' lang='lat' dir='ltr'><strong>ptissimi;</strong></span> <span class='ocrx_word' id='word_1_395' title='bbox 2452 2384 2544 2453; x_wconf 91' lang='lat' dir='ltr'><strong>qui</strong></span> <span class='ocrx_word' id='word_1_396' title='bbox 2587 2391 2767 2438; x_wconf 91' lang='lat' dir='ltr'><strong>autem</strong></span> <span class='ocrx_word' id='word_1_397' title='bbox 2801 2383 3072 2441; x_wconf 89' lang='lat' dir='ltr'><strong>connubio</strong></span> <span class='ocrx_word' id='word_1_398' title='bbox 3097 2391 3227 2439; x_wconf 86' lang='lat' dir='ltr'><strong>sunt</strong></span> <span class='ocrx_word' id='word_1_399' title='bbox 3252 2383 3439 2447; x_wconf 87' lang='lat' dir='ltr'><strong>dediti,</strong></span> <span class='ocrx_word' id='word_1_400' title='bbox 3471 2383 3778 2454; x_wconf 81' lang='lat' dir='ltr'><strong>virginita—</strong></span> 
     </span>
    </p>
   </div>
   <div class='ocr_carea' id='block_1_53' title="bbox 2156 2474 3773 2543">
    <p class='ocr_par' dir='ltr' id='par_1_53' title="bbox 2156 2474 3773 2543">
     <span class='ocr_line' id='line_1_53' title="bbox 2156 2474 3773 2543; baseline -0.001 -14"><span class='ocrx_word' id='word_1_401' title='bbox 2156 2483 2265 2529; x_wconf 87' lang='lat' dir='ltr'><strong>tcm</strong></span> <span class='ocrx_word' id='word_1_402' title='bbox 2312 2482 2493 2533; x_wconf 85' lang='lat' dir='ltr'><strong>tamen</strong></span> <span class='ocrx_word' id='word_1_403' title='bbox 2538 2474 2591 2529; x_wconf 91' lang='lat' dir='ltr'><strong>in</strong></span> <span class='ocrx_word' id='word_1_404' title='bbox 2644 2474 2750 2531; x_wconf 80' lang='lat' dir='ltr'><strong>fide</strong></span> <span class='ocrx_word' id='word_1_405' title='bbox 2783 2484 2932 2529; x_wconf 89' lang='lat' dir='ltr'><strong>recta</strong></span> <span class='ocrx_word' id='word_1_406' title='bbox 2972 2475 3230 2540; x_wconf 86' lang='lat' dir='ltr'><strong>habeant,</strong></span> <span class='ocrx_word' id='word_1_407' title='bbox 3261 2474 3316 2528; x_wconf 91' lang='lat' dir='ltr'><strong>in</strong></span> <span class='ocrx_word' id='word_1_408' title='bbox 3367 2488 3472 2543; x_wconf 89' lang='lat' dir='ltr'><strong>qua</strong></span> <span class='ocrx_word' id='word_1_409' title='bbox 3502 2474 3773 2530; x_wconf 78' lang='lat' dir='ltr'><strong>universa</strong></span> 
     </span>
    </p>
   </div>
   <div class='ocr_carea' id='block_1_54' title="bbox 2154 2560 3773 2633">
    <p class='ocr_par' dir='ltr' id='par_1_54' title="bbox 2154 2560 3773 2633">
     <span class='ocr_line' id='line_1_54' title="bbox 2154 2560 3773 2633; baseline 0.001 -15"><span class='ocrx_word' id='word_1_410' title='bbox 2154 2560 2419 2631; x_wconf 82' lang='lat' dir='ltr'><strong>Ecclesia,</strong></span> <span class='ocrx_word' id='word_1_411' title='bbox 2467 2578 2666 2633; x_wconf 87' lang='lat' dir='ltr'><strong>sponsa</strong></span> <span class='ocrx_word' id='word_1_412' title='bbox 2698 2563 2794 2620; x_wconf 87' lang='lat' dir='ltr'><strong>Dei</strong></span> <span class='ocrx_word' id='word_1_413' title='bbox 2829 2565 3047 2621; x_wconf 88' lang='lat' dir='ltr'><strong>dicitur.</strong></span> <span class='ocrx_word' id='word_1_414' title='bbox 3082 2564 3239 2632; x_wconf 83' lang='lat' dir='ltr'><strong>Quod</strong></span> <span class='ocrx_word' id='word_1_415' title='bbox 3295 2572 3478 2622; x_wconf 87' lang='lat' dir='ltr'><strong>tamen</strong></span> <span class='ocrx_word' id='word_1_416' title='bbox 3514 2563 3773 2622; x_wconf 83' lang='lat' dir='ltr'><strong>Ecclesia</strong></span> 
     </span>
    </p>
   </div>
   <div class='ocr_carea' id='block_1_55' title="bbox 2156 2654 3776 2727">
    <p class='ocr_par' dir='ltr' id='par_1_55' title="bbox 2156 2654 3776 2727">
     <span class='ocr_line' id='line_1_55' title="bbox 2156 2654 3776 2727; baseline 0.002 -18"><span class='ocrx_word' id='word_1_417' title='bbox 2156 2654 2447 2719; x_wconf 84' lang='lat' dir='ltr'><strong>catholica,</strong></span> <span class='ocrx_word' id='word_1_418' title='bbox 2479 2669 2601 2724; x_wconf 62' lang='lat' dir='ltr'><strong>qua:</strong></span> <span class='ocrx_word' id='word_1_419' title='bbox 2650 2663 2869 2711; x_wconf 86' lang='lat' dir='ltr'><strong>constat</strong></span> <span class='ocrx_word' id='word_1_420' title='bbox 2896 2670 2962 2711; x_wconf 86' lang='lat' dir='ltr'><strong>ex</strong></span> <span class='ocrx_word' id='word_1_421' title='bbox 3001 2654 3305 2727; x_wconf 87' lang='lat' dir='ltr'><strong>virginibus</strong></span> <span class='ocrx_word' id='word_1_422' title='bbox 3341 2663 3397 2711; x_wconf 89' lang='lat' dir='ltr'><strong>et</strong></span> <span class='ocrx_word' id='word_1_423' title='bbox 3430 2654 3637 2725; x_wconf 84' lang='lat' dir='ltr'><strong>pueris,</strong></span> <span class='ocrx_word' id='word_1_424' title='bbox 3689 2667 3776 2713; x_wconf 69' lang='lat' dir='ltr'><strong>ex</strong></span> 
     </span>
    </p>
   </div>
   <div class='ocr_carea' id='block_1_56' title="bbox 2156 2742 3777 2811">
    <p class='ocr_par' dir='ltr' id='par_1_56' title="bbox 2156 2742 3777 2811">
     <span class='ocr_line' id='line_1_56' title="bbox 2156 2742 3777 2811; baseline 0.001 -12"><span class='ocrx_word' id='word_1_425' title='bbox 2156 2744 2427 2799; x_wconf 87' lang='lat' dir='ltr'><strong>maritatis</strong></span> <span class='ocrx_word' id='word_1_426' title='bbox 2478 2743 2695 2801; x_wconf 89' lang='lat' dir='ltr'><strong>feminis</strong></span> <span class='ocrx_word' id='word_1_427' title='bbox 2746 2753 2801 2802; x_wconf 89' lang='lat' dir='ltr'><strong>et</strong></span> <span class='ocrx_word' id='word_1_428' title='bbox 2857 2746 3099 2800; x_wconf 83' lang='lat' dir='ltr'><strong>uxoratis</strong></span> <span class='ocrx_word' id='word_1_429' title='bbox 3146 2744 3315 2811; x_wconf 86' lang='lat' dir='ltr'><strong>viris,</strong></span> <span class='ocrx_word' id='word_1_430' title='bbox 3368 2759 3475 2799; x_wconf 91' lang='lat' dir='ltr'><strong>uno</strong></span> <span class='ocrx_word' id='word_1_431' title='bbox 3534 2742 3777 2800; x_wconf 75' lang='lat' dir='ltr'><strong>nomine</strong></span> 
     </span>
    </p>
   </div>
   <div class='ocr_carea' id='block_1_57' title="bbox 2157 2833 3775 2909">
    <p class='ocr_par' dir='ltr' id='par_1_57' title="bbox 2157 2833 3775 2909">
     <span class='ocr_line' id='line_1_57' title="bbox 2157 2833 3775 2909; baseline -0.002 -17"><span class='ocrx_word' id='word_1_432' title='bbox 2157 2837 2310 2907; x_wconf 88' lang='lat' dir='ltr'><strong>virgo</strong></span> <span class='ocrx_word' id='word_1_433' title='bbox 2332 2844 2417 2892; x_wconf 90' lang='lat' dir='ltr'><strong>est</strong></span> <span class='ocrx_word' id='word_1_434' title='bbox 2448 2836 2740 2909; x_wconf 88' lang='lat' dir='ltr'><strong>appellata,</strong></span> <span class='ocrx_word' id='word_1_435' title='bbox 2790 2837 2915 2892; x_wconf 89' lang='lat' dir='ltr'><strong>audi</strong></span> <span class='ocrx_word' id='word_1_436' title='bbox 2947 2835 3267 2908; x_wconf 87' lang='lat' dir='ltr'><strong>Apostolum</strong></span> <span class='ocrx_word' id='word_1_437' title='bbox 3308 2836 3578 2894; x_wconf 88' lang='lat' dir='ltr'><strong>dicentem</strong></span> <span class='ocrx_word' id='word_1_438' title='bbox 3608 2852 3621 2889; x_wconf 92' lang='lat'><strong>:</strong></span> <span class='ocrx_word' id='word_1_439' title='bbox 3655 2833 3775 2896; x_wconf 70' lang='lat' dir='ltr'><strong>De-</strong></span> 
     </span>
    </p>
   </div>
   <div class='ocr_carea' id='block_1_58' title="bbox 2156 2926 3775 2999">
    <p class='ocr_par' dir='ltr' id='par_1_58' title="bbox 2156 2926 3775 2999">
     <span class='ocr_line' id='line_1_58' title="bbox 2156 2926 3775 2999; baseline -0.004 -18"><span class='ocrx_word' id='word_1_440' title='bbox 2156 2930 2421 2997; x_wconf 68' lang='lat' dir='ltr'><strong>sponsavi,</strong></span> <span class='ocrx_word' id='word_1_441' title='bbox 2450 2927 2646 2999; x_wconf 83' lang='lat' dir='ltr'><strong>inquit,</strong></span> <span class='ocrx_word' id='word_1_442' title='bbox 2678 2944 2769 2982; x_wconf 82' lang='lat' dir='ltr'><strong>vos</strong></span> <span class='ocrx_word' id='word_1_443' title='bbox 2796 2928 2889 2980; x_wconf 84' lang='lat' dir='ltr'><strong>uni</strong></span> <span class='ocrx_word' id='word_1_444' title='bbox 2925 2928 3035 2981; x_wconf 75' lang='lat' dir='ltr'><strong>uiro</strong></span> <span class='ocrx_word' id='word_1_445' title='bbox 3078 2927 3334 2997; x_wconf 81' lang='lat' dir='ltr'><strong>virginem</strong></span> <span class='ocrx_word' id='word_1_446' title='bbox 3373 2934 3575 2981; x_wconf 83' lang='lat' dir='ltr'><strong>castam</strong></span> <span class='ocrx_word' id='word_1_447' title='bbox 3604 2926 3775 2982; x_wconf 49' lang='lat' dir='ltr'><strong>exiti?</strong></span> 
     </span>
    </p>
   </div>
   <div class='ocr_carea' id='block_1_59' title="bbox 2158 3015 3774 3090">
    <p class='ocr_par' dir='ltr' id='par_1_59' title="bbox 2158 3015 3774 3090">
     <span class='ocr_line' id='line_1_59' title="bbox 2158 3015 3774 3090; baseline 0.001 -19"><span class='ocrx_word' id='word_1_448' title='bbox 2158 3020 2275 3071; x_wconf 89' lang='lat' dir='ltr'><strong>bere</strong></span> <span class='ocrx_word' id='word_1_449' title='bbox 2313 3015 2522 3077; x_wconf 77' lang='lat' dir='ltr'><strong>Christo</strong></span> <span class='ocrx_word' id='word_1_450' title='bbox 2565 3017 2650 3089; x_wconf 90' lang='lat' dir='ltr'><strong>(II</strong></span> <span class='ocrx_word' id='word_1_451' title='bbox 2700 3016 2823 3072; x_wconf 90' lang='lat' dir='ltr'><strong>Cor.</strong></span> <span class='ocrx_word' id='word_1_452' title='bbox 2856 3016 2956 3090; x_wconf 75' lang='grc' dir='ltr'><strong>χι).</strong></span> <span class='ocrx_word' id='word_1_453' title='bbox 3025 3016 3353 3077; x_wconf 85' lang='lat' dir='ltr'><strong>Pudicitiam</strong></span> <span class='ocrx_word' id='word_1_454' title='bbox 3416 3015 3774 3088; x_wconf 84' lang='lat' dir='ltr'><strong>conjugalem</strong></span> 
     </span>
    </p>
   </div>
   <div class='ocr_carea' id='block_1_60' title="bbox 2161 3105 3771 3177">
    <p class='ocr_par' dir='ltr' id='par_1_60' title="bbox 2161 3105 3771 3177">
     <span class='ocr_line' id='line_1_60' title="bbox 2161 3105 3771 3177; baseline 0.001 -14"><span class='ocrx_word' id='word_1_455' title='bbox 2161 3115 2404 3173; x_wconf 87' lang='lat' dir='ltr'><strong>servent,</strong></span> <span class='ocrx_word' id='word_1_456' title='bbox 2444 3108 2515 3163; x_wconf 88' lang='lat' dir='ltr'><strong>ab</strong></span> <span class='ocrx_word' id='word_1_457' title='bbox 2570 3107 2773 3163; x_wconf 87' lang='lat' dir='ltr'><strong>illicitis</strong></span> <span class='ocrx_word' id='word_1_458' title='bbox 2794 3108 3126 3173; x_wconf 88' lang='lat' dir='ltr'><strong>abstineant,</strong></span> <span class='ocrx_word' id='word_1_459' title='bbox 3156 3109 3297 3163; x_wconf 90' lang='lat' dir='ltr'><strong>bona</strong></span> <span class='ocrx_word' id='word_1_460' title='bbox 3330 3121 3495 3177; x_wconf 89' lang='lat' dir='ltr'><strong>opera</strong></span> <span class='ocrx_word' id='word_1_461' title='bbox 3535 3105 3771 3172; x_wconf 84' lang='lat' dir='ltr'><strong>faciant,</strong></span> 
     </span>
    </p>
   </div>
   <div class='ocr_carea' id='block_1_61' title="bbox 453 3180 3772 3271">
    <p class='ocr_par' dir='ltr' id='par_1_61' title="bbox 453 3180 3772 3271">
     <span class='ocr_line' id='line_1_61' title="bbox 453 3180 3772 3271; baseline -0.002 -22"><span class='ocrx_word' id='word_1_462' title='bbox 453 3192 611 3249; x_wconf 64' lang='lat' dir='ltr'><strong>caelis</strong></span> <span class='ocrx_word' id='word_1_463' title='bbox 666 3191 964 3249; x_wconf 79' lang='lat' dir='ltr'><strong>secundum</strong></span> <span class='ocrx_word' id='word_1_464' title='bbox 1014 3190 1269 3247; x_wconf 81' lang='lat' dir='ltr'><strong>deitatem</strong></span> <span class='ocrx_word' id='word_1_465' title='bbox 1320 3191 1376 3244; x_wconf 90' lang='lat' dir='ltr'><strong>in</strong></span> <span class='ocrx_word' id='word_1_466' title='bbox 1420 3190 1542 3244; x_wconf 85' lang='lat' dir='ltr'><strong>sinu</strong></span> <span class='ocrx_word' id='word_1_467' title='bbox 1603 3198 1687 3243; x_wconf 89' lang='lat' dir='ltr'><strong>est</strong></span> <span class='ocrx_word' id='word_1_468' title='bbox 1734 3189 1942 3257; x_wconf 87' lang='lat' dir='ltr'><strong>patris,</strong></span> <span class='ocrx_word' id='word_1_469' title='bbox 1998 3180 2124 3243; x_wconf 90' lang='lat' dir='ltr'><strong>etC</strong></span> <span class='ocrx_word' id='word_1_470' title='bbox 2156 3196 2584 3265; x_wconf 71' lang='lat' dir='ltr'><strong>hospitalitatem</strong></span> <span class='ocrx_word' id='word_1_471' title='bbox 2616 3196 2865 3271; x_wconf 48' lang='lat' dir='ltr'><strong>diligam,</strong></span> <span class='ocrx_word' id='word_1_472' title='bbox 2910 3206 2966 3252; x_wconf 83' lang='lat' dir='ltr'><strong>et</strong></span> <span class='ocrx_word' id='word_1_473' title='bbox 3013 3195 3601 3268; x_wconf 60' lang='lat' dir='ltr'><strong>eleemosynasiacere</strong></span> <span class='ocrx_word' id='word_1_474' title='bbox 3647 3212 3772 3263; x_wconf 64' lang='lat' dir='ltr'><strong>non</strong></span> 
     </span>
    </p>
   </div>
   <div class='ocr_carea' id='block_1_62' title="bbox 455 3279 2051 3351">
    <p class='ocr_par' dir='ltr' id='par_1_62' title="bbox 455 3279 2051 3351">
     <span class='ocr_line' id='line_1_62' title="bbox 455 3279 2051 3351; baseline -0.004 -14"><span class='ocrx_word' id='word_1_475' title='bbox 455 3286 509 3346; x_wconf 87' lang='lat' dir='ltr'><strong>in</strong></span> <span class='ocrx_word' id='word_1_476' title='bbox 550 3282 713 3343; x_wconf 84' lang='lat' dir='ltr'><strong>terris</strong></span> <span class='ocrx_word' id='word_1_477' title='bbox 753 3281 1050 3338; x_wconf 87' lang='lat' dir='ltr'><strong>secundum</strong></span> <span class='ocrx_word' id='word_1_478' title='bbox 1096 3282 1341 3351; x_wconf 85' lang='lat' dir='ltr'><strong>corporis</strong></span> <span class='ocrx_word' id='word_1_479' title='bbox 1391 3279 1791 3350; x_wconf 88' lang='lat' dir='ltr'><strong>susceptionem</strong></span> <span class='ocrx_word' id='word_1_480' title='bbox 1832 3280 1882 3333; x_wconf 93' lang='lat' dir='ltr'><strong>in</strong></span> <span class='ocrx_word' id='word_1_481' title='bbox 1932 3280 2051 3333; x_wconf 90' lang='lat' dir='ltr'><strong>sinu</strong></span> 
     </span>
    </p>
   </div>
   <div class='ocr_carea' id='block_1_63' title="bbox 453 3368 2053 3442">
    <p class='ocr_par' dir='ltr' id='par_1_63' title="bbox 453 3368 2053 3442">
     <span class='ocr_line' id='line_1_63' title="bbox 453 3368 2053 3442; baseline -0.004 -14"><span class='ocrx_word' id='word_1_482' title='bbox 453 3381 573 3434; x_wconf 87' lang='lat' dir='ltr'><strong>erat</strong></span> <span class='ocrx_word' id='word_1_483' title='bbox 621 3372 839 3432; x_wconf 89' lang='lat' dir='ltr'><strong>matris.</strong></span> <span class='ocrx_word' id='word_1_484' title='bbox 898 3370 1070 3442; x_wconf 78' lang='lat' dir='ltr'><strong>Hujus</strong></span> <span class='ocrx_word' id='word_1_485' title='bbox 1122 3372 1315 3440; x_wconf 89' lang='lat' dir='ltr'><strong>itaque</strong></span> <span class='ocrx_word' id='word_1_486' title='bbox 1370 3369 1645 3440; x_wconf 85' lang='lat' dir='ltr'><strong>Unigeniti</strong></span> <span class='ocrx_word' id='word_1_487' title='bbox 1702 3368 1797 3423; x_wconf 89' lang='lat' dir='ltr'><strong>Dei</strong></span> <span class='ocrx_word' id='word_1_488' title='bbox 1857 3368 2053 3428; x_wconf 89' lang='lat' dir='ltr'><strong>dicitur</strong></span> 
     </span>
    </p>
   </div>
   <div class='ocr_carea' id='block_1_64' title="bbox 456 3460 2054 3537">
    <p class='ocr_par' dir='ltr' id='par_1_64' title="bbox 456 3460 2054 3537">
     <span class='ocr_line' id='line_1_64' title="bbox 456 3460 2054 3537; baseline -0.006 -14"><span class='ocrx_word' id='word_1_489' title='bbox 456 3469 571 3525; x_wconf 74' lang='lat' dir='ltr'><strong>inec</strong></span> <span class='ocrx_word' id='word_1_490' title='bbox 614 3474 793 3522; x_wconf 87' lang='lat' dir='ltr'><strong>mater</strong></span> <span class='ocrx_word' id='word_1_491' title='bbox 831 3466 993 3537; x_wconf 79' lang='lat' dir='ltr'><strong>Virgo</strong></span> <span class='ocrx_word' id='word_1_492' title='bbox 1038 3463 1206 3520; x_wconf 79' lang='lat' dir='ltr'><strong>Maria</strong></span> <span class='ocrx_word' id='word_1_493' title='bbox 1233 3505 1247 3530; x_wconf 92' lang='lat'><strong>,</strong></span> <span class='ocrx_word' id='word_1_494' title='bbox 1293 3464 1453 3534; x_wconf 90' lang='lat' dir='ltr'><strong>digna</strong></span> <span class='ocrx_word' id='word_1_495' title='bbox 1495 3460 1676 3532; x_wconf 90' lang='lat' dir='ltr'><strong>digni,</strong></span> <span class='ocrx_word' id='word_1_496' title='bbox 1710 3460 2054 3515; x_wconf 85' lang='lat' dir='ltr'><strong>immaculata</strong></span> 
     </span>
    </p>
   </div>
   <div class='ocr_carea' id='block_1_65' title="bbox 455 3552 2053 3627">
    <p class='ocr_par' dir='ltr' id='par_1_65' title="bbox 455 3552 2053 3627">
     <span class='ocr_line' id='line_1_65' title="bbox 455 3552 2053 3627; baseline -0.007 -12"><span class='ocrx_word' id='word_1_497' title='bbox 455 3560 679 3627; x_wconf 74' lang='lat' dir='ltr'><strong>sancti,</strong></span> <span class='ocrx_word' id='word_1_498' title='bbox 762 3572 869 3614; x_wconf 85' lang='lat' dir='ltr'><strong>una</strong></span> <span class='ocrx_word' id='word_1_499' title='bbox 929 3557 1131 3623; x_wconf 90' lang='lat' dir='ltr'><strong>unius,</strong></span> <span class='ocrx_word' id='word_1_500' title='bbox 1193 3556 1353 3611; x_wconf 85' lang='lat' dir='ltr'><strong>unica</strong></span> <span class='ocrx_word' id='word_1_501' title='bbox 1427 3554 1576 3609; x_wconf 90' lang='lat' dir='ltr'><strong>unici</strong></span> <span class='ocrx_word' id='word_1_502' title='bbox 1647 3570 1662 3609; x_wconf 88' lang='lat'><strong>:</strong></span> <span class='ocrx_word' id='word_1_503' title='bbox 1738 3567 1839 3608; x_wconf 86' lang='lat' dir='ltr'><strong>nec</strong></span> <span class='ocrx_word' id='word_1_504' title='bbox 1911 3552 2053 3611; x_wconf 86' lang='lat' dir='ltr'><strong>enim</strong></span> 
     </span>
    </p>
   </div>
   <div class='ocr_carea' id='block_1_66' title="bbox 455 3645 2058 3723">
    <p class='ocr_par' dir='ltr' id='par_1_66' title="bbox 455 3645 2058 3723">
     <span class='ocr_line' id='line_1_66' title="bbox 455 3645 2058 3723; baseline -0.006 -16"><span class='ocrx_word' id='word_1_505' title='bbox 455 3654 595 3708; x_wconf 86' lang='lat' dir='ltr'><strong>alter</strong></span> <span class='ocrx_word' id='word_1_506' title='bbox 647 3651 962 3723; x_wconf 86' lang='lat' dir='ltr'><strong>unigenitus</strong></span> <span class='ocrx_word' id='word_1_507' title='bbox 1010 3648 1155 3704; x_wconf 87' lang='lat' dir='ltr'><strong>Deus</strong></span> <span class='ocrx_word' id='word_1_508' title='bbox 1216 3662 1379 3717; x_wconf 90' lang='lat' dir='ltr'><strong>super</strong></span> <span class='ocrx_word' id='word_1_509' title='bbox 1434 3655 1638 3701; x_wconf 89' lang='lat' dir='ltr'><strong>terram</strong></span> <span class='ocrx_word' id='word_1_510' title='bbox 1700 3645 1879 3709; x_wconf 90' lang='lat' dir='ltr'><strong>venit,</strong></span> <span class='ocrx_word' id='word_1_511' title='bbox 1964 3653 2058 3703; x_wconf 87' lang='lat' dir='ltr'><strong>aut</strong></span> 
     </span>
    </p>
   </div>
   <div class='ocr_carea' id='block_1_67' title="bbox 458 3737 2051 3815">
    <p class='ocr_par' dir='ltr' id='par_1_67' title="bbox 458 3737 2051 3815">
     <span class='ocr_line' id='line_1_67' title="bbox 458 3737 2051 3815; baseline -0.006 -17"><span class='ocrx_word' id='word_1_512' title='bbox 458 3744 565 3800; x_wconf 90' lang='lat' dir='ltr'><strong>alia</strong></span> <span class='ocrx_word' id='word_1_513' title='bbox 592 3743 746 3815; x_wconf 86' lang='lat' dir='ltr'><strong>virgo</strong></span> <span class='ocrx_word' id='word_1_514' title='bbox 772 3740 1105 3815; x_wconf 87' lang='lat' dir='ltr'><strong>unigenitum</strong></span> <span class='ocrx_word' id='word_1_515' title='bbox 1133 3739 1340 3811; x_wconf 85' lang='lat' dir='ltr'><strong>genuit.</strong></span> <span class='ocrx_word' id='word_1_516' title='bbox 1366 3738 1521 3794; x_wconf 90' lang='lat' dir='ltr'><strong>Unde</strong></span> <span class='ocrx_word' id='word_1_517' title='bbox 1546 3746 1602 3794; x_wconf 90' lang='lat' dir='ltr'><strong>et</strong></span> <span class='ocrx_word' id='word_1_518' title='bbox 1631 3737 2051 3808; x_wconf 87' lang='lat' dir='ltr'><strong>magnitudinem</strong></span> 
     </span>
    </p>
   </div>
   <div class='ocr_carea' id='block_1_68' title="bbox 457 3828 2055 3905">
    <p class='ocr_par' dir='ltr' id='par_1_68' title="bbox 457 3828 2055 3905">
     <span class='ocr_line' id='line_1_68' title="bbox 457 3828 2055 3905; baseline -0.006 -12"><span class='ocrx_word' id='word_1_519' title='bbox 457 3836 575 3905; x_wconf 78' lang='lat' dir='ltr'><strong>ejus</strong></span> <span class='ocrx_word' id='word_1_520' title='bbox 611 3836 948 3891; x_wconf 82' lang='lat' dir='ltr'><strong>admirantes</strong></span> <span class='ocrx_word' id='word_1_521' title='bbox 978 3834 1157 3889; x_wconf 89' lang='lat' dir='ltr'><strong>tacitis</strong></span> <span class='ocrx_word' id='word_1_522' title='bbox 1183 3832 1407 3887; x_wconf 85' lang='lat' dir='ltr'><strong>vocibus</strong></span> <span class='ocrx_word' id='word_1_523' title='bbox 1462 3832 1663 3897; x_wconf 89' lang='lat' dir='ltr'><strong>cordis,</strong></span> <span class='ocrx_word' id='word_1_524' title='bbox 1712 3829 1916 3896; x_wconf 86' lang='lat' dir='ltr'><strong>taliter,</strong></span> <span class='ocrx_word' id='word_1_525' title='bbox 1946 3828 2055 3884; x_wconf 90' lang='lat' dir='ltr'><strong>fra-</strong></span> 
     </span>
    </p>
   </div>
   <div class='ocr_carea' id='block_1_69' title="bbox 461 3919 2057 3991">
    <p class='ocr_par' dir='ltr' id='par_1_69' title="bbox 461 3919 2057 3991">
     <span class='ocr_line' id='line_1_69' title="bbox 461 3919 2057 3991; baseline -0.007 -7"><span class='ocrx_word' id='word_1_526' title='bbox 461 3938 574 3984; x_wconf 88' lang='lat' dir='ltr'><strong>tres</strong></span> <span class='ocrx_word' id='word_1_527' title='bbox 599 3926 931 3991; x_wconf 82' lang='lat' dir='ltr'><strong>eharissimi,</strong></span> <span class='ocrx_word' id='word_1_528' title='bbox 966 3923 1337 3981; x_wconf 79' lang='lat' dir='ltr'><strong>exclamemus</strong></span> <span class='ocrx_word' id='word_1_529' title='bbox 1363 3923 1418 3976; x_wconf 92' lang='lat' dir='ltr'><strong>in</strong></span> <span class='ocrx_word' id='word_1_530' title='bbox 1452 3921 1684 3986; x_wconf 91' lang='lat' dir='ltr'><strong>laudem,</strong></span> <span class='ocrx_word' id='word_1_531' title='bbox 1710 3928 1874 3990; x_wconf 84' lang='lat' dir='ltr'><strong>atque</strong></span> <span class='ocrx_word' id='word_1_532' title='bbox 1908 3919 2057 3974; x_wconf 84' lang='lat' dir='ltr'><strong>dica-</strong></span> 
     </span>
    </p>
   </div>
   <div class='ocr_carea' id='block_1_70' title="bbox 458 4008 2054 4083">
    <p class='ocr_par' dir='ltr' id='par_1_70' title="bbox 458 4008 2054 4083">
     <span class='ocr_line' id='line_1_70' title="bbox 458 4008 2054 4083; baseline -0.007 -9"><span class='ocrx_word' id='word_1_533' title='bbox 458 4032 581 4075; x_wconf 79' lang='lat' dir='ltr'><strong>mus</strong></span> <span class='ocrx_word' id='word_1_534' title='bbox 612 4032 627 4071; x_wconf 87' lang='lat'><strong>:</strong></span> <span class='ocrx_word' id='word_1_535' title='bbox 662 4014 707 4073; x_wconf 92' lang='grc' dir='ltr'>Ο</span> <span class='ocrx_word' id='word_1_536' title='bbox 758 4029 885 4072; x_wconf 89' lang='lat' dir='ltr'><strong>vere</strong></span> <span class='ocrx_word' id='word_1_537' title='bbox 918 4015 1077 4070; x_wconf 87' lang='lat' dir='ltr'><strong>beata</strong></span> <span class='ocrx_word' id='word_1_538' title='bbox 1125 4013 1275 4083; x_wconf 85' lang='lat' dir='ltr'><strong>virgo</strong></span> <span class='ocrx_word' id='word_1_539' title='bbox 1322 4008 1512 4076; x_wconf 79' lang='lat' dir='ltr'><strong>Maria,</strong></span> <span class='ocrx_word' id='word_1_540' title='bbox 1545 4024 1780 4083; x_wconf 89' lang='lat' dir='ltr'><strong>agnosce</strong></span> <span class='ocrx_word' id='word_1_541' title='bbox 1827 4010 2054 4082; x_wconf 89' lang='lat' dir='ltr'><strong>gloriam</strong></span> 
     </span>
    </p>
   </div>
   <div class='ocr_carea' id='block_1_71' title="bbox 460 4102 2058 4177">
    <p class='ocr_par' dir='ltr' id='par_1_71' title="bbox 460 4102 2058 4177">
     <span class='ocr_line' id='line_1_71' title="bbox 460 4102 2058 4177; baseline -0.006 -11"><span class='ocrx_word' id='word_1_542' title='bbox 460 4120 628 4177; x_wconf 87' lang='lat' dir='ltr'><strong>tuam,</strong></span> <span class='ocrx_word' id='word_1_543' title='bbox 655 4108 803 4166; x_wconf 89' lang='lat' dir='ltr'><strong>illam</strong></span> <span class='ocrx_word' id='word_1_544' title='bbox 831 4102 1082 4163; x_wconf 90' lang='lat' dir='ltr'><strong>videlicet</strong></span> <span class='ocrx_word' id='word_1_545' title='bbox 1107 4106 1333 4177; x_wconf 85' lang='lat' dir='ltr'><strong>gloriam</strong></span> <span class='ocrx_word' id='word_1_546' title='bbox 1358 4120 1522 4176; x_wconf 90' lang='lat' dir='ltr'><strong>quam</strong></span> <span class='ocrx_word' id='word_1_547' title='bbox 1548 4104 1642 4161; x_wconf 88' lang='lat' dir='ltr'><strong>tibi</strong></span> <span class='ocrx_word' id='word_1_548' title='bbox 1671 4102 1895 4175; x_wconf 89' lang='lat' dir='ltr'><strong>angelus</strong></span> <span class='ocrx_word' id='word_1_549' title='bbox 1927 4118 2058 4157; x_wconf 91' lang='lat' dir='ltr'><strong>nun-</strong></span> 
     </span>
    </p>
   </div>
   <div class='ocr_carea' id='block_1_72' title="bbox 461 4192 2059 4268">
    <p class='ocr_par' dir='ltr' id='par_1_72' title="bbox 461 4192 2059 4268">
     <span class='ocr_line' id='line_1_72' title="bbox 461 4192 2059 4268; baseline -0.009 -8"><span class='ocrx_word' id='word_1_550' title='bbox 461 4201 647 4266; x_wconf 87' lang='lat' dir='ltr'><strong>tiavit,</strong></span> <span class='ocrx_word' id='word_1_551' title='bbox 682 4198 770 4255; x_wconf 85' lang='lat' dir='ltr'><strong>vel</strong></span> <span class='ocrx_word' id='word_1_552' title='bbox 803 4197 1041 4255; x_wconf 80' lang='lat' dir='ltr'><strong>Joannes</strong></span> <span class='ocrx_word' id='word_1_553' title='bbox 1068 4212 1165 4268; x_wconf 91' lang='lat' dir='ltr'><strong>per</strong></span> <span class='ocrx_word' id='word_1_554' title='bbox 1190 4210 1252 4255; x_wconf 91' lang='lat' dir='ltr'><strong>os</strong></span> <span class='ocrx_word' id='word_1_555' title='bbox 1272 4195 1578 4261; x_wconf 89' lang='lat' dir='ltr'><strong>Elisabetb,</strong></span> <span class='ocrx_word' id='word_1_556' title='bbox 1600 4194 1841 4250; x_wconf 89' lang='lat' dir='ltr'><strong>nondum</strong></span> <span class='ocrx_word' id='word_1_557' title='bbox 1867 4192 2059 4249; x_wconf 89' lang='lat' dir='ltr'><strong>matris</strong></span> 
     </span>
    </p>
   </div>
   <div class='ocr_carea' id='block_1_73' title="bbox 462 4282 2058 4361">
    <p class='ocr_par' dir='ltr' id='par_1_73' title="bbox 462 4282 2058 4361">
     <span class='ocr_line' id='line_1_73' title="bbox 462 4282 2058 4361; baseline -0.008 -12"><span class='ocrx_word' id='word_1_558' title='bbox 462 4293 641 4350; x_wconf 85' lang='lat' dir='ltr'><strong>adhuc</strong></span> <span class='ocrx_word' id='word_1_559' title='bbox 676 4292 743 4346; x_wconf 84' lang='lat' dir='ltr'><strong>de</strong></span> <span class='ocrx_word' id='word_1_560' title='bbox 770 4298 982 4354; x_wconf 85' lang='lat' dir='ltr'><strong>secreto</strong></span> <span class='ocrx_word' id='word_1_561' title='bbox 1011 4287 1150 4343; x_wconf 89' lang='lat' dir='ltr'><strong>uteri</strong></span> <span class='ocrx_word' id='word_1_562' title='bbox 1183 4284 1485 4361; x_wconf 77' lang='lat' dir='ltr'><strong>[egressus]</strong></span> <span class='ocrx_word' id='word_1_563' title='bbox 1524 4284 1867 4357; x_wconf 87' lang='lat' dir='ltr'><strong>prophetavit</strong></span> <span class='ocrx_word' id='word_1_564' title='bbox 1908 4300 1923 4337; x_wconf 89' lang='lat'><strong>:</strong></span> <span class='ocrx_word' id='word_1_565' title='bbox 1958 4282 2058 4337; x_wconf 85' lang='lat' dir='ltr'><strong>Be-</strong></span> 
     </span>
    </p>
   </div>
   <div class='ocr_carea' id='block_1_74' title="bbox 461 4373 2058 4453">
    <p class='ocr_par' dir='ltr' id='par_1_74' title="bbox 461 4373 2058 4453">
     <span class='ocr_line' id='line_1_74' title="bbox 461 4373 2058 4453; baseline -0.01 -12"><span class='ocrx_word' id='word_1_566' title='bbox 461 4386 669 4441; x_wconf 83' lang='lat' dir='ltr'><strong>nedicta</strong></span> <span class='ocrx_word' id='word_1_567' title='bbox 691 4385 867 4453; x_wconf 83' lang='lat' dir='ltr'><strong>itaque</strong></span> <span class='ocrx_word' id='word_1_568' title='bbox 904 4388 961 4435; x_wconf 88' lang='lat' dir='ltr'><strong>tu</strong></span> <span class='ocrx_word' id='word_1_569' title='bbox 984 4380 1118 4437; x_wconf 83' lang='lat' dir='ltr'><strong>inter</strong></span> <span class='ocrx_word' id='word_1_570' title='bbox 1140 4378 1410 4444; x_wconf 81' lang='lat' dir='ltr'><strong>mulieres,</strong></span> <span class='ocrx_word' id='word_1_571' title='bbox 1449 4387 1497 4431; x_wconf 88' lang='lat' dir='ltr'><strong>et</strong></span> <span class='ocrx_word' id='word_1_572' title='bbox 1531 4374 1831 4431; x_wconf 80' lang='lat' dir='ltr'><strong>benedictus</strong></span> <span class='ocrx_word' id='word_1_573' title='bbox 1855 4373 2058 4445; x_wconf 76' lang='lat' dir='ltr'><strong>fructus</strong></span> 
     </span>
    </p>
   </div>
   <div class='ocr_carea' id='block_1_75' title="bbox 460 4465 2059 4541">
    <p class='ocr_par' dir='ltr' id='par_1_75' title="bbox 460 4465 2059 4541">
     <span class='ocr_line' id='line_1_75' title="bbox 460 4465 2059 4541; baseline -0.009 -6"><span class='ocrx_word' id='word_1_574' title='bbox 460 4476 652 4535; x_wconf 80' lang='lat' dir='ltr'><strong>ventris</strong></span> <span class='ocrx_word' id='word_1_575' title='bbox 680 4475 777 4528; x_wconf 88' lang='lat' dir='ltr'><strong>tui.</strong></span> <span class='ocrx_word' id='word_1_576' title='bbox 824 4472 904 4527; x_wconf 86' lang='lat' dir='ltr'><strong>Tu</strong></span> <span class='ocrx_word' id='word_1_577' title='bbox 942 4485 1157 4541; x_wconf 86' lang='lat' dir='ltr'><strong>quoque</strong></span> <span class='ocrx_word' id='word_1_578' title='bbox 1197 4469 1529 4541; x_wconf 89' lang='lat' dir='ltr'><strong>promissum</strong></span> <span class='ocrx_word' id='word_1_579' title='bbox 1559 4468 1814 4523; x_wconf 85' lang='lat' dir='ltr'><strong>universo</strong></span> <span class='ocrx_word' id='word_1_580' title='bbox 1856 4465 2059 4521; x_wconf 91' lang='lat' dir='ltr'><strong>mundo</strong></span> 
     </span>
    </p>
   </div>
   <div class='ocr_carea' id='block_1_76' title="bbox 2155 3285 3774 3358">
    <p class='ocr_par' dir='ltr' id='par_1_76' title="bbox 2155 3285 3774 3358">
     <span class='ocr_line' id='line_1_76' title="bbox 2155 3285 3774 3358; baseline 0 -17"><span class='ocrx_word' id='word_1_581' title='bbox 2155 3302 2350 3358; x_wconf 89' lang='lat' dir='ltr'><strong>segnes</strong></span> <span class='ocrx_word' id='word_1_582' title='bbox 2403 3286 2552 3342; x_wconf 87' lang='lat' dir='ltr'><strong>fiant.</strong></span> <span class='ocrx_word' id='word_1_583' title='bbox 2581 3285 2683 3354; x_wconf 88' lang='lat' dir='ltr'><strong>Qui</strong></span> <span class='ocrx_word' id='word_1_584' title='bbox 2724 3286 2919 3342; x_wconf 84' lang='lat' dir='ltr'><strong>divites</strong></span> <span class='ocrx_word' id='word_1_585' title='bbox 2948 3287 3004 3341; x_wconf 91' lang='lat' dir='ltr'><strong>in</strong></span> <span class='ocrx_word' id='word_1_586' title='bbox 3032 3286 3135 3345; x_wconf 88' lang='lat' dir='ltr'><strong>hoc</strong></span> <span class='ocrx_word' id='word_1_587' title='bbox 3164 3287 3368 3341; x_wconf 90' lang='lat' dir='ltr'><strong>mundo</strong></span> <span class='ocrx_word' id='word_1_588' title='bbox 3395 3287 3515 3343; x_wconf 83' lang='lat' dir='ltr'><strong>ﬁeri</strong></span> <span class='ocrx_word' id='word_1_589' title='bbox 3537 3285 3774 3341; x_wconf 63' lang='lat' dir='ltr'><strong>videam</strong></span> 
     </span>
    </p>
   </div>
   <div class='ocr_carea' id='block_1_77' title="bbox 2158 3376 3771 3455">
    <p class='ocr_par' dir='ltr' id='par_1_77' title="bbox 2158 3376 3771 3455">
     <span class='ocr_line' id='line_1_77' title="bbox 2158 3376 3771 3455; baseline 0.001 -26"><span class='ocrx_word' id='word_1_590' title='bbox 2158 3386 2264 3443; x_wconf 84' lang='lat' dir='ltr'><strong>tur,</strong></span> <span class='ocrx_word' id='word_1_591' title='bbox 2296 3392 2403 3432; x_wconf 89' lang='lat' dir='ltr'><strong>non</strong></span> <span class='ocrx_word' id='word_1_592' title='bbox 2431 3378 2663 3449; x_wconf 86' lang='lat' dir='ltr'><strong>superbe</strong></span> <span class='ocrx_word' id='word_1_593' title='bbox 2704 3379 2939 3447; x_wconf 87' lang='lat' dir='ltr'><strong>sapiant,</strong></span> <span class='ocrx_word' id='word_1_594' title='bbox 2980 3393 3082 3432; x_wconf 90' lang='lat' dir='ltr'><strong>nec</strong></span> <span class='ocrx_word' id='word_1_595' title='bbox 3106 3388 3331 3455; x_wconf 88' lang='lat' dir='ltr'><strong>sperent</strong></span> <span class='ocrx_word' id='word_1_596' title='bbox 3357 3378 3413 3432; x_wconf 90' lang='lat' dir='ltr'><strong>in</strong></span> <span class='ocrx_word' id='word_1_597' title='bbox 3434 3378 3642 3441; x_wconf 86' lang='lat' dir='ltr'><strong>incerto</strong></span> <span class='ocrx_word' id='word_1_598' title='bbox 3666 3376 3771 3439; x_wconf 79' lang='lat' dir='ltr'><strong>di-</strong></span> 
     </span>
    </p>
   </div>
   <div class='ocr_carea' id='block_1_78' title="bbox 2157 3466 3776 3538">
    <p class='ocr_par' dir='ltr' id='par_1_78' title="bbox 2157 3466 3776 3538">
     <span class='ocr_line' id='line_1_78' title="bbox 2157 3466 3776 3538; baseline 0.003 -18"><span class='ocrx_word' id='word_1_599' title='bbox 2157 3466 2432 3531; x_wconf 89' lang='lat' dir='ltr'><strong>vitiarum,</strong></span> <span class='ocrx_word' id='word_1_600' title='bbox 2489 3467 2585 3521; x_wconf 90' lang='lat' dir='ltr'><strong>sed</strong></span> <span class='ocrx_word' id='word_1_601' title='bbox 2629 3466 2683 3521; x_wconf 92' lang='lat' dir='ltr'><strong>in</strong></span> <span class='ocrx_word' id='word_1_602' title='bbox 2729 3466 2842 3522; x_wconf 89' lang='lat' dir='ltr'><strong>Deo</strong></span> <span class='ocrx_word' id='word_1_603' title='bbox 2878 3468 3021 3533; x_wconf 85' lang='lat' dir='ltr'><strong>vivo,</strong></span> <span class='ocrx_word' id='word_1_604' title='bbox 3066 3468 3159 3538; x_wconf 88' lang='lat' dir='ltr'><strong>qui</strong></span> <span class='ocrx_word' id='word_1_605' title='bbox 3222 3474 3449 3538; x_wconf 63' lang='lat' dir='ltr'><strong>praestat</strong></span> <span class='ocrx_word' id='word_1_606' title='bbox 3506 3467 3776 3525; x_wconf 77' lang='lat' dir='ltr'><strong>omnibus</strong></span> 
     </span>
    </p>
   </div>
   <div class='ocr_carea' id='block_1_79' title="bbox 2156 3557 3774 3629">
    <p class='ocr_par' dir='ltr' id='par_1_79' title="bbox 2156 3557 3774 3629">
     <span class='ocr_line' id='line_1_79' title="bbox 2156 3557 3774 3629; baseline -0.001 -18"><span class='ocrx_word' id='word_1_607' title='bbox 2156 3558 2515 3613; x_wconf 89' lang='lat' dir='ltr'><strong>abundanter.</strong></span> <span class='ocrx_word' id='word_1_608' title='bbox 2541 3557 2765 3615; x_wconf 90' lang='lat' dir='ltr'><strong>Discant</strong></span> <span class='ocrx_word' id='word_1_609' title='bbox 2787 3557 2926 3613; x_wconf 91' lang='lat' dir='ltr'><strong>bene</strong></span> <span class='ocrx_word' id='word_1_610' title='bbox 2957 3573 3140 3629; x_wconf 89' lang='lat' dir='ltr'><strong>agere,</strong></span> <span class='ocrx_word' id='word_1_611' title='bbox 3164 3557 3360 3613; x_wconf 88' lang='lat' dir='ltr'><strong>divites</strong></span> <span class='ocrx_word' id='word_1_612' title='bbox 3395 3558 3516 3614; x_wconf 82' lang='lat' dir='ltr'><strong>fieri</strong></span> <span class='ocrx_word' id='word_1_613' title='bbox 3545 3558 3597 3611; x_wconf 91' lang='lat' dir='ltr'><strong>in</strong></span> <span class='ocrx_word' id='word_1_614' title='bbox 3627 3573 3774 3628; x_wconf 86' lang='lat' dir='ltr'><strong>ope—</strong></span> 
     </span>
    </p>
   </div>
   <div class='ocr_carea' id='block_1_80' title="bbox 2157 3648 3773 3720">
    <p class='ocr_par' dir='ltr' id='par_1_80' title="bbox 2157 3648 3773 3720">
     <span class='ocr_line' id='line_1_80' title="bbox 2157 3648 3773 3720; baseline 0.001 -15"><span class='ocrx_word' id='word_1_615' title='bbox 2157 3650 2309 3706; x_wconf 87' lang='lat' dir='ltr'><strong>ribus</strong></span> <span class='ocrx_word' id='word_1_616' title='bbox 2354 3649 2530 3715; x_wconf 89' lang='lat' dir='ltr'><strong>bonis,</strong></span> <span class='ocrx_word' id='word_1_617' title='bbox 2556 3648 2716 3705; x_wconf 89' lang='lat' dir='ltr'><strong>facile</strong></span> <span class='ocrx_word' id='word_1_618' title='bbox 2753 3650 2993 3711; x_wconf 88' lang='lat' dir='ltr'><strong>tribuere</strong></span> <span class='ocrx_word' id='word_1_619' title='bbox 3051 3650 3457 3706; x_wconf 86' lang='lat' dir='ltr'><strong>communicare</strong></span> <span class='ocrx_word' id='word_1_620' title='bbox 3484 3665 3605 3705; x_wconf 85' lang='lat' dir='ltr'><strong>cum</strong></span> <span class='ocrx_word' id='word_1_621' title='bbox 3627 3663 3773 3720; x_wconf 77' lang='lat' dir='ltr'><strong>pro-</strong></span> 
     </span>
    </p>
   </div>
   <div class='ocr_carea' id='block_1_81' title="bbox 2159 3742 3776 3813">
    <p class='ocr_par' dir='ltr' id='par_1_81' title="bbox 2159 3742 3776 3813">
     <span class='ocr_line' id='line_1_81' title="bbox 2159 3742 3776 3813; baseline -0.001 -17"><span class='ocrx_word' id='word_1_622' title='bbox 2159 3743 2339 3809; x_wconf 82' lang='lat' dir='ltr'><strong>ximis,</strong></span> <span class='ocrx_word' id='word_1_623' title='bbox 2370 3743 2742 3798; x_wconf 85' lang='lat' dir='ltr'><strong>thesaurizent</strong></span> <span class='ocrx_word' id='word_1_624' title='bbox 2769 3742 2873 3798; x_wconf 88' lang='lat' dir='ltr'><strong>sibi</strong></span> <span class='ocrx_word' id='word_1_625' title='bbox 2897 3742 3309 3803; x_wconf 86' lang='lat' dir='ltr'><strong>fundamentum</strong></span> <span class='ocrx_word' id='word_1_626' title='bbox 3330 3742 3551 3808; x_wconf 90' lang='lat' dir='ltr'><strong>bonum,</strong></span> <span class='ocrx_word' id='word_1_627' title='bbox 3578 3749 3638 3796; x_wconf 90' lang='lat' dir='ltr'><strong>ut</strong></span> <span class='ocrx_word' id='word_1_628' title='bbox 3664 3756 3776 3813; x_wconf 74' lang='lat' dir='ltr'><strong>ap-</strong></span> 
     </span>
    </p>
   </div>
   <div class='ocr_carea' id='block_1_82' title="bbox 2158 3832 3777 3909">
    <p class='ocr_par' dir='ltr' id='par_1_82' title="bbox 2158 3832 3777 3909">
     <span class='ocr_line' id='line_1_82' title="bbox 2158 3832 3777 3909; baseline 0.001 -22"><span class='ocrx_word' id='word_1_629' title='bbox 2158 3834 2497 3909; x_wconf 87' lang='lat' dir='ltr'><strong>prehendant</strong></span> <span class='ocrx_word' id='word_1_630' title='bbox 2536 3834 2704 3889; x_wconf 90' lang='lat' dir='ltr'><strong>vitam</strong></span> <span class='ocrx_word' id='word_1_631' title='bbox 2748 3842 3029 3889; x_wconf 65' lang='lat' dir='ltr'><strong>internum.</strong></span> <span class='ocrx_word' id='word_1_632' title='bbox 3098 3832 3202 3901; x_wconf 88' lang='lat' dir='ltr'><strong>Qui</strong></span> <span class='ocrx_word' id='word_1_633' title='bbox 3266 3842 3445 3890; x_wconf 90' lang='lat' dir='ltr'><strong>autem</strong></span> <span class='ocrx_word' id='word_1_634' title='bbox 3492 3847 3777 3903; x_wconf 80' lang='lat' dir='ltr'><strong>pauperes</strong></span> 
     </span>
    </p>
   </div>
   <div class='ocr_carea' id='block_1_83' title="bbox 2160 3921 3771 3994">
    <p class='ocr_par' dir='ltr' id='par_1_83' title="bbox 2160 3921 3771 3994">
     <span class='ocr_line' id='line_1_83' title="bbox 2160 3921 3771 3994; baseline 0 -17"><span class='ocrx_word' id='word_1_635' title='bbox 2160 3932 2307 3988; x_wconf 87' lang='lat' dir='ltr'><strong>sunt,</strong></span> <span class='ocrx_word' id='word_1_636' title='bbox 2358 3921 2465 3979; x_wconf 77' lang='lat' dir='ltr'><strong>fide</strong></span> <span class='ocrx_word' id='word_1_637' title='bbox 2513 3936 2618 3977; x_wconf 90' lang='lat' dir='ltr'><strong>non</strong></span> <span class='ocrx_word' id='word_1_638' title='bbox 2650 3921 2928 3988; x_wconf 85' lang='lat' dir='ltr'><strong>deficiant,</strong></span> <span class='ocrx_word' id='word_1_639' title='bbox 2974 3922 3069 3977; x_wconf 88' lang='lat' dir='ltr'><strong>sed</strong></span> <span class='ocrx_word' id='word_1_640' title='bbox 3120 3921 3295 3994; x_wconf 81' lang='lat' dir='ltr'><strong>magis</strong></span> <span class='ocrx_word' id='word_1_641' title='bbox 3354 3922 3645 3979; x_wconf 89' lang='lat' dir='ltr'><strong>virtutibus</strong></span> <span class='ocrx_word' id='word_1_642' title='bbox 3674 3922 3771 3977; x_wconf 82' lang='lat' dir='ltr'><strong>di-</strong></span> 
     </span>
    </p>
   </div>
   <div class='ocr_carea' id='block_1_84' title="bbox 2160 4011 3775 4085">
    <p class='ocr_par' dir='ltr' id='par_1_84' title="bbox 2160 4011 3775 4085">
     <span class='ocr_line' id='line_1_84' title="bbox 2160 4011 3775 4085; baseline 0.003 -19"><span class='ocrx_word' id='word_1_643' title='bbox 2160 4016 2298 4076; x_wconf 81' lang='lat' dir='ltr'><strong>vites</strong></span> <span class='ocrx_word' id='word_1_644' title='bbox 2348 4014 2464 4069; x_wconf 84' lang='lat' dir='ltr'><strong>iieri</strong></span> <span class='ocrx_word' id='word_1_645' title='bbox 2516 4016 2792 4080; x_wconf 85' lang='lat' dir='ltr'><strong>studeant,</strong></span> <span class='ocrx_word' id='word_1_646' title='bbox 2842 4014 2987 4083; x_wconf 91' lang='lat' dir='ltr'><strong>quod</strong></span> <span class='ocrx_word' id='word_1_647' title='bbox 3028 4014 3292 4084; x_wconf 77' lang='lat' dir='ltr'><strong>scriptum</strong></span> <span class='ocrx_word' id='word_1_648' title='bbox 3336 4023 3422 4069; x_wconf 91' lang='lat' dir='ltr'><strong>est</strong></span> <span class='ocrx_word' id='word_1_649' title='bbox 3450 4032 3463 4069; x_wconf 88' lang='lat'><strong>:</strong></span> <span class='ocrx_word' id='word_1_650' title='bbox 3491 4011 3775 4085; x_wconf 68' lang='lat' dir='ltr'><strong>Paupertas</strong></span> 
     </span>
    </p>
   </div>
   <div class='ocr_carea' id='block_1_85' title="bbox 2160 4104 3770 4179">
    <p class='ocr_par' dir='ltr' id='par_1_85' title="bbox 2160 4104 3770 4179">
     <span class='ocr_line' id='line_1_85' title="bbox 2160 4104 3770 4179; baseline 0.001 -19"><span class='ocrx_word' id='word_1_651' title='bbox 2160 4107 2312 4179; x_wconf 80' lang='lat' dir='ltr'><strong>elegit</strong></span> <span class='ocrx_word' id='word_1_652' title='bbox 2350 4105 2493 4162; x_wconf 86' lang='lat' dir='ltr'><strong>Deus</strong></span> <span class='ocrx_word' id='word_1_653' title='bbox 2515 4106 2570 4161; x_wconf 86' lang='lat' dir='ltr'><strong>in</strong></span> <span class='ocrx_word' id='word_1_654' title='bbox 2613 4108 2709 4160; x_wconf 81' lang='lat' dir='ltr'><strong>hoc</strong></span> <span class='ocrx_word' id='word_1_655' title='bbox 2731 4105 2947 4168; x_wconf 84' lang='lat' dir='ltr'><strong>mundo,</strong></span> <span class='ocrx_word' id='word_1_656' title='bbox 2987 4105 3171 4160; x_wconf 84' lang='lat' dir='ltr'><strong>divites</strong></span> <span class='ocrx_word' id='word_1_657' title='bbox 3196 4105 3251 4158; x_wconf 86' lang='lat' dir='ltr'><strong>in</strong></span> <span class='ocrx_word' id='word_1_658' title='bbox 3275 4104 3405 4174; x_wconf 79' lang='lat' dir='ltr'><strong>ﬁde,</strong></span> <span class='ocrx_word' id='word_1_659' title='bbox 3437 4113 3486 4158; x_wconf 88' lang='lat' dir='ltr'><strong>et</strong></span> <span class='ocrx_word' id='word_1_660' title='bbox 3520 4104 3770 4161; x_wconf 65' lang='lat' dir='ltr'><strong>hazredes</strong></span> 
     </span>
    </p>
   </div>
   <div class='ocr_carea' id='block_1_86' title="bbox 2164 4192 3771 4267">
    <p class='ocr_par' dir='ltr' id='par_1_86' title="bbox 2164 4192 3771 4267">
     <span class='ocr_line' id='line_1_86' title="bbox 2164 4192 3771 4267; baseline 0 -17"><span class='ocrx_word' id='word_1_661' title='bbox 2164 4196 2329 4266; x_wconf 82' lang='lat' dir='ltr'><strong>regni,</strong></span> <span class='ocrx_word' id='word_1_662' title='bbox 2366 4197 2505 4267; x_wconf 86' lang='lat' dir='ltr'><strong>quod</strong></span> <span class='ocrx_word' id='word_1_663' title='bbox 2552 4195 2848 4265; x_wconf 77' lang='lat' dir='ltr'><strong>repromisit</strong></span> <span class='ocrx_word' id='word_1_664' title='bbox 2881 4193 3024 4249; x_wconf 82' lang='lat' dir='ltr'><strong>Deus</strong></span> <span class='ocrx_word' id='word_1_665' title='bbox 3052 4194 3387 4265; x_wconf 77' lang='lat' dir='ltr'><strong>diligentibus</strong></span> <span class='ocrx_word' id='word_1_666' title='bbox 3418 4211 3474 4250; x_wconf 82' lang='lat' dir='ltr'><strong>se</strong></span> <span class='ocrx_word' id='word_1_667' title='bbox 3502 4192 3643 4267; x_wconf 82' lang='lat' dir='ltr'><strong>(Jac.</strong></span> <span class='ocrx_word' id='word_1_668' title='bbox 3670 4195 3771 4265; x_wconf 83' lang='lat' dir='ltr'><strong>tt),</strong></span> 
     </span>
    </p>
   </div>
   <div class='ocr_carea' id='block_1_87' title="bbox 2163 4282 3775 4356">
    <p class='ocr_par' dir='ltr' id='par_1_87' title="bbox 2163 4282 3775 4356">
     <span class='ocr_line' id='line_1_87' title="bbox 2163 4282 3775 4356; baseline 0 -15"><span class='ocrx_word' id='word_1_669' title='bbox 2163 4295 2216 4341; x_wconf 89' lang='lat' dir='ltr'><strong>et</strong></span> <span class='ocrx_word' id='word_1_670' title='bbox 2270 4285 2539 4356; x_wconf 85' lang='lat' dir='ltr'><strong>Propheta</strong></span> <span class='ocrx_word' id='word_1_671' title='bbox 2576 4286 2749 4341; x_wconf 88' lang='lat' dir='ltr'><strong>dicit:</strong></span> <span class='ocrx_word' id='word_1_672' title='bbox 2780 4284 2977 4339; x_wconf 84' lang='lat' dir='ltr'><strong>Junior</strong></span> <span class='ocrx_word' id='word_1_673' title='bbox 3014 4285 3094 4354; x_wconf 80' lang='lat' dir='ltr'><strong>fui</strong></span> <span class='ocrx_word' id='word_1_674' title='bbox 3129 4295 3179 4340; x_wconf 88' lang='lat' dir='ltr'><strong>et</strong></span> <span class='ocrx_word' id='word_1_675' title='bbox 3215 4286 3388 4350; x_wconf 82' lang='lat' dir='ltr'><strong>senui,</strong></span> <span class='ocrx_word' id='word_1_676' title='bbox 3426 4296 3472 4339; x_wconf 85' lang='lat' dir='ltr'><strong>et</strong></span> <span class='ocrx_word' id='word_1_677' title='bbox 3514 4299 3617 4339; x_wconf 83' lang='lat' dir='ltr'><strong>non</strong></span> <span class='ocrx_word' id='word_1_678' title='bbox 3653 4282 3775 4341; x_wconf 74' lang='lat' dir='ltr'><strong>vidi</strong></span> 
     </span>
    </p>
   </div>
   <div class='ocr_carea' id='block_1_88' title="bbox 2154 4372 3765 4447">
    <p class='ocr_par' dir='ltr' id='par_1_88' title="bbox 2154 4372 3765 4447">
     <span class='ocr_line' id='line_1_88' title="bbox 2154 4372 3765 4447; baseline -0.002 -16"><span class='ocrx_word' id='word_1_679' title='bbox 2154 4377 2362 4446; x_wconf 83' lang='lat' dir='ltr'><strong>justum</strong></span> <span class='ocrx_word' id='word_1_680' title='bbox 2382 4376 2709 4442; x_wconf 82' lang='lat' dir='ltr'><strong>derelictum,</strong></span> <span class='ocrx_word' id='word_1_681' title='bbox 2742 4393 2834 4431; x_wconf 84' lang='lat' dir='ltr'><strong>nec</strong></span> <span class='ocrx_word' id='word_1_682' title='bbox 2868 4393 3043 4431; x_wconf 84' lang='lat' dir='ltr'><strong>semen</strong></span> <span class='ocrx_word' id='word_1_683' title='bbox 3068 4375 3181 4446; x_wconf 83' lang='lat' dir='ltr'><strong>ejus</strong></span> <span class='ocrx_word' id='word_1_684' title='bbox 3211 4392 3362 4447; x_wconf 82' lang='lat' dir='ltr'><strong>egens</strong></span> <span class='ocrx_word' id='word_1_685' title='bbox 3398 4391 3537 4446; x_wconf 84' lang='lat' dir='ltr'><strong>pane</strong></span> <span class='ocrx_word' id='word_1_686' title='bbox 3578 4372 3765 4446; x_wconf 81' lang='lat' dir='ltr'><strong>(Psal.</strong></span> 
     </span>
    </p>
   </div>
   <div class='ocr_carea' id='block_1_89' title="bbox 2165 4462 3770 4539">
    <p class='ocr_par' dir='ltr' id='par_1_89' title="bbox 2165 4462 3770 4539">
     <span class='ocr_line' id='line_1_89' title="bbox 2165 4462 3770 4539; baseline -0.002 -16"><span class='ocrx_word' id='word_1_687' title='bbox 2165 4467 2374 4539; x_wconf 73' lang='lat' dir='ltr'><strong>xxxw).</strong></span> <span class='ocrx_word' id='word_1_688' title='bbox 2435 4466 2561 4523; x_wconf 82' lang='lat' dir='ltr'><strong>Sive</strong></span> <span class='ocrx_word' id='word_1_689' title='bbox 2584 4481 2714 4538; x_wconf 90' lang='lat' dir='ltr'><strong>ergo</strong></span> <span class='ocrx_word' id='word_1_690' title='bbox 2746 4464 2952 4521; x_wconf 84' lang='lat' dir='ltr'><strong>nobiles</strong></span> <span class='ocrx_word' id='word_1_691' title='bbox 2990 4466 3122 4531; x_wconf 87' lang='lat' dir='ltr'><strong>sint,</strong></span> <span class='ocrx_word' id='word_1_692' title='bbox 3153 4465 3268 4520; x_wconf 84' lang='lat' dir='ltr'><strong>sive</strong></span> <span class='ocrx_word' id='word_1_693' title='bbox 3318 4462 3607 4537; x_wconf 87' lang='lat' dir='ltr'><strong>ignobiles,</strong></span> <span class='ocrx_word' id='word_1_694' title='bbox 3640 4462 3770 4520; x_wconf 74' lang='lat' dir='ltr'><strong>sive</strong></span> 
     </span>
    </p>
   </div>
   <div class='ocr_carea' id='block_1_90' title="bbox 460 4537 3767 4644">
    <p class='ocr_par' dir='ltr' id='par_1_90' title="bbox 460 4537 3767 4644">
     <span class='ocr_line' id='line_1_90' title="bbox 460 4537 3767 4644; baseline -0.005 -21"><span class='ocrx_word' id='word_1_695' title='bbox 460 4584 557 4644; x_wconf 88' lang='lat' dir='ltr'><strong>per</strong></span> <span class='ocrx_word' id='word_1_696' title='bbox 578 4574 729 4622; x_wconf 86' lang='lat' dir='ltr'><strong>tanta</strong></span> <span class='ocrx_word' id='word_1_697' title='bbox 760 4573 905 4619; x_wconf 89' lang='lat' dir='ltr'><strong>retro</strong></span> <span class='ocrx_word' id='word_1_698' title='bbox 928 4562 1125 4622; x_wconf 70' lang='lat' dir='ltr'><strong>StBCllla</strong></span> <span class='ocrx_word' id='word_1_699' title='bbox 1152 4562 1428 4631; x_wconf 87' lang='lat' dir='ltr'><strong>suscipere</strong></span> <span class='ocrx_word' id='word_1_700' title='bbox 1454 4559 1703 4621; x_wconf 87' lang='lat' dir='ltr'><strong>meruisti</strong></span> <span class='ocrx_word' id='word_1_701' title='bbox 1726 4559 2053 4623; x_wconf 86' lang='lat' dir='ltr'><strong>adventum;</strong></span> <span class='ocrx_word' id='word_1_702' title='bbox 2090 4537 2140 4597; x_wconf 82' lang='lat' dir='ltr'>D</span> <span class='ocrx_word' id='word_1_703' title='bbox 2167 4561 2335 4625; x_wconf 84' lang='lat' dir='ltr'><strong>servi,</strong></span> <span class='ocrx_word' id='word_1_704' title='bbox 2372 4560 2486 4615; x_wconf 88' lang='lat' dir='ltr'><strong>sive</strong></span> <span class='ocrx_word' id='word_1_705' title='bbox 2516 4558 2693 4623; x_wconf 89' lang='lat' dir='ltr'><strong>liberi,</strong></span> <span class='ocrx_word' id='word_1_706' title='bbox 2724 4558 2838 4612; x_wconf 87' lang='lat' dir='ltr'><strong>sive</strong></span> <span class='ocrx_word' id='word_1_707' title='bbox 2854 4556 2977 4629; x_wconf 84' lang='lat' dir='ltr'><strong>viri,</strong></span> <span class='ocrx_word' id='word_1_708' title='bbox 3021 4557 3134 4610; x_wconf 86' lang='lat' dir='ltr'><strong>sive</strong></span> <span class='ocrx_word' id='word_1_709' title='bbox 3171 4554 3405 4619; x_wconf 78' lang='lat' dir='ltr'><strong>feminae,</strong></span> <span class='ocrx_word' id='word_1_710' title='bbox 3435 4553 3548 4606; x_wconf 87' lang='lat' dir='ltr'><strong>sive</strong></span> <span class='ocrx_word' id='word_1_711' title='bbox 3574 4565 3767 4617; x_wconf 83' lang='lat' dir='ltr'><strong>senes,</strong></span> 
     </span>
    </p>
   </div>
   <div class='ocr_carea' id='block_1_91' title="bbox 465 4653 2061 4727">
    <p class='ocr_par' dir='ltr' id='par_1_91' title="bbox 465 4653 2061 4727">
     <span class='ocr_line' id='line_1_91' title="bbox 465 4653 2061 4727; baseline -0.007 -9"><span class='ocrx_word' id='word_1_712' title='bbox 465 4657 835 4721; x_wconf 82' lang='lat' dir='ltr'><strong>habitaculum</strong></span> <span class='ocrx_word' id='word_1_713' title='bbox 872 4658 1150 4712; x_wconf 70' lang='lat' dir='ltr'><strong>immensae</strong></span> <span class='ocrx_word' id='word_1_714' title='bbox 1194 4654 1498 4727; x_wconf 86' lang='lat' dir='ltr'><strong>majestatis</strong></span> <span class='ocrx_word' id='word_1_715' title='bbox 1530 4653 1723 4709; x_wconf 81' lang='lat' dir='ltr'><strong>effecta</strong></span> <span class='ocrx_word' id='word_1_716' title='bbox 1766 4668 1825 4708; x_wconf 90' lang='lat' dir='ltr'><strong>es</strong></span> <span class='ocrx_word' id='word_1_717' title='bbox 1856 4670 1867 4704; x_wconf 91' lang='lat'>:</span> <span class='ocrx_word' id='word_1_718' title='bbox 1912 4667 2061 4721; x_wconf 88' lang='lat' dir='ltr'><strong>spem</strong></span> 
     </span>
    </p>
   </div>
   <div class='ocr_carea' id='block_1_92' title="bbox 462 4744 2061 4817">
    <p class='ocr_par' dir='ltr' id='par_1_92' title="bbox 462 4744 2061 4817">
     <span class='ocr_line' id='line_1_92' title="bbox 462 4744 2061 4817; baseline -0.008 -8"><span class='ocrx_word' id='word_1_719' title='bbox 462 4764 757 4817; x_wconf 86' lang='lat' dir='ltr'><strong>terrarum,</strong></span> <span class='ocrx_word' id='word_1_720' title='bbox 789 4749 952 4806; x_wconf 90' lang='lat' dir='ltr'><strong>decus</strong></span> <span class='ocrx_word' id='word_1_721' title='bbox 976 4746 1317 4813; x_wconf 65' lang='lat' dir='ltr'><strong>sscculorum,</strong></span> <span class='ocrx_word' id='word_1_722' title='bbox 1348 4760 1635 4802; x_wconf 90' lang='lat' dir='ltr'><strong>commune</strong></span> <span class='ocrx_word' id='word_1_723' title='bbox 1663 4744 1905 4800; x_wconf 90' lang='lat' dir='ltr'><strong>omnium</strong></span> <span class='ocrx_word' id='word_1_724' title='bbox 1928 4756 2061 4813; x_wconf 89' lang='lat' dir='ltr'><strong>gau-</strong></span> 
     </span>
    </p>
   </div>
   <div class='ocr_carea' id='block_1_93' title="bbox 462 4832 2069 4919">
    <p class='ocr_par' dir='ltr' id='par_1_93' title="bbox 462 4832 2069 4919">
     <span class='ocr_line' id='line_1_93' title="bbox 462 4832 2069 4919; baseline -0.008 -18"><span class='ocrx_word' id='word_1_725' title='bbox 462 4847 612 4901; x_wconf 86' lang='lat' dir='ltr'><strong>dium</strong></span> <span class='ocrx_word' id='word_1_726' title='bbox 642 4841 903 4919; x_wconf 82' lang='lat' dir='ltr'><strong>peculiari</strong></span> <span class='ocrx_word' id='word_1_727' title='bbox 926 4852 1151 4895; x_wconf 88' lang='lat' dir='ltr'><strong>munere</strong></span> <span class='ocrx_word' id='word_1_728' title='bbox 1168 4854 1360 4895; x_wconf 84' lang='lat' dir='ltr'><strong>novem</strong></span> <span class='ocrx_word' id='word_1_729' title='bbox 1382 4836 1658 4893; x_wconf 81' lang='lat' dir='ltr'><strong>mensibus</strong></span> <span class='ocrx_word' id='word_1_730' title='bbox 1686 4836 1798 4892; x_wconf 88' lang='lat' dir='ltr'><strong>sola</strong></span> <span class='ocrx_word' id='word_1_731' title='bbox 1826 4832 2069 4906; x_wconf 81' lang='lat' dir='ltr'><strong>possedi-</strong></span> 
     </span>
    </p>
   </div>
   <div class='ocr_carea' id='block_1_94' title="bbox 462 4928 2067 4993">
    <p class='ocr_par' dir='ltr' id='par_1_94' title="bbox 462 4928 2067 4993">
     <span class='ocr_line' id='line_1_94' title="bbox 462 4928 2067 4993; baseline -0.009 0"><span class='ocrx_word' id='word_1_732' title='bbox 462 4936 552 4993; x_wconf 84' lang='lat' dir='ltr'><strong>sti.</strong></span> <span class='ocrx_word' id='word_1_733' title='bbox 592 4933 839 4990; x_wconf 88' lang='lat' dir='ltr'><strong>lnitiator</strong></span> <span class='ocrx_word' id='word_1_734' title='bbox 886 4933 1128 4988; x_wconf 90' lang='lat' dir='ltr'><strong>omnium</strong></span> <span class='ocrx_word' id='word_1_735' title='bbox 1168 4946 1346 4985; x_wconf 87' lang='lat' dir='ltr'><strong>rerum</strong></span> <span class='ocrx_word' id='word_1_736' title='bbox 1379 4930 1477 4985; x_wconf 88' lang='lat' dir='ltr'><strong>abs</strong></span> <span class='ocrx_word' id='word_1_737' title='bbox 1503 4937 1556 4984; x_wconf 93' lang='lat' dir='ltr'><strong>te</strong></span> <span class='ocrx_word' id='word_1_738' title='bbox 1594 4928 1840 4983; x_wconf 87' lang='lat' dir='ltr'><strong>initiatus</strong></span> <span class='ocrx_word' id='word_1_739' title='bbox 1868 4936 1972 4992; x_wconf 90' lang='lat' dir='ltr'><strong>est,</strong></span> <span class='ocrx_word' id='word_1_740' title='bbox 2012 4934 2067 4980; x_wconf 89' lang='lat' dir='ltr'><strong>et</strong></span> 
     </span>
    </p>
   </div>
   <div class='ocr_carea' id='block_1_95' title="bbox 465 5020 2066 5105">
    <p class='ocr_par' dir='ltr' id='par_1_95' title="bbox 465 5020 2066 5105">
     <span class='ocr_line' id='line_1_95' title="bbox 465 5020 2066 5105; baseline -0.008 -20"><span class='ocrx_word' id='word_1_741' title='bbox 465 5025 899 5105; x_wconf 85' lang='lat' dir='ltr'><strong>proluudendum</strong></span> <span class='ocrx_word' id='word_1_742' title='bbox 942 5040 1040 5094; x_wconf 87' lang='lat' dir='ltr'><strong>pro</strong></span> <span class='ocrx_word' id='word_1_743' title='bbox 1064 5023 1247 5078; x_wconf 88' lang='lat' dir='ltr'><strong>mundi</strong></span> <span class='ocrx_word' id='word_1_744' title='bbox 1273 5022 1380 5076; x_wconf 90' lang='lat' dir='ltr'><strong>vita</strong></span> <span class='ocrx_word' id='word_1_745' title='bbox 1407 5022 1723 5093; x_wconf 89' lang='lat' dir='ltr'><strong>sanguinem</strong></span> <span class='ocrx_word' id='word_1_746' title='bbox 1752 5020 1816 5075; x_wconf 91' lang='lat' dir='ltr'><strong>de</strong></span> <span class='ocrx_word' id='word_1_747' title='bbox 1839 5034 2066 5090; x_wconf 89' lang='lat' dir='ltr'><strong>corpore</strong></span> 
     </span>
    </p>
   </div>
   <div class='ocr_carea' id='block_1_96' title="bbox 468 5114 2065 5189">
    <p class='ocr_par' dir='ltr' id='par_1_96' title="bbox 468 5114 2065 5189">
     <span class='ocr_line' id='line_1_96' title="bbox 468 5114 2065 5189; baseline -0.005 -14"><span class='ocrx_word' id='word_1_748' title='bbox 468 5132 564 5179; x_wconf 88' lang='lat' dir='ltr'><strong>tuo</strong></span> <span class='ocrx_word' id='word_1_749' title='bbox 605 5119 849 5189; x_wconf 84' lang='lat' dir='ltr'><strong>accepit;</strong></span> <span class='ocrx_word' id='word_1_750' title='bbox 902 5133 1010 5172; x_wconf 91' lang='lat' dir='ltr'><strong>uno</strong></span> <span class='ocrx_word' id='word_1_751' title='bbox 1050 5125 1206 5185; x_wconf 87' lang='lat' dir='ltr'><strong>partu</strong></span> <span class='ocrx_word' id='word_1_752' title='bbox 1244 5121 1337 5170; x_wconf 91' lang='lat' dir='ltr'><strong>tuo</strong></span> <span class='ocrx_word' id='word_1_753' title='bbox 1384 5114 1763 5169; x_wconf 86' lang='lat' dir='ltr'><strong>universorum</strong></span> <span class='ocrx_word' id='word_1_754' title='bbox 1810 5120 1937 5168; x_wconf 90' lang='lat' dir='ltr'><strong>nata</strong></span> <span class='ocrx_word' id='word_1_755' title='bbox 1980 5119 2065 5167; x_wconf 84' lang='lat' dir='ltr'><strong>est</strong></span> 
     </span>
    </p>
   </div>
   <div class='ocr_carea' id='block_1_97' title="bbox 467 5204 2061 5279">
    <p class='ocr_par' dir='ltr' id='par_1_97' title="bbox 467 5204 2061 5279">
     <span class='ocr_line' id='line_1_97' title="bbox 467 5204 2061 5279; baseline -0.007 -11"><span class='ocrx_word' id='word_1_756' title='bbox 467 5216 578 5274; x_wconf 60' lang='lat' dir='ltr'><strong>vita</strong></span> <span class='ocrx_word' id='word_1_757' title='bbox 605 5210 926 5267; x_wconf 69' lang='lat' dir='ltr'><strong>stimulorum</strong></span> <span class='ocrx_word' id='word_1_758' title='bbox 964 5228 975 5262; x_wconf 90' lang='lat'><strong>:</strong></span> <span class='ocrx_word' id='word_1_759' title='bbox 1009 5207 1326 5279; x_wconf 88' lang='lat' dir='ltr'><strong>angelorum</strong></span> <span class='ocrx_word' id='word_1_760' title='bbox 1346 5204 1566 5260; x_wconf 85' lang='lat' dir='ltr'><strong>Patrem</strong></span> <span class='ocrx_word' id='word_1_761' title='bbox 1588 5204 1835 5259; x_wconf 88' lang='lat' dir='ltr'><strong>meruisti</strong></span> <span class='ocrx_word' id='word_1_762' title='bbox 1867 5216 2061 5258; x_wconf 85' lang='lat' dir='ltr'><strong>vocare</strong></span> 
     </span>
    </p>
   </div>
   <div class='ocr_carea' id='block_1_98' title="bbox 468 5293 2061 5366">
    <p class='ocr_par' dir='ltr' id='par_1_98' title="bbox 468 5293 2061 5366">
     <span class='ocr_line' id='line_1_98' title="bbox 468 5293 2061 5366; baseline -0.01 -4"><span class='ocrx_word' id='word_1_763' title='bbox 468 5305 640 5362; x_wconf 73' lang='lat' dir='ltr'><strong>filium</strong></span> <span class='ocrx_word' id='word_1_764' title='bbox 686 5313 856 5358; x_wconf 90' lang='lat' dir='ltr'><strong>tuum.</strong></span> <span class='ocrx_word' id='word_1_765' title='bbox 903 5300 1041 5356; x_wconf 90' lang='lat' dir='ltr'><strong>Ecce</strong></span> <span class='ocrx_word' id='word_1_766' title='bbox 1074 5298 1310 5355; x_wconf 85' lang='lat' dir='ltr'><strong>cxaltata</strong></span> <span class='ocrx_word' id='word_1_767' title='bbox 1338 5312 1398 5353; x_wconf 88' lang='lat' dir='ltr'><strong>es</strong></span> <span class='ocrx_word' id='word_1_768' title='bbox 1434 5310 1595 5366; x_wconf 88' lang='lat' dir='ltr'><strong>super</strong></span> <span class='ocrx_word' id='word_1_769' title='bbox 1621 5296 1817 5351; x_wconf 90' lang='lat' dir='ltr'><strong>choros</strong></span> <span class='ocrx_word' id='word_1_770' title='bbox 1845 5293 2061 5364; x_wconf 82' lang='lat' dir='ltr'><strong>angelo-</strong></span> 
     </span>
    </p>
   </div>
   <div class='ocr_carea' id='block_1_99' title="bbox 472 5386 2058 5465">
    <p class='ocr_par' dir='ltr' id='par_1_99' title="bbox 472 5386 2058 5465">
     <span class='ocr_line' id='line_1_99' title="bbox 472 5386 2058 5465; baseline -0.008 -14"><span class='ocrx_word' id='word_1_771' title='bbox 472 5411 612 5463; x_wconf 77' lang='lat' dir='ltr'><strong>rum,</strong></span> <span class='ocrx_word' id='word_1_772' title='bbox 646 5393 801 5465; x_wconf 78' lang='lat' dir='ltr'><strong>juxta</strong></span> <span class='ocrx_word' id='word_1_773' title='bbox 832 5405 1017 5462; x_wconf 87' lang='lat' dir='ltr'><strong>regem</strong></span> <span class='ocrx_word' id='word_1_774' title='bbox 1041 5391 1228 5455; x_wconf 86' lang='lat' dir='ltr'><strong>lilium,</strong></span> <span class='ocrx_word' id='word_1_775' title='bbox 1259 5388 1386 5444; x_wconf 78' lang='lat' dir='ltr'><strong>felix</strong></span> <span class='ocrx_word' id='word_1_776' title='bbox 1419 5394 1617 5451; x_wconf 88' lang='lat' dir='ltr'><strong>mater,</strong></span> <span class='ocrx_word' id='word_1_777' title='bbox 1649 5386 1836 5457; x_wconf 82' lang='lat' dir='ltr'><strong>regina</strong></span> <span class='ocrx_word' id='word_1_778' title='bbox 1866 5400 2058 5454; x_wconf 86' lang='lat' dir='ltr'><strong>regna-</strong></span> 
     </span>
    </p>
   </div>
   <div class='ocr_carea' id='block_1_100' title="bbox 468 5479 2058 5551">
    <p class='ocr_par' dir='ltr' id='par_1_100' title="bbox 468 5479 2058 5551">
     <span class='ocr_line' id='line_1_100' title="bbox 468 5479 2058 5551; baseline -0.01 -2"><span class='ocrx_word' id='word_1_779' title='bbox 468 5489 554 5549; x_wconf 84' lang='lat' dir='ltr'><strong>his</strong></span> <span class='ocrx_word' id='word_1_780' title='bbox 587 5489 643 5543; x_wconf 84' lang='lat' dir='ltr'><strong>in</strong></span> <span class='ocrx_word' id='word_1_781' title='bbox 687 5495 968 5543; x_wconf 76' lang='lat' dir='ltr'><strong>aeternum.</strong></span> <span class='ocrx_word' id='word_1_782' title='bbox 1025 5483 1093 5538; x_wconf 88' lang='lat' dir='ltr'><strong>Et</strong></span> <span class='ocrx_word' id='word_1_783' title='bbox 1139 5482 1224 5537; x_wconf 89' lang='lat' dir='ltr'><strong>cui</strong></span> <span class='ocrx_word' id='word_1_784' title='bbox 1252 5480 1552 5551; x_wconf 68' lang='lat' dir='ltr'><strong>praestitisti</strong></span> <span class='ocrx_word' id='word_1_785' title='bbox 1592 5479 1733 5535; x_wconf 83' lang='lat' dir='ltr'><strong>uteri</strong></span> <span class='ocrx_word' id='word_1_786' title='bbox 1764 5480 1838 5533; x_wconf 90' lang='lat' dir='ltr'><strong>tui</strong></span> <span class='ocrx_word' id='word_1_787' title='bbox 1878 5479 2058 5549; x_wconf 90' lang='lat' dir='ltr'><strong>hospi-</strong></span> 
     </span>
    </p>
   </div>
   <div class='ocr_carea' id='block_1_101' title="bbox 471 5568 2062 5647">
    <p class='ocr_par' dir='ltr' id='par_1_101' title="bbox 471 5568 2062 5647">
     <span class='ocr_line' id='line_1_101' title="bbox 471 5568 2062 5647; baseline -0.008 -13"><span class='ocrx_word' id='word_1_788' title='bbox 471 5580 629 5647; x_wconf 82' lang='lat' dir='ltr'><strong>tium,</strong></span> <span class='ocrx_word' id='word_1_789' title='bbox 661 5578 778 5647; x_wconf 87' lang='lat' dir='ltr'><strong>ipse</strong></span> <span class='ocrx_word' id='word_1_790' title='bbox 831 5575 926 5631; x_wconf 86' lang='lat' dir='ltr'><strong>tibi</strong></span> <span class='ocrx_word' id='word_1_791' title='bbox 976 5574 1125 5629; x_wconf 89' lang='lat' dir='ltr'><strong>dedit</strong></span> <span class='ocrx_word' id='word_1_792' title='bbox 1155 5586 1320 5643; x_wconf 86' lang='lat' dir='ltr'><strong>regna</strong></span> <span class='ocrx_word' id='word_1_793' title='bbox 1368 5572 1650 5627; x_wconf 78' lang='lat' dir='ltr'><strong>caelorum.</strong></span> <span class='ocrx_word' id='word_1_794' title='bbox 1681 5568 1788 5624; x_wconf 89' lang='lat' dir='ltr'><strong>Sed</strong></span> <span class='ocrx_word' id='word_1_795' title='bbox 1824 5570 1941 5625; x_wconf 72' lang='lat' dir='ltr'><strong>hmo</strong></span> <span class='ocrx_word' id='word_1_796' title='bbox 1982 5568 2062 5623; x_wconf 89' lang='lat' dir='ltr'><strong>di-</strong></span> 
     </span>
    </p>
   </div>
   <div class='ocr_carea' id='block_1_102' title="bbox 471 5661 2064 5735">
    <p class='ocr_par' dir='ltr' id='par_1_102' title="bbox 471 5661 2064 5735">
     <span class='ocr_line' id='line_1_102' title="bbox 471 5661 2064 5735; baseline -0.007 -10"><span class='ocrx_word' id='word_1_797' title='bbox 471 5672 662 5735; x_wconf 78' lang='lat' dir='ltr'><strong>cendo,</strong></span> <span class='ocrx_word' id='word_1_798' title='bbox 689 5668 909 5733; x_wconf 83' lang='lat' dir='ltr'><strong>fratres,</strong></span> <span class='ocrx_word' id='word_1_799' title='bbox 944 5666 1122 5721; x_wconf 88' lang='lat' dir='ltr'><strong>minus</strong></span> <span class='ocrx_word' id='word_1_800' title='bbox 1168 5663 1298 5719; x_wconf 89' lang='lat' dir='ltr'><strong>mihi</strong></span> <span class='ocrx_word' id='word_1_801' title='bbox 1328 5663 1537 5723; x_wconf 88' lang='lat' dir='ltr'><strong>videtur</strong></span> <span class='ocrx_word' id='word_1_802' title='bbox 1567 5662 1743 5716; x_wconf 86' lang='lat' dir='ltr'><strong>omnis</strong></span> <span class='ocrx_word' id='word_1_803' title='bbox 1798 5661 1914 5715; x_wconf 90' lang='lat' dir='ltr'><strong>laus</strong></span> <span class='ocrx_word' id='word_1_804' title='bbox 1945 5675 2064 5715; x_wconf 88' lang='lat' dir='ltr'><strong>esse</strong></span> 
     </span>
    </p>
   </div>
   <div class='ocr_carea' id='block_1_103' title="bbox 472 5751 2063 5836">
    <p class='ocr_par' dir='ltr' id='par_1_103' title="bbox 472 5751 2063 5836">
     <span class='ocr_line' id='line_1_103' title="bbox 472 5751 2063 5836; baseline -0.007 -20"><span class='ocrx_word' id='word_1_805' title='bbox 472 5766 655 5836; x_wconf 67' lang='lat' dir='ltr'><strong>glorias</strong></span> <span class='ocrx_word' id='word_1_806' title='bbox 684 5762 820 5832; x_wconf 82' lang='lat' dir='ltr'><strong>ejus,</strong></span> <span class='ocrx_word' id='word_1_807' title='bbox 851 5770 903 5817; x_wconf 87' lang='lat' dir='ltr'><strong>et</strong></span> <span class='ocrx_word' id='word_1_808' title='bbox 935 5759 1287 5815; x_wconf 82' lang='lat' dir='ltr'><strong>succumbere</strong></span> <span class='ocrx_word' id='word_1_809' title='bbox 1313 5756 1489 5813; x_wconf 79' lang='lat' dir='ltr'><strong>omnis</strong></span> <span class='ocrx_word' id='word_1_810' title='bbox 1510 5755 1684 5810; x_wconf 86' lang='lat' dir='ltr'><strong>oratio</strong></span> <span class='ocrx_word' id='word_1_811' title='bbox 1710 5752 1899 5809; x_wconf 86' lang='lat' dir='ltr'><strong>honori</strong></span> <span class='ocrx_word' id='word_1_812' title='bbox 1928 5751 2063 5823; x_wconf 81' lang='lat' dir='ltr'><strong>ejus.</strong></span> 
     </span>
    </p>
   </div>
   <div class='ocr_carea' id='block_1_104' title="bbox 2167 4639 3769 4717">
    <p class='ocr_par' dir='ltr' id='par_1_104' title="bbox 2167 4639 3769 4717">
     <span class='ocr_line' id='line_1_104' title="bbox 2167 4639 3769 4717; baseline -0.006 -12"><span class='ocrx_word' id='word_1_813' title='bbox 2167 4651 2282 4707; x_wconf 80' lang='lat' dir='ltr'><strong>sive</strong></span> <span class='ocrx_word' id='word_1_814' title='bbox 2312 4648 2561 4717; x_wconf 86' lang='lat' dir='ltr'><strong>juvenes,</strong></span> <span class='ocrx_word' id='word_1_815' title='bbox 2622 4661 2812 4701; x_wconf 89' lang='lat' dir='ltr'><strong>omnes</strong></span> <span class='ocrx_word' id='word_1_816' title='bbox 2868 4645 3075 4715; x_wconf 89' lang='lat' dir='ltr'><strong>pariter</strong></span> <span class='ocrx_word' id='word_1_817' title='bbox 3120 4643 3402 4698; x_wconf 86' lang='lat' dir='ltr'><strong>audiamus</strong></span> <span class='ocrx_word' id='word_1_818' title='bbox 3441 4639 3769 4711; x_wconf 82' lang='lat' dir='ltr'><strong>Apostolum</strong></span> 
     </span>
    </p>
   </div>
   <div class='ocr_carea' id='block_1_105' title="bbox 2169 4731 3768 4803">
    <p class='ocr_par' dir='ltr' id='par_1_105' title="bbox 2169 4731 3768 4803">
     <span class='ocr_line' id='line_1_105' title="bbox 2169 4731 3768 4803; baseline -0.006 -9"><span class='ocrx_word' id='word_1_819' title='bbox 2169 4740 2434 4795; x_wconf 89' lang='lat' dir='ltr'><strong>dicentem</strong></span> <span class='ocrx_word' id='word_1_820' title='bbox 2480 4756 2492 4791; x_wconf 89' lang='lat'>:</span> <span class='ocrx_word' id='word_1_821' title='bbox 2530 4735 2675 4791; x_wconf 83' lang='lat' dir='ltr'><strong>State</strong></span> <span class='ocrx_word' id='word_1_822' title='bbox 2698 4736 2753 4790; x_wconf 83' lang='lat' dir='ltr'><strong>in</strong></span> <span class='ocrx_word' id='word_1_823' title='bbox 2792 4734 2918 4803; x_wconf 83' lang='lat' dir='ltr'><strong>ﬁde,</strong></span> <span class='ocrx_word' id='word_1_824' title='bbox 2965 4733 3189 4787; x_wconf 78' lang='lat' dir='ltr'><strong>viriliter</strong></span> <span class='ocrx_word' id='word_1_825' title='bbox 3227 4734 3366 4803; x_wconf 85' lang='lat' dir='ltr'><strong>agite</strong></span> <span class='ocrx_word' id='word_1_826' title='bbox 3400 4741 3447 4786; x_wconf 86' lang='lat' dir='ltr'><strong>et</strong></span> <span class='ocrx_word' id='word_1_827' title='bbox 3484 4731 3768 4799; x_wconf 76' lang='lat' dir='ltr'><strong>conforta—</strong></span> 
     </span>
    </p>
   </div>
   <div class='ocr_carea' id='block_1_106' title="bbox 2168 4822 3770 4897">
    <p class='ocr_par' dir='ltr' id='par_1_106' title="bbox 2168 4822 3770 4897">
     <span class='ocr_line' id='line_1_106' title="bbox 2168 4822 3770 4897; baseline -0.005 -9"><span class='ocrx_word' id='word_1_828' title='bbox 2168 4832 2333 4897; x_wconf 85' lang='lat' dir='ltr'><strong>mini;</strong></span> <span class='ocrx_word' id='word_1_829' title='bbox 2376 4831 2551 4885; x_wconf 82' lang='lat' dir='ltr'><strong>omnia</strong></span> <span class='ocrx_word' id='word_1_830' title='bbox 2580 4839 2747 4883; x_wconf 79' lang='lat' dir='ltr'><strong>vestra</strong></span> <span class='ocrx_word' id='word_1_831' title='bbox 2774 4844 2891 4881; x_wconf 87' lang='lat' dir='ltr'><strong>cum</strong></span> <span class='ocrx_word' id='word_1_832' title='bbox 2926 4828 3180 4880; x_wconf 63' lang='lat' dir='ltr'><strong>clm-ritate</strong></span> <span class='ocrx_word' id='word_1_833' title='bbox 3211 4828 3340 4894; x_wconf 78' lang='lat' dir='ltr'><strong>fiant</strong></span> <span class='ocrx_word' id='word_1_834' title='bbox 3378 4824 3426 4897; x_wconf 87' lang='lat' dir='ltr'><strong>(I</strong></span> <span class='ocrx_word' id='word_1_835' title='bbox 3469 4825 3589 4879; x_wconf 90' lang='lat' dir='ltr'><strong>Cor.</strong></span> <span class='ocrx_word' id='word_1_836' title='bbox 3622 4822 3770 4893; x_wconf 79' lang='lat' dir='ltr'><strong>xvt).</strong></span> 
     </span>
    </p>
   </div>
   <div class='ocr_carea' id='block_1_107' title="bbox 2169 4916 3772 4986">
    <p class='ocr_par' dir='ltr' id='par_1_107' title="bbox 2169 4916 3772 4986">
     <span class='ocr_line' id='line_1_107' title="bbox 2169 4916 3772 4986; baseline -0.006 -7"><span class='ocrx_word' id='word_1_837' title='bbox 2169 4923 2237 4979; x_wconf 84' lang='lat' dir='ltr'><strong>Et</strong></span> <span class='ocrx_word' id='word_1_838' title='bbox 2288 4923 2333 4977; x_wconf 91' lang='lat' dir='ltr'><strong>si</strong></span> <span class='ocrx_word' id='word_1_839' title='bbox 2383 4921 2559 4975; x_wconf 85' lang='lat' dir='ltr'><strong>taliter</strong></span> <span class='ocrx_word' id='word_1_840' title='bbox 2586 4935 2683 4975; x_wconf 90' lang='lat' dir='ltr'><strong>nos</strong></span> <span class='ocrx_word' id='word_1_841' title='bbox 2709 4918 2970 4974; x_wconf 86' lang='lat' dir='ltr'><strong>facientes</strong></span> <span class='ocrx_word' id='word_1_842' title='bbox 3000 4928 3185 4972; x_wconf 84' lang='lat' dir='ltr'><strong>sancta</strong></span> <span class='ocrx_word' id='word_1_843' title='bbox 3218 4917 3315 4971; x_wconf 91' lang='lat' dir='ltr'><strong>Dei</strong></span> <span class='ocrx_word' id='word_1_844' title='bbox 3370 4916 3602 4986; x_wconf 76' lang='lat' dir='ltr'><strong>genitrix</strong></span> <span class='ocrx_word' id='word_1_845' title='bbox 3645 4928 3772 4969; x_wconf 68' lang='lat' dir='ltr'><strong>suae</strong></span> 
     </span>
    </p>
   </div>
   <div class='ocr_carea' id='block_1_108' title="bbox 2171 5007 3773 5084">
    <p class='ocr_par' dir='ltr' id='par_1_108' title="bbox 2171 5007 3773 5084">
     <span class='ocr_line' id='line_1_108' title="bbox 2171 5007 3773 5084; baseline -0.006 -15"><span class='ocrx_word' id='word_1_846' title='bbox 2171 5013 2514 5084; x_wconf 84' lang='lat' dir='ltr'><strong>conspexerit</strong></span> <span class='ocrx_word' id='word_1_847' title='bbox 2564 5012 2752 5066; x_wconf 88' lang='lat' dir='ltr'><strong>adesse</strong></span> <span class='ocrx_word' id='word_1_848' title='bbox 2776 5009 3079 5074; x_wconf 85' lang='lat' dir='ltr'><strong>festivitati,</strong></span> <span class='ocrx_word' id='word_1_849' title='bbox 3132 5008 3290 5063; x_wconf 89' lang='lat' dir='ltr'><strong>facile</strong></span> <span class='ocrx_word' id='word_1_850' title='bbox 3318 5008 3475 5063; x_wconf 91' lang='lat' dir='ltr'><strong>nobis</strong></span> <span class='ocrx_word' id='word_1_851' title='bbox 3504 5007 3773 5075; x_wconf 85' lang='lat' dir='ltr'><strong>impetra-</strong></span> 
     </span>
    </p>
   </div>
   <div class='ocr_carea' id='block_1_109' title="bbox 2169 5096 3771 5174">
    <p class='ocr_par' dir='ltr' id='par_1_109' title="bbox 2169 5096 3771 5174">
     <span class='ocr_line' id='line_1_109' title="bbox 2169 5096 3771 5174; baseline -0.004 -14"><span class='ocrx_word' id='word_1_852' title='bbox 2169 5106 2249 5160; x_wconf 89' lang='lat' dir='ltr'><strong>bit</strong></span> <span class='ocrx_word' id='word_1_853' title='bbox 2269 5114 2323 5160; x_wconf 88' lang='lat' dir='ltr'><strong>et</strong></span> <span class='ocrx_word' id='word_1_854' title='bbox 2349 5105 2403 5158; x_wconf 90' lang='lat' dir='ltr'><strong>in</strong></span> <span class='ocrx_word' id='word_1_855' title='bbox 2426 5102 2677 5174; x_wconf 63' lang='lat' dir='ltr'><strong>praesenti</strong></span> <span class='ocrx_word' id='word_1_856' title='bbox 2713 5110 3076 5173; x_wconf 84' lang='lat' dir='ltr'><strong>opportunum</strong></span> <span class='ocrx_word' id='word_1_857' title='bbox 3117 5099 3389 5163; x_wconf 86' lang='lat' dir='ltr'><strong>solatium,</strong></span> <span class='ocrx_word' id='word_1_858' title='bbox 3413 5106 3468 5151; x_wconf 90' lang='lat' dir='ltr'><strong>et</strong></span> <span class='ocrx_word' id='word_1_859' title='bbox 3495 5097 3549 5150; x_wconf 91' lang='lat' dir='ltr'><strong>in</strong></span> <span class='ocrx_word' id='word_1_860' title='bbox 3576 5096 3771 5153; x_wconf 81' lang='lat' dir='ltr'><strong>futuro</strong></span> 
     </span>
    </p>
   </div>
   <div class='ocr_carea' id='block_1_110' title="bbox 2172 5186 3773 5263">
    <p class='ocr_par' dir='ltr' id='par_1_110' title="bbox 2172 5186 3773 5263">
     <span class='ocr_line' id='line_1_110' title="bbox 2172 5186 3773 5263; baseline -0.004 -16"><span class='ocrx_word' id='word_1_861' title='bbox 2172 5197 2336 5252; x_wconf 77' lang='lat' dir='ltr'><strong>vitam</strong></span> <span class='ocrx_word' id='word_1_862' title='bbox 2384 5203 2677 5257; x_wconf 66' lang='lat' dir='ltr'><strong>aeternam,</strong></span> <span class='ocrx_word' id='word_1_863' title='bbox 2745 5200 3039 5263; x_wconf 85' lang='lat' dir='ltr'><strong>praestante</strong></span> <span class='ocrx_word' id='word_1_864' title='bbox 3102 5190 3332 5245; x_wconf 90' lang='lat' dir='ltr'><strong>Domino</strong></span> <span class='ocrx_word' id='word_1_865' title='bbox 3392 5196 3577 5246; x_wconf 83' lang='lat' dir='ltr'><strong>nostro</strong></span> <span class='ocrx_word' id='word_1_866' title='bbox 3629 5186 3773 5247; x_wconf 79' lang='lat' dir='ltr'><strong>Jesu</strong></span> 
     </span>
    </p>
   </div>
   <div class='ocr_carea' id='block_1_111' title="bbox 2170 5278 3773 5356">
    <p class='ocr_par' dir='ltr' id='par_1_111' title="bbox 2170 5278 3773 5356">
     <span class='ocr_line' id='line_1_111' title="bbox 2170 5278 3773 5356; baseline -0.006 -12"><span class='ocrx_word' id='word_1_867' title='bbox 2170 5289 2410 5354; x_wconf 86' lang='lat' dir='ltr'><strong>Christo,</strong></span> <span class='ocrx_word' id='word_1_868' title='bbox 2440 5287 2531 5356; x_wconf 91' lang='lat' dir='ltr'><strong>qui</strong></span> <span class='ocrx_word' id='word_1_869' title='bbox 2559 5285 2691 5340; x_wconf 90' lang='lat' dir='ltr'><strong>vivit</strong></span> <span class='ocrx_word' id='word_1_870' title='bbox 2709 5295 2765 5339; x_wconf 86' lang='lat' dir='ltr'><strong>et</strong></span> <span class='ocrx_word' id='word_1_871' title='bbox 2791 5292 2981 5354; x_wconf 84' lang='lat' dir='ltr'><strong>regnat</strong></span> <span class='ocrx_word' id='word_1_872' title='bbox 3008 5298 3132 5337; x_wconf 89' lang='lat' dir='ltr'><strong>cum</strong></span> <span class='ocrx_word' id='word_1_873' title='bbox 3156 5283 3265 5337; x_wconf 87' lang='lat' dir='ltr'><strong>Deo</strong></span> <span class='ocrx_word' id='word_1_874' title='bbox 3290 5280 3450 5335; x_wconf 87' lang='lat' dir='ltr'><strong>Patre</strong></span> <span class='ocrx_word' id='word_1_875' title='bbox 3474 5280 3528 5334; x_wconf 89' lang='lat' dir='ltr'><strong>in</strong></span> <span class='ocrx_word' id='word_1_876' title='bbox 3551 5278 3773 5334; x_wconf 80' lang='lat' dir='ltr'><strong>unitate</strong></span> 
     </span>
    </p>
   </div>
   <div class='ocr_carea' id='block_1_112' title="bbox 2170 5367 3767 5452">
    <p class='ocr_par' dir='ltr' id='par_1_112' title="bbox 2170 5367 3767 5452">
     <span class='ocr_line' id='line_1_112' title="bbox 2170 5367 3767 5452; baseline -0.006 -17"><span class='ocrx_word' id='word_1_877' title='bbox 2170 5382 2406 5452; x_wconf 83' lang='lat' dir='ltr'><strong>Spiritus</strong></span> <span class='ocrx_word' id='word_1_878' title='bbox 2431 5378 2603 5435; x_wconf 87' lang='lat' dir='ltr'><strong>sancti</strong></span> <span class='ocrx_word' id='word_1_879' title='bbox 2634 5376 2799 5437; x_wconf 85' lang='lat' dir='ltr'><strong>Deus,</strong></span> <span class='ocrx_word' id='word_1_880' title='bbox 2826 5391 2923 5445; x_wconf 91' lang='lat' dir='ltr'><strong>per</strong></span> <span class='ocrx_word' id='word_1_881' title='bbox 2951 5374 3132 5428; x_wconf 89' lang='lat' dir='ltr'><strong>omnia</strong></span> <span class='ocrx_word' id='word_1_882' title='bbox 3168 5369 3363 5427; x_wconf 79' lang='lat' dir='ltr'><strong>saecula</strong></span> <span class='ocrx_word' id='word_1_883' title='bbox 3412 5367 3767 5426; x_wconf 71' lang='lat' dir='ltr'><strong>saeculorum.</strong></span> 
     </span>
    </p>
   </div>
   <div class='ocr_carea' id='block_1_113' title="bbox 2167 5474 2355 5529">
    <p class='ocr_par' dir='ltr' id='par_1_113' title="bbox 2167 5474 2355 5529">
     <span class='ocr_line' id='line_1_113' title="bbox 2167 5474 2355 5529; baseline 0 -2"><span class='ocrx_word' id='word_1_884' title='bbox 2167 5474 2355 5529; x_wconf 82' lang='lat' dir='ltr'><strong>Amen.</strong></span> 
     </span>
    </p>
   </div>
   <div class='ocr_carea' id='block_1_114' title="bbox 2705 5552 3193 5612">
    <p class='ocr_par' dir='ltr' id='par_1_114' title="bbox 2705 5552 3193 5612">
     <span class='ocr_line' id='line_1_114' title="bbox 2705 5552 3193 5612; baseline -0.01 1"><span class='ocrx_word' id='word_1_885' title='bbox 2705 5554 2984 5612; x_wconf 81' lang='lat' dir='ltr'><strong>HOMILIA</strong></span> <span class='ocrx_word' id='word_1_886' title='bbox 3027 5552 3193 5609; x_wconf 74' lang='lat' dir='ltr'><strong>XXX.</strong></span> 
     </span>
    </p>
   </div>
   <div class='ocr_carea' id='block_1_115' title="bbox 2549 5658 3362 5707">
    <p class='ocr_par' dir='ltr' id='par_1_115' title="bbox 2549 5658 3362 5707">
     <span class='ocr_line' id='line_1_115' title="bbox 2549 5658 3362 5707; baseline -0.012 0"><span class='ocrx_word' id='word_1_887' title='bbox 2549 5669 2613 5707; x_wconf 79' lang='lat' dir='ltr'><strong>DE</strong></span> <span class='ocrx_word' id='word_1_888' title='bbox 2652 5665 2861 5706; x_wconf 77' lang='lat' dir='ltr'><strong>JEJUNIO</strong></span> <span class='ocrx_word' id='word_1_889' title='bbox 2898 5662 3087 5702; x_wconf 68' lang='lat' dir='ltr'><strong>HENSIS</strong></span> <span class='ocrx_word' id='word_1_890' title='bbox 3126 5658 3362 5701; x_wconf 67' lang='lat' dir='ltr'><strong>SEPTIMI.</strong></span> 
     </span>
    </p>
   </div>
   <div class='ocr_carea' id='block_1_116' title="bbox 2247 5731 3771 5817">
    <p class='ocr_par' dir='ltr' id='par_1_116' title="bbox 2247 5731 3771 5817">
     <span class='ocr_line' id='line_1_116' title="bbox 2247 5731 3771 5817; baseline -0.007 -19"><span class='ocrx_word' id='word_1_891' title='bbox 2247 5746 2443 5800; x_wconf 77' lang='lat' dir='ltr'><strong>Mensis</strong></span> <span class='ocrx_word' id='word_1_892' title='bbox 2464 5744 2678 5817; x_wconf 88' lang='lat' dir='ltr'><strong>septimi</strong></span> <span class='ocrx_word' id='word_1_893' title='bbox 2710 5740 3004 5798; x_wconf 86' lang='lat' dir='ltr'><strong>secundum</strong></span> <span class='ocrx_word' id='word_1_894' title='bbox 3034 5738 3228 5797; x_wconf 65' lang='lat' dir='ltr'><strong>divinae</strong></span> <span class='ocrx_word' id='word_1_895' title='bbox 3258 5736 3390 5809; x_wconf 83' lang='lat' dir='ltr'><strong>legis</strong></span> <span class='ocrx_word' id='word_1_896' title='bbox 3417 5731 3771 5791; x_wconf 36' lang='lat' dir='ltr'><strong>sanctionI-m</strong></span> 
     </span>
    </p>
   </div>
  </div>
