3922 6326
148 373 218 428 57
1141 369 1449 431 HOMILIA‘J
1488 370 1576 425 DE
1614 369 1758 425 FES'

1893 369 2300 441 PMCIPUlS,
2332 374 2487 431 ETC.
3370 373 3435 428 58

153 490 361 547 fratres
387 489 717 557 charissimi,
748 504 891 545 nunc
910 488 1079 544 instat
1103 489 1411 553 celebritas,
1428 503 1591 557 quam
1612 486 1753 541 dicm
1784 489 1828 548 A
1860 487 2011 556 Quod
2055 496 2234 544 autem
2281 490 2347 545 dc
2397 488 2867 545 tabernaculorum
2928 487 3220 543 festivitate
3270 502 3433 558 supra

158 580 544 653 explationum
597 590 652 637 et
678 580 1073 637 solemnitatem
1106 579 1576 635 tabernaculorum
1611 588 1755 631 vete-

159 690 257 731 res
281 674 658 738 celebrabant,
681 688 782 728 nos
810 673 996 742 utique
1020 680 1424 727 commonentes
1472 680 1533 724 ut
1562 668 1757 723 intelli-

158 778 363 837 gamus
392 778 493 818 nos
522 763 573 818 in
596 763 876 831 praesentis
905 763 1027 816 vitae
1065 761 1524 831 peregrinatione,
1555 761 1624 814 ab
1646 776 1756 813 om-

159 854 224 909 ni
257 853 379 908 labe
429 861 776 923 peccatorum
801 866 899 921 per
932 852 1245 921 sanguinem
1292 850 1606 905 mediatoris
1654 866 1754 905 no-

158 946 267 1000 stri
301 945 569 1014 expiatos,
601 942 839 999 futuram
869 944 923 998 in
964 942 1116 998 ctelis
1144 958 1390 1014 quaerere
1435 942 1634 997 debere
1662 958 1755 1013 pa-

159 1040 328 1095 triam
359 1058 373 1093 :
399 1055 504 1094 non
546 1040 685 1094 enim
729 1037 979 1092 habemus
1010 1038 1094 1091 hic
1141 1049 1433 1092 manentem
1470 1036 1751 1100 civitatem,

158 1130 254 1185 sed
282 1130 518 1200 futuram
549 1129 860 1199 inquirimus
886 1126 1246 1200 (Hebraxm).
1274 1127 1408 1182 Nam
1439 1135 1499 1182 ut
1531 1127 1646 1184 haec
1672 1127 1754 1181 lu-

159 1222 341 1277 cidius
363 1229 604 1291 pateant,
637 1221 752 1290 ipsa
778 1219 942 1275 verba
974 1219 1109 1289 legis
1129 1219 1382 1274 cbaritati
1413 1228 1610 1277 vestrae
1632 1219 1757 1275 bre-

158 1314 307 1372 viter
326 1327 754 1369 commemorare
784 1311 961 1367 liceat.
999 1312 1237 1367 Locutus
1266 1319 1352 1366 est
1396 1312 1541 1365 enim
1567 1312 1753 1366 Domi-

159 1421 268 1461 nus
294 1406 365 1461 ad
392 1406 631 1477 Moysen,
660 1404 847 1460 dicens
876 1421 891 1459 :
922 1404 1155 1475 Loquere
1183 1404 1307 1473 ﬁliis
1334 1404 1505 1458 Israel
1529 1418 1546 1456 :
1576 1404 1756 1458 Mense

156 1505 404 1577 septimo,
432 1506 601 1576 prima
622 1502 706 1557 die
730 1502 944 1566 mensis,
972 1502 1068 1555 erit
1093 1501 1235 1555 vobis
1257 1499 1531 1555 sabbatum
1552 1515 1750 1554 memoo

158 1595 318 1662 riale,
340 1593 695 1665 clangentibus
721 1593 880 1655 tubis,
906 1600 953 1646 et
988 1590 1260 1646 vocabitur
1287 1598 1527 1645 sanctum
1553 1604 1571 1643 :
1599 1605 1752 1643 omne

156 1703 293 1758 opus
335 1684 521 1741 servile
555 1699 660 1739 non
701 1683 906 1753 facietis
926 1682 981 1735 in
1015 1697 1100 1747 eo,
1142 1689 1192 1735 et
1238 1678 1469 1749 oﬁ'cretls
1500 1677 1752 1732 holocau-

156 1788 305 1833 stum
346 1776 575 1830 Domino
607 1773 792 1843 (Leuit.
818 1770 1009 1843 unt);
1034 1779 1090 1827 et
1118 1770 1277 1842 paulo
1301 1776 1423 1839 post
1464 1787 1476 1821 :
1512 1768 1748 1833 Decima,

1860 594 2428 646 commemoravunus,
2483 580 2587 637 hoc
2613 578 2882 649 signiﬁcat
2909 580 3053 649 quod
3103 594 3205 634 nos
3246 580 3339 648 qui
3368 581 3437 636 ab

1859 672 2180 743 intelligibili
2219 671 2477 744 Egypto,
2515 674 2618 729 hoc
2668 681 2751 728 est
2780 672 3117 727 inﬁdelitatis
3177 671 3434 737 tenebris,

1856 772 1913 818 et
1952 779 1983 818 a
2021 764 2284 834 spiritalis
2333 763 2634 819 Pharaonis
2663 764 2945 830 servitute,
2995 763 3085 833 qui
3139 765 3436 819 secundum

1856 855 2256 924 corruptionem
2279 856 2507 911 laterum
2538 856 2823 925 praesentis
2864 855 3043 909 saeculi
3069 863 3176 919 est,
3218 852 3431 909 liberati

1856 960 2062 1007 sumus,
2093 960 2253 1000 omne
2295 954 2508 1016 tempus
2540 945 2699 1000 istius
2735 944 2880 1009 vitm,
2935 946 3075 1014 quod
3123 945 3436 1015 septenario

1854 1038 2063 1094 dierum
2088 1037 2361 1093 curriculo
2388 1038 2641 1103 volvitur,
2668 1038 2721 1093 in
2747 1037 3107 1092 tabernaculis
3140 1038 3295 1107 quasi
3334 1051 3432 1107 pe-

1856 1128 2057 1199 regrini
2087 1128 2334 1183 habitare
2360 1129 2640 1194 debemus,
2664 1128 2907 1183 dicentes
2950 1141 3071 1181 cum
3112 1127 3393 1182 Psalmista
3420 1144 3434 1180 :

1854 1219 2041 1274 Incola
2088 1235 2181 1289 ego
2212 1236 2326 1274 sum
2354 1218 2409 1273 in
2458 1230 2619 1285 terra,
2644 1229 2691 1273 et
2719 1218 3044 1290 peregrinus,
3075 1218 3209 1272 sicut
3257 1234 3437 1272 omnes

1852 1320 2023 1377 patres
2067 1308 2241 1381 (Psal.
2272 1308 2503 1379 cxvm);
2533 1318 2589 1364 et
2620 1326 2633 1361 :
2662 1308 2829 1367 Credo
2852 1309 3025 1363 videre
3053 1309 3188 1363 bona
3219 1306 3431 1361 Domini

1853 1399 1907 1453 in
1949 1408 2090 1453 terra
2126 1396 2409 1453 viventium
2430 1397 2519 1468 (ib.
2537 1396 2719 1467 xxvn);
2748 1397 3131 1467 imitantesque
3152 1405 3315 1467 caput
3337 1410 3439 1453 no-

1854 1497 2051 1555 strum,
2102 1488 2277 1561 ipsam
2310 1490 2635 1551 Veritatem,
2690 1502 2810 1557 qua:
2831 1487 3011 1542 dixit:
3050 1485 3238 1557 Vulpes
3261 1488 3440 1556 foveas

1852 1578 2063 1643 habent,
2098 1588 2148 1633 et
2182 1577 2412 1634 volucres
2462 1578 2576 1632 caeli
2605 1578 2758 1633 nidos
2788 1591 2806 1630 :
2834 1577 2979 1647 ﬁlius
3016 1584 3189 1631 autem
3214 1576 3440 1632 hominis

1853 1686 1959 1725 non
2001 1672 2152 1726 habet
2192 1672 2283 1725 ubi
2325 1680 2485 1742 caput
2514 1652 2671 1726 suum
2718 1668 2931 1724 reclinet
2961 1668 3113 1739 (Luc.
3167 1668 3286 1740 rx);
3345 1667 3439 1737 qui

1854 1778 1953 1819 nos
2009 1765 2077 1819 ad
2103 1776 2390 1833 supernam
2436 1763 2663 1834 patriam
2706 1760 3035 1831 praecedens,
3069 1757 3319 1828 promisit
3348 1774 3442 1811 no-

157 1864 360 1936 inquit,
408 1865 493 1919 die
537 1862 733 1918 mensis
773 1862 931 1931 hujus
974 1861 1201 1931 septimi,
1245 1860 1355 1914 dies
1394 1858 1749 1929 expiationum
1781 1854 1827 1913 B
1855 1853 1960 1917 bis,
1988 1854 2062 1908 ita
2094 1854 2281 1908 dicens
2310 1872 2323 1907 :
2357 1852 2510 1907 Vada
2546 1868 2736 1923 parare
2769 1849 2911 1903 vobis
2939 1848 3135 1913 locum,
3176 1857 3223 1900 et
3248 1846 3437 1899 iterum

154 1957 261 2018 erit
309 1954 696 2019 celeberrimus,
738 1962 787 2007 et
833 1951 1108 2006 vocabitur
1127 1960 1340 2006 sanctus
1368 1964 1388 2003 .'
1420 1951 1758 2021 aﬂligetisque

156 2050 373 2102 animos
400 2058 597 2103 vestras
620 2047 676 2099 in
690 2061 773 2112 eo,
799 2054 848 2099 et
872 2044 1101 2113 oﬂ'eretis
1123 2042 1489 2097 holocaustum
1508 2039 1753 2095 Domino.

159 2138 339 2194 Omne
377 2154 507 2209 opus
538 2152 641 2192 non
678 2136 881 2206 facietis
918 2135 972 2187 in
1012 2144 1239 2202 tempore
1266 2131 1429 2201 hujus
1473 2130 1601 2197 diei,
1632 2130 1757 2199 quia

157 2234 277 2290 dies
320 2231 710 2303 prapitiationis
739 2239 839 2296 est,
888 2238 944 2283 ut
978 2228 1289 2299 propitietur
1316 2227 1458 2281 vobis
1500 2226 1756 2281 Dominus

160 2323 311 2385 Deus
344 2328 523 2377 vester.
566 2320 749 2375 Omnis
771 2320 952 2373 anima
971 2334 1090 2384 qua:
1111 2316 1299 2389 amicta
1334 2331 1438 2368 non
1466 2314 1624 2382 fuerit
1672 2313 1758 2367 die

157 2412 286 2475 hoc,
309 2411 495 2481 peribit
518 2409 582 2463 de
600 2406 806 2479 populis
839 2408 967 2473 suis,
996 2414 1051 2461 et
1083 2404 1289 2475 reliqua
1304 2403 1529 2476 (Ibid.);
1554 2410 1609 2458 et
1638 2410 1759 2472 post

158 2499 444 2568 aliquanta
479 2516 492 2552 :
519 2496 717 2562 Mense,
746 2497 940 2567 inquit,
974 2497 1193 2567 septimo
1216 2495 1348 2565 festa
1373 2493 1696 2548 celebrabitis
1710 2500 1758 2546 et

158 2589 473 2647 habitabitis
509 2588 563 2644 in
594 2587 915 2642 umbraculis
940 2595 1133 2656 septem
1165 2585 1386 2640 diebus:
1412 2583 1578 2639 omnis
1591 2585 1680 2654 qui
1695 2584 1760 2638 de

157 2698 353 2753 genere
380 2688 460 2737 est
476 2678 673 2743 Israel,
704 2678 933 2733 manebit
960 2678 1017 2731 in
1048 2674 1418 2740 tabernaculis,
1464 2684 1523 2729 ut
1551 2674 1757 2728 discant

158 2773 362 2843 posteri
410 2773 565 2827 vestri
607 2772 746 2843 quod
785 2770 843 2825 in
881 2767 1233 2825 tabernaculis
1265 2768 1503 2821 habitare
1549 2767 1757 2837 fecerim

159 2863 309 2933 ﬁlios
339 2862 532 2927 Israel,
560 2878 676 2917 cum
717 2861 989 2916 educerem
1011 2875 1099 2913 eos
1138 2859 1203 2912 de
1224 2867 1369 2911 terra
1390 2855 1636 2927 Egypti,
1666 2871 1761 2925 ego

162 2955 427 3008 Dominus
465 2952 608 3007 Deus
648 2960 816 3007 vester
859 2947 1070 3021 (lbid.).
1109 2948 1268 3013 Ecce,
1319 2946 1519 3002 fratres
1548 2946 1758 3002 charis-

161 3046 317 3110 simi,
367 3052 571 3115 quanta
625 3043 947 3098 auctoritate
994 3040 1133 3097 ritus
1180 3038 1341 3109 hujus
1402 3037 1761 3094 solemnitatis

161 3136 426 3217 primitus
455 3150 486 3190 a
521 3134 750 3190 Domino
793 3134 1122 3189 constitutus
1162 3140 1265 3197 est,
1322 3145 1485 3203 quem
1534 3131 1760 3187 minime

1860 1947 2087 2011 veniam,
2139 1953 2189 1998 et
2220 1944 2478 2013 accipiam
2532 1959 2617 1996 vos
2661 1947 2730 1995 ad
2777 1940 3052 2008 meipsum,
3095 1936 3274 1990 utubi
3324 1951 3443 1989 sum

1858 2053 1975 2108 ego,
2015 2044 2066 2091 et
2092 2052 2183 2091 vos
2216 2034 2331 2090 sitis
2360 2033 2542 2105 (Joan.
2589 2030 2721 2103 xiv).
2776 2029 2929 2084 Hanc
2956 2027 3288 2082 lmtissimam
3316 2040 3445 2095 pro-

1858 2127 2169 2183 missionem
2198 2124 2579 2194 Redemptoris
2609 2122 2780 2178 nostri
2811 2119 3190 2187 suscipientes,
3239 2117 3441 2173 fratres

1857 2220 2187 2286 cbarissimi,
2225 2227 2396 2274 totum
2426 2215 2755 2273 desiderium
2788 2220 3037 2268 nostrum
3066 2210 3120 2264 in
3148 2210 3265 2281 ejus
3293 2223 3443 2265 amo-

1858 2325 1974 2365 rem
1994 2318 2301 2373 vertamus;
2364 2322 2471 2362 non
2521 2306 2690 2360 simus
2717 2301 2918 2373 cupidi,
2957 2314 3133 2369 neque
3169 2298 3319 2360 elati,
3369 2297 3439 2352 ad

1858 2409 2182 2472 praesentem
2226 2398 2646 2469 prosperitatem
2698 2393 3061 2455 intendentcs,
3121 2390 3219 2446 sed
3272 2389 3446 2458 magis

1862 2494 2177 2550 festinemus
2204 2506 2303 2561 per
2344 2489 2632 2561 praesentis
2668 2488 2792 2541 vita:
2828 2485 3068 2540 laborem
3096 2484 3163 2537 ad
3204 2480 3445 2550 requiem

1860 2584 2046 2639 venire
2087 2576 2582 2653 perpetuamzPer
2628 2575 2823 2631 multas
2872 2574 3015 2628 enim
3079 2568 3443 2629 tribulationes

1860 2686 2056 2748 oportet
2094 2691 2188 2730 nos
2212 2676 2412 2728 intrare
2435 2673 2490 2726 in
2519 2684 2738 2740 regnum
2759 2667 2852 2721 Dei
2869 2664 3008 2738 (Act.
3059 2661 3193 2735 11v).
3254 2658 3445 2715 Simus

1861 2767 1928 2821 ad
1958 2766 2352 2836 eleemosynam
2391 2760 2650 2833 prompti,
2707 2756 2841 2828 largi
2878 2757 2931 2810 in
2964 2752 3249 2809 tribuendo
3297 2748 3440 2804 sola—

1862 2856 1997 2910 tium
2046 2853 2328 2926 egentibus
2371 2850 2634 2921 proximis
2679 2847 2899 2903 nostris.
2932 2843 3068 2899 Nudi
3126 2840 3445 2895 intravimus

1862 2945 1916 3000 in
1950 2945 2116 3001 ’hunc
2161 2942 2440 3006 mundum,
2489 2939 2618 2993 nudi
2657 2935 2927 2993 exibimus
2970 2934 3037 2988 de
3084 2931 3188 2986 hoc
3241 2927 3443 2982 mundo

1864 3034 2009 3108 (Job.
2038 3035 2101 3108 ι).
2131 3031 2587 3089 Thesaurizemus
2612 3028 2769 3084 nobis
2796 3027 3068 3080 thesauros
3100 3022 3155 3075 in
3188 3018 3335 3082 cazlo,
3356 3016 3446 3072 ubi

1865 3142 1959 3180 nec
1996 3140 2195 3195 aerugo,
2232 3139 2325 3177 nec
2350 3122 2491 3175 tinea
2519 3116 2819 3181 demolitur,
2848 3130 2941 3169 nec
2976 3113 3119 3183 fures
3167 3108 3445 3179 eﬂ'odiunt,

163 3199 376 3284 violare
399 3227 549 3293 licet,
573 3227 683 3282 imo
702 3240 826 3282 cum
852 3225 997 3281 omni
1029 3199 1450 3281 honoriﬁcentia
1468 3222 1754 3287 virtutum,
1786 3199 1831 3262 δ
1863 3226 1955 3266 ποθ
1994 3212 2243 3282 fumum"
2285 3207 2501 3281 (Ma‘lh-
2550 3204 2644 3276 ν¹)·
2693 3203 3053 3293 (ἷθεῑίῧθῐηυί
3083 3211 3306 3254 carnem
3353 3208 3448 3293 {‘0‘

165 3319 487 3375 sobrietatis
514 3333 730 3389 quoque
756 3326 812 3374 et
839 3317 1131 3384 castitatis,
1163 3314 1354 3386 jejunii
1383 3325 1441 3371 et
1476 3328 1757 3371 sacrarum

164 3412 504 3478 arationum,
567 3411 727 3483 digne
769 3409 1021 3465 venerari
1086 3410 1262 3465 decet.
1313 3409 1427 3465 Nec
1467 3420 1757 3464 onerosum

167 3500 343 3555 videri
375 3500 531 3557 debet
573 3500 848 3556 dilectioni
870 3508 1065 3557 vestra:
1091 3500 1135 3555 si
1172 3499 1354 3569 aliqua
1380 3498 1545 3554 verba
1572 3512 1641 3553 ex
1670 3512 1759 3552 su-

171 3591 466 3663 prapositis
491 3591 775 3646 sententiis
814 3605 1167 3662 exponamus,
1204 3588 1332 3661 quia
1387 3588 1596 3644 dulcius
1624 3586 1758 3643 illud

166 3680 537 3746 celebrabitis,
578 3685 735 3751 cujus
779 3681 1045 3737 rationem
1092 3681 1234 3736 bene
1278 3678 1629 3751 cognoscitis.
1662 3675 1761 3734 Se-

168 3774 455 3845 ptenarius
502 3789 635 3845 ergo
675 3788 933 3838 numerus
975 3773 1213 3844 primum
1261 3772 1569 3827 evidentem
1622 3769 1763 3842 gerit

166 3864 527 3934 perfectionis
567 3880 631 3920 ac
674 3864 1161 3921 consummationis
1191 3862 1419 3934 ﬁguram
1452 3880 1465 3915 :
1498 3864 1613 3917 sive
1640 3874 1760 3930 spe-

165 3954 388 4011 cialiter
450 3955 874 4027 uniuscujusque
927 3962 1197 4019 nostrum,
1257 3954 1373 4008 sive
1436 3950 1762 4024 generaliter

166 4046 415 4101 omnium
441 4045 757 4113 electorum,
790 4045 933 4116 quod
981 4045 1169 4115 utique
1196 4044 1418 4100 denotat
1450 4040 1600 4107 illud,
1633 4041 1759 4111 quia

169 4138 321 4193 Deus
346 4136 400 4193 in
428 4136 514 4192 die
535 4136 762 4208 septima
801 4135 1037 4192 cessavit
1079 4135 1148 4190 ab
1169 4134 1425 4204 operibus
1459 4133 1594 4199 suis,
1623 4132 1759 4187 dans

171 4226 337 4285 nobis
362 4240 429 4280 ex
459 4226 572 4298 ipsa
612 4226 854 4296 requiem
886 4233 1128 4291 nostram
1181 4222 1473 4294 conjicere,
1523 4223 1591 4278 de
1652 4235 1759 4291 qua

172 4314 377 4381 Paulus
414 4317 527 4376 ait:
558 4314 665 4382 Qui
684 4319 822 4371 enim
842 4317 1110 4386 ingressus
1146 4325 1223 4372 est
1244 4316 1300 4370 in
1326 4314 1474 4368 illam
1509 4313 1759 4385 requiem,

171 4408 420 4480 requievit
458 4410 568 4479 ipse
607 4409 672 4463 ab
703 4408 941 4462 omnibus
968 4407 1208 4477 operibus
1241 4408 1372 4471 suis,
1413 4407 1549 4459 sicut
1586 4421 1617 4457 a
1644 4403 1754 4459 suis

173 4498 320 4559 Deus
366 4498 551 4571 (Hebr.
588 4498 683 4569 tv).
737 4497 841 4554 Sed
872 4498 1085 4553 initium
1114 4496 1596 4554 consummationis
1624 4504 1761 4551 tem-

1859 3310 2028 3357 stram
2056 3314 2177 3354 curn
2218 3296 2440 3369 jejuniis
2485 3305 2542 3350 et
2573 3294 2804 3365 vigiliis;
2858 3288 3251 3345 mortillcemus
3293 3284 3441 3339 volu-

1859 3399 2062 3460 ptatein
2111 3386 2380 3458 corporis,
2427 3394 2487 3441 ut
2540 3383 2592 3437 in
2622 3381 2779 3438 nobis
2808 3380 2987 3451 vigeat
3022 3380 3194 3431 virtus
3232 3374 3445 3429 animus.

1861 3478 2044 3533 Omnis
2081 3479 2219 3531 enim
2286 3476 2465 3529 anima
2514 3489 2631 3544 qua:
2669 3472 2862 3542 aﬁlicta
2902 3485 3004 3522 non
3055 3465 3211 3536 fuerit
3264 3465 3321 3518 in
3359 3463 3446 3519 die.

1857 3571 1976 3635 hoc,
2000 3569 2199 3639 peribit
2240 3568 2304 3621 de
2325 3563 2530 3637 populis
2555 3562 2683 3618 suis.
2714 3560 2829 3615 Hoc
2855 3567 2940 3615 est
2965 3565 3212 3627 patenter
3240 3555 3443 3619 dicere,

1860 3660 2114 3730 Quisquis
2134 3659 2189 3713 in
2232 3655 2488 3729 praesenti
2526 3653 2639 3708 vita
2663 3650 2917 3708 deliciose
2948 3657 3004 3703 et
3028 3647 3265 3717 segniter
3288 3646 3444 3710 vivit,

1860 3751 2309 3809 exterminabitur
2352 3748 2421 3802 de
2449 3753 2594 3801 centu
2630 3750 2965 3804 sanctorum,
3007 3736 3225 3807 quando
3264 3735 3445 3804 justus

1852 3840 2021 3910 judex
2059 3840 2197 3894 bene
2224 3837 2561 3893 certantibus
2593 3833 2814 3901 praemia
2836 3828 3021 3884 reddet
3052 3835 3277 3887 aeterna,
3311 3826 3451 3880 otio-

1860 3933 1936 3989 sis
1964 3938 2147 3985 autem
2169 3936 2225 3985 et
2262 3923 2655 3997 negligentibus
2699 3919 2961 3989 supplicia
2993 3917 3194 3972 tribuet
3246 3914 3448 3984 sempi-

1860 4033 2034 4080 terna.
2059 4020 2139 4093 in
2169 4021 2272 4076 hac
2297 4016 2512 4089 quidem
2544 4012 2799 4084 praesenti
2850 4009 3174 4080 septimana,
3227 4006 3448 4068 fratres,

1861 4112 2156 4171 secundum
2182 4107 2627 4166 constitutionem
2653 4109 2964 4158 sanctorum
2988 4098 3232 4161 Patrum,
3255 4101 3451 4165 quarta

1859 4216 1915 4262 et
1945 4216 2096 4261 sexta
2125 4202 2280 4265 feria,
2313 4213 2415 4253 nec
2437 4212 2545 4252 non
2571 4203 2626 4249 et
2652 4193 2897 4258 sabbato,
2930 4190 3084 4245 nobis
3098 4180 3455 4257 ieiunandum

1860 4308 1962 4362 est,
1990 4295 2133 4349 utin
2161 4293 2351 4347 diebus
2381 4285 2781 4360 propitiationis
2816 4298 2913 4353 per
2952 4281 3157 4353 jejunia
3200 4288 3257 4333 et
3314 4278 3457 4334 elee-

1860 4400 2247 4458 mosynas,per
2270 4397 2462 4453 preces
2486 4390 2541 4435 et
2564 4377 3004 4449 supplicationes,
3028 4370 3456 4428 misericordiam

1864 4482 1917 4535 in
1949 4485 2244 4548 conspectu
2278 4472 2574 4530 conditoris
2612 4469 2785 4525 nostri
2843 4466 3087 4522 invenire
3119 4474 3446 4523 mereamur.

170 4553 390 4658 porum:
415 4553 737 4645 nomini'esr
767 4588 1067 4653 adventus;
1097 4553 1164 4641 die
1190 4603 1297 4658 quo
1323 4585 1557 4642 Joannes
1590 4601 1754 4641 evan-
1786 4554 1838 4613 Ῑ)
1865 4572 2053 4627 Nullus
2081 4584 2140 4626 se
2168 4576 2416 4623 nostrum
2454 4566 2507 4618 in
2554 4561 2829 4631 prmdictis
2852 4559 3040 4614 diebus
3087 4557 3155 4610 ab
3204 4553 3450 4609 ecclesias

172 4678 371 4749 gelista
399 4678 475 4732 ait
509 4697 522 4732 :
552 4676 726 4746 ﬁlioli,
750 4676 1029 4731 novissima
1065 4676 1203 4731 enim
1224 4678 1353 4729 hora
1374 4684 1447 4729 est
1478 4691 1496 4739 ;
1546 4674 1651 4729 hoc
1682 4674 1762 4727 vi-

173 4768 379 4823 delicet
408 4771 617 4837 tempus
639 4767 852 4837 septimi
883 4767 1086 4822 mensis
1106 4766 1210 4821 rite
1234 4764 1527 4835 signiﬁcat,
1560 4764 1612 4819 in
1654 4777 1763 4834 quo

176 4860 424 4929 requiem
451 4860 654 4914 habere
681 4858 1020 4927 incipiemus,
1065 4857 1118 4912 id
1138 4865 1242 4921 est,
1288 4869 1476 4911 carere
1506 4853 1765 4924 operibus

174 4948 356 5013 malis,
408 4957 462 5003 et
488 4964 517 5002 a
556 4947 707 5018 gravi
766 4946 979 5002 sarcina
1018 4954 1365 5016 peccatorum
1402 4943 1645 4999 liberari.
1707 4942 1764 4996 lu

178 5041 283 5096 hoc
312 5053 440 5110 ergo
484 5040 609 5093 tuba
633 5038 937 5108 apostolicae
979 5035 1378 5108 praedicationis
1428 5035 1495 5089 ad
1531 5032 1768 5090 sanctiﬁ-

174 5131 446 5185 cationem
483 5144 583 5185 nos
611 5129 822 5195 invitat,
871 5137 929 5183 ct
982 5126 1200 5183 servilia
1248 5140 1412 5195 opera
1460 5140 1620 5197 agere
1667 5141 1763 5180 vc-

176 5230 295 5278 tat:
322 5236 427 5275 non
453 5229 539 5276 est
568 5220 711 5275 enim
738 5220 851 5290 jam
886 5227 1095 5286 tempus
1125 5231 1287 5285 opera
1318 5214 1534 5271 servilia
1560 5214 1760 5280 facere,

175 5312 304 5383 quia
334 5309 532 5367 suillcit
560 5310 895 5383 praeteritum
925 5318 1137 5380 tempus
1174 5306 1239 5361 ad
1269 5306 1601 5361 voluntatem
1631 5319 1764 5375 gen-

178 5406 329 5471 tium,
392 5402 449 5457 in
496 5416 603 5471 quo
628 5410 777 5469 gesta
818 5408 943 5455 sunt
972 5414 1038 5457 ea
1089 5414 1208 5468 qua:
1246 5406 1407 5454 erant
1457 5395 1675 5465 turpia;
1709 5403 1766 5450 et

176 5497 437 5553 debemus
470 5493 925 5564 quemadmodum
964 5490 1309 5546 exhibuimus
1358 5488 1603 5542 membra
1662 5501 1763 5541 no-

176 5598 290 5645 stra
334 5601 490 5645 arma
545 5583 851 5653 iniquitatis
874 5582 943 5636 ad
970 5580 1340 5649 iniquitatem,
1388 5576 1459 5631 ita
1506 5574 1766 5630 exhibere

178 5678 418 5733 membra
479 5683 669 5729 nostra
717 5687 868 5727 arma
909 5669 1136 5741 justitiaz
1180 5670 1233 5723 in
1278 5666 1764 5723 sanctillcationem

178 5767 350 5839 (Rom.
382 5767 483 5839 vi),
503 5766 606 5820 hoc
630 5771 713 5820 est
739 5762 885 5818 enim
908 5776 1098 5818 verum
1125 5759 1495 5816 holocaustum
1526 5755 1761 5812 Domini.

1863 4673 2130 4723 conventu
2160 4662 2469 4723 subtrahat,
2500 4658 2594 4720 sed
2623 4656 2796 4725 magis
2826 4669 2884 4709 se
2908 4652 3105 4708 ibidem
3136 4651 3276 4705 inter
3298 4666 3452 4704 sacra

1866 4759 2157 4811 missarum
2211 4749 2477 4807 solemnia
2511 4749 2621 4802 Deo
2657 4761 2777 4800 cum
2804 4743 3064 4816 lacrymis
3089 4749 3144 4795 et
3194 4754 3455 4809 compun-

1865 4849 2047 4903 ctione
2076 4843 2258 4901 cordis
2302 4839 2509 4897 orando
2539 4836 2923 4893 commendare
2973 4834 3192 4889 studeat
3229 4840 3454 4901 :quatc—

1869 4956 1970 4994 nus
2012 4935 2385 4992 remissionem
2442 4930 2839 5003 praeteritorum
2887 4932 3232 4995 peccatorum
3278 4922 3455 4991 perci-

1871 5033 2022 5103 piat,
2078 5038 2135 5083 et
2171 5042 2270 5098 per
2320 5025 2549 5097 gratiam
2596 5020 2811 5089 adjutus
2872 5020 2927 5072 in
2990 5016 3197 5081 futuro,
3258 5014 3450 5071 melius

1870 5138 1929 5178 se
1977 5139 2007 5176 a
2052 5119 2288 5191 peccatis
2335 5115 2589 5171 omnibus
2615 5114 2905 5169 observare
2929 5118 3131 5179 queat:
3161 5112 3451 5178 prtestaute

1871 5215 1986 5283 ipso
2008 5212 2369 5279 Redemptore
2387 5214 2575 5261 nostro
2603 5202 2731 5258 Jcsu
2757 5202 2995 5265 Christo,
3019 5200 3111 5269 qui
3136 5212 3257 5252 cum
3289 5195 3452 5251 Patre

1868 5312 1925 5357 et
1971 5300 2175 5370 Spiritu
2204 5308 2395 5354 sancto
2428 5296 2562 5350 vivit
2589 5303 2644 5349 et
2686 5300 2875 5363 regnat
2927 5291 3089 5356 Deus,
3128 5303 3227 5358 per
3270 5284 3452 5344 omnia

1871 5393 2064 5449 smcula
2102 5390 2441 5449 surculorum.
2472 5387 2663 5439 Amen.

2406 5470 2687 5531 lIOMlLlA
2725 5471 2917 5527 XXX‘I.

1942 5587 1995 5625 IN
2035 5584 2391 5627 FESTIVITATE
2430 5580 2617 5620 SANCTI
2657 5576 2939 5620 MICBAELIS
2978 5570 3335 5621 ABCllANGELIo

1943 5662 2093 5716 Beati
2124 5658 2402 5715 Michaelis
2431 5656 2715 5719 solemnia,
2743 5653 2942 5706 fratres
2967 5646 3292 5710 charissimi,
3314 5644 3452 5700 cele-

1871 5756 2113 5819 brantes,
2179 5749 2306 5805 libet
2351 5763 2448 5803 nos
2489 5745 2690 5813 aliquid
2739 5741 2893 5797 vobis
2940 5740 3003 5795 de
3036 5740 3138 5793 hac
3167 5737 3453 5795 festivitate
