3922 6360
484 391 553 448 59
1118 397 1178 453 Β.
1221 399 1475 455 ΒΑΒΑΝΙ
1514 400 1733 458 ΜΑΗΚΙ
1769 402 2085 458 ARClllEP.
2131 403 2439 460 MOGUNT.
2477 401 2763 463 OPERUM
2802 404 2980 462 PARS
3019 407 3082 463 ll.
3667 419 3732 469 60

480 507 683 572 dicere,
711 515 977 578 quatenus
1016 525 1170 566 mens
1198 523 1376 568 vestra
1404 529 1470 570 eo
1504 516 1770 572 valentior
1794 518 1859 571 ad
1892 518 2057 572 coelc-
2087 525 2129 581 Α
2161 519 2467 572 nominatur
2498 535 2511 571 :
2555 518 2702 572 illum
2745 519 2942 590 quippe
2969 518 3217 576 nuntiare
3247 520 3514 587 veniebat,
3549 525 3640 593 qui
3666 527 3732 581 ad

481 610 584 655 sua
607 616 666 655 sc
692 601 885 671 erigat,
935 617 1044 672 quo
1097 618 1155 659 se
1201 606 1480 675 cognoscit
1515 621 1703 662 eorum
1742 611 2057 663 memoriam

479 692 726 748 venerari
758 692 812 749 in
869 698 1050 762 terris,
1083 712 1313 766 quorum
1355 700 1617 757 habitatio
1643 709 1726 757 est
1767 717 1979 772 semper
2006 705 2057 758 in

479 785 652 840 ccelis.
693 785 838 842 Bene
864 800 996 858 ergo
1034 789 1321 858 pnnvisum
1351 802 1434 846 est
1488 793 1643 847 nobis
1673 808 1704 847 a
1728 796 1929 849 sanctis
1959 794 2060 848 Pa-

480 875 672 942 tribus.
699 883 758 931 ut
798 877 888 946 qui
913 886 1228 934 sanctorum
1266 889 1565 952 martyrum
1597 891 1759 952 atque
1784 883 2060 938 confesso-

479 983 598 1021 rum
628 983 725 1038 per
770 976 940 1022 totum
970 985 1170 1023 annum
1217 972 1399 1026 varias
1453 972 1847 1028 celebrationes
1894 975 2060 1028 habe-

479 1070 618 1120 mus,
643 1053 696 1109 in
739 1056 928 1112 diebus
973 1058 1230 1113 natalium
1285 1075 1494 1125 eorum,
1552 1063 1766 1131 quando
1794 1063 1861 1118 de
1887 1073 2058 1117 morte

478 1146 952 1215 triumphaverunt
978 1157 1034 1202 et
1080 1149 1146 1203 ad
1177 1149 1343 1204 vitam
1400 1152 1575 1206 renati
1613 1162 1740 1207 sunt
1777 1162 2054 1219 aiternam,

475 1235 664 1290 saltem
708 1237 795 1291 vel
837 1254 944 1293 una
991 1239 1078 1294 die
1127 1250 1441 1296 sanctorum
1471 1243 1915 1315 archangelorum
1946 1261 2057 1300 me-

475 1328 703 1382 moriam
728 1329 1040 1384 solemniter
1061 1345 1469 1399 veneraremur,
1521 1343 1579 1389 ut
1607 1350 1833 1404 quorum
1868 1351 2058 1392 omnes

472 1432 690 1488 semper
714 1419 1015 1491 indigemus
1037 1422 1236 1477 auxilio
1264 1433 1451 1478 contra
1487 1426 1658 1482 hostis
1689 1428 1894 1497 antiqui
1926 1428 2058 1483 insi-

472 1508 612 1574 dias,
642 1509 805 1566 etium
844 1510 898 1564 in
941 1512 1213 1567 communi
1243 1523 1511 1568 conventu
1543 1516 1749 1585 pariter
1796 1532 1984 1571 eorum
2023 1534 2053 1572 a

473 1595 704 1652 Domino
741 1599 1141 1670 postularemus
1185 1601 1460 1675 suffragia.
1501 1605 1826 1676 Angelorum
1859 1607 2056 1678 quippe

473 1698 530 1744 et
570 1689 852 1744 hominum
902 1701 1152 1746 naturam
1194 1693 1260 1748 ad
1307 1696 1739 1765 cognoscendum
1787 1713 1845 1752 se
1875 1697 2054 1753 Domi—

473 1795 575 1836 nus
629 1781 892 1847 condidit,
943 1798 1106 1853 quam
1154 1782 1280 1838 dum
1326 1787 1624 1843 consistere
1670 1787 1736 1842 ad
1787 1798 2052 1844 aeternum

2163 610 2505 665 debellandas
2547 626 2735 665 aereas
2768 620 3062 681 potestates
3088 612 3304 668 humilis
3340 628 3600 683 apparere
3650 616 3730 670 di-

2161 707 2353 770 gnatus
2384 709 2484 755 est.
2523 700 2761 770 Raphael
2802 716 3036 772 quoque,
3066 704 3159 772 qui
3211 705 3277 758 ad
3307 705 3600 759 curandum
3629 703 3733 761 To-

2158 789 2261 843 biae
2282 789 2464 844 oculos
2494 790 2744 854 mittitur,
2771 791 2991 861 dignum
3014 792 3263 848 videlicet
3285 791 3384 847 fuit
3415 802 3472 847 ut
3500 793 3593 848 Dei
3626 809 3732 850 nte-

2158 879 2334 933 dicina
2381 889 2684 934 vocaretur.
2719 879 3008 936 Sciendum
3049 895 3179 951 ergo
3222 892 3307 938 est
3330 883 3471 952 quod
3500 883 3601 952 ipsi
3637 899 3731 939 an-

2158 971 2310 1041 gelici
2333 973 2574 1040 spiritus,
2596 988 2718 1028 cum
2751 973 2816 1027 ad
2856 989 2956 1028 nos
2982 974 3224 1040 veniunt,
3252 975 3332 1030 sic
3367 975 3608 1030 exterius
3633 975 3731 1030 im-

2158 1062 2305 1131 plent
2350 1063 2707 1118 ministerium
2741 1072 2800 1118 ut
2841 1072 3020 1119 tamen
3061 1080 3334 1133 nunquam
3376 1065 3550 1120 desint
3595 1065 3732 1122 inte-

2157 1153 2270 1208 rius
2305 1168 2404 1222 per
2428 1153 2954 1223 contemplationem.
2986 1155 3053 1209 Et
3078 1155 3363 1210 mittuntur
3385 1156 3548 1227 igitur
3571 1163 3630 1212 et
3648 1171 3733 1211 as-

2158 1243 2377 1309 sistunt,
2417 1245 2540 1313 quia
2583 1242 2691 1300 Deo
2747 1244 2946 1314 ubique
2993 1255 3284 1315 praesentes
3341 1257 3466 1301 sunt
3497 1261 3512 1300 :
3549 1255 3733 1300 amant

2156 1340 2211 1386 et
2236 1332 2492 1387 obediunt
2535 1333 2780 1403 atquein
2818 1335 3123 1390 humilitate
3157 1336 3492 1404 persistunt;
3547 1336 3732 1390 fruuno

2159 1429 2245 1477 tur
2291 1422 2433 1478 bono
2484 1424 2866 1490 inzestimabili,
2917 1435 2972 1481 et
3009 1425 3211 1482 obhoe
3258 1427 3492 1497 gaudent
3542 1427 3727 1482 laetitia

2156 1511 2528 1568 inenarrabili.
2570 1513 2765 1570 Pacem
2793 1515 2936 1569 inter
2972 1530 3030 1570 se
3073 1515 3630 1587 habentperpetuam,
3679 1527 3733 1572 et

2153 1617 2342 1672 pacem
2371 1603 2649 1660 nobiscum
2700 1613 2887 1660 tenere
2917 1613 3121 1674 aptant.
3189 1605 3329 1660 Sunt
3356 1607 3452 1677 pii,
3488 1607 3728 1678 benigni,

2153 1692 2552 1758 misericordes,
2572 1692 2715 1763 pleni
2744 1692 3051 1759 dilectione,
3081 1693 3215 1748 nihil
3243 1695 3352 1750 Deo
3381 1695 3598 1749 charius
3633 1695 3731 1749 du-

2152 1789 2301 1846 cunt,
2359 1790 2415 1836 et
2461 1783 2528 1837 ad
2561 1783 2708 1837 hunc
2746 1796 2984 1837 amorem
3028 1797 3128 1838 nos
3179 1783 3474 1839 accendere
3520 1783 3727 1837 volunt.

467 1870 657 1935 voluit,
713 1873 876 1928 etiam
907 1874 1096 1944 procul
1143 1876 1307 1931 dubio
1353 1879 1420 1932 ad
1446 1893 1600 1934 suam
1644 1880 2047 1937 similitudinem

2153 1871 2341 1926 Finem
2371 1871 2550 1943 gaudii
2579 1872 2661 1928 sui
2699 1888 2804 1928 non
2842 1874 3252 1944 pertimescunt,
3275 1882 3331 1930 et
3355 1876 3497 1930 hanc
3521 1874 3732 1930 securi-

465 1965 692 2019 cneavit.
742 1964 944 2022 Novem
983 1982 1114 2023 vero
1154 1977 1278 2023 sunt
1314 1971 1534 2026 ordines
1578 1973 1914 2044 angelorum,
1953 1973 2050 2029 de-

468 2053 644 2110 cimus
677 2071 892 2126 quoque
939 2057 1100 2113 homo
1123 2067 1207 2113 est
1244 2067 1483 2125 creatus,
1513 2060 1604 2130 qui
1641 2061 1904 2118 conditori
1952 2076 2051 2116 suo

471 2159 573 2199 nec
597 2154 719 2214 post
753 2146 964 2217 culpam
992 2148 1175 2217 periit,
1205 2150 1328 2217 quia
1370 2149 1513 2204 hunc
1552 2159 1755 2205 mlerna
1781 2152 2047 2221 sapientia

468 2251 567 2306 per
614 2252 837 2292 carnem
887 2239 1163 2294 miraculis
1190 2255 1506 2307 coruscans,
1551 2242 1705 2312 quasi
1753 2257 1820 2298 ex
1849 2242 2048 2297 lumine

470 2334 643 2391 testae,
689 2328 979 2397 reparavit.
1011 2327 1145 2383 Nam
1176 2338 1404 2385 testante
1430 2345 1585 2386 sacro
1609 2331 1803 2403 elogio,
1846 2333 2049 2388 scimus

466 2417 708 2486 angelos,
761 2418 1134 2488 archangclos,
1192 2419 1438 2485 virtutes,
1477 2430 1795 2491 potestates,
1847 2423 2048 2491 princi-

465 2513 642 2573 patus,
673 2507 1085 2572 dominationes,
1127 2507 1370 2572 thronos,
1411 2509 1692 2564 cherubim
1720 2519 1880 2579 atque
1903 2525 2050 2565 sera-

468 2593 640 2660 phim,
695 2594 786 2663 qui
835 2595 890 2649 iu
939 2595 1157 2665 superni
1193 2596 1335 2664 regis
1377 2597 1573 2652 castris
1618 2612 1835 2669 semper
1868 2599 2048 2654 devoti

465 2682 782 2750 persistunt,
822 2693 878 2740 et
940 2683 1008 2737 ab
1045 2684 1161 2754 ejus
1199 2684 1358 2742 laude
1409 2702 1686 2756 nunquam
1736 2689 2046 2745 cessabunt.

468 2771 574 2827 Sed
625 2782 803 2828 tamen
835 2775 1114 2830 sciendum
1173 2776 1316 2846 quod
1369 2779 1682 2848 angelorum
1729 2780 2048 2836 vocabulum

465 2879 662 2918 nomen
693 2873 779 2919 est
802 2864 1101 2931 ofIicii,non
1127 2877 1354 2922 naturae.
1388 2868 1525 2923 Nam
1569 2870 1745 2925 sancti
1768 2871 1843 2924 illi
1890 2872 2050 2927 etele-

464 2955 564 3008 stis
587 2956 775 3023 patriae
799 2968 1012 3025 semper
1037 2955 1254 3024 quidem
1290 2965 1416 3011 sunt
1440 2957 1686 3026 spiritus,
1716 2959 1810 3014 sed
1834 2975 2049 3030 semper

466 3047 644 3100 vocari
675 3046 848 3116 angeli
892 3061 1229 3117 nequaquam
1258 3056 1511 3117 possunt;
1563 3050 1687 3119 quia
1720 3059 1846 3106 tunc
1874 3051 2048 3108 solum

464 3144 593 3190 sunt
632 3136 829 3207 angeli,
873 3153 995 3192 cum
1038 3153 1134 3208 per
1161 3151 1256 3193 eos
1295 3138 1474 3208 aliqua
1518 3141 1854 3196 nuntiantur.
1890 3140 2045 3199 Unde

2155 1972 2318 2018 tatem
2339 1979 2438 2018 nos
2466 1979 2648 2020 secum
2681 1965 2733 2020 in
2754 1966 2908 2022 coelis
2931 1966 3132 2021 habere
3156 1965 3396 2036 cupiunt.
3447 1965 3554 2021 Sed
3589 1966 3727 2031 hare,

2153 2055 2371 2121 fratres,
2401 2071 2488 2110 me
2515 2057 2786 2127 loquente,
2826 2058 3092 2113 introrsus
3123 2072 3220 2112 vos
3257 2058 3324 2112 ad
3371 2058 3730 2126 vosmetipsos

2152 2147 2412 2210 reducite,
2439 2154 2771 2202 secretorum
2801 2156 3107 2202 vestrorum
3132 2146 3323 2201 merita
3346 2147 3729 2215 cogitationes-

2106 2251 2109 2253 ·
2150 2254 2256 2307 que
2291 2239 2562 2294 discutite.
2589 2238 2779 2293 Videte
2809 2239 2854 2294 si
2897 2236 3026 2309 quid
3044 2236 3160 2307 jam
3187 2238 3312 2292 boni
3339 2239 3615 2294 vobiscum
3647 2240 3728 2293 in-

2153 2336 2237 2383 tus
2284 2327 2462 2398 agitis,
2505 2327 2682 2382 videte
2720 2327 2766 2381 si
2818 2327 2872 2381 in
2919 2342 3144 2383 numero
3188 2328 3380 2382 horum
3427 2328 3722 2398 agminum,

2150 2434 2269 2489 qua:
2282 2418 2520 2474 breviter
2544 2416 2814 2488 tangendo
2842 2418 3276 2487 perstrinximus,
3294 2428 3496 2473 sortem
3531 2427 3723 2474 vestra:

2149 2509 2448 2565 vocationis
2471 2509 2741 2564 invenitis.
2777 2509 2869 2564 Vae
2891 2517 3070 2563 autem
3100 2508 3293 2563 anima:
3321 2523 3439 2578 quze
3479 2509 3532 2563 in
3569 2523 3627 2563 se
3658 2508 3722 2563 de

2148 2601 2234 2656 his
2283 2601 2440 2656 bonis
2467 2614 2586 2670 qua:
2613 2599 2909 2664 numeravi,
2941 2598 3164 2653 minime
3205 2596 3406 2668 aliquid
3460 2613 3721 2668 recogno—

2148 2691 2273 2758 scit,
2295 2692 2451 2760 eique
2495 2690 2673 2746 adhuc
2706 2705 2788 2744 va:
2821 2689 3057 2745 deterius
3087 2688 3353 2754 imminet,
3385 2688 3429 2743 si
3451 2689 3717 2759 privatam

2149 2801 2209 2840 sc
2235 2785 2389 2841 donis
2409 2783 2660 2855 intelligit
2682 2792 2735 2840 et
2749 2798 3084 2855 nequaquam
3109 2782 3291 2854 gemit.
3314 2780 3567 2850 Quisquis
3590 2792 3719 2850 ergo

2150 2875 2272 2930 talis
2292 2883 2397 2939 est,
2422 2873 2621 2930 fratres
2659 2874 2788 2940 mei,
2815 2874 3106 2945 gemendus
3132 2879 3215 2928 est
3242 2871 3416 2936 valde,
3455 2869 3582 2939 quia
3610 2881 3716 2922 non

2148 2964 2331 3034 gemit.
2358 2964 2656 3020 Pensemus
2685 2962 2848 3032 igitur
2880 2968 3100 3030 accepta
3149 2959 3445 3015 electorum
3474 2968 3715 3018 munera,

2147 3062 2203 3110 et
2227 3054 2429 3108 virtute
2470 3068 2579 3123 qua
2618 3066 2921 3122 possumus,
2977 3050 3044 3105 ad
3072 3064 3311 3104 amorem
3361 3055 3521 3101 tanta:
3558 3044 3720 3100 sortis

2148 3143 2484 3198 anhelemus.
2513 3140 2616 3208 Qui
2649 3142 2785 3204 inse
2813 3140 3077 3196 donorum
3117 3139 3344 3207 gratiam
3375 3135 3595 3190 minime
3636 3149 3720 3189 re-

462 3235 520 3284 et
555 3242 652 3297 per
699 3227 1038 3283 Psalmistam
1075 3229 1270 3284 dicitur
1302 3246 1315 3283 :
1347 3229 1452 3294 Qui
1497 3230 1622 3300 facit
1661 3231 1874 3302 angelos
1919 3249 2042 3288 suos
2072 3226 2116 3289 C
2147 3234 2440 3304 cognoscit,
2466 3241 2672 3305 gemat;
2701 3233 2793 3302 qui
2815 3247 2946 3288 vero
2975 3231 3029 3286 in
3058 3246 3117 3286 se
3138 3230 3400 3285 minorem
3425 3227 3720 3297 cognoscit,

463 3319 676 3390 spiritus
723 3315 892 3390 (Paul.
950 3319 1097 3390 cm);
1128 3333 1192 3372 ac
1240 3320 1285 3374 si
1314 3329 1568 3388 patenter
1593 3320 1738 3375 dicat
1772 3339 1784 3373 :
1815 3321 1916 3389 Qui
1947 3337 2041 3378 eos

461 3423 600 3480 quos
632 3424 844 3478 semper
873 3410 1032 3464 habet
1062 3409 1299 3481 spiritus,
1329 3410 1493 3465 etiam
1523 3424 1644 3464 cum
1666 3410 1918 3476 voluerit,
1944 3427 2043 3466 an-

461 3499 609 3572 gelos
637 3499 783 3554 facit.
826 3498 930 3554 Sed
976 3509 1152 3554 tamen
1181 3515 1297 3555 mos
1347 3501 1745 3557 ecclesiasticus
1788 3502 2043 3569 obtinuit,

462 3601 682 3662 propter
709 3590 1156 3661 significationem
1181 3590 1526 3646 multifariam
1553 3608 1715 3662 quam
1757 3609 1924 3647 unum
1947 3609 2046 3646 no-

467 3697 589 3736 men
615 3682 835 3751 spiritus
860 3682 1124 3746 continet,
1158 3682 1299 3751 quod
1332 3681 1406 3736 illi
1432 3681 1672 3738 caelestis
1704 3682 2042 3738 Hierusalem

463 3775 613 3829 cives
647 3775 821 3845 angeli
852 3773 1176 3845 generaliter
1203 3784 1684 3845 nuncuparentur;
1727 3774 1916 3831 Graeca
1936 3783 2046 3830 ete-

468 3864 581 3918 nim
610 3863 806 3933 lingua,
858 3864 1054 3935 angeli,
1097 3865 1292 3930 nuntii,
1334 3866 1646 3936 archangeli
1688 3882 1814 3922 vero
1850 3867 2047 3921 summi

467 3958 642 4010 nuntii
688 3967 968 4012 vocantur.
1029 3958 1096 4012 Hi
1138 3968 1315 4014 autem
1372 3959 1465 4028 qui
1516 3960 1738 4014 minima
1774 3960 2045 4026 nuntiant,

469 4047 684 4116 angeli;
731 4047 819 4117 qui
863 4063 990 4102 vero
1019 4063 1226 4103 summa
1257 4049 1596 4114 aununtiant,
1624 4049 1931 4120 archangeli
1955 4064 2043 4105 vo-

468 4149 698 4206 cantur;
747 4140 838 4210 qui
863 4141 1065 4196 idcirco
1097 4143 1259 4197 etiam
1289 4143 1515 4212 privatis
1545 4141 1857 4197 nominibus
1916 4155 2047 4195 cen-

471 4236 680 4294 sentur,
705 4237 763 4283 ut
782 4229 1033 4301 signetur
1059 4246 1156 4301 per
1175 4232 1437 4286 vocabula
1463 4232 1628 4286 etiam
1655 4230 1709 4286 in
1737 4230 2051 4300 operatione

470 4320 602 4392 quid
653 4320 884 4375 valeant.
933 4320 1116 4391 Neque
1161 4321 1303 4376 enim
1348 4321 1404 4376 in
1442 4321 1530 4375 illa
1575 4330 1762 4376 sancta
1807 4319 2049 4384 civitate,

474 4426 636 4481 quam
664 4412 872 4466 visione
897 4412 1277 4481 omnipotentis
1307 4411 1400 4466 Dei
1447 4413 1602 4481 plena
1633 4411 1860 4465 scientia
1889 4409 2054 4480 perli-

470 4501 567 4567 cit,
613 4501 817 4556 idcirco
864 4501 1080 4572 propria
1115 4502 1334 4556 nomina
1371 4502 1691 4565 sortiuntur,
1744 4516 1810 4554 ne
1860 4514 2047 4555 eorum

2146 3321 2407 3391 majorem
2457 3321 2578 3376 aliis
2627 3337 2734 3376 non
2778 3321 3036 3386 invideat,
3089 3319 3214 3390 quia
3241 3327 3563 3388 etsupernae
3621 3315 3724 3371 illa:

2146 3412 2525 3468 distinctiones
2553 3413 2833 3467 beatorum
2878 3410 3166 3482 spirituum
3207 3411 3280 3463 ita
3314 3416 3438 3464 sunt
3472 3406 3719 3472 conditae,

2146 3511 2206 3558 ut
2251 3502 2370 3558 alia).
2413 3502 2534 3558 aliis
2579 3503 2689 3558 sint
2726 3500 2981 3573 praelatae,
3035 3500 3130 3555 sed
3175 3508 3354 3554 tamen
3390 3512 3580 3552 omnes
3617 3510 3722 3550 una

2145 3595 2442 3662 eademque
2465 3592 2728 3648 charitate
2770 3591 3004 3646 sociatze.
3061 3589 3358 3661 Diligamus
3378 3601 3497 3652 nos,
3525 3586 3724 3639 fratres

2147 3683 2474 3748 charissimi,
2528 3683 2780 3748 invicem,
2825 3681 3113 3750 diligamus
3140 3689 3196 3735 et
3219 3679 3338 3736 illos
3365 3678 3605 3735 caelestis
3631 3692 3720 3747 pa-

2149 3776 2265 3831 triae
2312 3775 2552 3847 spiritus,
2583 3782 2640 3830 et
2666 3774 2881 3828 illorum
2909 3773 3186 3829 caelestem
3233 3771 3723 3835 conversationem,

2146 3874 2407 3936 quantum
2469 3880 2773 3936 possumus,
2837 3864 2891 3919 in
2923 3864 3083 3920 bonis
3127 3863 3371 3935 moribus
3426 3862 3723 3918 imitemur.

2147 3959 2445 4031 Diligamus
2485 3966 2611 4013 ante
2655 3957 2837 4013 omnia
2875 3965 2930 4012 et
2969 3970 3131 4028 super
3157 3956 3340 4012 omnia
3391 3955 3725 4010 conditorem

2148 4060 2415 4117 nostrum,
2439 4051 2789 4120 deprecantes
2813 4049 2930 4120 ejus
2953 4047 3314 4112 clementiam,
3339 4052 3397 4100 ut
3418 4044 3509 4114 qui
3539 4059 3640 4098 nos
3663 4044 3729 4098 ab

2149 4143 2304 4198 initio
2351 4143 2493 4197 inter
2533 4149 2842 4197 sanctorum
2868 4141 3184 4210 angelorum
3225 4137 3496 4192 consortia
3526 4133 3726 4194 ascribi

2151 4235 2340 4300 voluit,
2397 4242 2710 4291 sanctorum
2737 4231 3190 4303 archangelorum
3223 4245 3442 4286 suorum
3469 4228 3729 4299 precibus

2149 4335 2428 4392 exoratus,
2459 4326 2530 4381 ad
2562 4341 2749 4381 eorum
2772 4325 3086 4381 societatem
3117 4337 3215 4378 nos
3235 4320 3517 4393 pervenire
3566 4319 3733 4374 faciat

2149 4416 2306 4472 Jesus
2326 4417 2574 4472 Christus
2587 4416 2848 4472 Dominus
2865 4423 3070 4478 noster,
3094 4413 3185 4483 qui
3201 4427 3321 4470 cum
3344 4410 3506 4467 Patre
3526 4419 3583 4466 et
3607 4408 3730 4481 Spiv

2153 4507 2259 4562 ritu
2291 4516 2477 4562 sancto
2504 4506 2636 4561 vivit
2661 4514 2715 4560 et
2757 4513 2949 4577 regnat
2973 4505 3132 4570 Deus,
3165 4517 3260 4573 per
3299 4502 3480 4557 omnia
3533 4501 3731 4558 saecula

469 4592 689 4646 nomine
729 4605 972 4661 persona:
992 4591 1107 4644 sine
1127 4590 1434 4646 nominibus
1463 4590 1587 4644 sciri
1636 4605 1744 4645 non
1794 4590 2001 4660 possint
2029 4607 2041 4644 :
2074 4568 2126 4628 Ῐ)
2150 4597 2491 4654 saeculorum.
2523 4596 2716 4652 Amen.

473 4681 566 4735 sed
594 4695 718 4735 cum
740 4681 805 4733 ad
835 4695 933 4734 nos
971 4679 1175 4749 aliquid
1223 4680 1583 4734 ministraturi
1631 4680 1870 4745 veniunt,
1901 4682 2046 4751 apud

475 4785 538 4826 se
578 4771 795 4824 nomina
839 4783 869 4823 a
914 4770 1229 4824 ministeriis
1281 4771 1441 4825 etiam
1484 4771 1748 4837 trahunt;
1797 4770 2047 4837 Michael,

477 4878 730 4934 namque,
765 4865 880 4934 quis
921 4863 1056 4917 sicut
1101 4862 1288 4917 Deus?
1331 4861 1549 4919 Gabriel
1575 4871 1757 4917 autem
1794 4863 2050 4932 fortitudo

474 4955 593 5020 Dei,
636 4953 874 5023 Raphael
905 4968 1033 5008 vero
1073 4953 1270 5007 dicitur
1306 4953 1562 5007 medicina
1586 4953 1704 5007 Dei.
1735 4955 1802 5008 Et
1839 4956 2052 5024 quoties

477 5047 629 5100 mira:
673 5045 874 5115 aliquid
907 5045 1121 5100 virtutis
1160 5045 1353 5116 agitur,
1413 5044 1641 5099 Michael
1681 5044 1821 5102 mitti
1863 5045 2049 5114 perhi-

476 5135 655 5200 betur,
714 5144 774 5190 ut
810 5136 928 5206 ipso
958 5144 1081 5190 actu
1117 5142 1173 5191 et
1202 5135 1417 5190 nomine
1444 5135 1602 5190 detur
1649 5136 1876 5206 intelligi
1907 5137 2050 5204 quod

479 5227 656 5282 nullus
709 5234 883 5296 potest
929 5225 1106 5281 facere
1156 5226 1297 5296 quod
1346 5226 1524 5281 facere
1579 5227 1835 5296 praevalet
1887 5227 2047 5285 Deus.

482 5318 634 5375 Unde
653 5327 709 5372 et
746 5317 833 5371 ille
869 5317 1122 5386 antiquus
1166 5317 1357 5380 hostis,
1403 5317 1494 5386 qui
1534 5332 1593 5372 se
1628 5319 1693 5372 ad
1738 5316 2048 5372 similitudi-

479 5423 602 5464 nem
638 5406 752 5476 ejus
787 5409 1049 5477 superbus
1093 5407 1379 5471 extulerat,
1444 5407 1499 5460 in
1547 5407 1653 5464 line
1692 5409 1876 5463 mundi
1925 5424 2051 5464 cum

478 5500 739 5557 Michaele
783 5498 1109 5568 archangelo
1157 5499 1496 5569 praeliaturus
1541 5513 1660 5553 esse
1718 5501 2050 5568 perhibetur,

481 5601 539 5647 ut
565 5606 662 5662 per
681 5590 988 5645 Michaclcm
1016 5599 1324 5660 peremptus
1349 5591 1522 5646 discat
1567 5593 1691 5660 quia
1712 5593 1778 5647 ad
1807 5593 2056 5647 similitu-

482 5683 658 5738 dinem
696 5681 786 5735 Dei
819 5694 914 5748 per
955 5682 1261 5749 superbiam
1312 5681 1488 5736 nullus
1513 5690 1788 5753 exsurgat.
1829 5683 1909 5736 Ad
1945 5683 2054 5736 Ma-

483 5771 618 5827 riam
671 5786 883 5842 quoque
932 5770 1146 5829 Gabriel
1190 5771 1440 5837 mittitur,
1494 5772 1620 5843 quia
1667 5773 1756 5830 Dei
1798 5772 2055 5830 fortitudo

2649 4685 2932 4743 HOMlLlA
2970 4684 3185 4742 XXXII.

2420 4797 2471 4837 IN
2511 4794 2880 4836 REVELATIONE
2920 4793 3107 4834 SANCTI
3147 4793 3446 4834 IICHAELIS.

2224 4871 2536 4927 Memoriam
2576 4869 2722 4926 beati
2770 4869 3043 4924 Michaelis
3090 4867 3401 4940 archangeli
3441 4875 3554 4922 toto
3598 4866 3738 4922 orbe

2154 4963 2518 5018 venerandam
2570 4960 2740 5030 ipsius
2787 4968 2843 5015 et
2875 4974 3039 5030 opere
3063 4960 3282 5015 condita
3323 4966 3380 5013 et
3413 4965 3736 5013 consecrata

2157 5055 2376 5112 nomine
2401 5053 2735 5109 demonstrat
2763 5051 3006 5108 ecclesia.
3056 5051 3186 5120 Quae
3236 5066 3343 5106 non
3390 5049 3739 5106 metallorum

2157 5144 2385 5214 fulgore,
2417 5144 2512 5198 sed
2557 5143 2832 5213 privilegio
2877 5142 3250 5197 commendata
3280 5140 3584 5212 signorum;
3635 5139 3739 5195 vili

2159 5233 2302 5289 facta
2338 5232 2632 5294 schemate,
2677 5231 2772 5286 sed
2803 5230 3014 5286 ccelesti
3049 5239 3134 5285 est
3159 5230 3385 5300 przedita
3411 5229 3628 5294 virtute,
3676 5240 3742 5286 ut

2160 5333 2284 5394 pote
2308 5323 2434 5393 quia
2470 5321 2778 5393 fragilitatis
2831 5322 3078 5378 humanae
3120 5336 3329 5376 memor
3350 5319 3740 5391 archangelus,

2160 5428 2191 5468 e
2230 5412 2366 5468 ccelo
2417 5412 2661 5477 veniens,
2733 5411 2799 5466 ad
2838 5412 3248 5481 promerendam
3293 5411 3365 5466 ibi
3413 5410 3741 5469 mortalibus

2161 5517 2515 5570 supernorum
2561 5501 2788 5571 gratiam
2842 5500 3125 5566 donorum,
3173 5499 3390 5570 propria
3421 5514 3583 5554 manu
3633 5515 3739 5558 sua

2161 5591 2393 5647 condere
2426 5591 2676 5660 dignatus
2712 5597 2816 5644 est.
2841 5586 3057 5643 Vertice
3096 5589 3363 5659 siquidem
3398 5588 3598 5642 montis
3631 5602 3734 5644 ex-

2161 5683 2289 5737 eclsi
2318 5683 2506 5751 posita,
2534 5682 2600 5735 de
2627 5696 2852 5750 corpore
2879 5679 3120 5749 ejusdem
3145 5696 3329 5746 saxea,
3357 5680 3625 5752 spelunca:
3649 5679 3743 5737 ln-

2161 5783 2274 5829 star
2289 5781 2592 5845 praecavata
2615 5774 2934 5828 ostenditur.
2959 5773 3052 5829 Est
3071 5781 3245 5828 autem
3262 5772 3410 5829 locus
3437 5773 3491 5828 in
3506 5771 3742 5843 Campa-
