3922 6348
173 403 230 457 6|

1134 412 1440 469 llOMILLE
1479 413 1567 468 DE
1606 412 1846 468 FES’I‘IS
1885 412 2293 480 PRIECIPUIS,
2337 414 2491 472 ETC.

3375 419 3446 475 62

171 524 270 580 nim
306 523 502 578 ﬁnibus
527 523 622 577 ubi
658 523 795 578 inter
820 521 998 585 sinum
1040 523 1377 580 Adriaticum
1428 532 1483 579 et
1510 534 1746 580 montem
1781 533 1822 588 Α
1854 542 2024 596 usque
2068 529 2439 596 sequentibus,
2475 536 2636 598 atque
2666 535 2904 582 extrema
2947 542 3174 600 quasque
3211 533 3421 588 cedenti

170 616 470 688 Garganum
518 617 715 671 civitas
755 616 1025 686 Sepontus
1053 617 1229 686 posita
1257 625 1362 682 est,
1411 617 1563 686 quia
1621 630 1745 676 [nec

171 709 321 763 nibus
380 707 625 763 civitatis
663 707 905 762 ducentis
944 707 1224 762 duodecim
1258 706 1577 761 milliarihus
1627 720 1754 774 por.

170 807 387 861 rectus,
444 796 499 850 in
553 798 838 852 cacumine
896 811 1148 867 supremo
1182 837 1195 861 ,
1252 795 1396 850 beati
1444 795 1750 865 arehangel‘

165 889 438 958 praefatam
487 897 669 960 gestat
712 888 1020 944 ecclesiam.
1075 888 1226 943 lianc
1279 888 1600 943 mortalibus
1651 889 1754 943 hoc

167 983 318 1038 modo
353 982 651 1053 cognitam,
703 981 914 1037 libellus
960 982 1015 1036 in
1057 982 1244 1036 eadem
1277 981 1487 1051 positus
1527 980 1745 1035 indicat.

164 1073 286 1128 Erat
309 1072 362 1128 in
385 1087 451 1127 ea
490 1072 713 1128 civitate
753 1073 1016 1143 prtedives
1045 1072 1261 1142 quidam
1306 1072 1522 1126 nomine
1550 1071 1750 1143 Garga-

164 1179 280 1230 nus,
311 1163 403 1236 qui
433 1171 490 1220 et
523 1180 590 1221 ex
618 1172 812 1220 eventu
860 1179 960 1220 suo
1004 1163 1174 1218 monti
1219 1162 1538 1217 vocabulum
1582 1163 1745 1218 dedit.

164 1252 325 1323 Hujus
366 1255 497 1310 dum
525 1270 744 1326 pecora,
772 1270 1001 1324 quorum
1029 1253 1240 1308 inﬁnita
1270 1252 1613 1307 multitudine
1641 1253 1750 1323 pol-

162 1343 317 1411 lebat,
347 1345 550 1414 passim
587 1359 682 1414 per
711 1342 897 1398 devexi
927 1342 1128 1397 montis
1175 1341 1343 1396 latera
1370 1349 1744 1411 pascerentur,

161 1438 379 1508 contigit
415 1445 634 1491 taurum
678 1434 907 1489 armenti
949 1434 1126 1506 gregis
1167 1432 1442 1489 consortia
1488 1447 1746 1502 spernen-

160 1534 282 1592 tem,
311 1526 639 1598 singularem
687 1525 938 1580 incedere
983 1523 1218 1588 solitum,
1246 1532 1301 1579 et
1345 1521 1411 1577 ad
1440 1530 1745 1578 extremum

160 1617 411 1674 redeunte
438 1632 636 1688 pecore
664 1616 882 1672 domum
914 1631 1021 1670 non
1049 1630 1170 1671 esse
1212 1629 1537 1688 regressum.
1569 1613 1743 1682 Quem

159 1707 417 1772 dominus,
439 1705 666 1762 collecta
698 1719 976 1760 servorum
1008 1719 1228 1759 suorum
1259 1703 1621 1770 multitudine,
1645 1719 1742 1774 per

158 1799 303 1853 devia
324 1813 552 1868 qumque
600 1797 908 1868 requirens,
940 1796 1148 1851 invenit
1193 1797 1407 1851 tandem
1443 1795 1497 1851 in
1537 1796 1739 1851 vertice

1855 620 1954 672 bus
1981 619 2328 685 adversariis,
2359 619 2554 673 mcenia
2581 619 2795 673 tandem
2827 633 2934 673 sua:
2958 619 3107 674 urbis
3132 622 3440 678 moribundi

1854 708 2184 773 subintrant,
2214 708 2306 778 qui
2337 717 2532 777 queant
2565 707 2793 762 evadere
2823 707 3120 776 periculum
3151 726 3164 762 :
3194 725 3440 779 comper-

1856 805 1967 850 tum
1997 799 2138 853 enim
2171 806 2293 854 erat
2315 799 2459 869 quod
2510 798 2733 868 angelus
2770 799 2865 853 Dei
2897 799 2950 853 in
2996 799 3321 869 adjutorium
3353 815 3442 857 vo-

1853 886 1934 940 nit
1962 885 2302 943 Christianis.
2335 887 2468 942 Nam
2496 899 2551 941 et
2581 897 2863 944 sexcentos
2892 888 3062 946 ferme
3088 907 3308 947 suorum
3337 891 3438 947 fui-

1851 978 1997 1032 mine
2021 978 2274 1034 videbant
2300 979 2648 1046 interfectos;
2683 979 2816 1050 Regi
2850 996 3032 1051 regum
3062 982 3280 1040 Christo
3311 1000 3440 1041 con-

1851 1069 2000 1125 tinuo
2030 1069 2167 1125 colla
2189 1071 2585 1136 submittentes,
2612 1072 2780 1127 armis
2808 1073 3100 1130 induuntur
3125 1076 3269 1133 ﬁdei.
3298 1079 3436 1136 Cum

1847 1175 1978 1214 vero
2008 1161 2062 1215 hi
2114 1161 2332 1215 domum
2379 1160 2608 1217 fuissent
2656 1163 2862 1217 reversi
2888 1163 3141 1232 victores,
3181 1177 3305 1224 vota
3333 1170 3438 1228 Do-

1848 1251 1996 1305 mino
2041 1251 2336 1322 gratiarum
2384 1252 2449 1306 ad
2487 1251 2743 1322 templum
2794 1253 3061 1309 referrent
3089 1258 3436 1331 archangclo,

1845 1343 2031 1398 vident
2079 1358 2239 1399 mane
2261 1342 2416 1414 juxta
2454 1341 2677 1412 januam
2727 1347 3225 1414 septentrionalem,
3270 1366 3435 1419 quam

1845 1435 2106 1505 praedixi,
2164 1436 2339 1491 instar
2387 1435 2693 1507 posteriora
2743 1438 2935 1506 pusilla
2987 1439 3138 1508 quasi
3203 1441 3437 1500 hominis

1843 1526 2095 1597 vestigia,
2148 1542 2420 1583 marmore
2467 1527 2671 1582 arctius
2715 1526 2995 1598 impressa,
3032 1541 3435 1602 agnoscuntque

1841 1620 2061 1676 beatum
2109 1619 2422 1677 Michaeiem
2457 1624 2557 1678 hoc
2598 1623 2899 1694 praesentiae
2931 1636 3043 1677 suae
3088 1624 3299 1694 signum
3335 1640 3430 1679 vo-

1840 1710 2006 1767 luisse
2032 1719 2357 1780 monstrare,
2393 1712 2484 1769 ubi
2518 1722 2706 1784 postea
2752 1711 2967 1769 culmen
3024 1713 3344 1783 appositum,
3378 1722 3434 1771 et

1839 1801 2011 1857 altare
2037 1803 2370 1873 impositum,
2395 1804 2618 1875 ipsaque
2644 1803 2871 1860 ecclesia
2900 1804 2969 1860 ob
2992 1803 3144 1874 signa
3173 1805 3430 1876 vestigio-

156 1889 346 1944 niontis
387 1905 503 1960 prae
548 1888 755 1944 foribus
799 1887 1079 1958 cujusdam
1130 1887 1401 1957 speluncae
1451 1886 1735 1953 assistere;
1767 1877 1812 1936 B
1844 1907 1985 1948 rum.
2017 1892 2316 1963 Oppidania
2340 1905 2426 1949 est
2453 1902 2664 1949 vocata.
2695 1892 2858 1948 Multa
2898 1893 3161 1948 dubitatio
3202 1901 3322 1948 erat
3348 1895 3434 1949 in-

156 1981 329 2051 itaque
371 1989 650 2051 permotus
699 1996 794 2035 cur
849 1979 1121 2049 solivagus
1164 1977 1437 2033 incederet
1461 2018 1476 2041 ,
1523 1985 1738 2047 arrepto
1843 1993 1927 2040 ter
1955 1983 2279 2053 Sepontinos
2300 1983 2426 2055 quid
2453 1986 2518 2040 de
2543 1984 2662 2039 loco
2693 1994 2937 2055 agerent,
2967 1993 3020 2038 et
3048 1985 3090 2038 si
3119 1985 3323 2038 intrare
3344 1986 3428 2055 [ei

155 2087 298 2137 arcu,
321 2071 549 2142 appetiit
575 2071 722 2125 illum
753 2070 947 2140 sagitta
970 2069 1223 2134 toxicala,
1252 2068 1563 2139 quwn'elut
1591 2069 1735 2122 venti
1840 2051 2092 2134 dedicare
2137 2074 2246 2130 illic
2294 2051 2581 2129 ecclesiam
2639 2051 2885 2130 debeant.
2942 2073 3093 2130 Unde
3141 2051 3469 2130 collatione‘l

153 2161 358 2219 ﬂamine
389 2171 619 2227 retorta,
651 2178 774 2218 eum
820 2177 851 2216 a
884 2177 991 2232 quo
1019 2161 1165 2232 jacta
1208 2163 1293 2216 est
1337 2175 1463 2215 mox
1514 2161 1754 2216 reversa'
1837 2163 2004 2230 facta,
2033 2165 2099 2220 ad
2127 2165 2392 2220 orientem
2420 2164 2522 2220 loci
2550 2164 2692 2219 illius
2719 2165 2862 2219 beati
2888 2163 3032 2218 Petri
3058 2164 3426 2234 apostolorum

152 2253 429 2322 percussit.
485 2252 710 2307 Turbati
769 2251 912 2307 cives
949 2260 1004 2305 et
1025 2249 1310 2320 stupefacti
1363 2249 1594 2318 qualiter
1646 2264 1769 2340 res
1837 2255 2096 2324 principis
2134 2256 2354 2311 nomine
2389 2256 2624 2311 condunt
2660 2254 2945 2310 ecclesiam
2981 2265 3036 2310 et
3071 2255 3339 2321 dedicant,
3368 2256 3423 2310 in

153 2348 298 2404 ﬁeret
323 2347 536 2413 eﬁ‘cetu,
571 2361 678 2401 non
715 2347 858 2401 enim
888 2346 1108 2416 pr0pius
1153 2347 1411 2400 accedere
1439 2343 1728 2398 audebant.
1766 2369 1771 2414 ι·
1835 2363 1943 2418 qua
1975 2348 2137 2403 ctiam
2168 2348 2341 2403 beata;
2382 2361 2596 2416 semper
2640 2345 2867 2417 virginis
2916 2345 3095 2400 Mariae
3143 2347 3426 2415 sanctique

151 2439 425 2496 Consuluit
448 2439 765 2511 episc0pum
796 2438 924 2508 quid
951 2435 1095 2494 facto
1129 2452 1264 2507 opus
1287 2435 1378 2501 sit,
1410 2435 1504 2505 qui
1531 2434 1731 2490 indicto
1759 2437 1765 2518 ξ
1833 2440 2092 2509 Baptistae
2129 2437 2353 2496 Joannis
2385 2438 2578 2492 altaria
2610 2445 2870 2492 statuunt.
2906 2437 3143 2491 Tandem
3172 2437 3422 2502 antistes,
3485 2431 3504 2463 -⁶

145 2527 339 2603 jejunio
386 2530 660 2595 triduano,
712 2544 742 2583 a
769 2529 880 2584 Deo
925 2527 1135 2583 monuit
1173 2541 1293 2582 esse
1331 2525 1678 2595 quarendum
1712 2542 1726 2578 =
1757 2537 1763 2606 ι
1834 2530 2040 2587 salubri
2086 2539 2300 2601 reperto
2328 2529 2578 2594 consilio,
2609 2527 2914 2582 Romanum
2951 2527 3262 2598 episcopum
3292 2527 3422 2599 quid

149 2633 252 2691 quo
269 2627 488 2690 peracto
518 2627 739 2675 sanctus
765 2617 976 2674 Domini
1029 2616 1390 2688 archangelus
1417 2610 1727 2686 epiScopum
1767 2606 1899 2677 ﬁde
1921 2621 2007 2676 his
2031 2620 2298 2692 agendum
2325 2619 2397 2675 sit
2422 2633 2521 2688 per
2547 2618 2766 2673 nuntios
2809 2618 3140 2682 sciscitatur,
3171 2619 3262 2687 qui
3294 2626 3422 2675 tunc

149 2724 241 2783 per
285 2710 552 2766 visionem
599 2708 888 2778 alloquitur
948 2707 1136 2762 dicens
1168 2725 1179 2759 :
1211 2704 1332 2760 Jam
1388 2705 1722 2774 benefecisti,

150 2801 284 2869 quod
311 2800 561 2856 homines
604 2799 830 2864 latebat,
854 2813 885 2852 a
917 2797 1026 2852 Deo
1069 2794 1360 2867 quaerendo
1385 2796 1722 2867 mysterium,

149 2891 389 2947 videlicet
409 2891 683 2948 hominem
705 2906 804 2946 suo
827 2890 935 2945 telo
969 2904 1286 2960 percussum
1313 2887 1517 2953 sciatis,
1545 2887 1724 2943 ethoc

150 2996 262 3037 mea
289 2991 499 3053 gestum
527 2981 823 3036 voluntate.
869 2981 981 3050 Ego
1021 2979 1164 3034 enim
1213 2994 1332 3034 sum
1364 2977 1590 3033 Michael
1636 2993 1723 3032 ar-

151 3071 449 3142 changelus,
478 3072 571 3141 qui
607 3072 661 3126 in
699 3079 989 3139 conspectu
1023 3068 1234 3124 Domini
1265 3083 1477 3139 semper
1503 3069 1718 3137 assisto,

149 3161 420 3232 iocumque
449 3162 597 3217 hunc
623 3161 676 3216 in
707 3161 867 3216 terris
894 3159 1131 3215 incolere
1180 3167 1458 3229 tutumque
1504 3173 1720 3215 servare

1833 2711 1970 2767 forte
1996 2711 2050 2766 in
2096 2720 2278 2767 monte
2325 2710 2620 2779 Saraptim,
2652 2709 3097 2779 quinquagesimo
3142 2707 3256 2764 fere
3299 2707 3420 2762 mil-

1829 2799 1987 2857 liario
2012 2817 2042 2856 a
2081 2801 2325 2856 Romana
2367 2799 2504 2854 urbe
2537 2799 2790 2863 distabat,
2819 2813 2979 2868 quem
3027 2797 3214 2853 incola:
3244 2796 3416 2854 sancti

1830 2891 2077 2947 Silvestri
2101 2891 2423 2962 cognomine
2455 2898 2668 2955 vocant,
2705 2905 2771 2945 eo
2805 2890 2947 2959 quod
2990 2889 3105 2959 ipse
3141 2889 3414 2959 quondam

1829 2980 1903 3036 ibi
1933 2980 2087 3036 exsul
2118 2995 2215 3049 pro
2240 2979 2365 3035 ﬁdei
2404 2978 2778 3050 persecutione
2823 2968 3098 3033 delituerit
3140 2978 3192 3031 in
3233 2986 3417 3034 monte

1827 3070 1932 3125 hoc
1960 3067 2254 3139 Saraptim,
2292 3067 2492 3137 quique
2520 3065 2645 3123 talia
2691 3065 2946 3120 mandata
2979 3065 3205 3120 remisit.
3239 3064 3296 3121 Si
3318 3066 3411 3121 ho-

1829 3159 1990 3216 minis
2017 3167 2101 3214 est
2126 3158 2272 3213 illam
2298 3157 2550 3214 dedicare
2590 3155 2891 3222 basilicam,
2923 3157 3026 3212 hoc
3063 3157 3297 3211 maxime
3323 3156 3413 3214 die

148 3227 440 3318 instituens,
493 3252 598 3307 hoc
645 3249 789 3304 volui
835 3249 1069 3319 probare
1095 3246 1319 3316 judicio,
1350 3227 1590 3302 omnium
1636 3264 1722 3304 me
1749 3227 1794 3291 Ο
1825 3264 1933 3319 quo
1977 3249 2205 3305 victoria
2231 3249 2356 3318 data
2386 3257 2488 3313 est,
2517 3245 2636 3303 ﬁeri
2683 3255 2927 3317 oportet;
2959 3248 3042 3301 sin
3072 3255 3250 3301 autem
3276 3246 3412 3304 alias

142 3356 259 3426 gnat
281 3342 352 3399 ibi
383 3350 650 3414 geruntur
671 3341 945 3412 ipsiusque
972 3340 1074 3395 loci
1102 3354 1221 3395 esse
1255 3339 1613 3410 inspectorem
1640 3346 1722 3394 at-

150 3448 248 3507 que
275 3433 575 3491 custodem.
608 3431 704 3487 llis
747 3432 1072 3488 revelatione
1113 3430 1404 3501 compertis
1436 3441 1721 3487 consuetu-

146 3525 312 3582 dinem
339 3525 586 3582 fecerunt
625 3525 770 3581 cives
804 3524 894 3580 hic
933 3524 1103 3579 Deum
1144 3523 1418 3593 precibus,
1446 3530 1719 3577 sanctum-

147 3631 243 3685 que
278 3618 570 3691 deposcere
616 3616 953 3681 Michaeiem,
1003 3615 1138 3671 duas
1168 3613 1381 3684 quidem
1414 3613 1487 3670 ibi
1527 3614 1720 3684 januas

146 3716 435 3776 cernentes,
467 3722 700 3778 quarum
731 3705 1001 3771 australis,
1034 3719 1152 3775 qua:
1177 3713 1241 3759 et.
1261 3703 1433 3774 major
1448 3714 1592 3768 erat,
1622 3702 1720 3757 ali-

148 3809 267 3870 quot
287 3802 544 3872 gradibus
572 3802 628 3856 in
653 3813 905 3854 occasum
952 3797 1301 3868 vergentibus
1325 3795 1458 3850 adiri
1485 3802 1716 3867 poterat.

149 3889 246 3946 Sed
291 3907 388 3948 nec
421 3891 564 3947 ultra
587 3890 656 3945 ad
699 3897 1023 3962 prmruptam
1050 3895 1292 3961 cryptam
1343 3886 1546 3941 intrare
1576 3885 1716 3948 ausi,

148 3981 474 4052 pretioribus
504 3981 745 4052 quotidie
773 3979 1006 4035 orationi
1038 3978 1323 4033 vacabant.

210 4069 325 4126 Haec
353 4073 497 4127 inter
527 4068 845 4140 Neapolitae,
870 4067 1097 4138 paganis
1128 4067 1305 4122 adhuc
1333 4065 1528 4122 ritibus
1554 4067 1716 4121 ober-

147 4171 336 4227 rantes,
384 4159 712 4231 Sepontinos
747 4165 802 4212 et
847 4154 1257 4219 Beneventinos,
1301 4154 1400 4225 qui
1449 4154 1716 4225 quinqua-

147 4251 280 4322 ginta
309 4252 548 4307 miliibus
576 4266 606 4305 a
631 4248 866 4321 Seponto
895 4248 1121 4312 distant,
1150 4246 1291 4302 bello
1310 4246 1577 4302 lacessere
1607 4254 1717 4300 ten-

146 4353 286 4411 tant;
312 4344 403 4416 qui
431 4342 694 4399 antistitis
723 4341 806 4397 sui
828 4339 1049 4396 monitis
1077 4337 1276 4403 edocti,
1321 4336 1499 4392 triduo
1526 4343 1715 4407 petunt

147 4435 392 4500 inducias,
423 4442 488 4492 ut
514 4431 986 4503 triduanojejunio
1026 4429 1235 4494 liceret,
1263 4428 1416 4498 quasi
1445 4427 1600 4484 ﬁdele
1621 4443 1714 4498 pa-

146 4525 455 4591 trocinium,
508 4523 683 4579 sancti
726 4520 1001 4578 Michaelis
1048 4520 1337 4590 implorare
1379 4518 1706 4588 praesidium.

1735 4572 1788 4631 D

1823 3347 2012 3395 sancto
2048 3337 2314 3409 provisori
2347 3337 2450 3394 loci
2479 3335 2765 3408 placuerit,
2791 3336 2979 3392 eodem
3003 3336 3107 3401 die,
3141 3337 3414 3406 praecipue

1821 3432 1966 3488 illius
2002 3440 2086 3487 est
2118 3431 2172 3486 in
2203 3432 2307 3487 hoc
2336 3430 2583 3486 voluntas
2608 3429 2918 3501 quaerenda.
2965 3428 3077 3483 Hoc
3108 3444 3239 3500 ergo
3269 3436 3410 3484 tem-

1819 3537 1950 3593 pore
1975 3522 2307 3585 imminente,
2347 3535 2568 3592 agamus
2598 3519 2758 3575 ambo
2787 3519 3093 3573 triduanum
3121 3533 3242 3572 cum
3270 3517 3405 3572 civi-

1818 3616 1920 3671 bus
1947 3613 2147 3669 nostris
2186 3610 2473 3683 jejunium,
2505 3618 2748 3667 sanctam
2789 3609 3109 3664 Trinitatem
3155 3615 3408 3680 rogantes

1818 3715 1879 3761 ut
1906 3719 2132 3761 munera
2162 3721 2284 3774 qua:
2311 3718 2410 3774 per
2434 3717 2842 3759 summum‘sute
2872 3703 3015 3758 sedis
3043 3702 3404 3757 ministerium

1819 3796 2066 3852 conferre
2087 3795 2337 3862 dignatus
2361 3802 2467 3860 est,
2500 3793 2566 3850 ad
2596 3801 2799 3850 certum
2828 3808 2997 3875 usque
3028 3793 3185 3847 ﬁnem
3208 3791 3407 3862 perdu-

1817 3895 1925 3943 cat.
1960 3885 2296 3955 Factumque
2336 3894 2419 3941 est
2465 3894 2524 3941 ut
2565 3895 2906 3958 suggesserat
2937 3886 3164 3942 antistes
3198 3903 3211 3938 :
3243 3894 3405 3942 nocte

1815 3991 1947 4033 vero
1970 3978 2251 4033 constituti
2279 3977 2468 4048 jejunii
2498 3992 2742 4032 summus
2766 3977 2986 4047 angelus
3012 3976 3242 4040 Domini,
3270 3990 3398 4030 san-

1816 4077 1937 4124 ctus
1966 4067 2214 4134 Michael,
2263 4068 2515 4138 episcopo
2565 4067 2860 4140 Sepontino
2889 4081 2988 4137 per
3017 4067 3278 4122 visionem
3302 4081 3399 4137 ap—

1815 4173 2032 4229 parens.
2062 4157 2177 4214 Non
2206 4165 2310 4226 est,
2349 4158 2544 4228 inquit,
2567 4157 2721 4214 vobis
2757 4173 2889 4228 opus
2921 4159 3060 4213 hanc
3100 4172 3262 4227 quam
3298 4172 3399 4227 ego

1814 4249 2077 4306 aediﬁcavi
2109 4249 2354 4304 dedicare
2399 4248 2675 4305 basilicam
2705 4247 2857 4318 :ipse
2881 4248 3025 4302 enim
3048 4249 3138 4327 qui
3181 4248 3397 4304 condidi

1813 4341 1976 4397 etiam
2001 4339 2244 4396 dedicavi
2272 4358 2286 4394 :
2312 4355 2408 4396 vos
2440 4348 2647 4397 tantum
2676 4339 2892 4406 intrate,
2921 4347 2975 4394 et
2998 4354 3098 4395 me.
3111 4340 3399 4396 assistente

1810 4440 2060 4502 patrono,
2107 4429 2358 4504 precibus
2381 4430 2560 4496 locum
2590 4428 2964 4501 frequentate;
2991 4439 3046 4486 et
3097 4439 3148 4486 te
3175 4429 3395 4500 quidem

1813 4534 1936 4575 cras
1979 4521 2052 4575 ibi
2101 4521 2320 4577 missam
2356 4519 2683 4586 celebrante,
2717 4519 2944 4593 populus
2981 4520 3136 4591 juxta
3189 4535 3394 4576 morem

147 4611 250 4679 Quo
275 4623 515 4685 tempore
560 4613 752 4685 pagani
799 4612 937 4668 ludis
969 4612 1237 4677 obscenis,
1275 4610 1529 4666 falsorum
1579 4610 1712 4666 invi-
1735 4609 1788 4631 ”
1813 4611 2176 4666 communicet
2204 4629 2218 4666 :
2245 4625 2424 4666 meum
2454 4617 2636 4664 autem
2664 4609 2772 4665 erit
2814 4610 3102 4666 ostendere
3125 4610 3395 4680 quomodo

146 4710 250 4756 tant
291 4703 489 4758 auxilia
541 4703 785 4757 deorum.
836 4701 974 4756 Ecce
999 4709 1180 4756 autem
1229 4707 1387 4755 nocte
1431 4699 1545 4770 ipsa
1589 4713 1709 4770 qua;

144 4792 256 4848 belli
299 4794 629 4864 praecederet
657 4792 818 4858 diem,
854 4792 1006 4848 adest
1035 4791 1088 4844 in
1114 4791 1321 4846 visione
1355 4798 1574 4844 sanctus
1616 4789 1711 4843 Mi-

145 4883 284 4938 chael
311 4883 561 4948 antistiti,
589 4895 778 4954 preces
799 4881 934 4936 dixit
958 4881 1263 4943 exauditas,
1286 4878 1570 4934 victoriam
1591 4892 1708 4948 spo-

143 4974 315 5040 pondit
354 4972 678 5032 adfuturam,
704 4978 763 5026 et
785 4977 975 5040 quarta
1003 4968 1109 5023 diei
1139 4969 1272 5023 hora
1312 4966 1451 5021 bello
1479 4980 1706 5038 praemo-

148 5072 228 5117 net
268 5064 513 5119 hostibus
554 5061 965 5118 occurrendum.
993 5058 1125 5114 Laeti
1161 5072 1289 5128 ergo
1334 5071 1511 5122 mane,
1538 5065 1594 5112 et
1640 5057 1707 5112 de

146 5153 366 5222 angelica
395 5153 535 5210 certi
578 5152 824 5217 victoria,
851 5150 1068 5206 obviant
1113 5148 1406 5207 Christiani
1458 5149 1706 5222 paganis,

148 5253 292 5314 atque
336 5246 389 5300 in
435 5245 616 5316 primo
659 5242 781 5298 belli
835 5249 1088 5313 apparatu
1111 5241 1390 5311 Garganus
1416 5256 1572 5296 mons
1611 5241 1706 5296 im-

150 5349 315 5389 menso
345 5344 581 5390 tremore
602 5333 922 5396 concutitur,
952 5331 1165 5401 fulgura
1203 5330 1395 5386 crebra
1425 5330 1627 5396 volant,
1651 5338 1705 5385 et

150 5423 304 5495 caligo
339 5427 627 5483 tenebrosa
681 5431 852 5479 totum
901 5423 1097 5478 montis
1150 5436 1407 5477 cacumen
1455 5422 1700 5478 obduxit.

149 5512 381 5583 lmpletur
402 5515 692 5586 prophetia
725 5529 842 5583 qua:
873 5512 1042 5567 Deum
1072 5511 1319 5578 laudans,
1348 5512 1463 5567 ait:
1496 5511 1601 5578 Qui
1622 5513 1703 5582 fa-

151 5604 209 5656 cit
235 5606 434 5676 angelos
466 5623 591 5662 suos
615 5607 850 5675 spiritus,
894 5613 940 5659 et
990 5605 1252 5658 ministros
1282 5621 1405 5658 suos
1433 5606 1702 5674 ﬂammam

150 5694 265 5761 ignis
295 5695 460 5766 (Psal.
506 5699 658 5765 cui);
697 5695 901 5767 fugiunt
944 5695 1156 5766 pagani,
1198 5695 1396 5764 partim
1439 5694 1583 5749 ferro
1611 5695 1704 5748 ho-

151 5785 313 5851 suum,
337 5790 530 5863 partim
564 5786 808 5859 igniferis
833 5786 1040 5857 impulsi
1067 5783 1299 5855 sagittis,
1332 5794 1391 5838 ut
1425 5783 1700 5858 Neapolim

1811 4717 1912 4772 per
1959 4702 2333 4772 memetipsum
2382 4699 2557 4757 locum
2589 4701 3023 4756 consecraverim
3063 4701 3255 4772 ipsum.
3283 4700 3393 4757 Ad-

1811 4793 2036 4850 veniunt
2065 4807 2221 4848 mane
2267 4808 2388 4849 cum
2417 4791 2800 4858 oblationibus,
2830 4799 2885 4848 et
2918 4808 3109 4864 magna
3139 4791 3392 4848 instantia

1809 4900 2034 4958 precum
2081 4885 2284 4940 intrant
2328 4891 2536 4954 portam
2584 4882 2899 4939 australem.
2948 4883 3015 4937 Et
3059 4898 3187 4938 ecce
3231 4882 3389 4954 longa

1810 4977 2054 5054 porticus
2082 4975 2136 5029 in
2181 4974 2480 5044 aquilonem
2527 4982 2800 5046 porrecta,
2851 4983 3015 5046 atque
3052 4973 3197 5029 illam
3227 4974 3389 5029 attin-

1808 5083 1940 5138 gens
1984 5065 2312 5137 posterulam
2342 5065 2565 5135 januam
2609 5074 2760 5120 extra
2799 5059 2961 5136 quam‘
2989 5066 3214 5138 vestigia
3244 5082 3386 5121 mar-

1806 5173 1959 5214 more
1983 5156 2216 5213 diximus
2257 5155 2538 5226 impressa.
2571 5154 2678 5212 Sed
2705 5155 3021 5226 priusquam
3067 5158 3172 5212 huc
3200 5171 3386 5227 perve-

1805 5248 1943 5313 nias,
1991 5253 2214 5316 apparet
2240 5243 2306 5299 ad
2355 5245 2620 5300 orientem
2667 5245 2889 5301 basilica
2938 5245 3293 5316 praegrandis,
3318 5245 3387 5300 ad

1804 5350 1966 5406 quam
1991 5350 2087 5404 per
2113 5335 2308 5406 gradus
2337 5333 2667 5389 ascenditur.
2697 5332 2824 5410 Haec
2866 5346 2990 5389 cum
3034 5334 3147 5402 ipsa
3174 5334 3385 5403 porticu

1805 5441 1901 5480 sua
1927 5426 2247 5496 quingentos
2291 5424 2402 5479 fere
2447 5423 2692 5478 homines
2719 5410 2912 5493 capere
2953 5424 3234 5480 videbatur
3271 5462 3286 5479 .
3309 5422 3386 5478 al-

1806 5524 1923 5569 tare
1969 5514 2330 5568 venerandum
2359 5555 2372 5577 ,
2438 5513 2711 5582 rubroque
2763 5520 3070 5568 contectum
3122 5511 3338 5583 palliolo
3365 5552 3380 5576 ,

1803 5611 1969 5673 prope
1994 5611 2113 5658 erat
2137 5603 2368 5657 medium
2395 5602 2636 5672 parietis,
2668 5601 2948 5657 meridiem
2971 5602 3262 5659 ostendens
3286 5619 3300 5657 :
3325 5602 3380 5657 in

1804 5711 1935 5767 gyro
1987 5702 2164 5749 autem
2215 5695 2329 5763 ipso
2367 5693 2557 5748 domus
2603 5692 2882 5762 angulosa,
2929 5705 3036 5747 non
3073 5692 3127 5746 in
3173 5706 3377 5749 morem

1803 5785 1983 5860 operis
2011 5784 2228 5839 humani
2257 5783 2551 5857 parietibus
2575 5783 2794 5850 erectis,
2833 5784 2927 5840 sed
2964 5783 3136 5840 instar
3166 5782 3375 5852 spelun-
