3922 6340
492 396 563 454 65
1131 390 1191 444 Β.
1234 388 1490 444 ΙὶΑΒΑΝΙ
1540 388 1759 443 MAURI
1797 388 2083 443 ARCHIEP

2186 383 2470 441 IOGUNT.
2511 377 2796 436 OPEllUM
2831 375 3010 431 PARS
3050 374 3111 429 Il.
3705 375 3765 431 δι

492 519 572 563 cae
609 501 915 575 praeruptis,
942 509 996 554 ct
1040 497 1234 568 saepius
1274 497 1638 553 eminentibus
1668 507 1913 565 asperata
1960 512 2076 550 sco—
2107 499 2149 557 Α
2180 493 2326 565 liqua
2368 493 2420 546 in
2464 506 2599 561 opus
2627 488 2803 542 simile
2844 493 3276 553 consumpserat.
3312 486 3546 555 Arrepto
3596 488 3766 558 itaque

496 597 657 665 pulis,
687 592 920 649 culmine
947 605 1160 660 quoque
1204 590 1429 643 diversae
1470 588 1787 651 altitudinis,
1816 588 1958 656 quod
1990 588 2079 642 hic

493 687 717 749 vertice,
750 683 875 738 alibi
905 696 1065 736 manu
1110 681 1194 734 vix
1237 682 1407 750 possit
1436 680 1649 750 attingi.
1694 678 1868 735 Credo
1910 679 2075 749 quod,

496 780 721 835 docente
760 773 1085 845 archangelo
1112 772 1348 837 Domini,
1390 788 1495 827 non
1528 781 1779 827 ornatum
1817 772 2077 842 lapidum,

494 869 591 925 sed
625 867 805 923 cordis
848 880 1092 935 quaerere
1122 879 1187 919 ac
1219 865 1441 935 diligere
1473 864 1766 933 puritatem
1813 872 2077 933 Oporteat.

497 957 697 1014 Verte:
725 972 853 1012 vero
889 955 1089 1010 montis
1122 955 1459 1009 extrinsecus
1488 953 1683 1022 partim
1722 968 1923 1007 cornea
1947 954 2078 1007 silva

498 1052 712 1121 tegitur,
757 1048 952 1121 partim
980 1046 1179 1102 virenti
1220 1045 1439 1116 planitie
1476 1044 1751 1098 dilatatur.
1795 1042 2080 1097 Missarum

493 1140 678 1210 itaque
711 1137 1077 1193 celebratione
1121 1134 1405 1205 completa,
1452 1148 1649 1205 magno
1692 1134 1904 1188 attoniti
1954 1148 2082 1203 gau-

494 1232 603 1298 dio,
635 1231 836 1302 quiane
865 1230 1140 1284 redierunt
1167 1228 1220 1282 in
1249 1241 1345 1282 sua
1374 1225 1492 1281 loca
1520 1242 1533 1279 :
1563 1224 1847 1295 episcopus
1876 1233 2077 1288 autem,

492 1325 680 1395 delega
721 1349 743 1380 λ
771 1324 1163 1386 ministrorum,
1193 1328 1475 1375 cantorum
1505 1317 1956 1384 sacerdotumque
2002 1315 2084 1369 of—

496 1415 638 1481 ficio,
667 1423 724 1469 et
749 1412 1029 1467 mansione
1063 1417 1393 1473 constructa,
1423 1422 1636 1463 omnem
1671 1405 1870 1461 ibidem
1902 1406 2079 1477 quoti-

494 1505 581 1560 die
606 1502 934 1573 psalmorum
984 1502 1385 1568 missarumque
1411 1512 1629 1553 cursum
1673 1510 1912 1567 congruo
1954 1512 2084 1566 prm-

495 1596 639 1665 cepit
659 1594 849 1649 ordine
872 1592 1155 1649 celebrari.
1184 1590 1369 1645 Nullus
1390 1600 1570 1643 autem
1594 1588 1683 1643 hic
1704 1597 1787 1641 est
1818 1595 2081 1642 nocturno

496 1695 737 1755 tempore
760 1698 925 1739 ausus
952 1680 1185 1751 ingredi,
1211 1681 1306 1736 sed
1355 1694 1549 1733 aurora
1580 1686 1878 1751 transacta,
1905 1687 2079 1732 matu-

496 1776 637 1832 tinos
660 1776 733 1831 ibi
758 1775 1050 1831 decantant
1078 1776 1326 1843 hymnos.
1354 1771 1433 1827 Ex
1465 1772 1581 1841 ipso
1609 1780 1789 1826 autem
1819 1786 1953 1825 saxo
1974 1786 2081 1840 quo

2184 584 2331 640 ferro
2362 598 2467 651 quo
2490 581 2764 635 accinctus
2788 589 2927 641 erat,
2958 578 3187 630 mediam
3219 577 3425 639 dividit,
3451 587 3767 648 partemque

2180 673 2228 727 ei
2268 673 2487 743 pauperi
2516 670 2726 732 tribuit,
2756 668 2960 735 reliqua
3004 682 3191 721 rursus
3224 666 3483 721 induitur.
3514 668 3616 733 Qui
3650 684 3766 723 cum

2181 776 2211 815 a
2246 759 2722 815 circumstantibus
2775 757 2967 811 irrisus
3008 765 3173 819 esset,
3203 757 3347 825 quod
3390 773 3512 810 cum
3544 757 3767 813 deformi

2183 863 2539 921 truncatoque
2582 852 2771 906 habitu
2818 851 3114 913 videretur,
3156 851 3307 917 quasi
3351 852 3405 903 in
3439 850 3585 903 nullo
3615 850 3770 904 laesus

2182 946 2485 1013 ignoscetis,
2520 942 2585 997 ad
2627 942 3117 995 remunerationem
3153 940 3465 994 attendebat
3510 939 3767 993 futuram.

2181 1035 2347 1089 Nocte
2377 1036 2538 1105 igitur
2590 1033 2860 1102 sequenti,
2892 1048 3014 1087 cum
3049 1047 3108 1086 se
3146 1033 3326 1101 sopori
3355 1032 3612 1095 dedisset,
3646 1032 3771 1087 vidit

2180 1124 2452 1180 Christum
2489 1123 2787 1193 chlamydis
2812 1138 2941 1185 suae,
2971 1137 3075 1190 qua
3104 1137 3395 1190 pauperem
3435 1130 3770 1186 contexerat,

2181 1227 2335 1284 parte
2392 1216 2686 1279 vestitum,
2744 1214 2941 1268 intueri
2996 1212 3411 1282 diligentissime
3464 1213 3772 1276 Dominum,

2183 1314 2497 1371 vestemque
2543 1318 2705 1371 quam
2754 1302 2997 1366 dederat,
3040 1302 3261 1373 jubetur
3306 1315 3620 1371 agnoscere.
3658 1300 3771 1354 Mox

2185 1394 2252 1447 ad
2281 1393 2592 1463 angelorum
2624 1392 3092 1447 circumstantium
3126 1391 3523 1445 multitudinem
3573 1389 3775 1444 audivit

2182 1482 2366 1537 Jesum
2417 1484 2565 1538 clara
2593 1498 2727 1537 voce
2778 1483 3045 1537 dicentem
3081 1502 3092 1535 :
3123 1480 3386 1535 Martinus
3426 1481 3599 1533 adhuc
3632 1490 3774 1533 cate-

2184 1578 2468 1628 cltumenus
2506 1576 2603 1627 hac
2633 1591 2712 1628 me
2738 1584 2870 1628 veste
2917 1574 3162 1627 contexit.
3208 1572 3518 1637 Attenditis,
3554 1570 3773 1637 fratres,

2183 1680 2213 1717 a
2242 1671 2444 1733 quanta
2476 1662 2803 1733 perfectione
2852 1663 2952 1717 iste
3002 1662 3086 1715 vir
3114 1670 3334 1716 sanctus
3377 1662 3607 1731 cmperit
3650 1677 3777 1717 con-

2183 1756 2507 1814 versationis
2537 1771 2647 1811 suze
2672 1755 2914 1819 initium;
2947 1769 3071 1807 nam
3100 1753 3227 1808 hinc
3257 1752 3525 1820 conjicere
3550 1752 3777 1822 potestis

495 1866 698 1934 tegitur
725 1878 880 1919 sacra
923 1864 1067 1918 mdes
1111 1842 1180 1917 ad
1224 1862 1528 1931 aquilonem
1572 1861 1782 1926 altaris,
1811 1860 1983 1915 dulcis
2029 1870 2082 1914 et

2186 1848 2253 1902 ad
2290 1862 2451 1916 quem
2498 1847 2659 1901 ﬁnem
2708 1860 2898 1900 cursus
2944 1844 3024 1898 sui
3050 1844 3380 1911 pertenderit
3424 1852 3645 1897 statum.
3684 1842 3776 1896 Vi-

496 1956 721 2010 nimium
748 1954 923 2008 lucida
952 1954 1202 2022 guttatim
1229 1967 1367 2022 aqua
1400 1952 1670 2018 dilabitur,
1702 1967 1865 2021 quam
1892 1950 2081 2005 incola:

494 2043 695 2099 stillam
730 2051 949 2099 vocant.
984 2042 1066 2096 Ah
1102 2032 1291 2097 hoc'et
1318 2043 1547 2097 vitreum
1577 2058 1690 2107 vas,
1729 2039 1968 2109 ejusdem
1998 2056 2083 2095 re-

494 2134 675 2205 ceptui
704 2143 1082 2203 praeparatum,
1118 2142 1373 2201 argentea
1414 2132 1610 2201 pendet
1638 2140 1829 2186 catena
1857 2144 2081 2199 suspen—

493 2240 635 2289 sum,
665 2224 940 2293 morisque
973 2231 1057 2277 est
1103 2222 1299 2293 populo
1346 2221 1705 2277 communiter
1746 2220 1984 2291 singulos
2015 2219 2083 2273 ad

495 2315 595 2368 hoc
630 2312 906 2368 vasculum
930 2312 1224 2367 ascendere
1265 2325 1363 2380 per
1392 2312 1609 2381 gradus,
1636 2310 1949 2379 dominique
1974 2323 2083 2363 coe-

493 2404 646 2461 lestis
674 2406 961 2475 degustare
987 2404 1291 2472 liquorem:
1323 2419 1447 2457 nam
1480 2414 1536 2458 et
1583 2414 1740 2472 gustu
1769 2404 1952 2458 suavis
2000 2409 2084 2458 est

495 2502 552 2548 et
580 2502 722 2549 tactu
754 2493 1006 2549 salubris.
1044 2494 1289 2562 Denique
1330 2493 1569 2548 nonnulli
1620 2502 1742 2563 post
1774 2494 1964 2564 longas
2002 2492 2082 2548 fe-

493 2586 672 2646 brium
692 2585 963 2651 ﬂammas,
993 2588 1134 2641 hanc
1174 2586 1421 2639 haustam
1446 2585 1663 2649 stillam,
1690 2586 1850 2640 celeri
1893 2585 2080 2640 confe-

493 2680 620 2733 stim
652 2678 934 2750 refrigerio
965 2679 1246 2748 potiuntur
1276 2678 1483 2732 salutis.
1520 2676 1823 2732 Inmuneris
1868 2694 2081 2749 quoque

492 2776 549 2823 ct
572 2766 691 2823 aliis
720 2769 894 2824 modis
944 2768 1015 2823 ibi
1062 2770 1254 2822 crebro
1280 2777 1543 2821 sanantur
1587 2768 1797 2838 aegroti,
1829 2776 1884 2821 et
1914 2768 2081 2821 multa

494 2858 748 2929 angelicas
792 2868 996 2915 tantum
1025 2859 1313 2929 potestatis
1352 2859 1477 2914 licet
1513 2860 1629 2930 (sic)
1659 2860 1770 2929 geri
1820 2859 2081 2914 miracula

495 2948 915 3019 comprobantur
947 2968 960 3002 :
990 2948 1227 3003 maxime
1257 2957 1439 3003 tamen
1482 2947 1721 3015 ejusdem
1750 2950 1836 3003 die
1886 2949 2084 3004 natalis

499 3036 631 3104 ejus,
664 3052 790 3091 cum
817 3044 872 3091 et
908 3038 975 3091 de
1018 3037 1311 3106 provinciis
1341 3038 1739 3106 circumpositis
1777 3038 1898 3107 plus
1924 3036 2080 3092 solito

505 3123 709 3179 conﬂua
753 3126 910 3181 turba
946 3134 1219 3191 occurrat,
1266 3135 1319 3181 et
1357 3126 1611 3196 angelicae
1646 3127 1862 3181 virtutis
1911 3126 2083 3194 major

2185 1939 2318 2007 ginti
2352 1954 2479 2009 ergo
2512 1952 2775 2008 annorum
2801 1934 3058 2005 baptismi
3084 1942 3481 1987 sacramentum
3518 1933 3775 2001 suscepit,

2186 2038 2241 2083 ct
2274 2046 2378 2084 non
2406 2028 2573 2082 multo
2599 2035 2719 2097 post
2740 2026 2855 2079 haec
2878 2024 3124 2078 militiam
3153 2022 3429 2085 deserens,
3464 2031 3654 2076 sancto
3682 2020 3774 2078 Ili-

2186 2121 2320 2174 lario
2367 2117 2663 2173 confessori
2720 2117 3017 2175 adlizercns,
3072 2115 3129 2167 tit
3184 2114 3515 2176 monachus;
3570 2114 3624 2165 in
3674 2129 3776 2181 quo

2184 2210 2460 2281 proposito
2490 2218 2599 2263 tam
2649 2208 2900 2263 nobiliter
2928 2206 3174 2277 degebat,
3206 2214 3267 2259 ut
3315 2206 3478 2259 etiam
3524 2206 3697 2274 signis
3725 2216 3777 2259 et

2187 2302 2460 2365 miraculis
2492 2302 2749 2355 Dominus
2772 2300 2890 2369 ejus
2919 2300 3292 2365 comprobaret
3327 2296 3583 2351 studium.
3640 2297 3776 2349 Inte-

2186 2408 2278 2448 rea
2309 2391 2702 2446 ’I‘uronensium
2756 2389 3009 2443 Ecclesiae
3056 2390 3340 2457 episcopus
3385 2387 3691 2450 ordinatur,
3726 2387 3773 2440 in

2187 2497 2291 2551 quo
2319 2482 2486 2549 gradu
2515 2481 2679 2533 etiam
2710 2480 2781 2532 ita
2829 2479 3151 2548 temperavit
3180 2476 3451 2546 religionis
3507 2477 3774 2542 habitum,

2185 2580 2243 2625 ut
2265 2572 2317 2624 in
2346 2572 2610 2625 monacho
2634 2584 2820 2639 posses
2854 2568 3083 2637 pastoris
3106 2581 3433 2635 cognoscere
3460 2570 3773 2641 primatum,

2185 2664 2317 2717 etin
2351 2669 2567 2731 pastore
2609 2660 2798 2714 mirari
2846 2660 3131 2714 monastici
3162 2661 3357 2729 rigoris
3398 2668 3599 2713 actum.
3639 2659 3776 2725 Quid

2186 2754 2371 2825 plura?
2417 2752 2501 2806 Fit
2551 2752 2767 2822 quidem
2814 2766 2910 2819 per
2953 2752 3132 2805 omnia
3176 2750 3500 2817 evangelica:
3548 2750 3775 2820 insignis

2185 2855 2421 2900 assertor
2443 2844 2721 2907 doctrinae,
2752 2850 2806 2895 et
2828 2843 2880 2896 in
2906 2842 3288 2896 miraculorum
3314 2840 3618 2908 frequentia
3650 2856 3776 2910 apo—

2186 2938 2388 2993 stolicae
2411 2952 2510 3006 par
2535 2936 2754 3007 gratiae;
2783 2935 2849 2988 de
2871 2948 2975 3001 quo
3004 2933 3277 2996 videlicet,
3311 2932 3542 3000 Sulpitio
3574 2931 3776 2985 Severo

2187 3028 2476 3091 scribente,
2508 3026 2717 3096 insigne
2745 3032 2924 3078 exstat
2967 3022 3241 3078 volumen.
3293 3020 3428 3074 Nam
3471 3022 3773 3075 daemonum

2189 3119 2423 3189 legiones
2452 3115 2519 3169 ab
2553 3114 2791 3170 obsessis
2820 3114 3055 3168 catervis
3083 3112 3359 3166 hominum
3403 3110 3608 3180 expulit
3638 3128 3653 3162 :
3683 3124 3775 3162 va-

500 3214 893 3283 quodammodo
942 3216 1194 3270 credatur
1237 3217 1427 3271 adesse
1474 3215 1794 3284 frequentia,
1828 3224 1886 3270 ut
1939 3215 2080 3285 quod
2112 3228 2154 3287 C
2191 3212 2297 3264 rias
2323 3208 2667 3279 (egritudines
2695 3206 3086 3261 infirmantium
3126 3205 3370 3273 abigens,
3403 3201 3559 3256 saluti
3592 3200 3776 3271 pristi-

498 3307 817 3376 spiritaliter
855 3306 1107 3361 dixerunt
1150 3306 1376 3377 apostoli
1404 3315 1458 3362 et
1494 3307 1847 3376 corporaliter
1881 3302 1971 3377 agi
2003 3308 2083 3361 vi-

500 3400 708 3463 deatur,
740 3398 879 3468 quod
926 3400 1096 3468 angeli
1135 3409 1257 3453 sunt
1295 3397 1733 3451 administratorii
1776 3397 1987 3465 spiritus
2032 3398 2085 3451 in

498 3490 843 3543 ministerium
880 3491 1049 3553 missi,
1098 3500 1307 3560 propter
1344 3506 1428 3542 eos
1468 3490 1555 3557 qui
1594 3489 1950 3542 lurreditatem
1991 3506 2081 3541 ca-

498 3580 645 3650 piunt
668 3579 854 3635 salutis
885 3580 1042 3651 (Heb.
1074 3581 1135 3650 ι).
1158 3580 1215 3635 In
1240 3579 1457 3635 Christo
1477 3578 1601 3634 .Iesu
1628 3580 1856 3635 Domino
1877 3590 2081 3645 nostro,

499 3672 593 3739 qui
620 3671 750 3725 vivit
773 3679 827 3725 et
851 3680 1042 3740 regnat
1064 3672 1117 3725 in
1148 3671 1345 3725 secula
1375 3672 1712 3727 sreeulorum.
1745 3671 1937 3725 Amen.

1010 3779 1293 3835 HOMILIA
1336 3779 1568 3833 XXXIII.

501 3890 553 3929 IN
592 3888 788 3929 NA'I'ALI
828 3887 1015 3929 BLNCTI
1056 3887 1278 3927 IAR'I‘INI
1317 3886 1662 3927 CONFESSORIS
1688 3886 1863 3935 ATQUE
1900 3886 2085 3928 PONTI-

1215 3957 1366 3997 FICIS.

576 4032 863 4104 Largiente
890 4032 1070 4087 divina
1092 4030 1265 4099 gratia
1304 4030 1634 4086 convenistis
1675 4029 1855 4095 hodie,
1886 4028 2085 4085 fratres

505 4122 834 4185 eharissimi,
866 4122 934 4175 ad
981 4120 1357 4175 celebrandum
1405 4119 1599 4174 festum
1650 4119 1821 4173 sancti
1868 4117 2085 4172 Martini

506 4214 776 4287 pontiticis
802 4230 814 4265 :
846 4211 1001 4283 cujus
1029 4212 1170 4265 inter
1192 4220 1417 4266 cancros
1444 4211 1653 4264 natales
1695 4218 1751 4265 et
1795 4211 2085 4265 memorias

505 4314 813 4361 sanctorum
841 4301 1061 4356 Patrum
1093 4300 1285 4356 nobilis
1328 4309 1382 4355 et
1406 4302 1651 4355 eminens
1675 4308 1850 4355 exstat
1890 4301 2087 4355 solem-

506 4396 678 4461 nitas;
710 4404 767 4448 et
794 4392 1010 4457 merito,
1034 4391 1159 4460 quia
1196 4406 1227 4444 a
1264 4392 1453 4461 primis
1482 4392 1802 4446 rudimentis
1841 4391 1965 4445 vita:
1993 4393 2086 4446 hu-

505 4502 680 4549 mana:
703 4484 775 4537 ita
791 4484 974 4553 gratia:
991 4482 1182 4537 divinae
1204 4490 1414 4552 aptatus
1435 4490 1537 4547 est,
1559 4491 1617 4537 ut
1632 4484 1685 4536 in
1708 4484 1951 4553 pueritia:
1973 4498 2085 4538 suae

2188 3316 2270 3354 uae
2304 3308 2488 3353 erutos
2529 3296 2778 3357 reddidit,
2816 3296 3019 3350 debiles
3046 3302 3099 3347 et
3142 3293 3383 3362 leprosos
3415 3292 3575 3345 verbo
3619 3306 3750 3345 cura

2184 3392 2279 3454 vit,
2325 3388 2607 3457 sanctique
2639 3386 2875 3455 Spiritus
2906 3385 3077 3455 gratia
3127 3386 3419 3447 revelante,
3474 3385 3642 3437 multa
3694 3383 3749 3439 fu

2188 3493 2301 3534 tura
2356 3496 2447 3535 seu
2492 3480 2779 3549 pnescntia
2825 3478 3093 3547 praedixit.
3152 3475 3355 3531 Praeter
3412 3477 3525 3530 haec
3558 3492 3776 3545 quoque

2186 3577 2345 3630 trium
2372 3583 2705 3630 mortuorum
2739 3572 3031 3627 suscitator
3064 3571 3390 3639 prredicatur
3418 3585 3539 3624 esse
3568 3572 3748 3641 magni

2185 3669 2337 3722 ﬁcus.
2365 3667 2635 3738 Augelicis
2664 3680 2806 3735 smpe
2832 3666 3080 3719 visitatus
3104 3673 3188 3718 est
3218 3663 3429 3727 ciliciis,
3458 3674 3621 3733 atque
3649 3680 3744 3719 san

2184 3769 2394 3813 ctorum
2448 3756 2859 3827 apostolorum,
2912 3764 2967 3808 et
3020 3755 3289 3824 prwcipue
3343 3754 3439 3808 Dei
3493 3753 3775 3823 genitricis

2183 3857 2265 3903 est
2290 3848 2600 3904 consolatus
2623 3846 2891 3915 alloquiis.
2919 3845 2962 3901 Ο
2991 3847 3073 3898 vir
3112 3845 3301 3899 beatus
3328 3852 3383 3899 et
3413 3858 3573 3899 verus
3603 3845 3776 3899 Israe-

2185 3940 2301 4005 lita,
2327 3940 2378 3993 in
2409 3954 2514 4008 quo
2541 3938 2693 3994 dolus
2720 3953 2826 3992 non
2856 3937 2984 3991 fuit!
3025 3936 3305 3991 Neminem
3333 3946 3536 3992 temere
3561 3936 3777 4006 judica-

2184 4033 2279 4097 vit,
2332 4032 2603 4085 neminem
2652 4030 2850 4099 injuste
2897 4029 3192 4092 damnavit,
3246 4027 3379 4081 nulli
3428 4026 3628 4081 malum
3675 4042 3775 4097 pro

2184 4124 2326 4177 malo
2351 4119 2601 4185 reddidit,
2632 4127 2822 4173 contra
2850 4132 3041 4173 omnes
3089 4117 3313 4185 injurias
3343 4124 3397 4169 et
3435 4116 3778 4171 adversario-

2187 4228 2305 4264 rum
2347 4210 2647 4266 calumnias
2696 4207 3127 4277 patientissimus
3177 4206 3402 4260 exstitit.
3449 4205 3777 4275 Plerumque

2185 4302 2347 4354 etiam
2372 4315 2469 4369 pro
2492 4314 2680 4354 eorum
2708 4298 2797 4367 qui
2828 4299 3221 4353 obtrectatores
3250 4296 3391 4349 illius
3430 4304 3587 4349 erant
3631 4297 3777 4351 sole-

2187 4391 2277 4443 bat
2297 4390 2423 4444 flere
2450 4390 2707 4459 peccatis,
2728 4388 2816 4457 qui
2846 4399 3115 4442 remotum
3158 4387 3303 4441 illum
3336 4396 3389 4440 ct
3410 4387 3653 4456 quietum
3678 4402 3775 4442 ve-

2188 4483 2396 4536 nenatis
2436 4483 2631 4553 linguis
2654 4494 2707 4535 et
2744 4482 2960 4550 vipereo
2988 4495 3083 4534 ore
3127 4481 3437 4545 carpebant.
3484 4478 3775 4548 Nunquam

510 4586 771 4647 tempore,
804 4574 1017 4645 quando
1045 4573 1278 4641 primum
1316 4573 1577 4627 electione
1608 4572 1698 4627 Dei
1727 4572 1902 4627 fuerat
1925 4576 2086 4627 advo—
2112 4576 2163 4633 Ι)
2192 4576 2245 4630 in
2285 4589 2380 4629 ore
2410 4575 2550 4629 illius
2591 4576 2692 4627 nisi
2721 4574 2989 4637 Christus,
3023 4586 3296 4639 nunquam
3339 4571 3393 4623 in
3438 4570 3581 4625 illius
3608 4570 3777 4625 corde

508 4677 681 4731 catus,
722 4666 903 4721 statim
931 4672 1214 4733 appareret
1238 4664 1524 4733 perfectus.
1554 4664 1793 4733 Denique
1820 4680 1939 4719 cum
1967 4681 2088 4721 nec-

509 4761 637 4813 dum
660 4773 812 4812 sacra
836 4760 973 4810 unda
1006 4755 1342 4825 baptismatis
1372 4754 1561 4809 fuisset
1592 4763 1959 4823 regeneratus,
1993 4756 2086 4810 sed

512 4858 719 4905 tantum
744 4848 909 4901 verbo
947 4845 1073 4900 ﬁdei
1100 4846 1334 4899 imbutus
1376 4860 1438 4898 ac
1481 4846 1901 4898 catechumenos
1946 4854 2089 4898 esset

511 4938 750 4999 effectus,
767 4936 997 5004 quodam
1020 4914 1415 5003 tempore,cum
1432 4932 1544 5000 jam
1567 4931 1697 4984 nihil
1720 4940 1913 4999 prteter
1936 4946 2085 4983 arma

513 5038 566 5082 et
592 5028 888 5097 simplicem
918 5024 1121 5078 militia:
1148 5024 1397 5077 vestitum
1422 5021 1661 5084 haberet,
1686 5021 1861 5074 media
1888 5021 2085 5083 hieme,

514 5134 634 5189 qua:
663 5117 820 5172 solito
852 5116 1091 5184 asperior
1125 5114 1493 5175 inhorruerat,
1544 5112 1677 5165 adeo
1704 5121 1763 5165 ut
1805 5112 2089 5180 plerosque

514 5194 596 5265 vis
641 5208 836 5278 algoris
871 5208 1258 5276 exstingueret,
1299 5205 1515 5259 obvium
1560 5203 1801 5267 haberet,
1837 5204 1889 5256 in
1936 5214 2090 5271 porta

518 5301 961 5354 Ambiancnsiunt
989 5298 1241 5361 civitatis,
1270 5311 1559 5365 pauperem
1592 5296 1815 5358 nudum,
1846 5295 1936 5363 qui
1968 5310 2088 5347 cum

515 5402 900 5465 prmtereuntes
942 5399 1001 5443 ut
1028 5394 1112 5444 sui
1142 5392 1526 5443 misererentur
1567 5395 1771 5451 oraret,
1796 5403 2091 5454 omnesque

519 5486 775 5545 miserum
818 5482 1174 5552 praeterirent,
1202 5480 1462 5534 intellexit
1486 5479 1566 5532 vir
1608 5478 1717 5532 Deo
1746 5478 1957 5547 plenus.
1992 5478 2092 5531 sibi

520 5573 691 5635 illum,
736 5574 854 5627 aliis
898 5572 1321 5629 misericordiam
1353 5586 1457 5625 non
1487 5570 1887 5640 praestantibus,
1919 5584 2093 5623 reser-

520 5663 655 5715 vari.
685 5662 820 5728 Quid
846 5672 1022 5717 tamen
1052 5668 1253 5734 ageret,
1290 5663 1581 5725 nesciebat,
1612 5662 1701 5728 qui
1734 5660 1865 5713 nihil
1897 5669 2093 5727 praeter

521 5752 851 5829 elnamyiicm
880 5769 982 5825 qua
1009 5754 1225 5812 indutus
1254 5763 1387 5822 erat,
1426 5751 1654 5805 habebat
1680 5772 1688 5801 :
1710 5751 1820 5817 jam
1847 5752 1987 5805 enim
2012 5765 2094 5805 re—

2190 4668 2291 4720 nisi
2320 4666 2513 4736 pietas,
2542 4665 2641 4719 nisi
2666 4679 2791 4732 pax,
2831 4664 2935 4718 nisi
2978 4664 3372 4725 misericordia,
3398 4664 3499 4716 nisi
3530 4664 3774 4719 Charitas

2189 4766 2325 4811 erat.
2375 4758 2536 4819 Ecce,
2587 4755 2800 4820 fratres,
2830 4755 3042 4823 qualem
3088 4764 3142 4809 et
3186 4764 3441 4823 quantam
3492 4755 3775 4809 lucernam

2190 4850 2433 4903 Christus
2460 4863 2619 4917 super
2648 4846 3029 4901 candelabrum
3058 4848 3111 4897 in
3144 4846 3378 4900 Ecclesia
3425 4860 3520 4899 sua
3570 4847 3773 4913 posuit,

2190 4952 2249 4995 ut
2274 4956 2462 4996 omnes
2483 4941 2574 5009 qui
2604 4940 2996 5007 ingrediuntur,
3024 4937 3203 4991 lumen
3247 4937 3480 4990 videant.
3511 4935 3644 5001 Quis
3677 4952 3773 4991 nov

2194 5038 2365 5085 strunt
2412 5039 2489 5083 est
2524 5029 2615 5097 qui
2651 5043 2758 5081 non
2803 5029 2855 5081 in
2888 5025 3295 5080 conversatione
3336 5024 3451 5091 ejus
3481 5024 3691 5088 lucem,
3720 5025 3773 5079 in

2193 5121 2436 5174 doctrina
2488 5120 2851 5188 splendorem,
2881 5118 2933 5171 in
2968 5116 3229 5186 exemplis
3274 5116 3575 5168 claritatem
3622 5116 3775 5169 inve.

2194 5210 2311 5263 nire
2354 5208 2524 5277 possit
2555 5223 2569 5260 :
2599 5209 2691 5262 sed
2735 5208 2859 5276 quia
2897 5207 3070 5261 nullus
3105 5215 3189 5260 est
3216 5206 3307 5273 qui
3344 5220 3448 5257 non
3482 5203 3677 5272 possit,
3701 5204 3777 5259 vi-

2196 5299 2316 5351 dete
2345 5313 2412 5352 ne
2438 5299 2560 5367 quis
2586 5298 2657 5352 sit
2682 5300 2772 5365 qui
2796 5314 2901 5352 non
2936 5297 3063 5351 velit
3096 5315 3106 5348 ε
3138 5312 3247 5350 non
3273 5296 3415 5349 enim
3458 5294 3617 5347 facile
3645 5309 3777 5350 eva-

2196 5388 2423 5441 serimus
2452 5388 2761 5450 vindictam,
2784 5388 2827 5441 si
2862 5396 3063 5439 tantam
3094 5388 3489 5454 neglexcrnnns
3518 5383 3774 5453 gratiam.

2198 5478 2397 5533 Omnes
2428 5477 2754 5547 gaudeamus
2770 5478 3045 5534 celebrare
3088 5480 3283 5529 festum
3334 5476 3571 5539 Martini,
3600 5484 3778 5530 atten-

2197 5572 2386 5624 damus
2412 5579 2468 5623 ut
2494 5584 2783 5637 sequamur
2801 5570 3043 5636 exempla
3075 5569 3305 5633 Martini,
3339 5584 3445 5637 quo
3490 5568 3778 5636 pervenire

2197 5660 2461 5727 possimus
2486 5659 2548 5710 ad
2578 5660 2856 5727 prtcmium
2894 5659 3126 5711 Martini.
3165 5658 3277 5711 Non
3320 5658 3487 5711 simus
3514 5670 3645 5725 ergo
3684 5672 3777 5712 su-

2197 5750 2367 5815 perbi,
2409 5749 2555 5813 elati,
2604 5758 2938 5819 arrogantes.
2970 5748 3261 5816 vaniloqni,
3307 5748 3614 5813 mendaces,
3662 5746 3777 5804 ira-
