3922 6322
146 326 209 384 65
1081 315 1387 372 llOMlLUE
1427 313 1514 367 DE
1554 310 1797 368 FESTIS
1839 309 2244 370 PFUECIPUIS.
2287 308 2439 365 ιτα.
3328 306 3395 361 66

144 438 291 497 eundi
314 476 332 499 ,
381 432 630 490 maledici
658 472 673 495 ,
730 430 916 495 invidi,
967 427 1266 497 blasphemi
1291 467 1307 490 ,
1355 425 1709 486 detracturos,
1742 429 1788 485 Α
1820 421 2000 476 missis
2026 422 2230 475 retibus
2253 430 2307 475 et
2333 420 2487 487 navi;
2517 418 2684 475 valuit
2714 419 2888 473 vidua:
2912 416 3121 473 duobus
3143 419 3395 485 minutis;

146 530 301 590 avari,
327 528 549 582 ebriosi.
576 525 850 579 libidinosi
895 532 949 576 ct
977 522 1310 588 voluptatum
1348 515 1529 572 saeculi
1569 530 1715 567 ama-

147 632 297 683 tores,
320 620 502 687 utique
523 616 668 685 quod
692 631 797 668 non
825 614 928 668 fuit
971 611 1264 675 Martinus;
1293 610 1387 664 sed
1428 608 1597 662 simus
1625 607 1716 660 [tuo

147 711 303 771 miles,
330 707 666 768 obedientes,
693 718 939 764 veraces,
964 702 1142 764 mites,
1166 700 1457 767 patientes,
1481 695 1713 765 benigni,

146 798 527 860 misericordes,
559 795 797 865 paciﬁci,
838 792 1134 860 honiloqui,
1165 791 1322 860 largi,
1368 787 1555 852 sobrii,
1589 802 1717 840 con-

147 892 385 951 tinentes,
414 888 769 957 Ionganimes,
795 884 937 953 pleni
964 882 1246 939 dilectione
1271 881 1360 935 Dei
1388 889 1442 933 et
1462 878 1712 948 proximi,

148 982 279 1054 quod
304 981 416 1034 sine
459 980 622 1033 dubio
651 977 749 1031 fuit
780 975 1059 1029 Martinus.
1099 972 1189 1028 Sic
1230 986 1445 1041 quoque
1484 969 1719 1039 placebi-

148 1090 259 1133 mus
280 1072 527 1135 Martino,
557 1080 609 1123 et
635 1070 713 1124 sic
739 1069 1151 1122 intercessorem
1179 1062 1475 1133 poterimus
1507 1075 1719 1129 semper

150 1166 307 1235 ipsum
330 1162 532 1215 habere
554 1160 841 1213 Martinam
868 1174 880 1209 :
908 1157 1049 1227 quod
1074 1155 1233 1210 nobis
1252 1152 1367 1221 ejus
1388 1154 1559 1223 gratia
1582 1166 1719 1219 prae-

151 1266 287 1312 stare
298 1254 569 1324 dignetur,
583 1250 671 1320 qui
693 1248 1055 1304 confessorem
1070 1262 1223 1301 suum
1239 1245 1341 1300 sibi
1360 1244 1588 1298 feliciter
1602 1258 1719 1297 ser-

148 1348 366 1400 rientem
394 1343 648 1413 gaudium
675 1344 933 1395 mternum
970 1339 1172 1392 intrare
1202 1335 1421 1399 fecerat,
1455 1343 1511 1389 et
1559 1348 1721 1402 super

148 1438 313 1494 omnia
330 1450 423 1489 sua
440 1433 814 1493 constituerat,
828 1428 982 1483 Jcsus
992 1427 1237 1483 Christus
1248 1426 1506 1481 Dominus
1521 1433 1717 1487 noster,

149 1528 233 1598 qui
259 1526 385 1580 vivit
402 1534 457 1580 et
488 1531 678 1594 regnat
708 1537 829 1577 cum
856 1521 964 1574 Deo
990 1518 1151 1572 Patre
1186 1518 1238 1571 in
1265 1518 1467 1572 unitate
1490 1515 1721 1585 Spiritus

150 1619 309 1675 sancti
334 1618 507 1679 Deus,
558 1630 655 1685 per
682 1612 860 1668 omnia
909 1610 1103 1665 saecula
1150 1608 1487 1664 saeculorum.
1525 1607 1717 1660 Amen.

644 1722 923 1779 HOMlLlA
966 1720 1203 1774 XXXIV.

374 1811 427 1850 IN
466 1811 664 1849 NATAL!
706 1808 889 1848 SANCTI
932 1806 1154 1845 ANDBEIE
1196 1798 1471 1843 Λροετοιῐ.

602 1881 971 1955 (Evangelium
999 1879 1159 1934 Joan.
1192 1878 1258 1946 ι.)

211 1976 285 2033 Ex
312 1976 543 2032 lectione
564 1975 737 2030 sancti
780 1972 1053 2043 Evangelii
1081 1986 1202 2042 qua:
1242 1969 1399 2024 modo
1446 1967 1583 2022 lecta
1612 1974 1717 2033 est,

150 2067 332 2121 fratres
376 2054 710 2127 charissimi,
739 2062 965 2133 potestis
1008 2061 1357 2133 perpendere,
1399 2067 1453 2113 et
1491 2072 1720 2127 perpen-

145 2160 321 2215 dentes
343 2172 695 2229 cognoscere,
725 2164 985 2226 quantum
1009 2152 1174 2207 distat
1202 2151 1253 2205 in
1284 2151 1390 2203 imo
1411 2148 1597 2216 jacens
1620 2163 1721 2217 pu-

148 2249 476 2303 sillanimitas
499 2245 830 2301 inﬁrmitatis
856 2251 1053 2297 nostrae
1078 2256 1109 2295 a
1136 2240 1404 2295 soliditate
1432 2235 1719 2307 perfectio-

148 2339 225 2392 nis
253 2337 579 2408 apostolicae,
602 2344 657 2389 et
682 2350 840 2405 quam
880 2332 1037 2403 longe
1065 2330 1241 2386 differt
1273 2328 1595 2398 protervitas
1628 2340 1722 2380 no-

147 2437 251 2483 stra
298 2444 327 2481 a
374 2426 799 2497 praecedentium
847 2422 1069 2478 Patrum
1112 2419 1435 2497 obedientia.
1485 2416 1723 2471 Audistis

147 2532 267 2588 ergo
310 2518 452 2587 quod
484 2517 555 2570 ad
599 2513 1037 2585 nuiusjussionis
1070 2526 1255 2567 vocem
1301 2509 1493 2563 Petrus
1537 2516 1593 2562 et
1618 2506 1724 2561 An-

146 2610 315 2675 dreas,
372 2608 578 2663 relictis
626 2607 850 2671 retibus,
906 2605 1076 2660 secuti
1127 2611 1249 2659 sunt
1288 2601 1720 2672 Redempturem.

148 2698 293 2753 Nulla
326 2715 453 2754 vero
484 2700 633 2754 hunc
662 2696 840 2753 facere
867 2698 1043 2752 adhuc
1073 2693 1331 2756 miracula
1359 2693 1626 2757 viderant,
1649 2689 1723 2745 nil

146 2790 211 2845 ab
246 2804 309 2845 eo
334 2790 399 2844 de
426 2789 651 2859 prtemio
693 2797 909 2849 aeternae
934 2785 1302 2841 retributionis
1343 2783 1649 2846 audierant,
1671 2789 1725 2836 et

148 2889 319 2937 tamen
346 2881 412 2934 ad
440 2894 607 2933 unum
639 2878 850 2934 Domini
894 2886 1222 2947 praeceptum
1247 2877 1350 2930 hoc
1370 2874 1512 2943 quod
1553 2873 1723 2943 possi-

147 2972 269 3026 dere
311 2972 640 3026 videbantur
680 2969 831 3024 obliti
858 2977 1001 3023 sunt.
1029 2966 1239 3033 Quanta
1276 2982 1372 3021 nos
1401 2966 1517 3035 ejus
1554 2964 1720 3019 mira-

146 3062 257 3117 cula
286 3062 557 3116 vidimus?
579 3070 709 3129 quot
731 3059 953 3129 ﬂagellis
976 3058 1294 3128 aﬁligimur?
1314 3056 1530 3126 quantis
1553 3055 1723 3109 mina-

1820 512 1989 565 valuit
2031 510 2185 563 alteri
2214 511 2436 564 calicem
2466 525 2619 580 aqua:
2658 508 2883 581 frigidae.
2934 509 3177 578 Regnum
3217 509 3400 579 itaque

1820 602 1933 663 Dei,
1964 609 2024 655 ut
2062 600 2318 665 diximus,
2348 608 2559 654 tantum
2586 600 2725 654 valet
2758 606 3016 667 quantum
3044 600 3241 661 habes;
3268 613 3402 653 nun—

1818 709 1979 762 quam
2001 699 2083 745 cst
2123 706 2289 746 vacua
2315 705 2504 745 manus
2533 707 2561 744 a
2587 705 2829 751 munere,
2861 690 2906 744 si
2936 704 3061 744 arca
3088 687 3269 744 cordis
3306 701 3399 742 re-

1817 784 1959 853 pleta
1990 791 2073 836 est
2095 782 2235 836 bona
2264 780 2555 835 voluntate.
2596 780 2733 834 Hinc
2771 780 2968 833 etenim
3005 778 3289 833 Psalmista
3314 778 3401 832 dio

1819 876 1891 927 cit
1920 892 1932 926 :
1966 873 2028 925 In
2058 890 2136 926 me
2160 882 2302 935 sunt,
2335 872 2493 934 Deus,
2519 881 2637 924 vota
2678 882 2791 933 tua,
2816 887 2929 940 qua?
2959 871 3175 923 reddam
3212 868 3401 922 lauda-

1820 965 1984 1016 tiones
2012 962 2105 1014 tibi
2132 960 2301 1030 (Psal.
2330 972 2394 1015 LV
2428 960 2465 1027 ).
2499 959 2576 1013 Ac
2598 960 2643 1013 si
2673 967 2855 1029 aperte
2875 960 3014 1013 dicat
3048 974 3062 1011 :
3092 960 3158 1013 Et
3183 958 3229 1012 si
3258 967 3405 1013 exte-

1822 1056 1935 1108 rius
1978 1069 2202 1108 munera
2229 1053 2499 1107 offerenda
2529 1069 2633 1107 non
2674 1052 2872 1114 habeo,
2900 1051 2952 1103 in
2986 1050 3302 1117 memctipso
3328 1058 3405 1102 ta-

1821 1162 1943 1202 men
1971 1147 2190 1201 invenio
2215 1146 2357 1215 quod
2404 1146 2455 1198 in
2506 1159 2600 1199 ara
2633 1152 2738 1199 tute
2781 1142 2955 1196 laudis
2993 1143 3235 1212 impono;
3270 1139 3404 1195 nihil

1822 1242 2019 1310 quippe
2067 1240 2177 1294 Deo
2205 1236 2430 1292 offertur
2451 1237 2614 1291 ditius
2644 1236 2916 1290 voluntate
2941 1233 3083 1288 bona
3109 1249 3122 1284 :
3150 1232 3404 1287 voluntas

1824 1342 1999 1386 autem
2027 1331 2167 1385 bona
2190 1339 2271 1383 est
2296 1331 2376 1383 sic
2405 1328 2630 1383 adversa
2656 1326 2880 1381 alterius
2911 1325 3052 1380 sicut
3069 1330 3258 1377 nostra
3279 1336 3404 1391 per-

1823 1424 2137 1487 timescere;
2162 1423 2239 1476 sic
2262 1422 2328 1476 de
2349 1419 2707 1491 prosperitate
2725 1417 2952 1488 proximi
2980 1416 3121 1471 sicut
3135 1416 3200 1471 de
3216 1422 3406 1471 nostro

1821 1515 2064 1587 profectu
2110 1513 2415 1585 gratulari:
2447 1512 2621 1566 aliena
2665 1512 2879 1574 damna,
2922 1516 3106 1562 nostra
3152 1508 3403 1572 credere,

1823 1607 1995 1661 aliena
2029 1608 2199 1671 lucra,
2232 1612 2416 1660 nostra
2460 1604 2749 1672 deputare;
2781 1601 3013 1655 amicum
3054 1614 3162 1654 non
3187 1606 3409 1669 prepter

1825 1700 2123 1761 mundum,
2179 1697 2271 1751 sed
2318 1703 2542 1765 propter
2593 1694 2763 1747 Deum
2814 1690 3069 1761 diligere;
3127 1688 3407 1744 inimicum

1749 1778 1792 1835 Β
1820 1791 1981 1845 etiam
2013 1788 2245 1843 tolerare
2271 1800 2285 1839 :
2315 1786 2447 1840 nulli
2475 1785 2617 1855 quod
2644 1783 2755 1853 pati
2784 1796 2888 1837 non
2917 1780 3000 1835 vis
3027 1779 3241 1844 facere;
3274 1777 3403 1832 nulli

1819 1880 1962 1951 quod
1996 1880 2093 1934 tibi
2128 1878 2271 1947 juste
2302 1877 2613 1946 impendere
2639 1872 2934 1937 desideras,
2957 1884 3188 1941 negare;
3220 1882 3407 1923 neces-

1821 1970 1969 2027 sitati
2012 1968 2241 2039 proximi
2262 1968 2413 2038 juxta
2456 1966 2602 2019 vires
2640 1978 2985 2026 concurrere,
3012 1963 3107 2017 sed
3147 1961 3411 2030 prodesse

1821 2064 1987 2118 etiam
2014 2061 2158 2116 ultra
2192 2060 2334 2113 vires
2363 2057 2518 2113 velle.
2552 2054 2657 2110 Sed
2689 2057 2793 2111 hoc
2822 2056 2975 2108 bonae
3000 2052 3292 2108 voluntatis
3318 2066 3408 2106 sa-

1821 2156 2104 2218 criﬁcium,
2153 2152 2369 2214 fratres,
2414 2164 2687 2218 nunquam
2731 2148 2888 2217 plene
2916 2145 3264 2215 persolvitur,
3302 2133 3409 2200 nisi

1821 2247 2007 2300 mundi
2036 2243 2193 2312 hujus
2216 2242 2481 2313 cupiditas
2504 2240 2741 2313 perfecte
2763 2238 3044 2293 deseratur
3069 2255 3081 2290 :
3108 2252 3233 2291 nam
3258 2238 3409 2306 quid-

1824 2337 1951 2406 quid
1981 2336 2033 2389 in
2062 2352 2124 2389 eo
2156 2334 2607 2402 concupiscimus,
2638 2333 2741 2387 hoc
2786 2329 2971 2399 procul
3014 2330 3177 2385 dubio
3221 2331 3411 2400 proxi-

1826 2427 1931 2480 mis
1958 2425 2281 2478 invidemus.
2318 2422 2385 2476 Et
2427 2421 2553 2490 quia
2583 2435 2795 2489 samper
2839 2418 3036 2474 invidia
3083 2434 3111 2472 a
3146 2422 3281 2474 bona
3316 2434 3410 2475 vo—

1826 2518 2034 2571 luntate
2064 2514 2357 2575 discordat,
2384 2527 2507 2566 mox
2535 2512 2649 2566 haac
2683 2518 2915 2566 mentem
2961 2520 3041 2565 ut.
3062 2512 3288 2579 ceperit,
3317 2511 3409 2567 illa

1825 2605 2071 2660 discedit.
2095 2605 2248 2659 [inde
2276 2604 2655 2674 prazdicatores
2681 2604 2875 2667 sancti,
2901 2611 2958 2657 ut
2985 2611 3205 2674 possent
3228 2603 3413 2673 proxi-

1826 2708 1945 2748 mos
1974 2692 2208 2762 perfecte
2230 2692 2471 2762 diligere,
2498 2692 2821 2747 studuerunt
2860 2692 2916 2746 in
2950 2694 3055 2747 hoc
3096 2694 3294 2748 saeculo
3320 2692 3409 2749 ni-

1825 2788 1901 2844 hil
1942 2802 2124 2843 amare
2154 2808 2166 2841 :
2198 2789 2531 2842 aestimantes
2558 2787 2691 2841 nihil
2729 2785 3035 2856 opulentius
3079 2802 3199 2842 esse
3231 2786 3412 2842 chari-

1827 2888 1975 2952 tate,
1994 2895 2114 2948 qum
2140 2895 2197 2935 se
2227 2886 2469 2933 tenentes
2498 2876 2625 2931 facit
2659 2877 2910 2931 omnibus
2934 2877 3089 2931 bonis
3111 2877 3406 2931 abundare.

1828 2970 1965 3038 Quia
2008 2986 2153 3039 ergo,
2182 2969 2377 3025 fratres
2406 2968 2731 3031 charissimi,
2763 2967 2908 3022 beati
2951 2967 3180 3023 Andreae
3217 2969 3410 3024 natali-

1828 3065 1905 3119 tia
1930 3063 2282 3127 celebramus,
2310 3061 2567 3115 debemus
2613 3058 2813 3113 imitari
2839 3058 2981 3128 quod
3021 3058 3268 3115 colimus.
3297 3057 3410 3117 Hoc

147 3168 259 3206 rum
302 3152 687 3222 asperitatibus
732 3151 1086 3213 deterremur,
1116 3158 1172 3204 et
1217 3160 1394 3203 tamen
1441 3154 1721 3202 vocantem
1752 3134 1796 3195 C
1827 3157 1991 3212 etiam
2034 3156 2086 3208 in
2132 3161 2440 3208 sanctorum
2485 3150 2847 3220 apostolorum
2887 3150 3161 3205 memoriis
3186 3164 3411 3205 veneta-

147 3241 290 3309 sequi
320 3242 737 3296 contemnimus.
770 3240 824 3294 ln
853 3239 992 3294 caelo
1014 3238 1125 3307 jam
1170 3237 1340 3301 sedet,
1375 3238 1465 3305 qui
1504 3237 1571 3291 de
1596 3251 1725 3291 cono

146 3331 385 3384 versione
417 3345 519 3384 nos
549 3330 831 3393 admonet;
861 3329 973 3399 jam
996 3329 1128 3399 jngo
1155 3326 1276 3381 ﬁdei
1321 3325 1457 3381 colla
1487 3327 1723 3397 gentium

150 3424 395 3489 subdidit,
421 3423 537 3491 jam
569 3423 750 3477 mundi
780 3422 1003 3491 gloriam
1038 3420 1246 3483 stravit,
1272 3419 1383 3489 jam
1417 3419 1584 3473 minis
1611 3417 1726 3485 ejus

148 3512 630 3577 crebrescentibus,
682 3511 911 3567 districti
956 3510 1037 3566 sui
1084 3508 1272 3578 judicii
1320 3509 1461 3563 diem
1502 3509 1725 3579 propin-

150 3614 395 3673 quantem
441 3605 754 3669 denuntiat;
786 3612 841 3659 et
880 3613 1057 3658 tamen
1084 3602 1314 3672 superba
1357 3616 1511 3656 mens
1542 3609 1726 3655 nostra

152 3715 249 3753 non
277 3700 387 3753 vult
416 3699 523 3754 hoc
568 3706 760 3767 sponte
805 3697 1055 3752 deserere
1097 3693 1240 3765 quod
1286 3694 1525 3765 quotidie
1552 3693 1730 3762 perdit

151 3791 200 3844 in
227 3792 352 3845 vita.
379 3790 524 3857 Quid
553 3804 702 3861 ergo,
729 3786 924 3844 fratres
952 3787 1276 3851 charissimi,
1306 3786 1358 3840 in
1389 3784 1503 3854 ejus
1523 3783 1727 3853 judicio

149 3880 335 3934 dicturi
382 3894 599 3943 sumus,
631 3879 727 3948 qui
758 3878 836 3934 ,ab
864 3892 1049 3933 amore
1095 3874 1374 3945 praesentis
1404 3873 1584 3929 sreculi
1630 3888 1728 3928 nec

148 3972 424 4039 prmeeptis
449 3968 739 4034 flectituur,
765 3982 865 4023 nec
883 3962 1198 4022 verberibus
1221 3963 1590 4021 emendamur.
1620 3962 1727 4019 Sed

151 4055 374 4113 fortasse
418 4057 618 4127 aliquis
649 4056 825 4112 tacitis
870 4070 1051 4112 secum
1095 4054 1509 4126 cogitationibus
1546 4054 1675 4109 dicit
1712 4071 1723 4107 :

150 4147 226 4201 Ad
260 4163 452 4202 vocem
478 4146 815 4225 Dominicam
850 4154 1075 4215 uterque
1105 4144 1206 4199 iste
1232 4143 1469 4213 piscator
1490 4140 1616 4212 quid
1638 4152 1730 4198 aut

150 4246 406 4307 quantum
454 4236 682 4302 dimisit,
712 4235 803 4306 qui
830 4250 963 4305 pene
988 4234 1121 4291 nihil
1146 4235 1368 4290 habuit?
1397 4233 1503 4289 Sed
1544 4234 1599 4288 in
1624 4235 1729 4289 hac

151 4347 221 4396 re,
250 4331 452 4387 fratres
481 4329 812 4394 charissimi,
834 4328 1082 4385 aﬁ'ectum
1109 4328 1366 4386 debemus
1398 4327 1577 4397 potius
1604 4340 1732 4398 pen-

150 4438 265 4479 sare
304 4438 475 4494 quam
504 4436 749 4478 censum.
798 4420 1019 4474 Multum
1049 4419 1266 4490 reliquit
1312 4419 1404 4489 qui
1443 4418 1544 4474 sibi
1594 4418 1725 4472 nihil

150 4513 393 4577 retinuit;
450 4510 679 4565 multum
723 4509 941 4579 reliquit
983 4508 1096 4577 qui,
1132 4508 1427 4579 quamlibet
1476 4523 1723 4578 parvum,

150 4613 312 4659 totum
334 4602 597 4658 deseruit.
630 4600 788 4656 Certe
810 4615 911 4655 nos
936 4607 990 4655 et
1019 4600 1203 4655 habita
1233 4614 1357 4655 cum
1387 4614 1572 4653 amore
1598 4614 1727 4669 pos-

147 4696 400 4759 sidemus,
423 4701 483 4747 et
505 4706 627 4762 qua:
650 4690 871 4745 minime
896 4689 1176 4754 habemus,
1205 4704 1272 4745 ex
1293 4690 1558 4745 desiderio
1584 4705 1731 4759 qua:-

148 4783 332 4838 rimus.
347 4782 580 4837 Multum
602 4796 731 4850 ergo
740 4779 932 4835 Petrus
947 4788 1002 4834 et
1016 4779 1257 4835 Andreas
1278 4779 1497 4843 dimisit,
1515 4779 1730 4848 quando

151 4882 373 4942 uterque
413 4871 585 4926 etiam
626 4869 892 4925 desideria
920 4869 1150 4923 habendi
1197 4869 1500 4939 dereliquit.
1545 4869 1728 4934 Multa,

150 4962 361 5027 fratres,
407 4960 735 5028 relinquitis,
782 4959 826 5014 si
859 4958 1143 5013 desideriis
1188 4960 1527 5015 renuntiatis.
1568 4961 1731 5015 Exte-

150 5053 285 5106 riora
322 5051 528 5107 etenim
554 5058 755 5113 nostra,
790 5049 1035 5119 quamvis
1072 5064 1237 5117 parva
1267 5051 1394 5115 sint,
1435 5048 1727 5114 sufﬁciunt,

150 5144 191 5196 si
240 5143 505 5197 interiora
533 5140 712 5197 cordis
754 5147 867 5194 tota
908 5138 1219 5195 offerantur.
1262 5139 1369 5196 Cor
1401 5156 1632 5212 namque
1674 5150 1729 5197 et

152 5249 249 5288 non
281 5234 647 5289 substantiam
698 5239 887 5301 pensat
926 5233 1091 5297 Deus,
1123 5246 1220 5286 nec
1252 5233 1533 5301 perpendit
1558 5248 1731 5301 quan-

153 5332 259 5377 tum
288 5326 342 5377 in
366 5323 489 5391 ejus
514 5322 802 5387 sacriﬁcio,
829 5322 920 5376 sed
946 5336 1012 5377 ex
1053 5331 1253 5391 quanto
1297 5320 1571 5376 oneratur.
1621 5321 1729 5376 Rc-

152 5429 309 5485 gnum
340 5416 438 5470 Dei
472 5422 687 5469 tantum
715 5413 855 5467 valet
876 5421 1135 5482 quantum
1166 5413 1353 5468 habes.
1378 5411 1555 5466 Valuit
1579 5427 1730 5466 nam-

152 5521 253 5578 que
278 5506 516 5561 Zachaeo
545 5506 598 5559 in
641 5504 859 5561 dimidio
904 5504 1238 5569 substantia},
1280 5505 1409 5573 quia
1448 5503 1726 5557 dimidium

154 5597 291 5652 aliud
319 5598 387 5651 ad
419 5598 527 5652 hoc
561 5597 705 5665 quod
752 5597 944 5666 injuste
984 5594 1223 5659 abstulit,
1254 5595 1640 5653 restituendum
1674 5596 1730 5649 in

156 5689 512 5755 uuadnrplnm
563 5686 817 5740 servavit.
848 5687 1023 5743 Valuit
1066 5686 1227 5742 Petro
1263 5696 1317 5742 et
1355 5687 1607 5751 Andreae,
1648 5686 1730 5740 di-

1754 4466 1804 4524 D

1829 3265 1951 3303 mur
1987 3246 2129 3317 quod
2157 3246 2359 3308 statim,
2386 3252 2613 3298 vocante
2651 3243 2896 3307 Domino,
2928 3241 3164 3311 perfecte
3194 3253 3409 3299 terrena

1830 3340 2179 3409 reliquerunt,
2237 3352 2342 3405 quo
2374 3335 2633 3390 intentius
2692 3340 3008 3403 appeterent
3056 3332 3320 3397 caelestia,
3357 3341 3411 3387 ct

1826 3448 1949 3487 cum
1985 3431 2203 3485 Christo
2238 3440 2425 3484 tenere
2471 3434 2689 3497 possent
2722 3441 2883 3503 regna
2922 3440 3186 3496 superna;
3238 3427 3312 3480 ita
3356 3434 3417 3481 et

1828 3541 1946 3590 nos,
1976 3524 2202 3578 Domino
2219 3524 2461 3593 jubente,
2490 3507 2851 3590 despiciamhs
2878 3533 2997 3587 qua:
3020 3526 3237 3572 terrena
3263 3527 3415 3582 sunt,

1829 3631 1911 3682 ac,
1944 3615 2149 3669 relictis
2181 3611 2582 3683 temporalibus,
2614 3623 2923 3665 mercemur
2948 3615 3168 3662 mterna.
3220 3606 3278 3661 Si
3302 3596 3417 3662 au-

1826 3714 1936 3761 tem
1952 3706 2178 3759 necdum
2202 3716 2490 3773 possumus
2509 3699 2814 3769 relinquere
2833 3699 3069 3769 propria,
3088 3697 3277 3753 saltem
3300 3712 3415 3753 non

1827 3794 2272 3863 concupiscamus
2298 3792 2493 3847 aliena.
2540 3790 2597 3846 Si
2644 3790 2871 3846 necdum
2910 3802 3064 3844 mens
3106 3795 3291 3842 nostra
3318 3802 3417 3843 ac;-

1827 3883 2076 3939 cenditur
2100 3882 2222 3953 igne
2242 3882 2546 3946 charitatis,
2572 3881 2625 3935 in
2648 3880 2941 3945 ambitione
2963 3893 3058 3934 sua
3082 3878 3279 3933 habeat
3304 3877 3417 3934 fre-

1828 3989 1954 4030 num
1986 3973 2226 4039 timoris;
2259 3974 2312 4029 et
2347 3974 2425 4031 sic
2458 3980 2719 4042 proventu
2764 3987 2861 4028 suo
2890 3971 3160 4036 roborata,
3193 3971 3317 4026 dum
3341 3971 3423 4027 ab

1829 4068 2126 4123 alienorum
2157 4066 2394 4136 appetitu
2420 4063 2803 4133 compescitur,
2839 4064 3159 4132 quandoque
3194 4062 3261 4116 ad
3284 4076 3423 4131 pro—

1826 4159 1943 4229 pria
1971 4156 2365 4212 contemnenda
2407 4154 2751 4226 perducatur.
2794 4152 3013 4208 Interim
3054 4168 3205 4219 vero,
3240 4152 3422 4209 donec

1829 4245 1918 4301 illa
1958 4244 2217 4315 perfectio
2241 4244 2395 4298 nobis
2434 4257 2464 4296 a
2494 4242 2704 4297 Domini
2739 4242 2913 4311 gratia
2939 4240 3145 4307 veniat,
3170 4254 3275 4294 non
3317 4254 3421 4294 ne—

1829 4337 2113 4407 gligemus,
2145 4334 2362 4398 fratres,
2390 4334 2455 4388 de
2497 4333 2801 4388 substantia
2830 4341 3011 4387 nostra
3038 4331 3413 4415 eleemosy‘nas

1831 4427 2033 4490 facere,
2055 4423 2473 4493 hospitalitatem
2499 4422 2747 4493 diligere,
2769 4430 2825 4478 et
2845 4421 3209 4490 indigentibus
3228 4418 3410 4490 proxi-

1830 4519 1933 4574 mis
1963 4518 2160 4572 nostris
2184 4517 2235 4569 in
2272 4515 2414 4570 omni
2444 4514 2585 4569 bono
2610 4515 3042 4578 communicare;
3086 4527 3149 4568 ac
3174 4514 3275 4575 sic,
3298 4510 3413 4564 lar-

1829 4608 2008 4678 giente
2048 4607 2299 4670 Domino,
2326 4606 2625 4675 poterimus
2669 4604 2737 4659 ad
2781 4604 2983 4674 majora
3022 4602 3412 4667 conscendere,

1830 4697 1955 4767 quia
1976 4696 2174 4751 talibus
2206 4696 2397 4751 hostiis
2420 4701 2761 4764 promeretur
2786 4692 2899 4762 ipse
2936 4692 3123 4748 Dens:
3154 4694 3221 4745 ad
3256 4687 3415 4757 cujus

1829 4788 2091 4843 visionem
2117 4803 2215 4841 nos
2247 4786 2543 4857 perducere
2565 4784 2814 4857 dignetur
2843 4784 2978 4854 ipse,
3010 4783 3102 4852 qui
3146 4789 3231 4837 est
3252 4780 3413 4859 nobis

1831 4879 1939 4943 via,
1961 4879 2052 4947 qui
2087 4885 2170 4933 est
2199 4878 2418 4943 veritas,
2443 4877 2534 4947 qui
2566 4883 2649 4931 est
2686 4875 2814 4937 vita,
2837 4873 2995 4929 .lesus
3024 4872 3271 4928 Christus
3299 4869 3380 4924 Do

1831 4970 2010 5025 minus
2036 4977 2239 5035 noster,
2264 4970 2356 5039 qui
2385 4968 2516 5022 vivit
2535 4975 2587 5022 et
2616 4972 2804 5038 regnat
2832 4980 2952 5019 cum
2975 4963 3133 5017 Patre
3156 4971 3209 5017 et
3232 4960 3413 5030 Spiri-

1831 5066 1887 5112 tu
1912 5066 2099 5114 sancto
2122 5056 2285 5122 Deus,
2306 5072 2403 5126 per
2424 5055 2604 5110 omnia
2626 5053 2823 5110 saecula
2850 5051 3189 5108 saeculorum.
3211 5050 3404 5104 Amen.

2342 5167 2623 5223 HOMILIA
2660 5164 2876 5221 XXXV.

2259 5255 2310 5293 IN
2347 5254 2545 5294 ΝΑΤΔΙΛ
2583 5249 2981 5292 Αροετοιοιωι.

1904 5329 1961 5384 Si
1982 5329 2221 5384 omnium
2250 5339 2562 5384 sanctorum
2608 5335 2905 5399 martyrum
2942 5333 3092 5397 grata
3134 5320 3293 5379 nobis
3319 5322 3422 5378 de-

1832 5421 1921 5475 bet
1945 5434 2065 5474 esse
2096 5418 2427 5481 solemnitas,
2450 5416 2643 5472 fratres
2672 5414 2979 5471 eharissimi
3003 5452 3018 5477 ,
3055 5417 3264 5481 quanto
3284 5422 3409 5479 gra-

1832 5512 1940 5565 tior
1978 5524 2167 5564 eorum
2211 5508 2303 5578 qui
2360 5515 2680 5578 pnesentem
2726 5504 2899 5560 secuti
2945 5509 3072 5557 sunt
3111 5498 3417 5569 principem

1834 5609 2129 5670 martyrum
2153 5617 2165 5651 :
2200 5597 2245 5653 si
2276 5612 2554 5669 agnorum,
2577 5603 2778 5666 quanto
2805 5594 2976 5663 magis
3008 5590 3259 5646 arietum.
3288 5584 3414 5639 illo-

1835 5704 1953 5742 rum
1980 5688 2123 5742 enim
2148 5687 2241 5741 ﬁlii
2274 5685 2749 5757 nongeneratioue
2774 5681 2975 5747 carnis,
3000 5679 3093 5736 sed
3112 5674 3422 5732 imitatione
