3922 6322
523 284 591 339 ϋἹ
1152 284 1191 340 Β
1251 281 1503 342 ιιΑΒΑΝι
1541 284 1758 343 MAUN
1798 280 2093 339 ARCIIIEP

2200 283 2453 341 OGUNT.
2496 282 2778 341 OPERUM
2813 283 2993 340 PARS
3029 282 3092 339 11.
3704 281 3769 339 68

520 394 768 461 virtutis,
809 393 934 449 facti
984 402 1110 449 sunt
1156 408 1343 449 omnes
1380 394 1471 465 qui
1510 394 1776 462 posterius
1812 406 1981 461 usque
2024 390 2091 445 ad
2118 394 2163 450 Α
2195 407 2293 447 nos
2344 393 2661 449 docuerunt.
2715 392 3036 448 Studeamus
3079 391 3238 448 factis
3287 391 3509 464 implere
3540 408 3662 448 auat
3703 393 3772 448 illi

519 496 747 542 mortem
783 484 1013 540 confessi
1034 491 1159 540 sunt
1192 484 1489 539 Christum.
1520 483 1629 538 llos
1653 483 1963 538 obtulerunt
1991 495 2092 551 po-

519 576 625 648 puli
651 576 911 648 gentium,
938 556 1221 646 de.quibus
1248 574 1531 630 Psalmista
1582 584 1707 629 ante
1733 573 1993 638 cantavit,
2014 571 2096 626 di-

520 684 683 724 cens:
721 669 915 737 A/ferte
953 667 1176 721 Domino
1219 665 1357 735 ﬁlios
1402 665 1623 720 arietum
1653 662 1824 736 (Psal.
1874 661 2089 733 xxvm).

522 760 615 815 llis
642 760 871 831 primum
902 758 1175 821 Dominus,
1207 770 1328 810 cum
1357 755 1425 809 ad
1470 753 1860 809 confessionem
1886 752 1967 807 sui
1993 767 2093 807 no-

523 850 684 904 minis
709 850 1038 911 hortaretur,
1060 860 1164 901 non
1191 844 1363 901 solum
1397 857 1455 899 se
1475 843 1722 913 promisit
1744 842 1982 898 victoria:
2005 857 2096 896 co-

522 948 852 1001 ronatorem,
884 937 976 992 sed
1003 945 1058 992 et
1092 935 1401 991 certaminis
1451 932 1772 1003 adiutorem.
1815 933 1989 989 Etiam
2039 933 2093 988 in

524 1027 654 1097 ipsis
674 1034 729 1081 et
754 1035 996 1096 posteros
1016 1025 1357 1091 admonebat,
1388 1024 1479 1093 qui
1508 1026 1649 1094 quod
1682 1024 1921 1087 dicebat,
1964 1023 2096 1078 scri-

522 1126 670 1186 ptum
700 1115 931 1185 postcris
965 1114 1315 1184 relinquebat.
1344 1113 1455 1170 Illis
1494 1129 1622 1185 ergo
1646 1114 1761 1189 ait,
1806 1114 2097 1169 exhortans

522 1220 616 1261 eos
641 1224 653 1259 :
683 1204 817 1260 Cum
841 1214 1016 1259 autem
1038 1205 1311 1260 adducunt
1341 1219 1438 1260 vos
1476 1204 1542 1258 ad
1568 1203 1837 1274 principes
1856 1210 1911 1257 et
1951 1212 2099 1272 pote-

524 1302 711 1357 states,
730 1295 893 1351 nolite
918 1295 1160 1366 cogitare
1190 1295 1319 1364 quid
1347 1295 1736 1365 respondeatis,
1758 1293 1841 1350 vel
1867 1293 1994 1364 quid
2020 1293 2097 1348 loc

522 1385 783 1454 quamini.
816 1384 937 1438 Non
966 1386 1103 1439 enim
1129 1400 1218 1438 vos
1262 1386 1385 1439 estis
1412 1384 1502 1454 qui
1539 1382 1841 1454 loquimini,
1873 1383 1963 1436 sed
1986 1382 2096 1452 spi-

525 1474 655 1526 ritus
706 1471 882 1527 Patris
921 1472 1077 1526 vestri
1116 1473 1205 1542 qui
1250 1471 1481 1541 loquitur
1524 1472 1581 1525 in
1616 1470 1755 1524 vobis
1778 1468 2093 1541 (Matth.'x).

527 1561 774 1615 Meditari
805 1560 992 1623 vetuit,
1028 1568 1082 1615 et
1109 1560 1351 1615 confiteri
1398 1560 1686 1630 praecepit:
1720 1559 1907 1613 maluit
1951 1560 2095 1613 enim

521 1649 733 1705 auferre
787 1650 1257 1720 praesumptionem
1286 1650 1571 1703 humanam
1595 1689 1610 1711 ,
1663 1658 1717 1703 et
1743 1648 1969 1719 gratiam
2001 1647 2096 1701 do-

2188 478 2496 547 jusscrunt;
2527 481 2799 537 discamus
2827 496 3015 537 eorum
3053 482 3299 551 exemplo
3335 483 3517 537 mundi
3559 482 3774 539 divitias

2198 560 2563 635 contemnere,
2578 571 2859 642 prmsentis
2881 571 3060 627 saeculi
3087 571 3410 641 voluptatem
3437 587 3543 627 non
3568 587 3772 639 amare,

2194 675 2418 730 regnum
2464 661 2685 717 caeleste
2732 662 3069 725 desiderare;
3115 662 3333 718 Christo
3380 664 3515 719 nihil
3564 680 3774 734 praepo-

2193 767 2343 818 nere,
2377 752 2470 808 sed
2514 753 2630 825 ejus
2655 753 2925 808 mandatis
2976 754 3030 807 in
3060 754 3308 809 omnibus
3342 755 3597 819 obedire;
3644 770 3774 824 pau-

2194 850 2457 911 perlatam
2484 858 2666 898 rerum
2714 844 3058 912 praesentium
3110 842 3352 914 diligere,
3386 846 3648 900 virtutum
3700 846 3775 901 di-

2194 933 2355 989 vitias
2388 933 2606 998 habere,
2640 932 2917 1003 sapientia:
2954 934 3266 987 thesaurum
3307 945 3587 1003 appetere,
3622 935 3777 1005 spiri-

2196 1025 2331 1080 tales
2372 1024 2593 1079 delicias
2639 1037 2919 1093 quaerere:
2962 1022 3089 1077 nulli
3134 1024 3410 1089 invidere,
3462 1023 3558 1079 sed
3592 1040 3778 1080 omnes

2197 1117 2440 1171 homines
2465 1114 2706 1183 diligere,
2742 1114 2943 1169 amicos
2972 1114 3026 1167 in
3058 1113 3185 1179 Deo,
3214 1121 3268 1168 et
3296 1113 3544 1168 inimicos
3562 1121 3777 1183 propter

2199 1207 2386 1271 Deum,
2417 1206 2541 1276 quia
2571 1206 2686 1261 base
2716 1214 2801 1260 est
2850 1204 2963 1260 sola
3006 1219 3135 1259 vera
3164 1204 3381 1259 dilectio
3410 1224 3423 1257 :
3472 1220 3598 1259 nam
3625 1220 3776 1259 amor

2196 1295 2428 1351 carnalis
2448 1304 2503 1351 et
2526 1294 2752 1349 vitiosus
2780 1295 2831 1349 in
2874 1293 3227 1364 praecipitium
3260 1293 3427 1347 trahit
3466 1302 3520 1346 et
3561 1307 3779 1362 compa-

2197 1396 2348 1441 ratur
2392 1384 2548 1450 odio;
2588 1383 2729 1438 unde
2784 1383 3042 1453 scriptum
3095 1389 3220 1436 est:
3270 1380 3374 1447 Qui
3420 1379 3528 1434 vult
3580 1381 3777 1435 anticus

2197 1490 2304 1529 esse
2329 1473 2487 1541 hujus
2514 1471 2713 1537 saeculi,
2742 1471 2985 1524 inimicus
3010 1469 3110 1523 Dei
3149 1470 3483 1523 constituitur
3514 1467 3656 1538 (Jac.
3683 1467 3776 1540 tv).

2196 1564 2289 1618 Isti
2310 1578 2439 1633 ergo
2473 1562 2745 1631 principes
2767 1562 2954 1626 nostri,
2981 1560 3073 1617 Dei
3097 1576 3281 1616 amore
3304 1559 3709 1630 perfectissimi,
3728 1570 3779 1616 et

2197 1655 2563 1726 proximorum
2589 1652 2876 1707 dilectione
2900 1651 3114 1722 repleti,
3137 1652 3262 1706 hinc
3284 1660 3573 1721 potuerunt
3594 1653 3777 1707 mundi

524 1755 653 1793 nare
686 1740 953 1804 divinam,
1009 1748 1068 1794 ut
1112 1739 1165 1793 in
1215 1739 1514 1808 semetipsis
1564 1738 1771 1804 timidi,
1806 1746 1858 1791 et
1896 1737 1950 1791 in
1987 1738 2096 1791 Deo

2202 1744 2459 1814 impetum
2482 1743 2699 1797 vincere
2728 1750 2782 1797 et
2802 1750 3084 1797 cruentum
3107 1741 3359 1796 smculum
3390 1741 3632 1807 domare,
3653 1743 3776 1813 quia

524 1829 749 1884 fuissent
779 1831 1031 1886 audaces.
1064 1829 1215 1886 Unde
1254 1838 1309 1885 et
1338 1830 1391 1883 in
1419 1830 1525 1885 alio
1568 1830 1774 1900 psalmo
1804 1845 1907 1884 vox
1954 1845 2097 1883 mar-

526 1929 699 1989 tyrum
728 1919 839 1974 Deo
859 1920 1007 1985 dicit,
1040 1919 1195 1989 quasi
1223 1935 1287 1974 ex
1313 1931 1466 1990 parte
1490 1921 1738 1975 humanae
1765 1919 2094 1990 fragilitatis,

522 2010 757 2063 verendo
781 2026 794 2063 :
825 2007 984 2080 Eripe
1010 2025 1088 2063 me
1115 2009 1179 2062 de
1202 2009 1425 2064 inimicis
1452 2009 1608 2074 meis,
1662 2009 1799 2064 Deus
1821 2026 1964 2065 meus
1986 2026 2006 2074 ;
2047 2018 2094 2063 et

523 2106 588 2158 ab
642 2105 1020 2175 insurgentibus
1072 2104 1126 2157 in
1170 2120 1252 2157 me
1296 2104 1459 2158 libera
1502 2120 1580 2156 me
1609 2100 1780 2172 (Psal.
1808 2102 1989 2174 unt);
2043 2112 2098 2157 et

525 2195 682 2266 paulo
712 2204 853 2265 post.
882 2194 949 2250 de
992 2194 1192 2249 auxilio
1218 2193 1398 2249 divino
1441 2191 1737 2259 conlidens,
1762 2193 1928 2247 dicit:
1964 2191 2095 2245 For-

523 2285 794 2338 titudinem
822 2301 1009 2350 meam,
1041 2283 1280 2349 Domine,
1311 2300 1342 2337 a
1366 2294 1413 2338 te
1438 2283 1727 2337 custodiam
1758 2281 1809 2354 (1
1816 2281 1966 2352 bid.).
1995 2280 2098 2337 Su-

523 2388 621 2444 pra
654 2383 875 2430 caeteras
902 2374 1045 2429 enim
1085 2373 1269 2428 turbas
1299 2372 1533 2429 fidelium
1576 2387 1674 2428 nec
1713 2387 1819 2427 non
1854 2372 2099 2443 antiquo-

522 2482 640 2521 rum
659 2464 927 2534 justorum
954 2476 1009 2520 et
1039 2467 1444 2537 prepheta‘rum,
1482 2466 1780 2521 eminentes
1830 2466 2099 2537 apostolos

521 2572 647 2612 suos
677 2556 856 2611 volens
889 2555 1147 2610 Dominus
1175 2557 1478 2621 ostendere,
1509 2556 1641 2611 dixit
1666 2557 1732 2611 ad
1762 2556 1921 2613 illos:
1948 2556 2098 2611 Beati

521 2645 656 2701 oculi
701 2646 787 2715 qui
836 2646 1007 2700 vident
1045 2662 1161 2715 qua:
1200 2663 1287 2723 vos
1317 2646 1528 2711 videtis,
1574 2656 1621 2700 et
1665 2662 1818 2701 aures
1847 2662 1963 2718 quia
1996 2664 2097 2701 au-

520 2738 667 2790 diunt
708 2753 824 2805 qua:
856 2753 939 2791 vos
983 2737 1177 2791 auditis
1198 2749 1218 2790 :
1248 2737 1397 2791 multi
1431 2739 1567 2793 enim
1597 2741 1858 2810 propheta:
1894 2750 1941 2794 et
1961 2741 2097 2811 justi

522 2826 787 2881 voluerunt
810 2827 980 2880 videre
1000 2843 1115 2896 qua:
1155 2843 1240 2881 vos
1280 2827 1476 2890 videtis,
1507 2836 1557 2882 et
1609 2845 1710 2883 non
1758 2829 2024 2895 viderunt;
2050 2838 2098 2883 et

519 2915 703 2968 audire
741 2930 855 2983 qum
896 2914 1126 2979 auditis,
1173 2924 1220 2968 et
1264 2932 1367 2969 non
1413 2916 1691 2971 audierunt
1738 2916 1889 2990 (Luc.
1923 2918 2000 2990 κ).
2033 2919 2102 2974 Et

523 3007 647 3059 item
676 3006 800 3060 alibi
828 3025 839 3059 :
872 3007 992 3059 lam
1016 3048 1030 3070 ,
1069 3007 1273 3076 inquit,
1304 3025 1405 3061 non
1428 3008 1599 3062 dicam
1620 3026 1708 3063 vos
1730 3027 1900 3064 servos
1919 3051 1933 3076 ,
1973 3012 2099 3082 quia

519 3112 693 3149 servus
726 3097 884 3149 nescit
928 3097 1052 3166 quid
1100 3097 1260 3166 faciat
1308 3098 1548 3152 dominus
1602 3098 1733 3168 ejus.
1772 3098 1875 3154 Vos
1924 3109 2098 3154 autem
2129 3070 2173 3133 C

520 3186 632 3240 dixi
658 3187 851 3240 amicos
877 3227 892 3251 ,
938 3188 1061 3257 quia
1092 3187 1265 3241 omnia
1293 3204 1608 3258 quazcunque
1653 3189 1830 3244 audivi
1865 3207 1899 3244 a
1940 3189 2102 3246 Patre

521 3293 653 3341 meo,
687 3286 807 3331 nota
839 3278 936 3345 feci
969 3278 1107 3331 vobis
1138 3277 1319 3347 (Joan.
1349 3277 1462 3347 xv).
1498 3278 1711 3333 Eisdem
1740 3280 1815 3333 ait
1842 3280 1967 3334 item
1995 3280 2100 3335 alio

522 3367 676 3424 loco:
717 3368 1048 3441 Qutvcunque
1083 3369 1419 3440 alligaveritis
1470 3388 1625 3440 super
1666 3383 1892 3438 terram,
1948 3384 2099 3428 erunt

522 3457 685 3527 ligata
728 3469 774 3511 et
803 3458 855 3511 in
882 3458 1007 3512 cmlo
1056 3458 1270 3529 (Matth.
1314 3461 1491 3531 xvm).
1529 3461 1659 3516 Item
1707 3462 1833 3517 alibi
1881 3463 2094 3533 (Matth.

521 3544 660 3616 xxx),
693 3546 989 3600 sciscitanti
1024 3546 1183 3602 Petro
1230 3548 1358 3617 quid
1389 3549 1491 3604 sibi
1518 3556 1572 3604 et
1622 3551 1782 3605 sociis
1817 3551 1928 3607 suis
1976 3568 2099 3622 pro-

519 3637 713 3693 fuisset
758 3638 1039 3707 reliquisse
1073 3640 1253 3693 omnia
1292 3648 1348 3694 et
1370 3641 1521 3710 sequi
1550 3641 1985 3712 Redemptorem,
2014 3659 2099 3696 re-

516 3729 733 3798 spondit
760 3728 977 3782 dicens:
1009 3729 1171 3783 Amen
1198 3729 1314 3783 dico
1355 3729 1494 3784 vobis
1527 3730 1665 3801 quod
1690 3749 1775 3787 vos
1818 3734 1908 3803 qui
1934 3737 2098 3788 secuti

519 3818 642 3875 estis
672 3835 781 3883 me,
813 3820 867 3872 in
898 3820 1283 3889 regeneratione
1314 3837 1429 3873 cum
1456 3822 1640 3887 sederit
1672 3821 1844 3879 Filius
1872 3826 2096 3880 hominis

520 3909 574 3962 in
611 3909 726 3962 sede
767 3911 1052 3979 majestatis
1094 3929 1202 3967 sua:
1226 3953 1241 3977 ,
1285 3913 1523 3969 sedebitis
1565 3925 1610 3969 et
1639 3933 1723 3971 vos
1766 3934 1920 3986 super
1953 3918 2096 3971 sedes

521 3997 791 4050 duodecim
814 3998 1113 4067 jvdicantes
1142 4000 1413 4054 duodecim
1435 4004 1599 4056 tribus
1634 4003 1824 4057 Israel.
1850 4005 1939 4059 Isti
1973 4014 2098 4059 sunt

522 4088 611 4142 lux
645 4090 826 4142 mundi
866 4090 1078 4158 (Matth.
1104 4092 1181 4157 vi,
1223 4093 1344 4162 quia
1377 4109 1473 4163 per
1501 4095 1645 4164 ipsos
1687 4095 1865 4150 lumen
1897 4096 2017 4150 fidei
2045 4105 2098 4151 et

520 4195 662 4233 verae
686 4180 924 4234 scientiae
953 4182 1181 4250 primum
1208 4183 1463 4238 Dominus
1487 4185 1609 4239 huic
1635 4188 1832 4241 mundo
1856 4187 2093 4252 tradidit,

520 4280 576 4325 et
604 4272 669 4325 ab
691 4287 932 4324 errorum
966 4288 1029 4326 ac
1071 4282 1413 4340 peccatorum
1447 4276 1680 4330 tenebris
1709 4286 1896 4344 gentes
1918 4287 1973 4331 et
2000 4294 2092 4347 po-

520 4361 673 4430 pulos
696 4363 854 4415 eruit.
882 4363 973 4417 lsti
1002 4373 1125 4417 sunt
1150 4364 1227 4417 sal
1266 4372 1441 4429 terra),
1471 4366 1594 4434 quia
1635 4381 1732 4435 per
1760 4367 2092 4437 ipsos’terri-

2199 1836 2334 1891 nihil
2357 1842 2672 1889 amaverunt
2704 1835 2757 1887 in
2785 1834 2933 1888 omni
2958 1847 3037 1901 re,
3074 1833 3180 1887 nisi
3211 1833 3298 1888 Dei
3323 1834 3675 1889 voluntatem.
3705 1833 3778 1889 Ita

2199 1937 2255 1984 et
2280 1942 2399 1993 nos,
2432 1927 2645 1990 fratres,
2676 1925 2959 1996 diligamus
2994 1926 3049 1979 in
3093 1925 3343 1980 omnibus
3383 1924 3544 1979 rebus
3575 1924 3672 1980 Dei
3702 1924 3777 1979 fa-

2199 2033 2324 2075 cere
2349 2017 2698 2081 voluntatem,
2731 2024 2785 2070 et
2808 2025 3114 2071 creatorem
3146 2025 3389 2071 nostrum
3433 2029 3679 2069 amemus
3724 2016 3779 2069 in

2197 2108 2508 2177 semetipso,
2537 2114 2841 2161 creaturam
2873 2121 3000 2161 vero
3034 2105 3088 2159 in
3130 2106 3410 2160 conditore
3435 2119 3533 2159 suo
3560 2121 3573 2157 :
3612 2113 3670 2158 et
3701 2104 3780 2160 sic

2198 2198 2514 2254 habebimus
2565 2195 3021 2251 ordinatissimam
3053 2195 3411 2259 charitatem,
3465 2196 3592 2265 quia
3640 2194 3782 2251 Deus

2199 2288 2438 2344 cbaritas
2465 2298 2568 2354 est,
2599 2297 2654 2345 et
2677 2289 2768 2359 qui
2797 2290 2969 2360 diligit
3006 2290 3147 2343 hanc
3172 2289 3512 2344 dilectionem
3536 2328 3551 2354 ,
3604 2287 3782 2359 diligit

2200 2380 2403 2446 Deum;
2434 2390 2490 2437 et
2515 2382 2559 2438 si
2584 2383 2658 2437 ita
2683 2382 3030 2438 dilexerimus
3057 2424 3071 2449 ,
3117 2383 3289 2454 diligit
3336 2397 3435 2437 nos
3475 2383 3589 2450 ipse
3614 2382 3778 2446 Deus,

2200 2472 2428 2543 diligunt
2454 2482 2508 2528 et
2537 2489 2637 2528 nos
2664 2474 2836 2530 sancti
2867 2473 3092 2543 apostoli
3126 2472 3336 2542 iudices
3361 2471 3550 2538 nostri,
3580 2481 3636 2527 et
3657 2486 3782 2528 exo-

2201 2574 2322 2620 rant
2351 2581 2448 2635 pro
2477 2567 2655 2633 nobis,
2681 2575 2741 2621 ut
2770 2568 2823 2621 in
2860 2566 3149 2621 universali
3195 2565 3402 2637 judicio
3429 2564 3630 2620 Christi
3659 2579 3781 2619 cum

2200 2655 2332 2725 ipsis
2361 2657 2413 2710 in
2455 2665 2773 2727 perpetuum
2818 2672 3176 2713 coronemur:
3209 2656 3351 2728 quod
3380 2656 3493 2725 ipse
3522 2664 3783 2725 pnestare

2200 2745 2451 2816 dignetur
2468 2744 2633 2815 judex
2655 2754 2710 2801 et
2751 2746 3009 2800 Dominus
3035 2753 3231 2807 noster,
3265 2744 3355 2815 qui
3382 2759 3505 2799 cum
3547 2742 3710 2797 Patre
3728 2750 3785 2797 et

2201 2833 2406 2905 Spiritu
2438 2843 2626 2891 sancto
2655 2836 2789 2891 vivit
2816 2844 2871 2891 et
2910 2845 3100 2909 regnat
3134 2835 3300 2900 Deus,
3333 2850 3430 2905 per
3473 2834 3655 2891 omnia
3684 2849 3785 2890 ste-

2201 2924 2323 2980 cula
2361 2926 2697 2981 szeculorum.
2723 2926 2916 2981 Amen.

2706 3038 2985 3094 HOMILIA
3024 3038 3263 3096 XXXVI.

2668 3125 2718 3164 IN
2758 3125 2954 3164 NATALI
2995 3124 3309 3165 IARTYRUII.

2273 3198 2406 3264 Quia
2464 3198 2603 3252 beati
2663 3199 2916 3269 martyris
2964 3198 3160 3252 natalis
3203 3196 3364 3253 hodie
3420 3197 3599 3252 illuxit
3643 3198 3785 3265 dies,

2199 3304 2357 3358 quem
2388 3288 2682 3351 vobiscum,
2707 3287 2902 3342 fratres
2931 3287 3255 3351 charissimi,
3280 3286 3446 3341 voluit
3475 3302 3575 3342 nos
3598 3287 3785 3345 Domi-

2199 3398 2301 3438 nus
2322 3382 2619 3445 celebrare,
2645 3380 2845 3450 aliquid
2870 3421 2887 3448 ,
2940 3381 3171 3435 donante
3202 3380 3325 3446 illo,
3369 3381 3435 3435 de
3482 3388 3783 3451 martyrum

2199 3472 2366 3544 gloria
2390 3482 2444 3527 et
2466 3474 2722 3544 patientia
2768 3473 3115 3530 disseramus.
3142 3473 3324 3529 Gloria
3359 3475 3574 3543 quidem
3622 3490 3785 3529 mun-

2198 3564 2337 3616 daua
2384 3563 2452 3618 ab
2483 3562 2613 3632 ipsis
2641 3571 2945 3633 contempta
2970 3574 3072 3629 est,
3098 3572 3153 3619 et
3195 3564 3312 3619 ideo
3350 3565 3605 3619 natientia
3659 3581 3787 3636 pro-

2198 3652 2324 3706 bata
2364 3661 2485 3707 est:
2520 3668 2646 3706 nam
2688 3652 2856 3723 gloria
2884 3654 3071 3708 eorum
3121 3654 3430 3709 abscondita
3478 3655 3687 3710 latebat
3730 3656 3785 3711 in

2198 3741 2350 3795 caelis
2373 3781 2388 3805 ,
2436 3742 2559 3812 quia
2594 3742 2852 3812 patientia
2886 3758 3071 3799 eorum
3103 3745 3455 3799 exercebatur
3500 3746 3555 3799 in
3586 3746 3784 3814 terris;

2198 3834 2287 3903 qui
2332 3850 2438 3889 non
2477 3835 2733 3890 exhorret
2761 3850 2947 3889 eorum
2994 3835 3305 3905 patientiam
3334 3875 3347 3899 ,
3397 3836 3679 3905 perveniet
3715 3834 3786 3893 ad

2198 3924 2441 3994 gloriam.
2475 3925 2686 3979 Miseria
2711 3926 2851 3979 enim
2874 3934 3092 3993 putatur
3115 3925 3225 3995 pati
3257 3926 3389 3980 dura
3424 3932 3479 3980 et
3501 3940 3695 3994 aspera
3726 3926 3783 3982 in

2198 4028 2383 4077 carne,
2408 4014 2531 4082 quia
2563 4028 2750 4067 revera
2786 4013 3067 4068 molestum
3117 4020 3229 4077 est;
3273 4013 3374 4067 nisi
3421 4022 3566 4068 esset
3608 4015 3789 4069 enmi-

2198 4103 2298 4157 bus
2334 4101 2615 4156 molestum
2647 4140 2662 4166 ,
2728 4116 2836 4157 non
2892 4110 3037 4156 esset
3084 4102 3409 4172 martyribus
3461 4102 3784 4174 gloriosum.

2198 4191 2375 4246 Multis
2400 4206 2530 4261 ergo
2554 4190 2769 4246 lascivis
2813 4199 2867 4246 et
2892 4191 3070 4245 avaris
3111 4200 3382 4262 martyres
3431 4193 3604 4249 sancti
3638 4194 3787 4250 insa-

2197 4282 2312 4335 nire
2341 4281 2441 4336 visi
2464 4291 2610 4345 sunt,
2638 4283 2851 4350 quando
2878 4296 2976 4349 pro
3006 4278 3206 4336 Christi
3252 4283 3469 4337 nomine
3505 4292 3656 4337 tanta
3688 4300 3786 4355 pa-

2201 4373 2468 4426 tiebantur
2498 4390 2510 4424 :
2543 4384 2598 4426 et
2649 4385 2772 4425 eum
2822 4387 3034 4441 semper
3061 4372 3323 4426 veraciter
3363 4374 3786 4442 confitebantur,

521 4465 669 4522 gena:
690 4451 1088 4506 condimentum
1111 4452 1317 4522 saporis
1336 4454 1459 4507 vitae
1480 4433 1695 4508 aeternae
1717 4433 2091 4526 perceperunt,
2120 4433 2173 4493 ἶ)
2199 4472 2257 4516 ιιι
2281 4478 2409 4532 ergo
2435 4470 2694 4533 negarent
2724 4464 3070 4533 urgebantur.
3104 4462 3206 4516 Alii
3241 4479 3367 4517 vero
3394 4464 3559 4534 virgis
3604 4473 3662 4519 et
3693 4466 3791 4521 fla-

520 4548 579 4594 ut
600 4542 985 4611 restringerent
1013 4542 1190 4597 carnis
1217 4542 1512 4608 lasciviam,
1536 4552 1591 4598 et
1615 4560 1645 4597 a
1664 4545 1944 4614 putredine
1972 4562 2096 4616 pec-

520 4643 761 4687 catorum
808 4642 861 4688 et
906 4634 1156 4688 vitiorum
1212 4633 1482 4689 vermibus
1529 4644 1873 4688 servarentur
1922 4636 2092 4690 illaesi.

520 4719 609 4775 lsti
640 4730 761 4774 sunt
787 4722 1063 4776 duodecim
1098 4723 1300 4790 lapides
1344 4723 1585 4790 pretiosi,
1618 4737 1752 4791 quos
1808 4724 1860 4777 in
1909 4724 2097 4779 funda-

522 4818 701 4862 mento
726 4809 960 4863 caelestis
985 4809 1195 4864 aedilicii
1238 4811 1443 4880 positos
1472 4809 1704 4867 Joannes
1756 4813 1806 4866 iu
1834 4814 2096 4883 Apocaly-

525 4899 606 4969 psi
639 4914 733 4952 sua
766 4900 1020 4952 describit
1049 4900 1229 4970 (Apoc.
1260 4900 1395 4967 χιι),
1419 4901 1541 4969 quia
1568 4903 1876 4971 praedicatio
1914 4919 2099 4958 eorum

527 4988 778 5042 Ecclesiae
808 4988 1152 5043 fundamenta
1207 4988 1419 5044 locavit.
1464 4990 1611 5046 Unde
1654 5001 1707 5045 et
1750 4991 1945 5047 Paulus
1990 4994 2098 5047 ait:

535 5084 633 5138 l’os
660 5086 781 5139 estis
803 5087 932 5139 cives
952 5096 1247 5138 sanctorum
1275 5094 1321 5139 et
1348 5086 1611 5140 domestici
1651 5086 1747 5140 Dei
1773 5101 1788 5138 :
1818 5088 2102 5157 supera'di-

522 5176 665 5243 [irati
717 5190 869 5242 super
912 5174 1308 5241 fundamentum
1352 5176 1701 5244 apostolorum
1738 5186 1784 5229 et
1830 5179 2102 5245 propheta-

527 5281 639 5315 rnm
665 5263 821 5332 (Eph.
855 5262 933 5332 ιι).
970 5263 1057 5317 lsti
1102 5275 1226 5318 sunt
1274 5264 1550 5319 duodecim
1598 5277 1765 5333 porta:
1803 5266 2128 5322 Jerusalem'

526 5370 696 5417 none,
719 5370 837 5422 qua:
864 5355 928 5408 de
949 5354 1087 5408 casio
1115 5354 1410 5417 descendit,
1435 5354 1558 5423 quia
1592 5370 1686 5424 per
1718 5356 1859 5424 ipsos
1878 5357 2098 5426 januam

528 5443 648 5498 fidei
679 5444 907 5512 primum
939 5444 1253 5498 intravimus
1275 5483 1289 5508 ,
1343 5453 1396 5498 et
1436 5445 1575 5498 inter
1604 5446 1747 5499 cives
1794 5459 2099 5501 sanctorum

526 5534 820 5587 cuumerati
868 5549 1073 5587 sumus.
1102 5532 1226 5588 llaec
1263 5548 1393 5603 ergo
1438 5535 1865 5600 considerantes,
1905 5535 2101 5591 fratres

527 5623 826 5677 charissnni
854 5664 868 5690 ,
920 5624 1218 5681 rccolamus
1265 5642 1383 5695 qum
1414 5628 1546 5681 tanti
1590 5627 1753 5683 duces
1794 5630 1971 5698 populi
2005 5631 2099 5683 Dei

2200 4552 2350 4622 gellis
2380 4552 2680 4606 diutissime
2713 4561 2840 4605 sunt
2863 4552 3150 4615 verberati,
3171 4551 3257 4605 alii
3283 4553 3511 4608 fustibus
3536 4562 3590 4607 et
3616 4554 3792 4622 plum—

2198 4640 2337 4694 batis
2363 4641 2507 4704 estsi,
2535 4639 2622 4693 alii
2647 4640 2986 4694 membratim
3023 4639 3231 4705 laniati,
3256 4641 3341 4695 alii
3370 4642 3545 4709 gladio
3592 4646 3790 4708 occisi,

2199 4731 2287 4785 alii
2320 4730 2599 4794 excoriati,
2632 4732 2751 4799 pice
2786 4742 2839 4785 et
2888 4731 3104 4801 plumbo
3151 4733 3352 4801 liquato
3409 4733 3653 4802 perfusi,
3697 4737 3789 4791 alii

2199 4820 2390 4874 ardore
2427 4835 2721 4889 prunarum
2774 4822 3033 4885 cruciati,
3067 4823 3155 4876 alii
3203 4822 3431 4877 flammis
3459 4826 3661 4891 exusti,
3697 4829 3788 4883 alii

2205 4911 2258 4962 in
2291 4924 2442 4963 mare
2484 4909 2665 4973 mersi,
2699 4908 2786 4961 alii
2827 4908 3011 4963 bestiis
3060 4912 3328 4980 deputati,
3380 4912 3468 4967 alii
3504 4929 3790 4971 carcerum

2204 5009 2327 5053 sunt
2357 5001 2581 5053 horrore
2607 5006 2660 5053 et
2684 4998 2825 5075 fame
2854 5000 3053 5054 necati.
3084 5000 3222 5065 Quot
3250 5002 3390 5056 enim
3419 5015 3710 5071 pmnarum
3739 5017 3793 5058 et

2205 5090 2457 5143 mortium
2498 5105 2692 5158 genera
2724 5090 2893 5143 hostis
2921 5091 3227 5158 exc03itare
3271 5101 3498 5159 poterat,
3534 5102 3611 5145 tot
3641 5111 3793 5148 inar-

2206 5181 2413 5247 tyribus
2434 5181 2547 5235 sine
2573 5180 2674 5233 ulla
2704 5180 3049 5235 miseratione
3070 5180 3379 5249 indigebat;
3417 5183 3507 5235 sed
3532 5183 3631 5251 ipsi
3662 5182 3797 5239 licet

2206 5272 2258 5321 in
2293 5279 2476 5338 aperto
2504 5270 2717 5325 horrida
2734 5271 3133 5338 paterentur,in
3157 5270 3367 5325 occulto
3393 5280 3568 5324 tamen
3600 5272 3793 5329 ineffa-

2204 5357 2383 5411 biliter
2404 5360 2817 5413 coronabantur.
2842 5358 2989 5412 Multi
3020 5360 3232 5427 quidem
3262 5360 3482 5428 gloriam
3510 5370 3792 5417 terrenam

2205 5448 2550 5515 quasierunt,
2569 5449 2718 5502 multi
2748 5450 2845 5501 viri
2881 5449 3044 5501 fortes
3065 5457 3118 5501 et
3149 5464 3243 5517 pro
3267 5448 3441 5517 patria
3468 5450 3791 5518 sanguinem

2205 5538 2531 5592 fundendum
2559 5553 2679 5592 esse
2711 5539 2980 5593 duxerunt
3009 5555 3104 5591 nec
3134 5540 3355 5594 fundere
3381 5540 3793 5604 dubitaverunt.

2207 5631 2294 5697 qui
2324 5630 2547 5698 gloriam
2581 5630 2743 5683 etiam
2780 5638 2898 5697 post
2927 5637 3150 5683 mortem
3179 5629 3317 5698 apud
3346 5639 3591 5699 posteros
3621 5631 3791 5685 habe-
