3922 6346
181 279 248 337 69
1133 273 1438 331 I'IOMILIA‘I
1484 274 1570 327 DE
1609 273 1849 327 FESTIS
1886 271 2291 337 I’RECIPUIS,
2335 271 2485 328 ETC.
3376 282 3406 335 7

567 341 603 390 ε

181 400 334 444 rent:
364 389 459 443 sed
483 384 610 457 qum
661 386 869 441 illorum
900 384 1064 456 gloria
1111 385 1439 454 martyribus
1473 398 1753 453 compara-
1781 391 1830 449 Α
1857 385 1980 452 quis
2008 400 2020 437 :
2055 385 2228 439 Tanta
2253 385 2393 439 mala
2427 385 2554 439 mihi
2589 385 2842 444 inimicus
2870 402 3022 444 meus
3058 388 3188 445 fecit
3229 399 3288 447 ut
3313 407 3441 450 eum

179 482 290 534 tur!
337 479 470 547 Quis
493 477 931 548 potuitinvcnire
960 480 1249 547 imperator
1278 477 1420 547 quod
1469 477 1639 546 potuit
1668 477 1750 530 in-

179 569 356 623 venire
387 569 653 638 piscator.
685 568 1085 636 lmpcratorum,
1111 564 1392 620 consulum
1432 573 1488 618 et
1512 565 1751 618 virorum

176 657 408 718 fortium,
437 658 532 726 qui
576 658 763 712 orbem
790 657 954 710 armis
994 657 1319 710 domuerant
1346 663 1400 709 et
1435 652 1752 725 subiugave-

175 756 316 810 runt,
343 746 593 815 sepulcra
624 755 746 800 sunt
787 745 1010 799 Romm:
1052 744 1119 798 ad
1149 743 1302 812 cujus
1336 742 1638 812 sepulcrum
1672 742 1753 796 in-

176 845 315 890 trare
361 835 618 904 dignatus
661 842 742 888 est
776 834 1104 902 imperator:
1137 841 1191 886 et
1221 840 1420 896 tamen,
1449 830 1751 886 diademate

172 925 410 995 deposito
440 925 508 978 ad
543 923 848 994 sepulcrum
876 937 1035 977 suum
1072 930 1337 986 orantem,
1367 920 1601 990 suscepit
1625 935 1750 975 eum

170 1017 403 1086 piscator
428 1033 441 1069 :
471 1028 619 1080 ecce,
635 1013 680 1068 si
706 1021 918 1068 terrena
939 1013 1107 1083 gloria
1125 1011 1300 1066 fuerat
1319 1010 1748 1080 concupiscenda

171 1106 521 1177 martyribus,
555 1120 656 1160 nec
683 1104 798 1174 ipsa
826 1103 1058 1157 fraudati
1089 1109 1236 1168 sunt,
1264 1103 1355 1172 qui
1379 1102 1638 1157 honorem
1669 1112 1750 1156 ta-

168 1211 286 1252 men
313 1199 457 1252 inter
486 1196 706 1267 angelos
731 1196 1080 1264 quaesierunt.
1124 1195 1380 1250 Videmus
1405 1209 1590 1249 eorum
1635 1193 1748 1263 glo-

169 1289 273 1342 rias
301 1288 353 1341 in
386 1287 586 1352 terris,
632 1294 686 1340 et
723 1295 1033 1353 stupemus;
1066 1284 1192 1353 quid
1244 1292 1578 1352 pateremur,
1613 1283 1660 1337 si
1692 1283 1743 1336 in

167 1377 297 1434 caelo
327 1378 678 1432 videremus?
705 1384 940 1444 quantus
997 1389 1095 1428 nos
1149 1381 1338 1442 stupor
1373 1373 1744 1428 admirationis

166 1467 608 1537 apprehenderet,
634 1466 676 1520 si
710 1466 1015 1520 videremus
1057 1471 1324 1534 martyres
1355 1464 1498 1519 inter
1525 1465 1743 1535 angelos

161 1558 470 1628 gloriantes,
502 1572 731 1626 quorum
779 1556 1022 1612 natalitia
1056 1555 1301 1611 videmus
1327 1555 1549 1626 p0pulos
1597 1557 1739 1612 cele-

160 1649 370 1703 brantes
430 1645 538 1702 Sed
583 1661 681 1701 nos
720 1646 964 1700 volumus
989 1645 1221 1716 gaudere
1248 1661 1370 1700 cum
1397 1647 1600 1700 sanctis
1624 1686 1638 1711 ,
1685 1655 1738 1701 et

1856 473 2003 527 nulla
2033 474 2241 529 ratione
2280 475 2482 544 possim
2519 476 2758 546 diligere.
2800 478 3053 534 Attendis
3080 480 3207 550 quid
3236 482 3333 538 tibi
3360 482 3442 540 fe-

1855 563 1996 616 cerit
2041 564 2222 628 homo,
2254 573 2309 618 et
2333 581 2439 619 non
2469 568 2701 622 attendis
2729 568 2856 636 quid
2899 576 2954 623 to
3040 571 3177 625 ceris
3206 571 3317 627 Deo
3346 590 3360 627 :
3391 572 3439 630 sl

1855 653 2238 708 conscientiam
2263 662 2405 708 tuam
2427 655 2710 726 diligenter
2735 659 2957 715 discutis
2977 670 3032 714 et
3058 661 3304 731 inquiris,
3322 665 3441 724 sine

1853 744 1962 798 ulla
1998 746 2434 814 compensatione
2482 746 2682 814 majora
2713 757 2768 802 tu
2806 757 3024 818 peccata
3051 755 3346 809 committis
3380 754 3432 809 in

1851 830 2022 886 Deum
2054 847 2215 902 quam
2244 833 2298 886 in
2334 842 2385 889 te
2430 837 2760 891 commiserit
2795 839 2996 893 homo:
3027 847 3082 894 et
3126 857 3232 909 qua
3259 842 3438 898 fronte

1851 920 1933 975 vis
1972 930 2032 975 ut
2089 921 2182 975 tibi
2225 922 2366 977 Deus
2413 924 2664 992 dignetur
2713 927 2982 982 dimittere
3032 929 3282 995 multum,
3312 944 3436 986 cum

1852 1020 1907 1066 tu
1947 1027 2049 1067 non
2080 1014 2379 1082 acquiescis
2406 1016 2677 1071 dimittere
2707 1019 2934 1087 parum?
2956 1020 3063 1074 Vos
3090 1033 3290 1088 autem,
3319 1023 3434 1078 fra-

1849 1109 1980 1165 tres,
2017 1104 2142 1171 quia
2172 1104 2410 1172 quotidie
2440 1105 2621 1162 dicitis
2649 1105 2761 1162 Deo
2807 1107 2860 1162 in
2892 1111 3175 1167 oratione:
3213 1113 3436 1169 Dimitte

1848 1193 1995 1247 nobis
2023 1193 2195 1247 debita
2234 1203 2435 1258 nostra,
2464 1196 2599 1249 sicut
2637 1207 2684 1250 et
2709 1214 2802 1251 nos
2831 1198 3141 1255 dimittimus
3188 1203 3436 1258 debitori-

1846 1282 1941 1336 bus
1995 1284 2187 1337 nostris
2220 1284 2432 1354 (Matth.
2465 1285 2562 1357 vr),
2600 1286 2855 1342 dimittite
2899 1299 2952 1344 et
2993 1291 3292 1347 dimittetur
3339 1310 3435 1351 vo-

1845 1373 1957 1439 bis;
1989 1373 2102 1443 ipsa
2129 1375 2272 1429 enim
2320 1374 2533 1431 Veritas
2564 1377 2765 1433 clamat
2812 1381 3133 1436 terribiliter
3176 1393 3230 1438 et
3254 1386 3427 1440 dicit:

1846 1463 1906 1518 Si
1935 1481 2024 1518 vos
2052 1482 2156 1520 non
2198 1467 2505 1521 dimiseritis
2531 1469 2827 1524 hominibus
2858 1485 3070 1543 peccata
3100 1492 3298 1544 eorum,
3334 1496 3427 1535 nec

1842 1553 1982 1607 vobis
2013 1551 2175 1609 Pater
2220 1566 2385 1610 vester
2437 1559 2654 1614 rwlestis
2710 1560 2931 1617 dimittet
2981 1577 3190 1634 peccata
3235 1582 3424 1626 vestra.

1844 1643 2121 1699 Imitemur
2170 1661 2296 1717 ergo
2323 1655 2537 1704 sanctos
2564 1659 2832 1720 martyres
2865 1652 3062 1709 Christi
3092 1657 3145 1711 in
3190 1657 3325 1726 fide,
3371 1662 3424 1717 in

160 1737 557 1793 tribulationem
591 1738 774 1792 mundi
813 1738 1064 1793 nolumus
1097 1737 1364 1792 sustinere
1412 1753 1534 1793 cum
1585 1737 1688 1794 illis
1718 1756 1730 1792 :
1766 1716 1811 1774 Β
1840 1733 2164 1799 humilitate,
2196 1716 2251 1790 in
2283 1716 2723 1804 mansuetudine,
2745 1743 2797 1795 in
2830 1745 3106 1812 patientia,
3154 1747 3206 1801 in
3240 1716 3425 1822 longa-

156 1828 242 1897 qui
273 1827 415 1883 enim
447 1835 668 1882 sanctos
697 1835 987 1897 martyres,
1040 1827 1126 1881 vel
1161 1827 1215 1880 in
1259 1835 1516 1896 quantum
1546 1835 1734 1897 potue-

155 1918 247 1981 rit,
273 1917 507 1972 noluerit
531 1917 755 1982 imitari,
779 1917 845 1972 ad
869 1932 1057 1972 eorum
1084 1917 1472 1972 beatitudinem
1503 1932 1607 1972 non
1638 1933 1733 1987 po.

155 2008 274 2062 terit
300 2009 609 2078 pervenire.
653 2007 741 2062 Sic
775 2016 830 2062 et
866 2007 1155 2078 Apostolus
1201 2007 1496 2077 praedicat,
1547 2008 1732 2063 dicens

152 2099 233 2169 (11
263 2099 383 2153 Cor.
420 2099 462 2169 ι)
490 2114 504 2153 :
548 2098 610 2154 Si
654 2099 906 2168 fuerimus
936 2101 1066 2153 socii
1095 2099 1419 2169 passionum,
1453 2101 1646 2155 erimus
1682 2109 1730 2154 et

149 2186 583 2241 consolationum.
619 2187 688 2242 Et
726 2187 984 2242 Dominus
1012 2187 1067 2241 in
1099 2188 1394 2257 Evangelio
1426 2201 1442 2241 :
1485 2185 1542 2242 Si
1571 2205 1728 2243 mun-

148 2275 264 2339 dus,
291 2278 486 2346 inquit,
511 2294 597 2332 vos
625 2277 731 2331 odit
751 2317 768 2344 ,
815 2277 995 2331 scitote
1025 2278 1150 2347 quia
1196 2293 1278 2331 me
1324 2278 1551 2347 priorem
1589 2279 1729 2332 vobis

148 2367 263 2420 odio
292 2367 478 2421 habuit
515 2366 696 2438 (Joan.
720 2367 831 2438 xv).
867 2366 1238 2422 Rccusatesse
1271 2367 1323 2421 in
1357 2381 1604 2437 corpore,
1636 2370 1728 2440 qui

146 2456 319 2511 odium
342 2473 454 2512 non
480 2458 596 2514 vult
625 2459 891 2514 sustinere
932 2473 1052 2514 cum
1080 2459 1275 2528 capite.
1321 2457 1428 2513 Sed
1461 2459 1591 2514 dicit
1631 2460 1730 2515 ali-

145 2548 291 2616 quis:
319 2548 386 2603 Et
414 2549 538 2618 quis
561 2557 646 2605 est
682 2549 774 2619 qui
803 2549 975 2619 possit
999 2549 1280 2603 beatorum
1309 2555 1609 2617 martyrum
1639 2563 1728 2604 ve-

143 2637 294 2706 stigia
321 2639 511 2708 sequi;
544 2638 670 2693 huic
712 2653 812 2711 ego
856 2638 1190 2707 respondeo:
1227 2636 1364 2704 Quia
1416 2652 1524 2692 non
1555 2638 1727 2693 solum

143 2736 429 2798 martyres,
454 2729 548 2783 sed
570 2727 734 2783 etiam
766 2728 939 2797 ipsum
964 2727 1251 2783 Dominum
1279 2741 1403 2781 cum
1435 2725 1603 2797 ipsius
1633 2726 1728 2780 ad-

139 2816 355 2884 iutorio,
379 2818 427 2872 si
457 2818 727 2883 voltunus,
755 2832 1040 2887 possumus
1067 2816 1287 2872 imitari.
1323 2815 1463 2870 Audi
1486 2830 1592 2870 non
1615 2830 1721 2879 me,

142 2907 234 2962 sed
274 2908 452 2977 ipsum
479 2908 766 2964 Dominum
798 2907 979 2979 generi
1022 2908 1259 2964 humano
1291 2905 1619 2963 clamatam
1661 2920 1726 2963 ac

141 2985 452 3051 dicentem:
477 2996 672 3051 Discite
701 3015 732 3051 a
774 3013 855 3051 me
899 3000 1023 3067 quia
1076 2999 1216 3052 mitis
1263 3014 1380 3052 sum
1427 3006 1474 3051 et
1505 2997 1720 3052 humilis

1836 1827 2100 1892 nimitatc,
2133 1827 2185 1881 in
2216 1827 2532 1895 dilectione;
2575 1839 2629 1884 et
2669 1833 2748 1888 sic
2781 1836 3076 1904 poterimus
3109 1838 3252 1909 ipsos
3282 1856 3424 1896 mar-

1835 1923 1982 1984 tyres
2004 1916 2143 1984 apud
2169 1916 2334 1971 Deum
2365 1919 2564 1975 habere
2593 1922 2995 1991 intercessores,
3025 1928 3099 1981 ita
3127 1938 3185 1984 ut
3204 1930 3422 1986 delean-

1835 2011 1921 2058 tur
1945 2017 2170 2074 peccata
2196 2017 2409 2072 nostra,
2440 2019 2495 2064 et
2525 2015 2743 2080 pmmia
2786 2023 2986 2070 aeterna
3036 2017 3190 2073 nobis
3233 2021 3422 2076 confe-

1832 2103 2058 2148 rantur:
2086 2105 2377 2166 prmstante
2407 2098 2632 2155 Domino
2681 2111 2866 2158 nostro
2909 2102 3034 2159 Jesu
3057 2104 3293 2173 Christo,
3327 2111 3419 2178 qui

1833 2183 1964 2239 vivit
2016 2196 2070 2239 et
2113 2195 2301 2257 regnat
2349 2203 2470 2243 cum
2519 2189 2630 2244 Deo
2665 2190 2823 2248 Patre
2867 2193 2920 2247 in
2953 2195 3157 2250 unitate
3187 2196 3420 2267 Spiritus

1831 2277 2002 2332 sancti
2030 2277 2191 2343 Deus,
2218 2293 2313 2346 per
2334 2279 2515 2334 omnia
2536 2281 2730 2336 sarcula
2756 2283 3090 2340 saeculorum.
3115 2287 3306 2344 Amen.

2322 2404 2605 2462 HOMILIA
2643 2407 2907 2466 XXXVII.

2090 2532 2142 2571 IN
2178 2532 2374 2572 NATALI
2413 2533 2727 2576 SANCTORUI
2761 2536 3153 2579 CONFESSOBUI.

1899 2626 2087 2691 IIodie,
2106 2627 2302 2684 fratres
2325 2631 2654 2697 charissimi,
2684 2634 2857 2688 sancti
2887 2634 3215 2690 confessoris
3239 2638 3411 2693 nostri

1826 2721 2166 2775 celebramus
2182 2720 2349 2785 diem,
2374 2736 2481 2789 quo
2495 2721 2636 2778 hanc
2657 2724 2820 2779 vitam
2837 2724 3158 2782 laboriosam
3189 2729 3418 2784 derelin-

1827 2826 2017 2881 quens,
2033 2812 2086 2867 iu
2110 2812 2276 2868 vitam
2301 2821 2522 2869 renatus
2537 2823 2620 2869 est
2645 2824 2987 2886 perpetuam;
3019 2833 3124 2887 quo
3143 2819 3312 2874 finivit
3339 2820 3416 2874 la-

1823 2901 2010 2961 borem
2037 2904 2440 2972 certaminis,ct
2465 2908 2708 2979 percepit
2732 2909 3011 2978 praemium
3038 2909 3410 2968 confessionis.

1827 2997 1977 3053 Sicut
1989 2999 2134 3054 enim
2147 3009 2458 3055 sanctorum
2486 3011 2803 3072 martyrum,
2823 3003 2894 3055 ita
2910 3010 2964 3057 et
2977 3003 3259 3058 beatorum
3280 3020 3409 3059 con-

141 3086 289 3139 corde
312 3085 531 3154 (Matth.
576 3085 674 3157 xi).
700 3087 838 3142 Audi
862 3061 921 3142 et
945 3088 1164 3146 beatum
1185 3087 1405 3143 Petrum
1428 3088 1721 3144 admonen-
1747 3061 1792 3123 Ο
1826 3086 2090 3142 fessarum
2105 3088 2241 3143 solet
2258 3089 2559 3160 triumphos
2572 3061 2846 3145 celebrare
2859 3091 3096 3147 Ecclesia
3126 3111 3139 3145 :
3171 3093 3405 3160 illorum,

142 3172 584 3240 tem:Christus,
632 3170 836 3245 inquit,
876 3193 970 3247 pro
1013 3178 1155 3231 vobis
1200 3194 1385 3247 passus
1431 3187 1526 3242 est,
1559 3178 1720 3232 relin-
1819 3177 1944 3246 quia
1997 3193 2222 3249 agonem
2272 3179 2588 3248 explentes,
2643 3175 2876 3249 palmam
2924 3182 3168 3252 martyrii
3201 3198 3413 3239 merue-

138 3279 293 3330 quens
342 3264 485 3318 vobis
534 3265 826 3334 exemplum
849 3305 865 3330 ,
916 3275 973 3319 ut
1019 3267 1309 3336 sequamini
1359 3268 1574 3337 vestigia
1604 3269 1720 3338 ejus
1819 3280 1980 3336 runt;
2027 3271 2280 3336 istorum,
2311 3271 2435 3340 quia
2465 3273 2519 3325 in
2548 3287 2688 3326 vera:
2718 3272 2838 3327 fidei
2866 3273 3206 3327 confessione
3236 3275 3409 3343 persi-

138 3352 188 3424 (I
216 3352 361 3408 Petr.
385 3353 470 3425 ll).
505 3355 642 3410 Ecce
668 3355 917 3411 Christus
955 3355 1085 3411 dicit
1112 3370 1126 3409 :
1157 3355 1355 3410 Discite
1386 3374 1419 3409 a
1441 3373 1556 3422 me;
1590 3359 1719 3414 bea-

140 3454 226 3500 tus
258 3445 453 3499 Petrus
479 3445 646 3500 dicit:
678 3443 746 3499 Ut
774 3446 1064 3516 sequamini
1091 3445 1308 3514 uestigia
1343 3445 1477 3514 ejus.
1508 3446 1715 3502 Simili-

139 3543 217 3588 ter
241 3534 519 3604 apostolus
545 3534 744 3589 Paulus
793 3534 990 3589 clamat
1017 3549 1032 3588 :
1064 3534 1363 3591 Imitatores
1391 3537 1489 3591 Dei
1525 3548 1713 3604 estote,

139 3624 260 3676 sicut
302 3623 403 3690 ﬁlii
430 3625 724 3678 charissimi
752 3623 912 3695 (Eph.
936 3625 1010 3694 v).
1035 3623 1174 3691 Quid
1198 3627 1266 3681 ad
1287 3627 1402 3681 haec
1425 3629 1718 3698 responde-

138 3714 327 3779 bimus,
354 3714 576 3782 fratres,
607 3715 691 3772 vel
726 3731 888 3785 quam
933 3717 1334 3773 excusationem
1389 3718 1588 3776 habere
1621 3736 1717 3790 po-

140 3807 390 3863 terimus?
428 3806 488 3863 Si
538 3808 633 3863 tibi
663 3808 858 3877 aliquis
903 3807 1051 3863 dicat
1075 3817 1134 3863 ut
1164 3809 1392 3865 virtutes
1421 3825 1557 3880 quas
1586 3811 1715 3865 fecit

139 3898 388 3953 Dominus
419 3899 618 3954 debeas
662 3898 889 3964 imitari,
910 3895 1056 3964 iusta
1087 3907 1267 3967 potest
1290 3913 1410 3955 esse
1434 3899 1713 3954 excusatio

139 4001 240 4055 tua,
265 3992 390 4062 quia
417 3992 648 4046 virtutes
686 4001 742 4045 et
793 3990 1059 4045 mirabilia
1107 3989 1285 4046 facere
1315 4006 1420 4045 non
1463 3990 1714 4046 omnibus

135 4081 309 4136 datum
335 4091 452 4147 est;
485 4081 632 4151 iuste
670 4089 849 4136 autem
887 4088 941 4136 et
984 4089 1133 4136 caste
1156 4082 1358 4145 vivere,
1383 4089 1437 4136 et
1477 4080 1712 4136 charita-

137 4183 235 4226 tem
258 4187 379 4226 cum
403 4170 657 4226 omnibus
686 4170 958 4225 custodire
980 4184 1102 4224 cum
1133 4169 1229 4223 Dei
1256 4168 1547 4238 adiutorio,
1590 4184 1709 4224 om-

135 4261 283 4316 nibus
306 4270 636 4332 przeceptum
665 4268 765 4316 est.
797 4260 932 4315 Nam
959 4270 1012 4314 et
1047 4262 1159 4330 ipse
1186 4260 1445 4314 Dominus
1488 4275 1596 4314 non
1629 4260 1709 4314 di-

135 4353 208 4407 xit
229 4368 243 4406 :
261 4352 462 4406 Discite
488 4370 520 4405 a
547 4367 627 4405 me
648 4359 888 4407 mortuos
909 4350 1193 4414 suscitare,
1216 4364 1379 4418 super
1405 4364 1574 4419 aquas
1599 4349 1708 4403 sic-

134 4443 206 4498 cis
231 4443 458 4512 pedibus
487 4441 799 4505 ambnlare;
834 4455 943 4494 non
970 4439 1134 4502 dixit;
1167 4439 1262 4493 sed
1293 4439 1422 4508 quid
1449 4440 1562 4493 ait?
1587 4441 1708 4510 quia

136 4534 263 4585 mitis
287 4549 405 4586 sum
446 4541 494 4584 et
521 4530 734 4584 humilis
761 4529 950 4594 corde;
1005 4537 1060 4583 et
1107 4529 1340 4582 iterum:
1370 4527 1581 4598 Diligite
1608 4530 1708 4581 ini-

133 4628 283 4680 micos
312 4637 532 4688 vestros,
568 4635 615 4678 et
645 4624 929 4692 benefacite
955 4622 1034 4677 his
1060 4624 1148 4694 qui
1175 4623 1394 4677 oderunt
1425 4640 1510 4677 vos
1533 4636 1551 4675 :
1576 4625 1708 4677 sicut

132 4727 174 4768 et
202 4715 360 4770 Pater
400 4727 570 4771 vester
596 4715 811 4770 caelestis
853 4713 1010 4768 solem
1059 4731 1212 4768 suum
1247 4715 1376 4767 oriri
1402 4714 1531 4783 facit
1553 4730 1709 4783 super

132 4807 281 4860 bonos
307 4816 355 4860 et
393 4796 881 4868 malosﬂlatthw).
911 4803 977 4858 Et
1010 4803 1136 4858 licet
1182 4804 1290 4858 sint
1318 4802 1420 4856 alia
1452 4803 1617 4856 multa
1651 4803 1704 4857 in

131 4898 315 4965 quibus
334 4898 510 4951 Deum
538 4895 828 4950 debeamus
847 4901 902 4948 et
941 4894 1131 4950 beatos
1165 4901 1431 4964 martyres
1479 4894 1702 4957 imitari,

132 4985 224 5037 ista
254 4997 434 5039 tamen
475 4985 582 5040 duo
624 4983 896 5054 praecipua
937 4991 1101 5038 sunt:
1148 4983 1200 5037 id
1229 4993 1330 5048 est,
1359 4991 1418 5037 ut
1444 4984 1602 5038 mites
1633 4983 1706 5038 si-

131 5091 239 5129 mus
267 5085 320 5130 et
343 5075 580 5132 humiles
602 5076 786 5138 corde,
803 5084 859 5130 et
883 5075 1129 5130 inimicos
1157 5085 1371 5130 nostros
1403 5084 1513 5130 toto
1544 5076 1704 5130 corde

131 5176 179 5219 et
207 5170 328 5223 totis
383 5169 592 5224 viribus
638 5169 943 5240 diligamus.
994 5169 1070 5223 De
1120 5168 1402 5239 diligendis
1443 5170 1700 5234 inimicis,

130 5255 316 5314 fratres
340 5260 675 5324 charissimi,
707 5259 886 5314 nullus
930 5275 1167 5328 unquam
1192 5260 1248 5313 in
1275 5260 1498 5315 veritate
1527 5275 1585 5315 se
1613 5275 1702 5329 po-

130 5347 246 5400 terit
268 5363 553 5402 excusare.
576 5348 762 5404 Potest
787 5349 916 5404 mihi
941 5348 1135 5418 aliquis
1161 5349 1338 5404 dicere
1364 5368 1376 5403 :
1419 5348 1536 5406 Non
1572 5365 1698 5419 pos-

130 5450 237 5490 sum
263 5435 536 5507 ieiunare,
566 5453 671 5493 non
716 5453 932 5506 possum
981 5452 1068 5494 res
1096 5453 1241 5493 meas
1279 5447 1419 5494 totas
1450 5441 1698 5509 pauperi-

131 5525 220 5578 bus
248 5528 377 5582 dare
402 5568 418 5593 ,
468 5535 526 5582 et
553 5527 604 5581 in
639 5527 967 5584 monasterio
1017 5526 1130 5582 Deo
1181 5528 1415 5589 servire;
1457 5528 1697 5596 nunquid

136 5624 292 5678 potest
315 5616 540 5674 dicere:
574 5616 688 5673 Non
732 5635 948 5691 possum
977 5618 1243 5687 diligere?
1271 5617 1375 5673 Sed
1425 5618 1554 5672 dicit
1595 5617 1693 5671 ali-

1818 3369 2040 3426 stentes,
2076 3377 2329 3416 coronam
2355 3362 2480 3416 vitae
2509 3371 2856 3432 acceperunt.
2883 3363 2946 3416 Et
2973 3364 3165 3418 merito
3191 3366 3409 3434 utrique

1816 3451 1931 3520 pari
1981 3452 2186 3505 ratione
2229 3452 2601 3512 honorantur,
2652 3450 2776 3518 quia
2827 3450 3042 3520 utrique
3092 3452 3204 3505 veri
3241 3461 3407 3506 testes

1817 3539 2016 3594 Christi
2055 3549 2110 3594 et
2161 3540 2275 3594 veri
2322 3539 2633 3593 laudatores
2682 3539 3048 3593 exstiterunt:
3089 3555 3212 3594 nam
3258 3555 3405 3594 mar-

1817 3637 1962 3700 tyres
1984 3629 2168 3683 Graece
2187 3669 2201 3692 ,
2242 3636 2408 3683 testes
2433 3630 2892 3697 interpretantur;
2921 3627 3258 3684 confessores
3278 3643 3408 3684 vero

1816 3717 2006 3773 Latine
2033 3716 2339 3771 laudatores
2370 3716 2696 3784 signiﬁcant.
2727 3717 2800 3772 De
2818 3717 2948 3787 ipsis
2975 3719 3117 3772 enim
3149 3719 3405 3774 Dominus

1815 3808 1994 3862 dicit:
2042 3807 2144 3872 Qui
2187 3823 2266 3860 me
2318 3806 2591 3875 confessus
2644 3806 2804 3875 fuerit
2857 3824 3034 3861 coram
3082 3808 3406 3876 hominibus,

1815 3894 2096 3962 conﬁtebor
2117 3905 2162 3947 et
2190 3910 2282 3964 ego
2303 3911 2422 3948 eum
2455 3910 2635 3948 coram
2667 3893 2831 3948 Patre
2855 3913 2969 3950 meo
2996 3898 3087 3968 qui
3114 3908 3188 3952 est
3218 3900 3271 3952 in
3301 3915 3405 3954 cm-

1813 3980 1878 4038 lis
1917 3983 2130 4053 (Matth.
2175 3983 2251 4054 x).
2283 3983 2390 4038 Sed
2426 3985 2542 4039 haec
2566 3984 2855 4051 confessio,
2887 3985 3104 4053 fratres,
3138 4003 3244 4043 non
3283 3998 3400 4045 tan-

1813 4083 1926 4130 tutu
1957 4090 2069 4138 ore,
2100 4075 2193 4129 sed
2237 4075 2399 4128 etiam
2448 4075 2612 4131 corde
2662 4076 2822 4130 simul
2869 4085 2922 4133 et
2956 4092 3119 4146 opere
3171 4081 3403 4136 tenenda

1812 4178 1924 4232 est;
1981 4168 2096 4237 ipsa
2151 4166 2294 4221 cnim
2347 4167 2562 4222 Veritas
2608 4169 2722 4222 ait:
2757 4168 2878 4222 Non
2915 4171 3084 4223 omnis
3136 4171 3226 4239 qui
3274 4171 3401 4225 dicit

1810 4261 1964 4326 mihi,
1998 4260 2237 4326 Domine,
2269 4260 2510 4326 Domine,
2538 4262 2752 4315 intrabit
2781 4263 2837 4316 in
2860 4278 3074 4333 regnum
3101 4262 3348 4317 caelorum
3375 4281 3388 4317 :

1811 4352 1900 4406 sed
1916 4352 2003 4423 qui
2023 4351 2149 4419 facit
2165 4350 2478 4406 voluntatem
2501 4349 2676 4406 Patris
2696 4353 2794 4406 mei
2812 4353 2900 4421 qui
2927 4353 2982 4405 in
3005 4351 3144 4405 caelis
3164 4360 3260 4416 est,
3286 4352 3396 4420 ipse

1811 4443 2024 4500 intrabit
2070 4443 2125 4496 in
2157 4459 2369 4512 regnum
2400 4442 2645 4496 caelorum
2699 4442 2912 4513 (Matth.
2955 4442 3055 4513 xi).
3108 4441 3208 4496 Hic
3252 4442 3396 4497 enim

1810 4544 2029 4590 sanctus
2055 4534 2174 4589 ideo
2197 4534 2427 4589 Domino
2462 4534 2662 4604 placuit
2683 4535 2808 4603 quia
2856 4535 3000 4588 intus
3039 4548 3136 4603 per
3169 4533 3398 4589 creduli-

1810 4633 1994 4688 tatem,
2019 4632 2070 4678 el
2107 4622 2238 4679 foris
2270 4639 2369 4692 per
2393 4624 2827 4693 praedicationem
2877 4638 2940 4677 ac
2989 4622 3115 4676 boni
3159 4621 3392 4690 exempli

1806 4715 2199 4784 operationem,
2223 4714 2328 4768 rite
2357 4713 2641 4768 Dominum
2671 4712 2925 4766 laudavit.
2959 4711 3064 4766 Iste
3089 4711 3303 4781 quidem
3324 4726 3390 4765 ex

1807 4819 1996 4859 eorum
2037 4819 2315 4859 servorum
2344 4816 2569 4856 numero
2595 4810 2679 4856 est
2723 4801 2814 4870 qui
2844 4800 3136 4854 secundum
3180 4798 3390 4854 Domini

1808 4896 2142 4968 parabolam,
2169 4895 2418 4949 veniente
2457 4893 2674 4948 domino
2719 4907 2846 4955 suo,
2878 4889 3256 4945 commendata
3288 4889 3389 4944 sibi

1811 4987 2013 5041 talenta
2037 5001 2157 5040 cum
2184 4984 2332 5039 lucro
2359 4983 2675 5053 reportavit,
2711 4991 2874 5052 atque
2902 4980 3038 5034 bene
3073 4994 3388 5033 remunera-

1811 5091 1916 5142 tus,
1946 5078 1998 5130 in
2028 5076 2278 5148 gaudium
2309 5075 2507 5130 domini
2541 5075 2623 5130 sui
2651 5073 2887 5128 intravit.
2916 5071 3116 5125 Servus
3134 5085 3264 5140 ergo
3297 5070 3389 5140 qui

1809 5167 2076 5238 geminata
2111 5165 2310 5220 talenta
2342 5165 2545 5229 retulit,
2577 5179 2607 5217 a
2657 5163 2877 5218 domino
2923 5161 3194 5224 laudatur,
3224 5169 3388 5229 atque

1809 5259 1873 5311 ad
1895 5265 2153 5310 aeternam
2179 5255 2664 5310 remunerationem
2693 5252 3032 5323 perducitur:
3062 5251 3147 5307 cui
3175 5261 3229 5306 et
3255 5266 3389 5307 voce

1808 5347 2075 5401 dominica
2118 5346 2356 5400 dicitur:
2399 5345 2567 5414 Euge,
2595 5361 2735 5398 serve
2761 5344 2890 5398 bone
2912 5353 2960 5397 et
3001 5342 3170 5411 ﬁdelis
3197 5386 3209 5404 ,
3262 5342 3387 5411 quia

1804 5456 1958 5508 super
1988 5456 2158 5508 pauca
2204 5439 2352 5506 fuisti
2376 5437 2567 5505 ﬁdelis,
2585 5453 2740 5506 super
2769 5436 2932 5488 multa
2961 5446 3008 5489 te
3033 5433 3345 5488 constituam
3367 5451 3384 5485 :

1805 5531 1942 5582 intra
1977 5529 2030 5582 in
2084 5528 2335 5597 gaudium
2382 5527 2580 5580 domini
2628 5528 2704 5580 tui
2752 5525 2966 5597 (Matth.
3022 5525 3171 5594 xxv).
3206 5523 3382 5576 Pauca

1803 5619 1999 5688 quippe
2048 5628 2171 5672 sunt
2202 5618 2339 5672 bona
2383 5618 2558 5671 omnia
2607 5617 2887 5686 przesentis
2913 5617 3058 5693 vitat,
3089 5614 3382 5685 quamlibet
