3922 6340
502 330 565 388 7|
1131 325 1191 379 Β.
1233 323 1485 379 RABAXI
1522 323 1741 380 MAUN
1778 322 2096 379 AllCllIEP.
2131 318 2440 377 DIOGUNT.
2483 316 2765 376 OPERUM
2809 318 2986 374 PARS
3022 316 3084 373 ll.

3346 348 3367 387 ι
3688 319 3755 374 τε

497 436 662 493 multa
685 434 985 491 videantur.
1011 433 1117 487 Sed
1145 443 1272 488 tunc
1303 432 1475 487 lidelis
1497 448 1685 488 servus
1715 448 1874 502 supra
1903 432 2070 485 inulta
2103 442 2142 497 Α
2176 432 2299 485 liam
2322 430 2482 511 etiam
2514 432 2567 484 in
2600 432 2701 485 hoc
2738 430 2895 500 pleno
2923 430 3283 485 colluvionum
3314 428 3623 499 fragilitatis
3662 432 3754 485 ho-

495 524 842 580 constituitur
864 524 1097 591 quando,
1120 522 1327 576 devicta
1373 521 1518 575 omni
1563 521 1919 589 corruptionis
1958 535 2070 572 mo-

497 616 674 678 lestia,
702 614 767 668 de
802 612 1017 667 aeternis
1046 610 1252 685 gaudiis
1286 612 1339 666 in
1367 610 1455 664 illa
1485 610 1689 666 caalcsti
1716 610 1841 664 sede
1867 609 2066 679 gloria-

496 716 603 759 tur.
635 705 783 758 Tunc
807 703 875 755 ad
899 701 1100 755 domini
1126 702 1208 755 soi
1236 701 1487 771 gaudium
1516 699 1751 770 perfecte
1802 698 2070 751 intromit-

496 798 647 859 titur,
670 794 883 863 quando
913 794 964 847 in
1000 803 1199 847 teterna
1232 791 1320 846 illa
1347 790 1521 861 patria
1550 798 1878 858 assumptus,
1910 796 2071 857 atque

494 890 806 955 angelorum
844 888 1074 943 coetibus
1101 887 1384 949 admistus,
1418 884 1499 939 sic
1529 883 1756 939 interius
1782 883 1978 953 gaudet
2007 883 2071 937 de

496 992 720 1036 munere
746 987 803 1033 ut
836 994 940 1033 non
973 980 1044 1033 sit
1069 976 1184 1046 jam
1222 976 1363 1046 quod
1400 976 1638 1031 exterius
1660 975 1837 1029 doleat.
1864 975 1929 1029 de
1951 988 2072 1028 cor—

494 1072 764 1139 ruptione.
802 1068 1033 1124 Sanctus
1075 1083 1201 1138 ergo
1243 1068 1375 1129 iste,
1414 1065 1640 1120 Domino
1677 1064 1899 1133 jubente
1932 1064 2068 1119 bene

494 1159 754 1223 vigilavit,
784 1167 839 1211 et
873 1158 1061 1210 beatus
1090 1166 1173 1210 est
1206 1170 1415 1217 servus,
1448 1155 1573 1224 quia
1604 1170 1725 1210 cum
1770 1154 1919 1208 venit
1966 1153 2069 1207 Do-

492 1252 672 1304 minus
707 1248 824 1317 ejus
863 1246 1064 1301 invenit
1109 1259 1231 1299 eum
1280 1244 1611 1314 vigilantem.
1672 1244 1789 1312 Ipse
1837 1257 2069 1311 namque

489 1334 678 1405 vigilat
710 1336 799 1404 qui
822 1335 891 1388 ad
917 1342 1190 1403 aspectum
1230 1333 1343 1387 veri
1391 1332 1605 1386 luminis
1648 1331 1842 1385 mentis
1884 1330 2069 1385 oculos

495 1438 711 1496 apertos
742 1434 925 1491 tenet;
965 1424 1187 1495 vigilat,
1238 1422 1329 1492 qui
1383 1430 1563 1477 servat
1592 1422 1868 1492 operando
1926 1422 2069 1491 quod

493 1517 699 1582 credit;
759 1504 977 1585 vigilat,
1038 1515 1129 1585 qui
1186 1529 1217 1568 a
1273 1528 1331 1569 se
1386 1513 1619 1583 torporis
1677 1522 1733 1568 et
1790 1512 2067 1585 negligen-

494 1606 583 1661 tiae
644 1606 889 1661 tenebras
938 1605 1166 1676 repellit.
1224 1604 1361 1660 Hinc
1416 1604 1619 1661 etenim
1660 1604 1858 1660 Paulus
1895 1604 2062 1660 dicit:

493 1695 939 1766 Evigitate,1ustt.
975 1705 1019 1748 et
1049 1693 1207 1749 nolite
1236 1710 1448 1765 peccare
1478 1692 1531 1763 (Ι
1578 1691 1702 1747 Cor.
1754 1693 1869 1763 xv).
1918 1692 2069 1749 Fecit

2174 534 2345 574 mana:
2384 535 2605 589 corporo
2645 520 2999 584 consecravit,
3028 521 3151 575 dum
3188 521 3242 575 in
3276 528 3387 573 toto
3417 520 3620 574 mundo
3644 521 3754 574 vir-

2171 611 2359 680 gineus
2382 609 2481 665 llos
2507 610 2687 665 Mariae
2724 610 3201 665 immarcescibiles
3231 624 3458 665 coronas
3494 609 3754 676 innectat,

2171 713 2223 756 et
2252 704 2603 772 septrigerain
2639 700 2859 772 pudoris
2896 699 3070 755 aulam
3104 699 3447 754 immaculato
3473 709 3754 754 mnservet

2171 790 2384 845 allecto.
2424 789 2560 845 Hinc
2586 804 2822 859 eousque
2852 788 3131 859 integritas
3160 787 3527 858 perseveravit
3551 789 3619 843 ad
3644 788 3755 859 pal-

2170 890 2421 947 mam,'ut
2450 883 2504 936 in
2535 881 2728 952 puellis
2758 891 3018 952 tropaeum
3058 880 3363 936 sanctitatis
3390 882 3672 951 arriperet,
3702 889 3756 935 et

2169 988 2263 1027 oer
2294 972 2518 1043 vestigia
2556 973 2746 1028 matris
2791 972 3014 1043 virginis
3048 971 3117 1026 ad
3146 971 3424 1027 culestem
3454 970 3752 1028 thalamum

2165 1063 2492 1132 perveniret.
2528 1062 2823 1133 \‘irginitas
2847 1062 3063 1133 quidem
3090 1077 3178 1117 res
3207 1070 3289 1117 est
3316 1070 3527 1129 sancta,
3555 1078 3644 1118 res
3675 1073 3755 1117 est

2170 1152 2440 1221 perfecta;
2467 1151 2779 1222 principalis
2813 1153 3006 1217 virtus,
3050 1152 3336 1221 specialem
3368 1152 3419 1206 in
3451 1168 3614 1222 regno
3659 1153 3753 1208 Dei

2169 1243 2374 1297 habens
2400 1257 2677 1298 coronam.
2706 1241 2823 1297 Non
2850 1242 2993 1296 enim
3022 1242 3141 1297 ideo
3165 1241 3448 1297 laudabilis
3473 1250 3557 1297 est
3586 1243 3737 1313 virgi-

2168 1334 2309 1388 nitas
2331 1334 2454 1402 quia
2494 1341 2545 1387 et
2577 1332 2631 1387 in
2661 1332 2990 1402 martyribus
3025 1332 3313 1402 reperitur,
3342 1331 3439 1385 sed
3468 1331 3593 1400 quia
3638 1332 3751 1402 ipsa

2168 1433 2434 1491 martyres
2457 1419 2601 1475 facit.
2623 1419 2755 1487 Quis
2770 1428 2948 1473 autem
2969 1430 3054 1474 est
3072 1419 3164 1489 qui
3186 1420 3421 1475 humano
3440 1434 3561 1473 eam
3582 1419 3755 1490 possit

2173 1511 2388 1581 ingenio
2434 1509 2910 1579 comprehendere,
2951 1522 3111 1578 quam
3152 1523 3252 1563 nec
3292 1516 3483 1562 natura
3519 1509 3635 1564 suis
3673 1509 3755 1565 in-

2166 1601 2328 1657 clusis
2368 1599 2571 1672 [Forte,
2610 1597 2895 1671 inclusam]
2930 1592 3136 1670 legibus
3161 1600 3619 1668 comprehendere
3653 1615 3752 1672 po-

2167 1693 2305 1747 test?
2339 1702 2434 1746 aut
2458 1690 2580 1761 quis
2609 1689 2837 1745 naturali
2875 1705 3007 1745 voce
3042 1689 3339 1759 completus
3372 1688 3577 1761 [Forte,
3605 1706 3755 1746 com-

488 1786 635 1839 enim
667 1784 812 1839 illum
843 1784 1099 1839 Dominus
1121 1783 1457 1838 discumbere
1483 1798 1604 1837 cum
1633 1783 1837 1838 sanctis
1857 1783 1989 1847 suis,
2013 1783 2065 1839 id
2096 1773 2141 1833 B
2170 1780 2447 1854 plectitur]
2477 1781 2617 1851 quod
2641 1795 2801 1851 supra
2824 1796 2977 1835 usum
3001 1780 3072 1834 sit
3096 1789 3320 1835 naturae.
3345 1780 3387 1834 E
3412 1780 3549 1835 creto
3571 1795 3755 1836 accer-

490 1884 596 1941 est,
622 1876 676 1929 in
701 1883 898 1929 aeterna
934 1875 1117 1939 quiete
1141 1871 1391 1929 refoveri.
1411 1872 1477 1928 Et
1502 1873 1771 1929 transiens
1799 1874 2068 1929 ministra-

490 1966 569 2021 bit
596 1966 689 2029 illi,
705 1966 830 2035 quia
852 1964 987 2020 locis
1011 1980 1121 2021 suae
1142 1963 1498 2020 iliustratione
1526 1979 1649 2020 eum
1665 1965 1856 2032 satiat;
1889 1974 2067 2021 trans.

493 2055 572 2109 ire
599 2053 742 2108 enim
767 2053 978 2107 Domini
1006 2065 1089 2107 est
1113 2052 1166 2107 in
1193 2053 1457 2108 claritatis
1498 2068 1608 2108 sua:
1645 2053 2065 2123 speculationem

493 2159 589 2197 nos
620 2143 845 2208 ducere;
874 2158 994 2198 cum
1023 2157 1146 2196 eum
1171 2158 1330 2213 quem
1355 2144 1408 2198 in
1432 2143 1765 2199 humanitate
1795 2146 1847 2199 in
1864 2144 2065 2213 judicio

482 2233 797 2296 cernimus,
847 2233 1008 2287 etiam
1061 2233 1115 2287 in
1152 2233 1429 2288 divinitate
1466 2243 1587 2304 post
1623 2235 1883 2305 judicium
1918 2236 2066 2291 vide-

495 2341 633 2380 mus.
662 2324 910 2389 Proinde,
943 2323 1142 2381 fratres
1170 2325 1274 2379 mei
1306 2324 1660 2392 dilectissimi,
1695 2328 1954 2382 attentius
1982 2328 2067 2381 νίς

489 2414 691 2485 gilate,
736 2416 788 2468 in
835 2415 1195 2470 conditionem
1246 2415 1588 2470 mortalitatis
1634 2425 1828 2472 vestrae
1874 2418 2068 2473 mentis

489 2504 675 2558 oculos
706 2503 849 2574 ﬁgite
878 2518 891 2557 :
928 2504 1162 2559 venienti
1190 2518 1284 2559 vos
1308 2502 1473 2572 iudici
1504 2521 1599 2575 per
1630 2504 1786 2562 ﬂetus
1824 2508 2068 2578 quotidie

486 2602 544 2648 et
574 2593 803 2647 lamenta
825 2601 1158 2663 praeparate;
1198 2606 1321 2647 cum
1342 2601 1487 2656 certa
1522 2609 1665 2649 mors
1697 2605 1911 2650 maneat
1949 2611 2067 2651 om-

492 2682 671 2744 nibus,
705 2684 870 2737 nolite
894 2683 959 2737 de
983 2682 1293 2752 temporalis
1318 2682 1441 2738 vita:
1483 2684 1818 2754 providentia
1859 2685 2067 2743 incerta

488 2771 766 2841 cogitare:
825 2780 1161 2827 terrenarum
1213 2786 1391 2825 rerum
1435 2786 1533 2827 vos
1583 2786 1711 2827 cura
1736 2788 1842 2828 non
1870 2788 2065 2846 aggra-

491 2870 609 2926 vet;
651 2861 998 2931 quantislibet
1032 2862 1177 2916 enim
1217 2860 1334 2915 auri
1381 2868 1438 2916 et
1464 2861 1672 2931 argenti
1708 2861 1939 2917 molibus
1964 2862 2069 2918 eir-

489 2953 773 3010 cumdetur
798 2993 813 3018 ,
866 2951 1192 3021 quibuslibet
1232 2950 1485 3022 pretiosis
1535 2952 1774 3007 vestibus
1814 2952 2068 3008 induatur

489 3058 637 3106 caro,
668 3040 793 3111 quid
839 3050 921 3095 est
949 3040 1092 3096 aliud
1121 3056 1281 3111 quam
1323 3056 1481 3095 caro:
1512 3041 1678 3096 nolite
1715 3055 1844 3114 ergo
1894 3051 2067 3097 atten-

487 3130 617 3186 dere
640 3109 769 3199 quid
806 3129 1015 3184 habetis
1036 3169 1050 3195 ,
1095 3109 1187 3183 sed
1216 3129 1345 3198 quid
1372 3130 1523 3185 estis.
1555 3128 1724 3184 Vultis
1748 3109 1930 3185 autem
1975 3146 2067 3185 auo
2094 3109 2139 3172 Ο

488 3222 606 3276 dire
630 3220 757 3290 quid
789 3220 958 3274 estis:
988 3220 1249 3290 propheta
1281 3218 1505 3285 indicat,
1542 3220 1766 3275 dicens:
1812 3218 1937 3275 Vere
1994 3220 2071 3290 [e-

489 3329 611 3366 num
639 3322 713 3366 est
760 3311 982 3382 populus
1012 3311 1147 3381 (Isa.
1188 3311 1311 3381 XL);
1357 3311 1401 3368 si
1433 3311 1577 3366 enim
1628 3310 1805 3366 fenum
1846 3312 2073 3383 populus

490 3418 597 3457 non
623 3410 728 3467 est,
752 3402 841 3455 uhi
872 3409 998 3456 sunt
1036 3400 1111 3456 illi
1140 3402 1231 3470 qui
1273 3416 1335 3456 ea
1372 3415 1492 3472 quas
1536 3401 1697 3457 hodie
1724 3401 1952 3457 colimus
1978 3417 2072 3457 vo-

489 3493 715 3553 biscum,
750 3498 1024 3545 transacto
1059 3504 1200 3544 anno
1248 3490 1388 3545 beati
1420 3489 1580 3559 hujus
1606 3487 1930 3545 confessoris
1976 3506 2073 3545 na-

489 3581 661 3637 talitia
692 3581 1133 3635 celebraverunt:
1167 3593 1199 3634 o
1227 3588 1424 3648 quanta
1480 3588 1535 3633 et
1592 3579 1770 3649 qualia
1823 3580 1890 3634 de
1936 3594 2072 3649 pra:-

485 3673 659 3727 sentis
686 3672 809 3725 vitae
856 3670 1158 3740 provisione
1192 3670 1539 3740 cogitabant,
1592 3669 1687 3723 sed
1738 3669 2072 3740 subripiente

487 3762 680 3817 mortis
724 3760 973 3826 articulo,
1002 3769 1221 3831 repente
1250 3761 1303 3815 in
1334 3761 1418 3815 his
1460 3773 1578 3830 quat
1604 3760 1785 3815 videre
1821 3759 2075 3815 nolebant

485 3852 691 3908 inventi
717 3860 865 3918 sunt,
897 3862 951 3907 et
980 3861 1174 3907 cuncta
1223 3850 1382 3907 simul
1415 3851 1726 3922 temporalia
1753 3892 1769 3919 ,
1819 3868 1938 3923 quae
1961 3863 2072 3906 tra—

483 3951 634 3997 ctata
663 3942 816 4012 quasi
847 3941 1110 3997 stabiliter
1132 3950 1316 3997 tenere
1346 3941 1667 3996 videbantur
1687 3982 1700 4005 ,
1750 3942 2068 3998 amiserunt.

486 4031 625 4099 Quia
657 4030 819 4101 igitur
848 4032 1133 4087 momentis
1160 4032 1273 4087 suis
1304 4032 1449 4086 horae
1480 4031 1725 4102 fugiunt,
1768 4032 1932 4103 agite,
1965 4032 2073 4087 fra-

487 4129 603 4178 tres
627 4121 931 4175 cbarissimi
950 4162 965 4185 ,
1016 4130 1075 4175 ut
1107 4121 1159 4174 in
1190 4120 1317 4175 boni
1344 4122 1523 4190 operis
1553 4121 1823 4176 mercede
1855 4130 2075 4176 tenean-

489 4219 600 4269 tur.
628 4210 823 4265 Audite
842 4210 969 4280 quid
992 4210 1206 4281 sapiens
1250 4209 1507 4265 Salomon
1542 4210 1672 4265 dicit
1700 4225 1715 4264 :
1747 4208 1911 4266 Omne
1932 4212 2072 4281 quod

487 4313 653 4374 potest
683 4320 868 4357 manus
895 4312 984 4355 tua
1036 4302 1229 4372 facere,
1254 4304 1513 4356 instanter
1555 4318 1790 4371 operare,
1813 4318 1937 4373 quia
1980 4319 2072 4357 nec

489 4409 639 4463 opus,
673 4410 764 4447 nec
795 4393 951 4457 ratio,
983 4408 1074 4446 nec
1116 4393 1372 4460 sapientia
1406 4401 1481 4446 est
1504 4391 1644 4462 apud
1673 4392 1867 4461 inferos
1886 4409 1987 4463 quo
2016 4403 2071 4448 tu

489 4498 736 4552 oraperas
766 4478 1078 4552 (EccleJx).
1123 4479 1256 4546 Quia
1306 4495 1433 4551 ergo
1489 4490 1545 4534 et
1592 4489 1835 4534 venturae
1882 4479 2072 4535 mortis

491 4580 705 4642 tempus
730 4572 1055 4641 ignoramus,
1082 4578 1137 4623 et
1163 4578 1285 4639 post
1313 4579 1541 4624 mortem
1570 4570 1783 4640 cperari
1807 4586 1910 4625 non
1941 4586 2073 4641 pos-

490 4678 702 4728 sumus,
724 4670 967 4731 superest
998 4669 1057 4715 ut
1079 4670 1203 4716 ante
1225 4672 1449 4716 mortem
1478 4669 1720 4731 tempora
1752 4661 1951 4716 indulta
1986 4677 2073 4717 ra-

490 4752 730 4823 piamus,
780 4760 833 4807 et
889 4750 1193 4806 laboremus
1240 4739 1445 4803 uilliter
1471 4749 1727 4820 quidquid
1764 4765 2068 4820 possumus,

488 4850 759 4912 quatenus
776 4856 898 4896 cum
920 4838 1318 4894 confessoribos
1343 4840 1455 4894 suis
1476 4839 1720 4894 Christus
1764 4838 1918 4894 nobis
1949 4850 2070 4910 post

496 4930 655 4987 linem
704 4931 859 4985 istius
896 4931 1018 4984 vita:
1046 4929 1307 4984 concedat
1358 4929 1411 4983 in
1459 4928 1665 4984 etelesti
1698 4944 1861 4999 regno
1889 4929 2066 4999 potius

493 5024 684 5090 laetari,
717 5040 1021 5095 quamcum
1060 5024 1432 5094 peccatoribus
1487 5025 1541 5079 in
1588 5024 1798 5080 inferno
1844 5028 2065 5097 puniri:

492 5116 648 5184 cujus
673 5131 771 5170 nos
798 5116 932 5170 iram
970 5116 1209 5172 devitarc
1246 5125 1301 5171 et
1349 5116 1576 5187 gratiam
1624 5117 1912 5187 impetrare
1955 5119 2070 5189 ipse

490 5207 775 5269 concedat,
803 5207 891 5277 qui
925 5220 1023 5262 nos
1067 5205 1384 5273 redemerat,
1414 5206 1661 5262 Christus
1704 5206 1953 5263 Salvator
1976 5224 2072 5264 no-

492 5307 626 5362 ster,
654 5297 748 5367 qui
779 5297 911 5351 vivit
934 5305 992 5351 et
1018 5306 1204 5369 regnat
1222 5297 1385 5361 Deus,
1414 5311 1510 5366 per
1538 5297 1716 5351 omnia
1740 5298 1935 5352 saecula
1972 5314 2070 5353 saa-

494 5388 757 5443 culorum.
790 5387 981 5442 Amen.

894 5489 1235 5547 BOMILIA
1302 5489 1665 5545 XXXVIII.

985 5598 1038 5638 IN
1076 5598 1269 5637 NATALI
1307 5597 1586 5638 VIRGINUI.

566 5668 940 5727 lmmaculatus
985 5672 1256 5728 Dominus
1305 5671 1703 5727 immaculatam
1757 5672 1858 5728 sibi
1914 5670 2070 5729 fami-

2173 1874 2300 1930 sivit
2354 1874 2496 1944 quod
2551 1872 2857 1927 imitaretur
2885 1872 2940 1925 in
2991 1872 3150 1926 terris
3186 1889 3198 1925 :
3235 1885 3335 1926 nec
3374 1871 3645 1926 immerito
3680 1873 3756 1925 vi-

2172 1964 2332 2019 vendi
2357 1979 2513 2019 usum
2539 1962 2839 2032 quaesivite
2868 1960 3025 2026 caelo,
3050 1976 3170 2031 quae
3196 1975 3450 2031 sponsum
3481 1959 3582 2015 sibi
3609 1960 3756 2016 inve-

2173 2056 2253 2112 nit
2282 2057 2335 2111 in
2381 2056 2537 2112 coelo.
2590 2054 2716 2111 Hzec
2766 2056 2937 2110 nubes
2965 2069 3175 2120 aereas,
3216 2053 3432 2125 angelos
3467 2052 3756 2123 sideraque

2174 2147 2595 2214 transgrediens,
2624 2145 2847 2202 verbum
2878 2145 2970 2199 Dei
3020 2145 3072 2199 in
3102 2144 3219 2215 ipso
3248 2145 3367 2198 sinu
3401 2143 3603 2198 invenit
3649 2142 3752 2196 Pa-

2172 2238 2272 2293 tris
2316 2249 2369 2294 et
2409 2245 2519 2293 toto
2560 2237 2739 2292 hausit
2786 2244 3024 2307 pectore.
3063 2234 3197 2290 Nam
3228 2235 3349 2305 quis
3377 2243 3586 2290 tantum
3629 2250 3753 2290 cum

2172 2330 2458 2394 invenerit,
2506 2329 2774 2398 relinquat
2814 2326 3056 2382 bonum?
3086 2326 3228 2397 Ergo
3265 2326 3332 2382 de
3380 2342 3445 2380 eo
3474 2324 3753 2397 Scriptura

2173 2419 2338 2474 dicit:
2376 2417 2705 2489 Unguentum
2736 2418 3058 2471 exinanitum
3100 2426 3173 2470 est
3206 2432 3393 2470 nomen
3423 2425 3591 2479 tuum,
3635 2433 3757 2485 pro-

2171 2517 2347 2576 pterea
2408 2506 2804 2561 adolescentqu
2862 2505 3151 2560 dilexerunt
3210 2516 3258 2560 et
3322 2515 3653 2561 attraxerant
3706 2522 3757 2561 te

2173 2596 2352 2669 (Cant.
2381 2595 2444 2667 ι).
2467 2595 2685 2651 Futurae
2714 2603 2894 2651 autem
2920 2595 3331 2651 resurrectionis
3355 2595 3466 2668 jam
3493 2596 3595 2653 iste
3621 2596 3757 2653 ordo

2172 2685 2405 2756 speciem
2447 2693 2626 2751 tenet;
2658 2685 2800 2742 unde
2836 2694 2892 2741 et
2936 2685 3194 2755 scriptum
3228 2695 3315 2741 est
3340 2685 3393 2741 in
3419 2685 3709 2757 Evangelio
3738 2704 3753 2742 :

2173 2774 2241 2829 In
2282 2777 2658 2831 resurrectione
2701 2792 2822 2847 ergo
2861 2793 2964 2831 non
3010 2775 3228 2841 nubunt,
3276 2792 3437 2847 neque
3477 2777 3751 2843 nubentur,

2171 2864 2262 2921 sed
2282 2874 2431 2920 erunt
2456 2866 2587 2919 sicut
2615 2865 2787 2937 angeli
2813 2863 2909 2919 Dei
2932 2864 2984 2919 in
3005 2863 3129 2919 creto
3156 2863 3370 2935 (Matth.
3392 2864 3552 2937 χιιι).
3584 2864 3755 2921 Nemo

2171 2969 2299 3025 ergo
2327 2953 2553 3008 miretur
2580 2952 2625 3008 si
2656 2952 2858 3025 angelis
2883 2964 3261 3024 comparentur
3284 2968 3404 3026 qua:
3438 2952 3757 3026 angelorum

2172 3043 2399 3100 Domino
2422 3042 2758 3114 copulantur.
2805 3039 2946 3098 Vera
2993 3043 3137 3097 enim
3182 3044 3296 3099 haec
3330 3042 3389 3097 lit
3416 3044 3510 3099 Del
3552 3044 3757 3116 imago,

2172 3135 2501 3205 respondens
2530 3133 2597 3190 ad
2623 3134 3034 3190 sanctimoniam
3063 3134 3297 3200 Domini,
3337 3134 3603 3191 illustrior
3632 3151 3751 3206 por-

2173 3226 2247 3283 tio
2283 3230 2459 3300 gregis
2486 3228 2710 3283 Christi.
2757 3227 2967 3285 Gaudet
3012 3243 3109 3301 per
3157 3228 3295 3294 illas,
3345 3236 3507 3299 atque
3549 3230 3603 3284 in
3652 3230 3759 3286 illis

2172 3317 2394 3388 largiter
2440 3318 2595 3375 ﬂoret
2639 3316 2891 3374 Ecclesie
2940 3320 3130 3374 matris
3158 3319 3388 3390 gloriosa
3419 3317 3754 3384 fecunditas;

2172 3419 2483 3480 quantoque
2509 3410 2628 3481 plus
2652 3410 2865 3481 cepiosa
2894 3410 3171 3479 virginitas
3201 3423 3425 3463 numero
3459 3424 3558 3464 suo
3583 3410 3756 3473 addit,

2170 3502 2422 3572 gaudium
2469 3502 2659 3557 matris
2685 3502 2944 3572 augescit.
2970 3486 3263 3573 V'irginitas
3300 3502 3667 3557 sacratissima
3701 3503 3755 3557 in

2171 3606 2270 3647 suo
2297 3592 2464 3664 gradu
2495 3608 2664 3663 usque
2694 3592 2747 3649 in
2782 3592 3059 3664 sanguinis
3087 3590 3405 3647 ell‘usionem
3436 3592 3757 3661 permansit,

2170 3684 2426 3753 quoniam
2459 3698 2557 3739 suo
2595 3683 2741 3739 illam
2786 3683 3043 3754 sanguine
3080 3684 3453 3753 sobrigaverat
3478 3681 3757 3740 Christus.

2170 3772 2468 3828 lnardescit
2491 3771 2545 3825 in
2569 3771 2876 3828 caelestibus
2899 3771 3131 3836 animus,
3152 3771 3228 3825 nil
3256 3771 3309 3825 in
3329 3771 3563 3827 terrenis
3590 3771 3756 3840 libet;

2171 3859 2414 3917 deforme
2463 3861 2791 3932 conspicitur
2837 3860 3097 3931 quidquid
3140 3860 3207 3915 de
3244 3867 3463 3915 terrena
3505 3859 3761 3929 placebat

2172 3949 2374 4021 specie;
2416 3950 2542 4022 quia
2570 3949 2682 4007 sola
2712 3950 2961 4021 pretiosae
2989 3949 3294 4019 margarita:
3338 3948 3561 4004 claritas
3590 3948 3760 4023 fulget

2174 4040 2227 4095 in
2267 4049 2474 4107 mente,
2505 4042 2570 4097 de
2597 4039 2748 4110 cujus
2777 4040 3063 4097 dilectione
3092 4052 3237 4098 recte
3274 4055 3372 4113 per
3405 4041 3757 4099 Salomonem

2174 4130 2370 4185 dicitur
2394 4148 2408 4186 :
2459 4129 2645 4187 Vauaa
2664 4142 2740 4186 est
2762 4140 2817 4185 ut
2854 4148 2996 4187 mors
3018 4132 3227 4189 dilectio
3249 4133 3425 4196 (Cant.
3454 4134 3598 4207 vui),
3628 4136 3757 4206 quia

2174 4220 2420 4276 videlicet
2468 4221 2609 4277 sicut
2657 4236 2804 4277 mors
2839 4222 3121 4289 interimit,
3152 4223 3231 4278 sic
3262 4224 3329 4279 ab
3358 4239 3544 4280 amore
3571 4241 3759 4282 rerum

2173 4311 2535 4382 corporalium
2584 4320 2800 4368 mterna:
2852 4314 2972 4367 vitae
3020 4314 3258 4371 charitas
3310 4317 3513 4371 occidit
3558 4333 3573 4372 :
3629 4334 3758 4374 nam

2174 4416 2333 4473 quem
2361 4401 2597 4473 perfecte
2636 4401 2998 4465 absorbuerit,
3033 4406 3100 4457 ad
3146 4411 3357 4459 terrena
3387 4405 3519 4460 foris
3548 4407 3761 4464 deside-

2174 4494 2255 4548 ria
2300 4492 2446 4547 velut
2486 4492 2851 4547 insensibilem
2904 4494 3094 4549 reddit.
3146 4493 3330 4564 Neque
3374 4496 3519 4553 enim
3566 4507 3763 4555 sancta

2177 4586 2292 4641 haec
2321 4584 2477 4654 cujus
2515 4585 2673 4640 hodie
2703 4583 2943 4640 natalitia
2976 4585 3326 4653 celebramus,
3361 4588 3496 4643 mori
3525 4604 3623 4659 pro
3651 4589 3765 4646 Do-

2175 4676 2319 4731 mino
2346 4676 2609 4745 potuisset
2641 4676 2693 4730 in
2734 4690 2979 4746 corpore,
3010 4678 3056 4732 si
3084 4678 3234 4747 prius
3283 4694 3312 4731 a
3359 4680 3588 4735 terrenis
3615 4682 3764 4737 desi-

2173 4764 2337 4821 deriis
2369 4774 2578 4819 mortua
2610 4780 2716 4819 non
2747 4765 2939 4820 fuisset
2969 4766 3021 4820 in
3050 4776 3248 4821 mente.
3278 4767 3503 4823 Rectius
3526 4784 3763 4841 namque

2174 4856 2228 4909 in
2275 4855 2490 4910 virtutis
2518 4854 2753 4910 culmine
2788 4855 3000 4911 animus
3046 4864 3311 4911 tormenta
3354 4857 3495 4923 risit,
3532 4859 3761 4927 praemia

2170 4946 2421 5009 calcavit,
2460 4957 2585 4999 ante
2634 4954 2871 5001 armatos
2901 4962 3053 5017 reges
3078 4956 3130 5001 et
3156 4947 3413 5017 pnesides
3444 4949 3603 5003 docta
3648 4958 3763 5004 ste-

2168 5039 2271 5093 tit:
2305 5036 2534 5092 feriente
2584 5037 2874 5103 robustior,
2929 5035 3208 5105 judicante
3252 5036 3549 5092 sublimior.
3612 5037 3760 5105 Quid

2171 5130 2314 5185 inter
2345 5130 2462 5185 htec
2489 5144 2588 5184 nos
2616 5129 2824 5185 barbati
2869 5138 2923 5184 et
2969 5129 3171 5184 debiles
3210 5128 3463 5195 dicimus,
3497 5128 3623 5199 quia
3678 5130 3762 5184 ire

2172 5220 2240 5275 ad
2270 5234 2433 5291 regna
2461 5219 2703 5274 coelestia
2723 5219 2930 5295 puellas
2953 5232 3052 5287 per
3072 5216 3278 5273 ferrum
3304 5218 3547 5273 videmus
3571 5234 3585 5271 :
3615 5232 3763 5288 quos

2176 5308 2255 5363 ira
2282 5316 2521 5379 superat,
2553 5307 2803 5379 superbia
2833 5305 3004 5373 inllat,
3027 5307 3248 5362 ambitio
3272 5306 3570 5377 perturbat,
3600 5307 3761 5363 luxu-

2175 5400 2253 5453 ria
2300 5398 2644 5469 coinquinat?
2690 5397 2791 5465 Qui
2826 5398 2873 5452 si
2913 5398 3137 5468 adipisci
3169 5412 3331 5468 regna
3365 5396 3622 5452 caelorum
3661 5414 3765 5469 per

2175 5486 2311 5543 bella
2333 5488 2767 5557 persecutionum
2797 5503 2901 5542 non
2931 5503 3237 5558 possumus,
3262 5489 3364 5543 hoc
3395 5487 3566 5557 ipsum
3596 5488 3762 5544 nobis

2178 5590 2332 5651 turpe
2371 5581 2441 5636 sit
2462 5581 2603 5650 quod
2632 5581 2880 5635 nolumus
2905 5579 3073 5635 Deum
3099 5580 3291 5636 saltem
3331 5594 3426 5651 per
3451 5593 3642 5649 pacem
3674 5596 3763 5635 se-

2175 5672 2286 5742 qui.
2312 5671 2450 5729 Ecce
2486 5671 2616 5728 nulli
2658 5682 2844 5730 nostro
2880 5679 3120 5742 tempore
3157 5671 3287 5728 dicit
3316 5672 3458 5726 Deos
3484 5686 3501 5725 :
3528 5670 3638 5727 Pro
3672 5687 3761 5727 me
