3922 6320
148 352 212 405 ’15
1054 350 1359 408 IIOMILUE
1399 354 1484 409 DE
1519 354 1723 409 FESTI‘

1826 353 2213 421 ‘RJECIPUIS,
2255 354 2405 412 ETC.
3326 364 3398 420 74

148 477 368 527 morere,
403 463 521 526 sed.
551 462 733 519 illicita
764 461 1136 520 tantummodo
1166 464 1219 519 in
1262 473 1313 520 te
1343 466 1607 521 desideria
1638 482 1727 521 oc-
1753 470 1801 527 A
1830 474 1915 521 cta
1943 466 2257 536 spiritaliter
2285 468 2574 538 intellecta,
2605 488 2787 529 veram
2816 484 3013 532 nostrae
3040 476 3162 533 fidei
3191 487 3246 533 et
3270 494 3403 549 ope-

146 555 277 609 cide.
303 554 401 620 Qui
430 568 566 624 ergo
590 554 645 609 in
673 569 807 623 pace
834 555 1083 625 subigere
1125 557 1308 611 carnis
1336 557 1599 612 desideria
1628 571 1724 611 no-

146 646 348 709 lumus,
399 646 621 715 quando
676 644 1010 718 [quomodo]
1065 647 1120 700 in
1166 646 1307 702 bello
1357 662 1457 718 pro
1496 646 1725 703 Domino

145 737 311 809 ipmm
353 750 576 791 carnem
623 736 1051 792 dabimusllloc
1092 752 1224 808 ergo
1257 752 1356 809 pro
1396 748 1548 794 certo
1591 740 1728 794 sciat

147 827 507 897 unusquisque
554 836 790 883 vestrum
816 828 960 898 quod
1003 829 1310 897 quicunque
1355 829 1443 884 hic
1469 844 1576 885 non
1611 828 1727 885 vult

145 916 197 969 in
225 931 282 971 se
308 898 627 986 crucifigere
669 924 727 971 et
768 917 1098 973 mortificare
1124 918 1307 972 carnis
1346 918 1633 982 desideria,
1670 920 1722 973 in

144 1004 318 1061 futuro
350 1022 458 1061 non
507 996 785 1076 perveniet
816 1008 1001 1077 utique
1032 1009 1098 1063 ad
1141 1016 1345 1064 aeterna
1374 1010 1588 1079 gaudia.
1618 1010 1727 1067 Sed

143 1094 263 1163 quia
292 1094 584 1164 praesentia
610 1095 805 1164 gaudia
841 1103 1138 1165 sequuntur
1165 1105 1424 1167 perpetua
1469 1098 1721 1163 lamenta,

145 1182 247 1246 hie,
276 1182 470 1246 fratres
494 1182 818 1251 charissimi,
851 1199 1049 1240 vanam
1077 1185 1317 1241 laetitiam
1348 1186 1516 1255 fugite
1544 1188 1590 1243 si
1618 1188 1726 1244 illic

143 1270 269 1325 ﬂere
298 1270 623 1328 formidatis.
667 1272 835 1329 Nemo
864 1276 1061 1330 ctenim
1091 1284 1269 1346 potest
1291 1284 1347 1331 et
1373 1278 1465 1332 hic
1492 1278 1726 1348 gaudere

145 1376 261 1414 cum
284 1361 506 1427 sazculo,
537 1370 593 1418 et
621 1363 675 1417 in
702 1362 882 1419 futuro
902 1378 1131 1435 regnare
1159 1380 1283 1421 cum
1307 1364 1542 1420 Christo.
1569 1365 1727 1420 Tem-

142 1450 374 1519 poralem
418 1451 603 1522 itaque
643 1450 885 1507 laetitiam
932 1452 1131 1509 ﬂuxam
1173 1454 1505 1525 restringite,
1546 1456 1727 1510 carnis

142 1540 437 1610 voluptates
483 1541 758 1607 edomate;
806 1541 1064 1613 quidquid
1114 1543 1168 1597 in
1218 1553 1401 1599 mente
1447 1544 1728 1625 puegiliter

141 1630 433 1697 bilarescit,
466 1632 570 1686 hoc
595 1630 889 1702 disciplinae
911 1631 1167 1700 iuvenilis
1194 1647 1424 1689 censura
1453 1645 1721 1715 coerceat,

142 1726 200 1772 ut
224 1719 345 1773 dum
373 1730 568 1790 sponte
594 1721 907 1791 temporalia
936 1720 1140 1793 fugitis,
1166 1732 1368 1779 aeterna
1394 1724 1590 1796 gaudia
1610 1726 1727 1782 sine

140 1808 320 1864 labore
349 1811 579 1880 capiatis
604 1828 618 1864 :
640 1818 930 1881 praestante
958 1813 1391 1887 Dominomostro
1414 1815 1541 1873 Jesu
1566 1816 1723 1874 Chri-

141 1911 242 1967 sto,
264 1902 365 1974 ‘qui
392 1918 517 1959 cum
548 1904 707 1960 Patre
739 1912 793 1959 et
823 1902 1028 1974 Spiritu
1053 1914 1242 1963 sancto
1264 1908 1404 1962 vivit
1433 1919 1489 1965 et
1532 1920 1723 1981 regnat

140 1993 277 2049 Deus
304 2010 404 2066 per
431 1996 611 2051 omnia
635 1995 830 2051 saecula
856 1997 1197 2053 saeculorum.
1224 1999 1417 2056 Amen.

651 2103 933 2161 llOMlLlA
972 2106 1213 2163 XXXIX.

580 2190 634 2229 ιη
671 2191 1026 2233 DEDICATIONE
1066 2194 1260 2236 τεκρω

208 2254 449 2332 Ρώρίιίε
477 2263 757 2336 divinitate
781 2266 1169 2337 omnipotentis
1212 2269 1330 2335 Dei,
1360 2279 1417 2326 et
1452 2282 1723 2327 annuente

139 2354 255 2424 eius
272 2355 590 2421 clementia,
628 2356 767 2415 bene
789 2358 1117 2414 convenistis
1158 2359 1336 2429 hodie,
1368 2360 1566 2418 fratres
1595 2363 1725 2419 cha-

142 2449 358 2514 rissimi,
406 2458 467 2503 ut
510 2448 623 2505 Deo
656 2450 874 2505 domum
914 2451 1306 2521 dedicaremus,
1340 2454 1457 2525 ipso
1497 2454 1724 2524 iubente

141 2554 206 2595 ac
234 2539 453 2596 dicente
496 2558 510 2594 :
556 2538 741 2595 Facite
771 2542 901 2596 mihi
945 2544 1393 2611 sanctuarium,ct
1410 2549 1652 2603 habitabo
1668 2548 1724 2603 in

139 2633 307 2686 medio
334 2633 515 2697 uestri,
540 2631 666 2686 dicit
701 2631 957 2689 Dominus
973 2635 1105 2693 Deus
1119 2623 1320 2700 (Exod.
1335 2633 1595 2703 xxv).Sed
1622 2639 1724 2695 hoc

142 2733 269 2781 tunc
296 2723 461 2795 digne
484 2725 722 2781 facimus
739 2726 784 2781 si
811 2726 914 2798 ipsi
940 2726 1037 2782 Dei
1067 2728 1323 2799 templum
1352 2728 1469 2783 fieri
1498 2738 1723 2785 conten-

138 2814 339 2882 dimus,
374 2816 421 2870 si
457 2817 734 2871 studemus
759 2830 1054 2887 congruere
1082 2817 1411 2896 solemnitati
1438 2834 1599 2890 quam
1628 2835 1723 2875 co-

140 2906 329 2973 limus;
353 2918 416 2963 ut
460 2909 599 2963 sicut
640 2908 849 2964 ornatis
887 2909 1186 2979 studiosius
1207 2908 1448 2978 ejusdem
1484 2909 1726 2967 ecclesia:

139 2984 462 3069 parietibus,
511 3000 751 3071 pluribus
793 3002 1036 3058 accensis
1078 3002 1454 3071 luminaribus,
1499 3004 1727 3061 diversis

140 3072 237 3161 per
262 3090 484 3147 litanias
507 3100 559 3146 et
589 3106 797 3162 preces,
831 3105 928 3163 per
954 3091 1213 3149 lectiones
1237 3101 1293 3149 et
1320 3094 1555 3161 cantica,
1580 3096 1728 3151 exci-

142 3182 267 3237 tatis
298 3182 549 3247 vocibus,
577 3182 687 3237 Deo
734 3181 947 3236 laudem
990 3197 1183 3253 parare
1227 3185 1583 3257 satagerimus
1609 3202 1624 3239 :
1652 3185 1727 3241 ita

140 3274 303 3328 etiam
347 3274 648 3344 penetralia
673 3274 915 3330 cordium
946 3286 1252 3331 nostrorum
1292 3270 1506 3348 semper
1541 3292 1728 3334 neces-

137 3364 301 3418 sariis
335 3364 604 3418 bonorum
642 3378 869 3434 operum
903 3366 1220 3422 decoremus
1247 3368 1546 3435 ornatibus,
1585 3384 1728 3425 sem-

137 3466 235 3521 per
263 3454 317 3509 in
359 3448 517 3509 nobis
543 3453 756 3511 ﬂamma
786 3456 981 3512 divinae
1012 3458 1217 3528 pariter
1239 3468 1295 3513 et
1319 3458 1574 3517 fraterna!
1604 3462 1728 3516 cha-

141 3542 315 3597 ritatis
345 3553 634 3613 augescat,
667 3557 881 3615 semper
926 3546 981 3601 in
1020 3548 1312 3604 secretario
1348 3550 1587 3619 pectoris
1628 3566 1727 3605 no-

142 3632 237 3684 stri
268 3633 575 3687 ccelestium
614 3637 871 3690 memoria
912 3646 1299 3708 praeceptorum
1323 3645 1377 3693 et
1403 3638 1727 3711 evangelium

138 3718 472 3777 laudationis
517 3723 742 3779 dulcedo
790 3734 976 3781 sancta
1020 3732 1252 3783 resonet.
1302 3728 1370 3784 Hi
1413 3739 1538 3785 sunt
1580 3730 1725 3786 enim

141 3808 347 3887 fructus
374 3810 533 3867 bona:
558 3810 785 3880 arboris,
814 3816 901 3870 hic
922 3817 1048 3871 boni
1075 3818 1360 3874 thesaurus
1388 3820 1586 3886 cordis,
1609 3819 1727 3875 haec

140 3896 495 3956 fundamenta
519 3903 776 3973 sapientis
803 3906 1103 3973 architecti,
1135 3922 1255 3977 quae
1282 3909 1437 3965 nobis
1465 3910 1725 3966 hodierna

141 3990 311 4043 sancti
337 3989 617 4062 Evangelii
648 3991 805 4048 lectio
828 3995 1187 4049 commendat.
1225 3995 1343 4051 Non
1368 4013 1471 4054 nos
1493 3999 1724 4055 formam

139 4080 499 4147 solummodo,
545 4084 639 4138 sed
689 4086 941 4140 virtutem
991 4088 1169 4156 potius
1222 4088 1493 4146 debemus
1526 4092 1725 4148 habere

138 4170 380 4238 pietatis,
412 4173 744 4255 quodetiam
766 4178 992 4245 mystica
1025 4176 1233 4233 Veteris
1258 4179 1604 4238 lnstrumenti
1630 4198 1724 4239 no-

136 4260 221 4317 bis
272 4262 501 4317 historia
527 4262 811 4335 diligenter
852 4267 1116 4333 insinuat,
1145 4270 1360 4339 quando
1387 4272 1469 4326 vel
1517 4272 1725 4344 Moyses

138 4354 550 4409 tabernaculum
580 4356 775 4427 (Exod.
811 4357 924 4429 ιι),
972 4360 1052 4415 vel
1082 4362 1335 4431 templum
1372 4364 1597 4421 Domino
1627 4366 1725 4421 Sa-

138 4441 314 4497 lomon
348 4445 405 4499 in
434 4452 636 4502 sanctae
666 4446 917 4503 Ecclesia:
945 4459 1125 4522 typum
1164 4454 1404 4509 condidit
1429 4454 1548 4525 (III
1596 4455 1721 4527 Reg.

135 4534 253 4606 vui)
286 4553 301 4588 :
329 4545 561 4606 utraque
591 4538 739 4593 enim
762 4538 954 4595 domus
982 4542 1209 4596 firmiter
1238 4541 1457 4598 fundata
1484 4559 1605 4600 esse
1634 4526 1722 4601 re-
1750 4526 1801 4584 D

135 4621 330 4689 fertur,
361 4633 419 4679 et
442 4626 622 4680 omnia
654 4627 1006 4684 instrumenta
1035 4646 1154 4701 quae
1178 4632 1252 4686 ibi
1284 4633 1518 4700 inerant,
1556 4635 1609 4690 id
1640 4646 1726 4693 est

136 4712 343 4783 lapides
382 4715 624 4783 pretiosi,
675 4731 744 4770 ex
773 4718 968 4790 quibus
1012 4720 1271 4789 templmn
1314 4731 1430 4776 erat
1472 4732 1721 4779 constru-

136 4812 315 4869 ctum;
354 4804 501 4876 ligna
543 4806 911 4876 imputribilia,
945 4825 975 4864 e
1002 4811 1196 4879 quibus
1222 4827 1379 4867 omne
1409 4815 1721 4871 tabernacu-

136 4896 244 4951 lum
274 4897 504 4963 factum,
533 4911 588 4955 et
615 4902 869 4970 templum
916 4906 1059 4960 intus
1100 4884 1371 4973 ornatum,
1401 4925 1463 4963 ac
1494 4912 1721 4982 desuper

140 4995 343 5073 tectum
389 4989 654 5061 fulgebat;
698 5008 910 5059 aurum,
940 4996 1005 5049 dc
1050 5012 1155 5065 quo
1183 5009 1238 5052 et
1264 5001 1717 5073 tabernaculipa-

138 5064 301 5133 rietes
351 5076 501 5136 intus
547 5097 613 5136 ac
638 5082 769 5138 foris
794 5085 1008 5150 .vestiti,
1056 5064 1111 5140 et
1153 5090 1332 5159 templi
1364 5108 1467 5145 non
1512 5064 1717 5148 tantum

138 5172 399 5236 parietes,
428 5186 614 5226 verum
635 5174 796 5228 etiam
822 5174 1113 5243 laquearia,
1140 5179 1339 5244 trahes,
1358 5183 1515 5246 ostia,
1541 5195 1721 5252 postes

139 5271 189 5312 et
208 5265 518 5330 pavimenta
540 5273 695 5319 erant
714 5274 999 5335 cooperta;
1025 5269 1117 5321 sed
1140 5278 1194 5321 et
1218 5285 1343 5324 vasa
1366 5272 1444 5325 vel
1470 5275 1716 5327 utensilia

139 5352 326 5409 domus
348 5355 651 5424 utriusque,
680 5367 871 5411 cuncta
888 5373 1025 5428 pene
1045 5374 1205 5414 aurea
1231 5370 1287 5415 et
1307 5364 1371 5416 de
1394 5380 1523 5418 auro
1544 5366 1719 5432 puris-

139 5442 273 5497 simo
296 5444 443 5499 facta
478 5444 719 5512 fuerant;
748 5446 954 5504 fructus
975 5450 1135 5505 etiam
1161 5452 1414 5506 arborum
1437 5455 1525 5522 qui
1552 5454 1601 5507 in
1626 5455 1720 5509 do-

142 5548 283 5585 mum
312 5533 531 5588 Domini
550 5531 930 5604 offerebantur,
957 5540 1227 5609 purissimi
1248 5543 1571 5611 et~quuisiti
1598 5558 1719 5599 esse

134 5621 481 5688 jubebantur,
523 5625 626 5681 hoc
652 5637 733 5682 est
761 5629 906 5694 vitis,
935 5631 1109 5698 olivas,
1142 5632 1337 5698 thuris,
1368 5637 1598 5705 myrrha:
1635 5639 1717 5692 vel

136 5714 344 5775 Stactis,
373 5723 427 5769 et
466 5722 781 5771 ceterarum
811 5720 1142 5787 hujusmodi:
1176 5725 1290 5780 hanc
1317 5726 1565 5779 videlicet
1588 5744 1717 5781 cun-

468 5804 743 5867 Psra0t.
790 5806 917 5873 CX.

1828 560 2053 614 rationis
2081 559 2445 617 sinceritatem
2472 562 2810 635 denuntiant,
2840 576 2896 625 et
2920 571 3188 639 quomodo
3212 571 3405 629 domus

1826 646 1920 702 Dei
1947 647 2065 703 fieri
2105 650 2398 718 possimus,
2438 655 2662 725 mystice
2706 656 2921 714 docent.
2949 657 3088 726 Quid
3124 668 3253 733 ergo
3290 662 3405 732 ipse

1826 739 2089 793 conditori
2134 738 2464 811 Redemptor
2513 751 2695 799 noster
2741 746 2810 803 de
2854 749 3259 806 constructione
3295 765 3409 807 sum

1826 827 2038 893 domus,
2076 826 2201 898 qua:
2223 845 2322 886 nos
2361 845 2567 896 sumus,
2599 834 2652 893 in
2676 847 2739 889 ea
2765 850 2884 906 quas
2925 838 3081 895 nobis
3114 839 3276 896 modo
3320 856 3407 896 re—

1826 919 1991 974 citata
2019 930 2102 975 est
2128 920 2358 979 lectione
2380 925 2552 979 sancti
2583 924 2856 1000 Evangelii
2894 929 3051 994 dicat,
3078 931 3361 987 audiamus
3389 951 3402 986 :

1828 1007 2069 1075 Nonest,
2107 1009 2298 1080 inquit,
2333 1014 2489 1066 arbor
2523 1013 2657 1069 bona
2685 1033 2801 1088 qure
2840 1018 2967 1087 facit
2997 1020 3194 1089 fructus
3216 1021 3404 1087 malos,

1827 1114 1989 1170 neque
2008 1098 2166 1153 arbor
2184 1100 2327 1155 mala
2357 1103 2555 1172 faciens
2577 1105 2806 1175 fructum
2832 1109 3020 1164 bonum
3044 1110 3258 1184 (Matth.
3285 1113 3405 1186 vti).

1827 1187 2002 1243 Bonas
2028 1204 2156 1256 ergo
2183 1192 2408 1246 arbores
2437 1202 2491 1248 et
2530 1195 2698 1252 bonos
2729 1213 2916 1254 earum
2954 1200 3161 1258 fructus
3192 1205 3243 1259 in
3281 1222 3411 1261 con-

1826 1284 2179 1339 structionem
2224 1285 2339 1341 sive
2377 1286 2737 1344 ministerium
2776 1291 2856 1346 sui
2888 1293 3071 1362 templi
3104 1309 3198 1349 rex
3226 1304 3410 1351 noster

1826 1376 2061 1449 quierit;
2110 1385 2167 1431 at
2207 1393 2335 1434 vero
2386 1379 2543 1435 malae
2582 1382 2791 1438 arboris
2811 1385 2915 1455 qui
2948 1386 3018 1441 sit
3067 1387 3216 1452 finis,
3268 1390 3410 1445 idem

1828 1462 1953 1519 alibi
2001 1465 2158 1520 domn
2182 1467 2403 1523 dicens:
2441 1467 2621 1525 Omnis
2657 1473 2814 1526 arbor
2840 1490 2959 1543 qua:
3000 1492 3104 1530 non
3141 1476 3268 1547 facit
3297 1479 3412 1549 fru-

1827 1562 1965 1605 ctum
1983 1552 2173 1608 bonum
2196 1556 2461 1611 excidetur
2476 1569 2523 1612 et
2543 1560 2595 1614 in
2617 1561 2787 1631 ignem
2806 1564 3037 1618 mittetur
3057 1565 3270 1638 (Matth.
3290 1570 3407 1641 tu);

1826 1640 2049 1698 arbores
2078 1660 2308 1715 namque
2336 1647 2627 1715 bomines,‘
2650 1650 2855 1708 fructus
2887 1662 3065 1710 autem
3087 1670 3250 1729 opera
3277 1640 3411 1716 dicit

1828 1732 2088 1802 ipsorum.
2124 1734 2295 1790 Vultis
2325 1745 2504 1793 autem
2540 1754 2701 1796 nosse
2728 1744 2819 1812 qui
2858 1744 2968 1800 sint
2995 1740 3206 1803 arboris
3230 1749 3407 1816 bonae,

1752 1805 1798 1864 Β
1826 1821 1915 1889 qui
1945 1822 2097 1877 malae
2123 1822 2150 1875 f
2150 1826 2368 1880 ructus?
2388 1826 2678 1896 Apostolus
2704 1805 2758 1885 id
2780 1831 2938 1888 docet
2961 1848 2975 1886 :
3006 1834 3293 1904 Manifesta
3316 1805 3417 1895 an;

1826 1917 1933 1965 tem
1960 1921 2080 1964 sunt
2122 1929 2277 1981 opera
2321 1918 2516 1982 carnis,
2542 1933 2659 1987 qua:
2684 1932 2805 1974 sunt
2845 1921 3144 1990 fornicatio,
3184 1927 3413 1982 immun-

1824 2001 1976 2066 ditia,
2000 1999 2233 2071 luxuria,
2257 2005 2518 2061 idolorum
2537 2010 2779 2077 seruitus,
2805 2015 3071 2083 veneﬁcia,
3097 2018 3408 2086 inimicitiae,

1822 2094 2195 2159 contentiones,
2241 2098 2635 2167 (emutationes,
2675 2104 2808 2170 ἔπη
2844 2107 2992 2172 τίειν,
3038 2110 3409 2179 dissensiones,

1823 2183 2065 2250 Iucreses,
2088 2186 2317 2251 inuidiaz,
2352 2190 2656 2260 homicidia,
2688 2195 2985 2265 ebrietates,
3009 2204 3409 2259 comessationes

1823 2280 1871 2325 et
1907 2272 1987 2363 his
2024 2274 2219 2329 similia
2258 2275 2400 2348 (Gal.
2432 2279 2508 2351 v).
2554 2282 2648 2336 Vis
2692 2285 2877 2341 audire
2915 2303 2982 2341 an
3035 2292 3258 2348 arbores
3287 2310 3409 2363 qua:

1824 2361 1925 2418 hos
1951 2361 2157 2420 fructus
2186 2366 2391 2424 faciunt
2417 2369 2482 2426 ad
2509 2375 2696 2428 aeterni
2726 2378 2867 2449 regis
2903 2382 3159 2451 templum
3187 2361 3412 2444 cmleste

1825 2454 2167 2515 pertineant?
2209 2458 2484 2530 subiungit
2514 2460 2805 2532 Apostolus
2835 2467 3065 2525 dicens:
3107 2471 3238 2538 (tua:
3270 2492 3409 2546 prte-

1823 2543 1942 2599 dico
1966 2547 2104 2600 vobis
2140 2547 2277 2601 sicut
2307 2550 2549 2623 praedixi,
2572 2554 2818 2627 quoniam
2846 2560 2935 2629 qui
2974 2561 3102 2616 talia
3123 2543 3302 2634 agunt,
3330 2583 3412 2621 re-

1824 2652 1985 2705 gnum
2025 2636 2124 2691 Dei
2169 2655 2274 2710 non
2319 2640 2696 2713 consequentur
2734 2645 2945 2720 (Ibid.).
2994 2650 3155 2709 Bone
3195 2671 3409 2729 quoque

1826 2727 2040 2783 arboris
2085 2726 2295 2787 fructus
2341 2733 2733 2804 subsequenter
2774 2753 3078 2809 enumerat,
3118 2761 3241 2802 eum
3289 2726 3407 2806 ait:

1826 2812 2057 2871 Fructus
2093 2828 2269 2873 autem
2312 2820 2525 2890 spiritus
2552 2834 2627 2878 est
2664 2827 2914 2897 charitas,
2957 2834 3231 2903 gaudium,
3279 2856 3405 2909 pax,

1826 2906 2101 2974 patientia,
2131 2908 2355 2975 bonitas,
2380 2912 2688 2984 benignitas,
2706 2916 2859 2986 ﬁdes,
2895 2927 3260 2994 mansuetudo,
3280 2906 3414 2984 icon-

1828 2994 2045 3050 tinentia
2076 2997 2297 3070 (Ibid.);
2329 3002 2418 3069 qui
2445 3002 2700 3061 nimirum
2723 3006 2951 3077 fructus,
2974 3027 3095 3068 cum
3126 3016 3410 3077 arboribus

1829 3098 1861 3138 e
1884 3086 2077 3156 quibus
2121 3090 2439 3158 procedunt,
2468 3100 2523 3149 et
2562 3095 2650 3151 hic
2678 3097 2745 3152 ad
2786 3099 3005 3157 domum
3036 3103 3178 3170 fidei,
3210 3116 3268 3163 et
3298 3109 3411 3167 illic

1753 3168 1799 3232 C
1829 3177 1897 3229 ad
1929 3176 2315 3237 habitationem
2338 3196 2585 3252 superna:
2610 3188 2961 3248 beatitudinis
2988 3168 3252 3254 veraciter
3285 3215 3412 3272 per-

1830 3266 2023 3322 tinent.
2052 3267 2392 3341 Quapropter
2419 3287 2659 3342 oremus,
2693 3277 2889 3337 fratres
2917 3266 3412 3356 dilectissimi,om-

1830 3356 1979 3411 nium
2007 3357 2270 3414 bonorum
2301 3372 2577 3421 auctorem
2613 3376 2668 3423 et
2694 3369 2956 3441 datorem,
2994 3374 3163 3431 Deum
3192 3377 3409 3438 Patrem

1827 3450 2267 3520 omnipotentem,
2320 3464 2386 3510 ut'
2431 3473 2528 3514 nos
2571 3475 2670 3530 per
2696 3462 2947 3521 virtutem
2990 3476 3045 3522 et
3089 3472 3410 3542 sapientiam

1828 3553 1979 3595 suam
2009 3541 2231 3599 arbores
2266 3544 2437 3603 bonas
2461 3548 2671 3619 efﬁciat,
2711 3561 2766 3609 et
2805 3556 2873 3610 ad
2906 3541 3191 3617 mdiﬁcium
3217 3566 3408 3624 domus

1828 3646 1939 3686 suae
1979 3632 2295 3691 habitabiles
2334 3636 2517 3706 faciat,
2566 3650 2621 3696 et
2664 3658 2825 3715 super
2863 3647 3030 3718 ipsam
3059 3662 3289 3723 petram,
3336 3660 3409 3716 de

1827 3736 1933 3792 qua
1968 3724 2259 3794 Apostolus
2302 3729 2460 3785 dicit:
2513 3730 2675 3788 Petra
2716 3747 2887 3792 autem
2926 3751 3037 3795 erat
3081 3741 3321 3803 Christus
3352 3749 3405 3821 (1

1826 3813 1948 3867 Cor.
1975 3814 2052 3887 x),
2084 3831 2184 3872 nos
2219 3817 2444 3876 fundare
2484 3838 2548 3877 ac
2590 3824 2854 3883 collocare
2886 3831 3169 3903 dignetur:
3198 3848 3252 3893 et
3277 3813 3407 3897 con-

1825 3913 1909 3959 tra
1934 3906 2339 3965 inundationem
2364 3913 2569 3969 variam
2608 3920 3039 3985 persecutionum
3070 3925 3247 3983 aﬂlatu
3286 3930 3408 4003 Spi—

1827 3994 1964 4051 ritus
1993 3998 2075 4051 sui
2101 4014 2201 4055 nos
2226 4009 2491 4074 protegat,
2543 3999 2607 4061 et'
2632 4008 2826 4066 illaesos
2857 4014 2972 4070 sine
3010 4020 3214 4087 peccati
3248 3994 3405 4081 ruina

1826 4088 1881 4141 in
1917 4095 2178 4145 aeternum
2213 4094 2496 4161 custodiat,
2529 4106 2689 4167 atque
2715 4101 2784 4155 ad
2810 4103 3082 4162 caelestem
3108 4108 3404 4169 Jerusalem

1825 4192 1927 4232 nos
1951 4179 2233 4246 coadunet,
2266 4197 2522 4255 suamque
2545 4188 2927 4248 habitationem
2954 4212 3244 4267 perennem
3274 4221 3403 4261 con-

1824 4277 2019 4334 secret,
2048 4270 2141 4339 qui
2170 4271 2304 4326 vivit
2345 4283 2415 4346 et_
2438 4285 2626 4346 regnat
2652 4283 2978 4338 :eternaliter
3014 4303 3077 4343 ac
3121 4303 3407 4361 perpetua-

1824 4356 1946 4412 liter
1987 4360 2041 4413 in
2074 4360 2312 4417 trinitate
2341 4372 2397 4419 et
2431 4367 2633 4423 unitate
2668 4372 2927 4442 perfecta,
2963 4356 3134 4446 Deus,
3165 4356 3257 4451 per
3286 4402 3401 4441 om-

1827 4449 1918 4503 nia
1947 4450 2139 4506 saecula
2168 4454 2506 4510 saeculorum.
2535 4458 2723 4515 Amen.

2392 4597 2669 4655 llOMlLlA
2722 4604 2830 4660 XL.

1824 4696 1875 4734 IN
1927 4698 2311 4742 ANNIVEBSARIA
2366 4703 3137 4761 FESTIVITATE,DEDICATIONIS
3183 4723 3396 4766 TEMPLI.

2253 4799 2616 4873 (Evangelium
2646 4806 2866 4863 Joannis
2896 4810 2973 4882 χ.)

1892 4905 1971 4961 Ex
2013 4911 2332 4967 auctoritate
2371 4913 2613 4971 lectionis
2654 4923 2991 4990 evangelicm',
3034 4926 3231 4985 fratres
3274 4933 3399 4987 Cha-

1825 4998 2044 5064 rissimi,
2068 5002 2356 5056 edocemur
2375 5005 2533 5074 hujus
2562 5007 2683 5063 festi
2713 5011 2910 5068 habere
2930 5025 3397 5078 commemoratio-

1822 5105 1965 5155 nem,
2000 5092 2087 5145 ubi
2117 5093 2311 5165 legitur
2332 5099 2471 5164 quod
2498 5097 2638 5154 facta
2668 5103 2777 5156 sint
2799 5103 3181 5178 Hierosolymis
3206 5112 3393 5169 Bucce-

1822 5182 1931 5247 nia,
1964 5192 2019 5237 et
2047 5183 2203 5240 Iesus
2249 5192 2659 5269 praesentialiter
2688 5210 2752 5249 eo
2786 5208 3027 5268 tempore
3071 5202 3142 5257 ibi
3186 5204 3398 5262 adesset

1821 5273 2001 5343 (Joau.
2028 5276 2104 5348 κ).
2132 5278 2381 5335 Enczenia
2405 5284 2582 5337 autem
2608 5285 2941 5342 vocabantur
2965 5290 3225 5346 solemnia
3250 5295 3396 5349 dedi-

1820 5368 2045 5421 cationis
2068 5371 2270 5439 templi,
2296 5388 2413 5442 qua:
2438 5375 2807 5444 populus‘Dei,
2838 5395 2903 5435 ex
2934 5383 3153 5452 antiqua
3179 5395 3395 5455 patrum

1821 5456 2125 5524 traditione,
2159 5476 2256 5529 per
2289 5476 2456 5518 annos
2498 5466 2737 5537 singulos
2779 5469 3052 5526 celebrare
3096 5489 3395 5531 consueve—

1822 5557 1905 5601 rat
1936 5568 1945 5601 :
1980 5543 2207 5618 quorum
2256 5554 2479 5624 vestigia
2506 5573 2604 5611 nos
2646 5560 2804 5614 hodie
2829 5558 2980 5628 juxta
3009 5578 3209 5618 morem
3239 5567 3397 5621 Chri—

1820 5637 1981 5690 stiani
2009 5638 2156 5693 orbis
2184 5652 2487 5710 sequentes,
2516 5660 2748 5701 annuam
2776 5650 3126 5706 dedicationis
3155 5654 3395 5708 ecclesia:

1821 5736 2017 5781 nostra:
2059 5730 2197 5782 diem
2240 5732 2433 5786 divinis
2463 5734 2705 5791 laudibus
2752 5747 2806 5793 ct
2850 5739 3046 5809 vigiliis
3093 5742 3393 5799 studuimus

2879 5834 2915 5891 3
