3922 6358
452 313 519 366 7.3
1108 306 1168 361 Β.
1214 302 1469 359 ΒΑΒΑΝΙ
1510 304 1733 361 MAURI
1774 301 2061 358 ARCliliii

2169 300 2432 359 vIOGUNT
2500 301 2786 359 OPERUM
2827 301 3007 359 PARS
3043 304 3106 357 ll.
3696 304 3754 357 τε

450 438 612 493 agere
648 420 941 476 solemnem
973 438 984 471 :
1014 426 1071 474 et
1097 417 1240 472 hanc
1275 417 1434 473 nobis
1465 414 1811 471 festivitatem
1844 430 1911 470 eo
1938 430 2049 467 ma-
2083 419 2127 476 Α
2159 431 2215 470 se
2259 416 2630 484 unusquisque
2680 416 2895 470 invidi-.c
2936 416 3017 469 vel
3060 416 3169 470 odii
3209 430 3415 470 veneno
3446 431 3756 485 percussus,

442 515 568 589 jure
599 514 881 570 devotione
921 510 1199 565 celebrare
1230 518 1464 579 oportet,
1496 524 1603 577 quo
1629 508 1791 561 etiam
1817 506 2052 561 Redem-

449 607 595 679 ptori
642 613 829 660 nostro
865 602 1235 675 gratissimum
1292 614 1410 654 esse
1459 598 1850 670 cognovimus;
1920 597 2055 652 adeo

450 708 513 755 ut
538 699 593 754 in
620 698 710 753 illa
748 696 863 767 ipse
901 693 1161 764 templum
1194 692 1402 763 ingredi
1436 703 1491 746 et
1529 705 1833 747 sermonem
1875 689 2056 745 facere

450 791 521 847 ad
545 789 825 861 populum,
870 803 934 841 ac
982 785 1282 840 divinitatis
1312 800 1422 838 sme
1449 793 1788 838 sacramenta
1817 781 2056 851 pandere

451 887 703 957 dignatus
730 881 819 935 sit.
854 877 1020 932 Facta
1050 887 1194 941 sunt,
1226 876 1418 944 inquit,
1448 874 1697 928 lfucwnia
1726 874 1781 926 in
1810 871 2056 925 Hieroso-

449 976 629 1047 lymis,
656 982 703 1027 ct
730 972 895 1025 hiems
922 980 1057 1035 erat,
1085 979 1131 1022 et
1173 967 1474 1021 ambulabat
1503 967 1660 1022 Jesus
1692 969 1746 1020 in
1771 966 1959 1033 templo
2000 965 2054 1017 in

447 1066 656 1139 porticu
700 1061 1019 1117 Solomonis.
1059 1058 1117 1114 Si
1157 1074 1286 1129 ergo
1318 1057 1487 1111 voluit
1514 1058 1793 1112 ambulare
1826 1057 1881 1110 in
1920 1067 2054 1109 tem-

448 1157 559 1228 plo,
584 1157 635 1209 in
664 1169 771 1225 quo
798 1167 927 1207 caro
950 1161 1006 1207 et
1029 1150 1249 1222 sanguis
1277 1150 1560 1203 brutornm
1586 1147 1899 1201 animalium
1923 1144 2055 1201 ofTe~

432 1245 894 1310 rebantur,multo
926 1244 1098 1314 magis
1136 1251 1378 1297 nostram
1404 1241 1669 1295 orationis
1699 1240 1947 1301 domum,
1964 1237 2053 1293 ubi

449 1340 633 1394 carnis
670 1339 838 1409 ipsius
878 1352 941 1391 ac
986 1335 1263 1406 sanguinis
1295 1340 1636 1387 sacramenta
1684 1329 2052 1401 celebrantur,

450 1432 675 1487 visitare
703 1428 976 1501 gaudebit.
1009 1425 1064 1481 Si
1090 1423 1471 1495 perambulare
1490 1438 1595 1477 non
1623 1420 1868 1491 despexit
1889 1418 2047 1490 porti-

452 1543 602 1590 cum,
619 1527 670 1579 in
692 1540 797 1594 qua
826 1538 917 1578 rex
940 1520 1213 1591 quondam
1237 1518 1483 1574 mortalis
1507 1532 1570 1571 ac
1588 1525 1855 1579 terrenus,
1872 1527 2056 1582 qnam-

448 1619 532 1672 vis
553 1615 983 1687 potentissimus,
1002 1628 1066 1668 ac
1087 1610 1521 1681 sapientissimus
1543 1609 1611 1663 ad
1631 1607 1892 1662 orandum
1912 1614 2057 1659 stare

452 1710 678 1769 solebat,
704 1714 917 1776 quanto
943 1703 1127 1774 magis.
1146 1701 1443 1772 penetralia
1473 1698 1718 1755 cordium
1744 1704 2054 1752 nostrorum

2160 508 2453 563 iracundia:
2486 524 2693 562 veneno
2736 508 2992 578 repletus,
3024 508 3266 562 avaritia:
3288 506 3487 576 jaculis
3511 508 3760 564 vuiuera-

2162 612 2266 667 tus,
2300 602 2632 657 ebriositatis
2668 603 2797 657 vitio
2830 602 3087 672 pollutus,
3137 603 3360 657 lileli'iiI‘
3390 604 3643 659 sordibus
3676 621 3755 659 ιιι-

2156 695 2434 765 quinatus,
2478 710 2599 751 cum
2641 696 2943 750 reverentia
2974 704 3028 750 et
3063 694 3369 749 humilitate
3415 696 3759 762 subtrahere,

2156 801 2226 842 ne
2285 794 2507 856 propter
2576 787 3051 856 praesumptionem
3108 801 3171 840 ac
3242 788 3646 856 pertinaciam,
3698 790 3760 842 ab

2155 886 2359 931 teterno
2401 877 2494 931 Dei
2542 877 2790 931 convivio
2828 886 2883 931 et
2922 886 3235 932 sanctorum
3267 880 3539 933 consortio
3566 895 3760 949 seque-

2158 977 2385 1035 stratus,
2424 970 2604 1037 ligatis
2634 969 2884 1023 manibus
2908 977 2960 1023 et
3006 970 3232 1039 pedibus
3272 970 3322 1023 in
3350 979 3614 1025 externum
3642 990 3759 1041 pro-

2150 1057 2377 1126 jiciatur
2411 1060 2762 1114 incendium:
2791 1060 2884 1115 sed
2917 1061 3091 1129 inagis
3129 1060 3344 1115 studeat
3371 1072 3430 1114 ut
3460 1077 3559 1132 per
3590 1065 3761 1133 ιιωιιίς

2157 1152 2379 1223 tentiam
2414 1162 2469 1205 et
2496 1152 2892 1223 eleemosyuas,
2920 1168 3018 1222 per
3044 1167 3233 1223 pacem
3261 1164 3315 1207 et
3345 1156 3758 1221 continentiam,

2157 1243 2372 1297 sobrius
2399 1252 2453 1297 et
2476 1246 2711 1299 mundus
2740 1243 2934 1308 factus,
2964 1245 3050 1299 hic
3080 1246 3401 1300 fiducialiter
3422 1248 3487 1301 ad
3516 1264 3760 1303 mensam

2157 1332 2371 1387 Domini
2409 1335 2671 1389 accedere
2703 1336 2890 1405 possit,
2932 1346 2985 1390 et
3030 1338 3081 1391 in
3117 1336 3299 1391 futuro
3335 1338 3398 1392 ad
3446 1349 3761 1395 sanctorum

2158 1425 2476 1494 angelorum
2509 1435 2563 1482 et
2590 1428 2979 1497 apostolorum,
3025 1430 3410 1500 prophetarum
3458 1442 3513 1485 et
3554 1442 3760 1503 marty-

2160 1534 2300 1582 rum,
2325 1526 2379 1573 et
2406 1528 2729 1573 cmlerorum
2750 1517 3028 1586 justorum
3052 1520 3390 1587 societatem,
3423 1523 3761 1579 laetabundus

2161 1609 2447 1677 pervenire
2480 1626 2493 1662 :
2530 1611 2672 1678 quod
2715 1612 2873 1665 nobis
2914 1628 3009 1667 sua
3056 1614 3227 1682 gratia
3271 1624 3528 1683 praestare
3568 1616 3759 1684 digne-

2162 1706 2251 1750 tur
2290 1697 2620 1768 Redemptor
2660 1709 2715 1754 et
2764 1700 3013 1755 Salvator
3052 1711 3238 1757 uester
3285 1703 3445 1759 Jssus
3489 1704 3758 1771 Christus,

449 1802 687 1856 invisere
713 1807 872 1868 atque
894 1796 1165 1850 illustrare
1188 1793 1458 1849 desiderat
1484 1810 1496 1821 ·
1522 1791 1566 1845 si
1592 1799 1773 1845 tamen
1797 1803 1860 1844 ea
1889 1786 2059 1858 porti-
2088 1788 2134 1846 B
2163 1789 2254 1857 qui
2280 1804 2403 1844 cum
2433 1789 2593 1845 Patre
2620 1799 2674 1843 et
2704 1790 2906 1862 Spiritu
2940 1805 3129 1849 sancto
3160 1796 3289 1850 vivit
3319 1805 3374 1851 et
3405 1808 3594 1870 regnat
3623 1800 3762 1855 Deus

452 1910 575 1947 cum
611 1906 733 1945 esse
768 1884 1098 1951 Salomonis,
1128 1886 1233 1940 hoc
1268 1893 1371 1949 est,
1402 1884 1447 1939 si
1486 1898 1550 1938 ea
1585 1882 1836 1936 timorem
1865 1892 2045 1941 suum,

451 1984 595 2055 quod
614 1992 697 2037 est
713 1980 923 2035 initium
946 1978 1243 2047 sapientiai,
1261 1975 1459 2031 habere
1480 1974 1849 2046 perspexerit:
1878 1985 2051 2040 neque

451 2078 597 2132 enim
630 2072 924 2145 putandum
973 2078 1057 2125 est
1098 2069 1225 2138 quia
1256 2067 1447 2121 domus
1478 2064 1817 2120 solummodo
1857 2064 1911 2117 iu
1944 2076 2053 2132 qua

451 2170 520 2224 ad
546 2167 810 2223 orandum
836 2162 914 2216 vel
946 2164 1013 2215 ad
1044 2159 1300 2230 mysteria
1328 2157 1650 2213 celebranda
1674 2155 2049 2216 convenimus,

453 2258 710 2328 templum
762 2255 832 2307 sit
876 2251 1124 2316 Domini;
1170 2258 1223 2304 et
1263 2264 1369 2304 non
1417 2249 1540 2319 ipsi,
1591 2248 1682 2318 qui
1733 2248 1785 2301 in
1832 2246 2053 2300 nomine

453 2348 669 2407 Domini
715 2344 1089 2407 convenimus,
1138 2341 1311 2396 multo
1354 2340 1597 2410 amplius
1630 2337 1888 2407 templum
1936 2337 2054 2403 ejus

456 2442 789 2515 appellentur
810 2448 860 2492 et
889 2436 1087 2501 simus;
1114 2450 1235 2490 cum
1260 2432 1545 2489 manifeste
1564 2432 1708 2486 dicat
1728 2429 2047 2501 Apostolus:

465 2533 570 2589 Vos
590 2534 712 2587 estis
735 2528 982 2599 tempium
1010 2526 1107 2581 Dei
1130 2525 1225 2579 vivi
1253 2522 1327 2596 (Il
1344 2520 1556 2594 Cor.v1)
1578 2538 1591 2587 ;
1616 2521 1755 2577 sicut
1778 2520 1914 2576 dicit
1944 2520 2053 2573 Do-

458 2625 636 2682 minus
662 2639 673 2674 :
716 2616 1030 2673 luimbitabo
1060 2616 1115 2668 in
1140 2614 1214 2667 eis
1237 2628 1289 2668 et
1329 2616 1466 2666 inter
1498 2610 1618 2665 illos
1656 2604 2068 2678 ambulabo(Le-

454 2710 807 2779 oit.xxvi).Si
849 2723 980 2779 ergo
1014 2705 1273 2776 templum
1315 2704 1412 2758 Dei
1450 2718 1656 2765 sumus,
1695 2716 1946 2757 curemus
1975 2714 2057 2753 so—

456 2805 643 2865 lerter,
670 2810 726 2855 et
754 2799 910 2855 bonis
939 2806 1248 2866 satagamus
1277 2795 1513 2859 actibus,
1554 2802 1613 2847 ut
1650 2794 1702 2846 in
1725 2794 1913 2846 eodem
1957 2805 2056 2845 suo

458 2894 660 2966 templo
706 2891 903 2961 sapius
933 2889 1047 2958 ipse
1081 2896 1136 2942 et
1183 2887 1370 2941 venire
1412 2894 1467 2939 et
1510 2883 1855 2939 mansionem
1878 2882 2058 2935 facere

458 2988 733 3057 dignetur.
767 2982 1072 3037 Careamus
1101 2978 1298 3033 hiemis
1321 2976 1646 3045 exemplum,
1700 2990 1767 3028 ne
1808 2973 2059 3027 videlicet

460 3079 622 3137 corda
655 3084 842 3132 nostra
871 3072 1130 3128 Dominus
1160 3069 1455 3124 adveniens
1490 3083 1519 3120 a
1552 3065 1834 3121 charitatis
1862 3064 2057 3118 ardore

460 3166 732 3240 torpentia
761 3164 1016 3235 reperiat,
1068 3162 1208 3217 sicut
1248 3158 1556 3217 Jutltcorum
1590 3167 1807 3228 pectora
1834 3153 2059 3226 perﬁdia
2090 3144 2134 3207 (ἶ

463 3261 659 3315 durata
713 3255 939 3319 invenit,
988 3254 1215 3321 ideoque
1255 3266 1319 3305 ea
1361 3251 1522 3303 citius
1571 3259 1853 3302 aversatus
1900 3247 2063 3300 relin-

463 3359 626 3421 quat;
658 3348 766 3401 imo
794 3346 968 3415 magis
995 3351 1252 3413 quantum
1285 3358 1595 3413 possumus,
1619 3356 1740 3395 cum
1770 3340 1937 3409 ipsius
1970 3340 2065 3393 ad-

458 3442 662 3514 jutorio
702 3438 1031 3499 laboremus,
1086 3452 1156 3490 ne
1196 3434 1339 3489 Deus
1395 3442 1577 3489 uoster
1617 3434 1670 3487 in
1705 3432 1904 3502 templo
1943 3446 2061 3495 suo,

464 3535 573 3589 hoc
599 3540 683 3587 est
714 3532 767 3585 in
795 3528 971 3591 nobis,
1001 3526 1239 3581 inveniat
1266 3525 1409 3594 quod
1451 3523 1637 3579 oculos
1677 3538 1787 3577 sua:
1818 3521 2067 3589 majesta-

465 3626 539 3680 tis
565 3621 834 3679 offendat:
863 3620 955 3674 sed
988 3617 1357 3673 habitaculum
1399 3616 1581 3671 cordis
1625 3616 1793 3669 nostri
1839 3629 2068 3669 evacue—

467 3728 558 3771 tur
608 3715 777 3778 vitiis,
827 3720 883 3766 et
933 3709 1226 3765 virtutibus
1271 3708 1579 3777 repleatur;
1623 3707 1905 3761 claudatur
1953 3705 2066 3759 dia-

466 3807 614 3872 bolo,
641 3815 695 3860 et
724 3803 1000 3875 aperiatur
1027 3801 1244 3856 Christo
1274 3818 1285 3852 :
1318 3807 1374 3854 et
1419 3800 1491 3852 ita
1538 3798 1846 3852 laboremus
1876 3803 1935 3850 ut
1966 3809 2059 3849 no~

468 3902 555 3956 bis
587 3902 852 3954 bonorum
879 3912 1101 3967 operum
1133 3893 1375 3949 clavibus
1400 3892 1617 3963 ianuam
1649 3893 1802 3963 regni
1831 3891 2067 3947 cmlestis

471 3993 686 4062 aperire
716 3989 1005 4061 possimus.
1038 3986 1191 4042 Sicut
1219 3987 1361 4040 enim
1410 3985 1564 4039 malis
1608 3983 1883 4053 operibus,
1912 3982 2066 4051 quasi

471 4086 791 4155 quibusdam
823 4083 961 4137 seris
1000 4096 1062 4135 ac
1092 4066 1358 4143 vectibus,
1393 4078 1514 4132 vita:
1550 4076 1889 4144 uobisjauua
1921 4076 2069 4129 clau-

473 4181 642 4242 ditur,
672 4178 767 4239 ita,
796 4178 999 4244 absque
1036 4173 1217 4238 dubio,
1252 4172 1407 4227 bouis
1431 4172 1688 4240 operibus
1714 4170 1974 4239 aperitur.
2002 4168 2068 4222 Et

473 4271 617 4334 ideo,
644 4269 839 4321 fratres
865 4264 1192 4324 charissimi,
1221 4261 1590 4330 unusquisque
1611 4260 1918 4315 consideret
1942 4274 2070 4313 con-

475 4361 759 4417 scientiam
802 4372 977 4420 suam,
1003 4366 1057 4410 et
1076 4356 1288 4424 quando
1324 4368 1382 4408 se
1411 4353 1592 4422 aliquo
1622 4351 1851 4406 crimine
1879 4350 2069 4404 vulne-

476 4465 652 4509 ratum
682 4468 798 4507 esse
830 4449 1164 4519 cognoverit,
1192 4448 1344 4518 prius
1376 4442 1967 4515 orationibus,jejuniis
1988 4440 2070 4496 vel

473 4542 833 4613 (-leemosyuis
855 4540 1069 4596 studeat
1102 4538 1363 4593 mundare
1392 4535 1779 4604 conscientiam
1809 4549 1979 4593 suam,
2018 4540 2072 4585 et

473 4642 555 4693 sEc
588 4632 973 4691 eucharistiam
1003 4639 1293 4701 prinsumat
1328 4628 1574 4699 accipere
1607 4646 1618 4680 :
1656 4627 1698 4681 si
1732 4627 1875 4681 enim
1907 4641 2047 4696 agno

478 4745 637 4784 secus
668 4735 873 4781 reatum
898 4738 1075 4787 suum,
1106 4724 1219 4792 ipse
1248 4736 1277 4774 a
1303 4720 1486 4775 divino
1526 4718 1680 4771 altari
1712 4731 1770 4771 se
1798 4716 2071 4770 subduxe-

476 4822 566 4883 rit,
613 4818 720 4872 cito
772 4816 837 4869 ad
882 4813 1267 4882 indulgentiam
1298 4810 1491 4865 divina:
1538 4806 1923 4862 misericordiae
1951 4820 2074 4874 per-

476 4911 677 4972 veniet,
711 4907 837 4977 quia
868 4904 1009 4959 sicut
1034 4904 1124 4975 qui
1160 4919 1213 4956 se
1251 4901 1447 4955 exultat
1484 4898 1883 4962 humiliabitur,
1928 4898 2001 4950 ita
2045 4911 2075 4949 e

479 4999 773 5061 contrario,
798 4998 887 5067 qui
914 5012 969 5048 se
996 4994 1234 5048 hmniliat
1270 4992 1589 5048 excitabitur
1620 4989 1770 5062 (Luc.
1810 4990 1942 5061 xw).
1971 4988 2073 5055 Qui

482 5095 652 5156 enim,
702 5092 843 5146 sicut
889 5089 1017 5148 dixi,
1062 5102 1359 5157 agnoscens
1408 5092 1614 5139 reatum
1647 5099 1826 5147 suum,
1860 5084 1974 5151 ipse
2018 5098 2077 5137 se

480 5183 760 5240 humiliter
806 5183 873 5235 ab
919 5179 1073 5233 altari
1118 5178 1361 5233 ecclesiae
1403 5192 1502 5245 pro
1544 5174 1921 5229 emendatione
1950 5175 2075 5228 vita:

484 5290 764 5333 removere
790 5273 1033 5335 voluerit,
1066 5273 1134 5325 ab
1161 5279 1364 5325 mteruo
1393 5271 1481 5325 illo
1509 5278 1564 5321 et
1592 5269 1800 5323 cmles‘i
1828 5268 2075 5323 convivio

482 5364 941 5422 cxcommunicari
988 5364 1200 5433 penitus
1226 5379 1337 5417 non
1369 5362 1593 5416 timebit.
1626 5361 1774 5431 Rogo
1804 5376 1918 5423 vos,
1965 5359 2076 5414 fra-

484 5471 617 5521 tres,
653 5458 939 5526 diligenter
984 5455 1240 5509 attendite
1276 5472 1288 5506 :
1324 5456 1366 5509 si
1400 5456 1465 5508 ad
1502 5470 1741 5508 mensam
1787 5454 2075 5520 cujuscun-

484 5566 587 5621 que
625 5549 858 5619 potentis
888 5547 1120 5601 hominis
1142 5561 1302 5601 nemo
1342 5546 1616 5616 praesumit
1665 5560 1790 5600 cum
1835 5545 2075 5599 vestibus

485 5640 775 5695 conscissis
816 5648 869 5692 et
922 5639 1216 5707 inquiuatis
1262 5639 1539 5702 accedere,
1586 5646 1789 5705 quanto
1830 5638 2000 5707 magis
2044 5650 2072 5689 ιι

486 5732 730 5789 convivio
766 5731 949 5785 aeterni
984 5729 1162 5798 Regis,
1189 5730 1243 5784 id
1273 5738 1355 5786 est
1385 5730 1452 5783 ab
1484 5728 1640 5781 altari
1675 5727 1885 5783 Domini
1919 5728 2077 5781 debet

2156 1895 2255 1951 per
2285 1881 2465 1935 omnia
2492 1882 2685 1936 stecula
2720 1883 3062 1938 seculorum.
3093 1886 3285 1939 Amen.

2727 1997 3011 2053 llOMlLIA
3052 1999 3186 2053 XLI.

2642 2093 2695 2130 LV
2735 2094 3008 2133 DUMINICIS
3047 2095 3257 2133 DIElll'S.

2230 2166 2519 2223 Sciendum
2574 2177 2675 2232 est,
2730 2168 2925 2224 fratres
2979 2171 3315 2236 charissimi,
3356 2174 3510 2242 quod
3563 2176 3684 2232 ideo
3730 2192 3759 2230 ιι

2159 2257 2363 2312 sanctis
2401 2256 2653 2311 Patribus
2690 2259 2893 2312 nostris
2938 2262 3290 2315 constitutum
3330 2271 3409 2316 est
3438 2262 3760 2320 Christianis

2160 2361 2215 2406 et
2256 2352 2568 2406 mandatum
2615 2362 2673 2407 ut
2724 2355 2776 2408 in
2818 2355 3253 2412 solemnitatibus
3298 2370 3651 2425 sanctorum,
3710 2374 3762 2418 ct

2161 2441 2394 2495 maxime
2431 2442 2483 2495 in
2534 2442 2830 2498 Dominicis
2868 2444 3076 2512 diebus,
3120 2448 3291 2501 otium
3339 2450 3603 2504 haberent
3641 2463 3697 2507 et
3732 2469 3759 2506 ο

2163 2541 2381 2589 terreno
2409 2536 2624 2604 negotio
2653 2546 2930 2603 vacarent,
2962 2546 3021 2593 ut
3055 2542 3358 2609 paratiores
3384 2552 3438 2597 et
3466 2546 3762 2614 promptio-

2164 2638 2252 2680 res
2287 2634 2470 2680 essent
2516 2628 2581 2680 ad
2626 2628 2867 2682 divinum
2910 2630 3133 2696 cultum,
3187 2648 3309 2687 eum
3348 2649 3453 2689 non
3503 2636 3765 2692 habzrent

2164 2715 2292 2786 quid
2318 2730 2411 2771 eos
2434 2716 2555 2771 inde
2575 2717 2811 2773 tardaret
2833 2719 3255 2786 incommodum,
3286 2723 3765 2795 relinquerentque

2164 2825 2227 2865 eo
2278 2819 2521 2881 tempore
2572 2821 2841 2866 terrenam
2896 2812 3349 2879 sollicitudinem,
3395 2833 3503 2887 quo
3554 2816 3764 2874 facilius

2165 2909 2383 2969 possent
2408 2901 2500 2956 Dei
2526 2902 2804 2957 intendere
2828 2902 3180 2959 voluntatem.
3204 2904 3333 2961 Inde
3363 2906 3474 2976 ipse
3508 2907 3767 2963 Dominus

2165 3006 2262 3060 per
2291 2990 2611 3059 Prophetam
2642 2992 2811 3047 dicit:
2849 2992 3044 3047 l'acate
3089 3004 3137 3048 et
3177 2996 3342 3050 ridete
3383 2998 3633 3067 quoniam
3675 3016 3766 3070 ego

2166 3098 2281 3134 sum
2328 3082 2465 3134 Deus
2505 3079 2678 3151 (Paul.
2710 3081 2856 3153 xcv).
2901 3084 2970 3137 At
3018 3084 3072 3139 hi
3113 3086 3225 3154 qui,
3259 3087 3489 3142 diversis
3528 3088 3679 3143 euris
3705 3105 3765 3146 at:

2167 3173 2399 3243 negotiis
2441 3172 2716 3243 implicati,
2750 3174 2889 3229 hanc
2919 3177 3243 3231 sententiam
3282 3178 3374 3231 Dei
3408 3187 3691 3248 spernunt,
3714 3188 3765 3234 et

2164 3264 2358 3317 divina:
2405 3264 2842 3333 contemplationi
2896 3260 3092 3319 vaeare
3148 3267 3356 3330 nolunt,
3398 3268 3562 3323 timeo
3603 3284 3674 3324 ne
3712 3269 3763 3324 in

2166 3357 2347 3412 futuro
2365 3356 2590 3424 judicio,
2619 3359 2724 3412 illis
2744 3357 2967 3426 jan'tam
2991 3356 3202 3414 Domini
3229 3362 3572 3431 pulsantibus
3602 3372 3764 3433 atque

2166 3448 2378 3517 aperire
2420 3449 2768 3517 poscentibus
2806 3447 3019 3517 (Manli.
3062 3450 3213 3520 xxv),
3250 3451 3510 3506 Dominus
3548 3467 3759 3523 respon-

2167 3544 2328 3597 deat:
2363 3542 2526 3596 Amcu
2570 3542 2687 3595 dico
2734 3541 2898 3606 vobis,
2949 3544 3121 3596 nescio
3162 3557 3291 3597 vos:
3325 3543 3575 3598 discedite
3613 3563 3643 3598 α
3669 3560 3765 3609 me,

2168 3648 2344 3686 attines
2373 3635 2460 3703 qui
2487 3633 2774 3702 operamini
2802 3633 3129 3702 iniquitatem
3167 3632 3383 3703 (Matth.
3413 3636 3511 3702 vn)
3538 3652 3552 3699 ;
3581 3644 3634 3689 et
3679 3635 3769 3705 qui

2167 3724 2327 3778 modo
2356 3723 2521 3777 Deum
2546 3738 2787 3792 quiercre
2811 3724 3103 3794 neg-iigunt,
3132 3726 3199 3779 ab
3222 3725 3338 3793 ipso
3362 3734 3490 3780 tunc
3514 3740 3748 3796 respuau

2167 3826 2277 3871 tur.
2317 3815 2543 3880 Idcirco,
2587 3814 2784 3871 fratres
2829 3817 2959 3881 mei,
3014 3831 3119 3871 non
3168 3817 3237 3871 sit
3280 3816 3432 3871 vobis
3478 3818 3769 3872 molestum

2170 3910 2223 3964 in
2254 3908 2548 3964 Dominicis
2579 3908 2769 3967 diebus
2788 3916 2845 3963 ct
2869 3909 2920 3962 in
2954 3908 3214 3964 natalitiis
3240 3918 3553 3964 sanctorum
3587 3909 3773 3963 divino

2172 3998 2392 4053 studere
2420 3996 2609 4050 cultui.
2638 3996 2977 4051 Dominieum
3002 4013 3131 4067 ergo
3155 3998 3294 4051 diem
3318 3996 3544 4067 apostoli
3573 4008 3627 4052 et
3647 4013 3773 4068 apo-

2170 4088 2347 4143 stolici
2400 4087 2500 4141 viri
2554 4088 2672 4143 ideo
2740 4087 2989 4159 religiosa
3053 4088 3394 4142 solemnitate
3456 4090 3769 4143 habendum

2171 4188 2491 4245 sanxerunt,
2524 4180 2648 4249 quia
2676 4180 2727 4233 in
2759 4180 2946 4235 eodem
2978 4180 3309 4249 Redemptor
3336 4189 3519 4235 noster
3550 4196 3579 4233 a
3625 4199 3773 4236 mor-

2172 4274 2280 4327 tuis
2326 4270 2663 4326 resnrrexit:
2697 4269 2897 4339 quique
2945 4270 3065 4325 ideo
3099 4270 3414 4325 Dominicus
3448 4272 3774 4342 appellatur,

2173 4373 2233 4418 ut
2257 4365 2306 4417 in
2327 4378 2391 4418 eo
2418 4379 2449 4417 a
2474 4361 2704 4417 terrenis
2731 4362 2985 4430 operibus
3014 4361 3098 4415 vel
3129 4361 3313 4416 mundi
3347 4361 3615 4417 illecebris
3653 4364 3775 4417 abs-

2103 4494 2149 4552 Β
2178 4456 2431 4517 tinentcs,
2480 4461 2685 4507 tantum
2732 4452 2928 4507 divinis
2976 4451 3207 4507 cultibus
3272 4453 3597 4517 serviamus,
3642 4454 3779 4506 danu

2179 4557 2259 4601 tes
2282 4545 2487 4601 scilicet
2520 4544 2623 4599 diei
2647 4543 2775 4598 huic
2802 4544 3063 4598 honorem
3089 4551 3145 4598 et
3171 4544 3526 4598 reverentiam
3550 4542 3782 4614 propter

2186 4655 2328 4706 spem
2379 4636 2791 4692 resurrectionis
2839 4644 3035 4689 nostra:
3069 4650 3228 4703 quam
3267 4635 3528 4689 habemus
3569 4634 3622 4688 in
3666 4635 3779 4690 illa.

2179 4727 2314 4781 Nam
2356 4727 2494 4782 sicut
2522 4726 2636 4795 ipse
2681 4725 2940 4779 Dominus
2977 4724 3136 4779 Jesus
3166 4723 3415 4779 Christus
3443 4733 3498 4779 et
3526 4723 3784 4779 Salvator

2177 4829 2363 4874 uoster
2395 4818 2551 4871 tertia
2581 4817 2669 4872 die
2712 4817 3008 4871 resurrexit
3037 4831 3066 4870 a
3106 4817 3355 4881 mortuis,
3387 4817 3463 4870 ita
3493 4824 3546 4869 et
3571 4831 3677 4871 nos
3704 4832 3786 4873 re-

2182 4918 2524 4965 surrecturos
2549 4909 2599 4961 in
2630 4906 2923 4962 novissimo
2955 4907 3041 4963 die
3081 4922 3385 4977 speramus.
3412 4908 3661 4977 Apparet
3691 4924 3787 4963 au-

2185 5011 2291 5055 tem
2315 5001 2455 5055 diem
2484 5000 2646 5054 etiam
2672 5000 2722 5053 iu
2748 4998 3043 5069 Scripturis
3066 5000 3267 5053 sanctis
3287 5014 3405 5055 esse
3432 5000 3745 5057 solemnem
3771 5019 3783 5053 :

2183 5092 2297 5162 ipse
2333 5099 2416 5145 cst
2460 5091 2605 5144 enim
2646 5090 2762 5144 dies
2801 5090 3006 5157 primus
3029 5090 3232 5153 smculi,
3279 5090 3330 5143 in
3383 5092 3498 5159 ipso
3542 5090 3783 5146 formata

2186 5192 2313 5236 sunt
2339 5181 2607 5236 elementa
2647 5180 2856 5244 mundi,
2889 5180 2941 5233 in
2985 5180 3100 5248 ipso
3133 5182 3299 5235 creati
3340 5194 3467 5235 sunt
3494 5183 3705 5250 angeli,
3737 5185 3785 5237 in

2183 5274 2299 5343 ipso
2326 5285 2537 5341 quoque
2583 5285 2611 5323 a
2656 5270 2884 5324 mortuis
2925 5270 3225 5325 resurrexit
3252 5270 3522 5337 Christus,
3568 5271 3622 5325 in
3670 5273 3787 5343 ipso

2182 5368 2248 5421 de
2282 5364 2432 5419 cmlis
2463 5362 2695 5432 Spiritus
2724 5370 2945 5416 sanctus
2988 5376 3150 5431 super
3175 5362 3447 5431 apostolos
3473 5363 3785 5429 descendit,

2182 5471 2377 5512 manna
2411 5456 2463 5507 in
2494 5456 2681 5509 eodem
2710 5452 2797 5507 die
2826 5453 2877 5506 in
2913 5468 3097 5507 eremo
3132 5455 3306 5523 primo
3336 5455 3402 5509 de
3428 5454 3566 5509 caelo
3589 5454 3785 5511 datum

2182 5558 2282 5603 est.
2316 5546 2408 5601 liis
2440 5547 2579 5602 enim
2604 5544 2885 5614 speciebus
2914 5544 3214 5599 actualilms
3239 5544 3424 5617 [Forte
3449 5546 3786 5615 specialibus

2183 5637 2391 5694 artibus
2422 5636 2496 5708 et]
2536 5636 2747 5691 iudiciis
2774 5634 3050 5689 Dominica
3084 5636 3197 5689 dies
3227 5645 3405 5690 exstat
3431 5636 3695 5706 insignis,
3728 5655 3785 5694 ac

2184 5729 2303 5782 ideo
2322 5728 2491 5781 sancti
2517 5728 2764 5781 doctores
2787 5725 3039 5780 Ecclesia:
3056 5726 3409 5779 decreverunt
3432 5740 3653 5779 onmem
3682 5730 3765 5802 δια
