3922 6320
148 339 205 391 77
1048 340 1349 396 HOMILI/E
1389 341 1476 395 DE
1514 340 1755 396 FESTIS
1792 339 2200 407 PR/ECIPUIS,
2240 340 2392 396 ETC'.
3319 346 3387 400 78

146 452 268 505 riam
298 450 498 505 Jndaici
538 449 855 505 sabbatismi
889 451 941 503 in
968 450 1114 505 illam
1153 450 1462 514 transferre,
1489 457 1545 502 ut
1570 450 1713 519 quod
1740 453 1786 512 Α
1816 458 1870 503 et
1908 449 2219 515 avaritiam,
2248 456 2514 518 quatenus
2554 464 2721 504 unum
2759 459 3016 520 punctum
3045 454 3147 510 diei
3194 455 3260 510 ad
3289 458 3380 513 Dei

146 541 235 610 ipsi
259 540 307 593 in
334 539 520 609 figura,
540 554 641 594 nos
662 540 1056 595 celebrarcmus
1077 540 1130 593 in
1154 540 1409 605 veritate;
1434 539 1559 607 quia
1588 548 1715 592 tunc

145 630 235 682 erit
281 629 489 697 requies
524 637 713 682 nostra
756 643 900 693 vera,
932 630 1144 697 quando
1186 627 1510 683 resurrectio
1552 626 1715 682 fuerit

144 727 454 788 perpetrata,
475 727 530 773 et
553 713 914 773 rem'uncratio
942 719 995 772 in
1026 720 1203 772 anima
1226 731 1275 774 et
1304 734 1532 789 corpore
1555 716 1713 773 simul

143 807 389 879 perfecta.
414 809 773 865 Observomus
794 826 921 880 ergo
949 811 1089 864 diem
1112 810 1471 875 Dominicam,
1497 810 1709 876 fratres,

143 908 193 951 ct
229 899 624 953 sanctificemus
671 898 837 963 illam,
898 899 1038 951 sicut
1083 899 1320 967 antiquis
1371 899 1437 953 de
1487 899 1712 971 sabbato

142 998 453 1059 prteccptum
482 998 582 1048 est.
613 990 826 1044 dicente
866 989 1170 1058 legislature
1196 1008 1209 1042 :
1236 989 1276 1041 Α
1306 1005 1516 1059 vespera
1552 1005 1712 1059 usque

141 1082 203 1133 ad
232 1098 489 1151 vesperam
512 1079 835 1135 celebrabitis
859 1079 1079 1133 sabbata
1116 1088 1284 1133 vestra
1311 1078 1496 1149 (Leuit.
1530 1078 1706 1149 χχιιι).

141 1169 417 1223 Videamus
463 1184 532 1222 ne
561 1167 730 1222 otium
772 1175 1016 1222 nostrum
1045 1183 1240 1221 vanum
1287 1168 1375 1231 sit,
1409 1168 1503 1222 sed
1547 1182 1577 1220 e
1615 1184 1707 1223 ve-

139 1271 285 1325 spera
311 1257 412 1311 diei
459 1256 671 1311 sabbati
700 1271 869 1327 usque
902 1257 969 1311 ad
1002 1271 1283 1327 vesperam
1314 1257 1421 1312 diei
1447 1258 1706 1313 Dominici

137 1346 447 1413 sequestrati
476 1361 505 1399 a
534 1344 701 1399 rurali
743 1350 905 1415 Opere
943 1354 999 1401 et
1037 1347 1106 1401 ab
1138 1349 1284 1401 omni
1327 1348 1566 1419 negotio,
1592 1347 1707 1403 solo

136 1441 307 1494 divino
327 1441 492 1497 cultui
518 1456 769 1496 vacemus
793 1458 807 1494 ε
842 1443 921 1497 sic
942 1458 1155 1511 quoque
1182 1442 1581 1499 sanctificamus
1604 1444 1706 1499 rite

137 1529 404 1584 sabbatum
440 1531 672 1595 Domini,
703 1531 914 1586 dicente
952 1532 1177 1586 Domino
1204 1550 1216 1585 :
1243 1531 1409 1587 Omne
1441 1549 1569 1603 opus
1601 1550 1704 1588 non

137 1618 325 1686 facietis
347 1620 399 1673 in
426 1637 505 1673 eo.
536 1621 725 1676 Veniat
752 1637 880 1692 ergo
906 1623 1209 1692 cuicunque
1232 1623 1488 1693 possibile
1520 1624 1610 1690 sit,
1635 1626 1701 1680 ad

136 1708 483 1775 vespertinam
512 1717 673 1778 atque
700 1719 1018 1762 nocturnam
1041 1710 1481 1777 celebrationem,
1507 1722 1560 1767 et
1584 1724 1701 1769 oret

1816 537 2070 605 otlicium,
2099 548 2153 594 et
2190 540 2455 609 reliquum
2485 540 2733 595 diurnum
2773 544 3026 611 spatium,
3060 561 3183 601 cum
3226 558 3386 606 nocte

1815 628 1992 693 simul,
2017 628 2083 683 ad
2107 642 2292 683 eorum
2313 628 2597 697 deputetur
2620 630 2939 701 voluptates.
2967 632 3161 702 Nolite,
3190 638 3385 696 fratres

1815 720 1920 772 mci
1956 718 2311 784 dilectissimi,
2356 720 2468 774 haec
2495 718 2691 786 facere,
2726 721 2893 776 nolite
2927 724 3039 786 inre
3064 724 3386 785 facientibus

1814 811 2158 877 consentire;
2206 811 2330 881 quia
2370 825 2475 864 non
2524 810 2693 865 solum
2727 812 2819 881 qui
2862 813 2978 868 haec
3019 813 3247 883 faciunt,
3291 819 3388 874 sed

1814 899 1977 954 etiam
2022 901 2112 969 qui
2163 887 2507 955 conscntiuni
2540 899 2895 967 facientibus,
2939 912 3187 972 pereunt.
3246 908 3388 962 Ante

1812 991 1991 1045 omnia
2017 1006 2145 1061 ergo
2184 1006 2374 1046 causas
2404 991 2457 1044 in
2484 975 2867 1046 festivitatibus
2898 994 3062 1049 nolite
3086 995 3265 1052 dicere
3294 1007 3390 1052 aut

1812 1081 2021 1147 audire,
2045 1081 2137 1137 sed
2158 1082 2261 1136 alio
2285 1089 2524 1150 tempore
2551 1090 2605 1134 et
2632 1080 3004 1150 cumjustitia;
3035 1101 3131 1141 nec
3159 1103 3385 1143 munera

1811 1171 2122 1240 accipiendo
2152 1171 2481 1225 subvertatis
2494 1170 2696 1239 judicia
2718 1169 2892 1240 justa;
2916 1174 3061 1243 quia,
3088 1178 3385 1235 secundum

1811 1260 2021 1315 Domini
2066 1261 2427 1316 sententiam:
2459 1260 2780 1333 Quocunque
2821 1263 3026 1333 judicio
3062 1266 3386 1336 judicaveri-

1808 1350 1898 1415 tis,
1915 1349 2250 1418 judicabitur
2272 1350 2340 1407 de
2364 1350 2504 1404 vobis
2534 1349 2748 1421 (Matth.
2780 1353 2901 1424 vn).
2936 1351 3123 1409 Nullus
3143 1366 3381 1411 vestrum

1807 1456 1864 1496 se
1888 1442 2133 1503 inebriet,
2168 1442 2294 1511 quia
2328 1442 2510 1496 ebrius
2535 1443 2724 1497 insano
2755 1442 3058 1500 simillimus
3079 1446 3388 1505 casn-Nolite

1808 1536 1861 1589 in
1888 1533 2343 1607 nominibuslsic)
2372 1533 2627 1599 bibendo,
2658 1536 2876 1590 nomina
2907 1546 3085 1591 vestra
3116 1538 3295 1595 delere
3316 1540 3387 1597 de

1804 1624 1959 1680 etnlo.
2003 1623 2138 1678 Sunt
2168 1623 2385 1694 quidem
2434 1623 2611 1698 multi,
2654 1626 2795 1693 quod
2822 1624 2974 1696 pejus
3003 1638 3105 1693 est,
3154 1620 3243 1698 qui
3275 1643 3387 1687 non

1805 1713 1975 1768 solum
2022 1714 2227 1782 seipsos
2258 1712 2542 1775 inebriant,
2597 1714 2692 1784 sed
2731 1716 2897 1770 etiam
2925 1717 3060 1773 alios
3106 1720 3387 1789 co'guntet

132 1797 200 1851 ibi
237 1799 286 1851 in
319 1808 589 1854 conventu
640 1800 895 1856 Ecclesize
938 1817 1041 1870 pro,
1078 1804 1314 1871 peccatis
1352 1804 1465 1858 suis
1506 1805 1693 1860 Deum.
1727 1798 1773 1856 B
1802 1802 2049 1872 adjurant
2094 1811 2153 1857 ut
2201 1802 2429 1872 amplius
2455 1818 2617 1872 quam
2657 1805 2873 1875 expedit
2912 1807 3116 1883 bibant,
3163 1817 3218 1864 et
3255 1810 3384 1867 inde

134 1888 226 1953 Qui
256 1905 381 1944 vero
413 1890 518 1944 hoc
564 1905 670 1945 non
701 1891 901 1960 possit,
923 1890 1113 1945 saltem
1156 1891 1222 1945 irr
1252 1893 1411 1947 domo
1437 1909 1533 1948 sua
1558 1902 1695 1956 oret,

130 1988 179 2033 et
215 1995 315 2033 non
342 1981 577 2052 negligat
618 1982 729 2037 Deo
758 1982 966 2037 solvere
998 1990 1182 2037 votum
1217 1998 1280 2039 ac
1312 1984 1535 2040 reddere
1564 2002 1697 2056 pen-

130 2090 241 2129 sum
271 2077 567 2131 servitutis.
590 2077 647 2131 In
676 2077 762 2131 die
792 2076 880 2131 illa
903 2092 1032 2131 vero
1053 2077 1232 2132 nullus
1256 2092 1314 2132 se
1342 2094 1372 2132 a
1395 2094 1548 2133 sacra
1572 2079 1700 2134 mis-

129 2180 303 2218 sarum
334 2166 697 2221 celebratione
728 2175 958 2235 separet,
984 2182 1158 2235 neque
1178 2167 1381 2221 otiosus
1407 2167 1529 2237 quis
1554 2168 1698 2229 domi

128 2266 413 2316 remaneat,
450 2257 662 2311 emteris
690 2256 756 2309 ad
783 2256 1065 2311 ecclesiam
1099 2258 1485 2327 pergentibus;
1522 2274 1699 2328 neque

128 2343 176 2396 in
203 2347 484 2400 venatione
510 2355 842 2416 se‘occupet,
866 2356 921 2401 et
959 2347 1221 2401 diabolico
1259 2349 1593 2417 mancipetur
1619 2346 1699 2404 of.

126 2438 262 2501 licio,
291 2438 746 2506 circumvagando
781 2452 1002 2506 campos
1034 2445 1088 2491 et
1114 2436 1301 2501 silvas,
1334 2437 1622 2492 clamorem
1645 2446 1700 2493 et

125 2531 441 2585 cachinnum
493 2530 761 2595 exaltans,
822 2545 937 2584 non
991 2530 1248 2600 gemitum
1297 2544 1397 2584 nec
1439 2531 1697 2586 orationis

120 2622 279 2676 verba
306 2636 372 2675 ex
406 2622 598 2675 intimo
624 2630 843 2690 pectore
881 2621 947 2673 ad
983 2621 1151 2674 Deum
1174 2618 1472 2689 proferens.
1507 2620 1697 2676 Adhuc

122 2726 352 2782 quoque,
381 2714 526 2782 quod
573 2711 940 2767 detestabilius
963 2719 1065 2776 est,
1094 2710 1259 2781 aliqui
1305 2712 1372 2765 ad
1411 2711 1695 2766 ecclesiam

118 2802 413 2866 venientes,
454 2816 559 2855 non
592 2802 816 2865 intrant,
847 2815 953 2855 non
985 2801 1242 2855 insistunt
1284 2800 1557 2871 precibus,
1588 2816 1694 2856 non

120 2897 433 2959 exspectant
460 2904 582 2944 cum
612 2888 825 2943 silentio
868 2898 1111 2943 sanctam
1142 2889 1430 2945 missarum
1457 2889 1696 2946 celebra-

118 2982 313 3036 tionem
342 3001 355 3035 :
383 2983 480 3037 sed
509 2982 724 3050 quando
753 2981 1009 3036 lectiones
1029 2981 1221 3037 divinae
1251 2982 1395 3036 intus
1422 2981 1691 3052 leguntur,

119 3083 241 3127 tunc
276 3073 379 3142 ipsi
409 3073 545 3127 foris
574 3083 667 3126 aut
706 3087 900 3126 causas
924 3072 1104 3127 dicere
1129 3081 1185 3126 et
1220 3071 1449 3127 diversis
1477 3072 1693 3129 student

1801 1910 1941 1965 saepe
1984 1895 2125 1949 inter
2160 1909 2254 1949 eos
2280 1903 2577 1949 nascuntur
2595 1894 2776 1967 jurgia
2811 1905 2867 1952 et
2897 1897 3205 1955 homicidia.
3234 1900 3386 1958 Nun-

1801 1985 1931 2055 quid
1967 1984 2316 2053 perpenditis,
2357 1984 2575 2049 fratres,
2611 1986 2763 2055 cujus
2800 1989 2889 2042 isti
2919 1990 2974 2043 in
3016 1992 3118 2046 hoc
3151 2008 3384 2064 sequan-

1802 2084 1889 2130 tur
1922 2075 2250 2130 voluntatem
2263 2075 2295 2145 ἲ,
2324 2074 2531 2129 Ebriosi
2560 2075 2723 2143 enim,
2757 2078 2834 2133 ait
2860 2079 3168 2150 Apostolus,
3210 2094 3258 2137 et
3287 2084 3379 2139 ho-

1799 2166 2005 2220 micida
2033 2182 2246 2236 regnum
2275 2166 2374 2219 Dei
2403 2184 2505 2221 non
2530 2170 2866 2239 possidebunt
2915 2172 2966 2245 (Ι
2989 2172 3112 2229 Cor.
3143 2182 3241 2245 vr).
3271 2176 3384 2235 0b-

1799 2270 1956 2310 secro
1988 2271 2101 2322 vos,
2135 2255 2492 2323 dilectissimi,
2524 2268 2707 2328 patres
2747 2270 2803 2317 et
2845 2272 3068 2331 matres,
3095 2266 3292 2324 fratres
3326 2282 3384 2324 et

1800 2358 2031 2410 sorores,
2079 2358 2176 2412 per
2213 2359 2406 2399 nomen
2434 2346 2661 2409 Domini
2700 2352 2886 2406 nostri.
2909 2351 3035 2408 Jesu
3070 2355 3291 2419 Christi,
3326 2366 3385 2413 et

1797 2450 1897 2504 per
1916 2449 2145 2506 regnum
2162 2452 2227 2491 ac
2243 2435 2502 2505 judicium
2528 2436 2642 2504 ejus
2667 2447 2975 2507 venturum,
3001 2452 3061 2496 ut
3099 2445 3383 2500 subtraha-

1802 2525 1872 2580 tis
1918 2540 2013 2581 vos
2052 2526 2120 2581 ab
2160 2526 2306 2580 omni
2354 2527 2572 2581 homine
2610 2529 2919 2585 ambulante
2959 2532 3283 2601 inordinate,
3317 2546 3382 2600 et

1799 2616 1960 2688 digne
1985 2614 2273 2671 ambuletis
2315 2618 2595 2673 vocatione
2619 2633 2726 2687 qua
2752 2620 2929 2675 vocati
2974 2622 3126 2688 estis,
3154 2639 3256 2680 nec
3285 2642 3381 2681 nc—

1799 2707 2012 2778 gligatis
2055 2708 2317 2763 honorem
2363 2718 2625 2774 vestrum,
2674 2711 2769 2765 sed
2811 2712 3125 2783 perpendite
3172 2715 3378 2771 redem-

1798 2800 2038 2869 ptionem
2068 2815 2187 2870 qua:
2202 2808 2288 2853 est
2318 2799 2371 2853 in
2401 2798 2616 2855 Christo
2639 2800 2787 2856 Jesu.
2814 2802 2935 2857 Filii
2964 2805 3057 2858 Dei
3084 2808 3377 2877 uuncupati

1798 2890 1948 2953 estis,
1996 2889 2122 2960 quia
2168 2903 2330 2944 verus
2366 2888 2533 2945 Filius
2576 2891 2669 2945 Dei
2700 2907 2797 2946 vos
2835 2892 3101 2949 liberavit.
3150 2896 3377 2952 Studete

1796 2980 1954 3036 bonis
1992 2981 2234 3036 moribus
2278 2990 2427 3036 tanto
2469 2983 2679 3052 parenti
2716 2983 2952 3054 placere,
2982 2996 3248 3056 quatenus
3278 3005 3376 3046 vos

1798 3086 1905 3127 non
1932 3079 1992 3126 ut
2018 3072 2378 3144 nequissimos
2412 3086 2598 3130 servos
2624 3085 2939 3144 perpetuam
2969 3079 3145 3133 tradat
3167 3081 3235 3135 ad
3260 3095 3377 3149 pm-

118 3164 397 3218 calumniis
436 3164 781 3233 impugnare;
832 3172 925 3218 aut
961 3162 1213 3218 videlicet
1260 3163 1314 3217 in
1359 3163 1494 3228 alea,
1525 3163 1611 3218 vel
1635 3165 1689 3218 in
1720 3150 1762 3211 C
1797 3178 1940 3229 nam,
1987 3163 2082 3219 sed
2114 3172 2174 3219 ut
2213 3165 2564 3221 cbarissimos
2601 3166 2740 3222 filios
2774 3182 3060 3238 supernam
3103 3172 3262 3226 ducat
3305 3171 3377 3227 ad

116 3254 246 3311 locis
271 3256 553 3309 inutilibus
580 3255 864 3309 insudare:
892 3254 1178 3323 aliquoties
1205 3256 1394 3320 etiam,
1434 3255 1573 3325 quod
1600 3269 1693 3323 pe-

110 3344 195 3414 jus
221 3356 319 3413 est,
346 3348 515 3416 aliqui
549 3347 714 3401 nimia
741 3346 1020 3401 iracundia
1047 3347 1448 3401 succenduutur
1470 3355 1525 3412 et
1546 3361 1694 3399 ama-

123 3438 331 3493 rissime
354 3441 628 3504 rixantur,
657 3437 729 3492 ita
752 3446 820 3491 ut
848 3438 1014 3497 armis
1043 3436 1222 3492 servel
1252 3436 1484 3492 fustibus
1530 3436 1693 3491 alter-

117 3537 289 3589 utrum
338 3531 627 3601 impetant,
678 3537 735 3584 et
776 3543 919 3600 sarpe
955 3529 1302 3584 homicidium
1359 3535 1688 3599 perpetrent.

116 3623 181 3677 Et
212 3624 315 3680 hoc
340 3625 411 3678 ab
452 3624 561 3678 illis
584 3624 818 3678 maxime
848 3624 907 3677 fit
938 3622 1027 3692 qui
1055 3621 1197 3691 pleni
1224 3621 1427 3681 invidia
1466 3630 1520 3675 et
1547 3621 1689 3685 odio,

114 3713 321 3773 diabolo
338 3716 587 3779 ductore,
612 3714 664 3768 in
690 3722 1013 3769 conventum
1042 3710 1295 3766 Ecclesia:
1314 3718 1561 3785 pergunt,
1585 3725 1693 3763 non

113 3810 169 3856 ut
204 3805 527 3873 semetipsos
571 3802 845 3871 adjuvent,
893 3802 986 3859 sed
1021 3812 1079 3855 ut
1123 3800 1257 3854 alios
1292 3788 1505 3855 lmdant.
1538 3800 1694 3855 Tales

113 3894 271 3949 etiam
310 3896 356 3949 si
383 3894 680 3949 homicidio
711 3894 780 3947 ibi
811 3902 1052 3962 pereunt,
1079 3900 1172 3945 aut
1196 3891 1370 3945 subita
1396 3897 1569 3945 morte
1607 3904 1695 3943 ra-

112 3985 350 4053 piuntur,
383 4002 495 4055 quo
538 3985 689 4064 alias,
731 3986 833 4039 nisi
874 4000 995 4049 eum
1034 3986 1146 4054 ipso
1173 3983 1324 4052 cujus
1365 3983 1535 4045 secuti
1570 3990 1696 4038 sunt

113 4077 359 4147 vestigia,
387 4079 593 4130 vadunt
628 4076 682 4128 in
716 4084 915 4130 mterna
941 4075 1251 4129 tormenta?
1276 4072 1451 4128 Nolite
1472 4072 1587 4127 hazc
1613 4069 1695 4124 fa-

110 4180 250 4231 cere,
276 4166 484 4221 fratres
509 4167 635 4231 mei,
668 4167 832 4221 nolite
862 4167 1217 4235 vosmetipsos
1245 4166 1510 4235 decipere,
1536 4163 1694 4218 nolite

110 4257 161 4311 in
191 4266 465 4312 conventu
514 4266 714 4321 vestro,
751 4257 923 4309 locum
958 4255 1083 4309 dare
1114 4254 1321 4308 diabolo
1354 4254 1566 4327 (Ephes.
1592 4252 1690 4325 ιν),

110 4349 199 4403 sed
242 4348 424 4418 magis
464 4348 819 4417 vosmetipsos
864 4347 1165 4416 praiparate
1206 4346 1495 4415 hospitium
1538 4344 1693 4399 Chri-

110 4447 207 4491 sto.
246 4436 365 4493 Non
396 4448 528 4508 ergo
570 4435 698 4492 foris
728 4436 940 4499 fabulis,
988 4436 1081 4490 sed
1120 4437 1267 4489 intus
1296 4434 1607 4504 psalmodice
1633 4443 1689 4489 et

1794 3253 2047 3322 patriam,
2075 3262 2136 3307 ut
2176 3254 2296 3309 silis
2343 3255 2647 3311 cohmredes
2674 3255 2795 3311 Filii
2833 3257 2950 3327 ejus
2983 3256 3110 3314 Jesu
3146 3258 3372 3325 Christi,

1795 3358 1919 3397 cum
1945 3358 2053 3414 quo
2072 3344 2204 3398 vivit
2228 3352 2283 3399 et
2308 3353 2497 3416 regnat
2522 3346 2664 3401 Deus
2684 3345 2739 3399 in
2769 3347 2973 3402 unitate
2998 3348 3231 3419 Spiritus
3250 3363 3378 3406 san-

1794 3434 1866 3489 cti
1884 3450 1983 3504 per
2006 3436 2185 3491 omnia
2212 3435 2405 3491 saecula
2436 3436 2772 3492 seculorum.
2803 3437 2995 3493 Amen.

2344 3548 2623 3606 HOMle
2662 3549 2817 3607 XLII.

1865 3654 2076 3695 CONTRA
2106 3654 2200 3693 EOS
2224 3654 2312 3703 QUI
2340 3655 2396 3693 IN
2429 3655 2583 3694 LUNE
2620 3655 2857 3695 DEFECTU
2884 3656 3215 3700 ῦιΑιιοιιιιιυε
3238 3658 3300 3701 ΘΒ

2401 3723 2758 3764 FATIGADANT.

1864 3800 2129 3855 Gaudium
2158 3810 2254 3857 'est
2296 3802 2428 3856 mihi
2476 3817 2748 3872 magnum,
2798 3803 2997 3859 fratres
3040 3806 3369 3874 charissimi,

1793 3894 1935 3960 quod
1949 3906 2044 3945 vos
2088 3891 2244 3946 video
2285 3905 2481 3945 nomen
2520 3889 2884 3946 Christianum
2915 3893 3157 3965 diligere,
3195 3895 3370 3951 eccle-

1793 3981 1904 4035 sias
1932 3980 2307 4057 frequentare»
2338 3979 2660 4049 baptismum
2691 3979 2889 4036 Christi
2931 3982 3053 4037 filiis
3078 3992 3133 4037 et
3158 3982 3372 4041 filiabus

1793 4064 1985 4126 vestris
2032 4080 2320 4140 appetere,
2354 4079 2409 4125 et
2458 4071 2573 4126 veri
2623 4069 2721 4124 Dei
2768 4070 2936 4125 cultui
2987 4071 3242 4128 studere:
3274 4074 3369 4159 sed

1792 4161 1946 4232 valde
1971 4160 2125 4216 doleo
2149 4161 2293 4229 quod
2318 4159 2586 4230 aliquibus
2610 4160 2826 4230 ineptiis
2846 4160 3104 4229 plurimos
3122 4177 3188 4216 ex
3216 4162 3371 4218 vobis

1791 4251 2055 4320 obligatos
2081 4265 2266 4309 errare
2310 4250 2599 4320 conspicio,
2659 4258 2713 4304 et
2753 4250 2893 4304 inter
2921 4265 3047 4304 vera
3092 4251 3367 4322 religionis

1792 4340 2111 4396 Christiana:
2150 4342 2394 4410 quaedam
2438 4340 2569 4394 falsa
2616 4340 3004 4403 intermiscere,
3033 4343 3172 4409 quod
3219 4341 3367 4411 nullo

1793 4432 1952 4486 modo
1978 4430 2092 4489 fieri
2118 4431 2328 4496 debuit;
2350 4430 2610 4500 scriptum
2631 4439 2717 4485 est
2740 4429 2883 4485 enim
2916 4448 2928 4483 :
2960 4430 3225 4485 Modicum
3257 4433 3367 4501 fer-

107 4531 449 4585 orationibus
486 4530 716 4584 studete.
749 4527 922 4581 Nolite
968 4527 1194 4581 invicem
1229 4527 1281 4580 in
1316 4526 1541 4579 ecclesia
1570 4541 1691 4580 ver-
1718 4504 1768 4561 D
1795 4532 2027 4574 utentum
2066 4530 2227 4573 totam
2264 4534 2496 4573 massam
2535 4518 2819 4588 corrumpit
2872 4516 2924 4589 (1
2948 4515 3067 4573 Cor.
3118 4517 3194 4589 v).
3232 4517 3367 4573 Nam

109 4620 310 4685 bosari,
342 4621 441 4675 sed
473 4619 637 4688 quieti
667 4632 805 4672 esse.
856 4616 993 4670 Sunt
1031 4616 1173 4670 enim
1204 4615 1441 4684 plurimi,
1474 4624 1527 4668 et
1555 4632 1691 4684 prac-

106 4713 257 4779 cipue
285 4711 486 4779 aliqua:
526 4709 804 4775 mulieres,
836 4723 955 4778 qua:
984 4707 1060 4760 ita
1105 4707 1158 4760 in
1194 4707 1420 4761 ecclesia
1450 4707 1692 4776 garriunt

109 4799 207 4872 [et].
248 4802 324 4854 ita
371 4800 748 4862 verbosantur,
800 4808 860 4851 ut
902 4797 1160 4851 lectiones
1194 4797 1404 4850 divinas
1431 4810 1531 4849 nec
1562 4796 1690 4864 ipsa:

107 4890 350 4953 audiant,
387 4903 487 4943 nec
514 4886 867 4943 aliosaudire
908 4885 1242 4955 permittant.
1284 4883 1533 4953 Nunquid
1567 4885 1691 4938 talis

106 4990 410 5035 conventus
432 4993 554 5033 cum
586 4977 677 5031 tali
706 4976 914 5040 ordine,
946 4974 1142 5030 fratres
1167 4975 1294 5040 mei,
1326 4977 1379 5029 in
1413 4976 1573 5029 domo
1597 4974 1690 5029 Dei

105 5071 262 5125 debet
295 5070 454 5133 fieri;
501 5076 595 5122 aut
648 5066 831 5122 taliter
884 5066 1039 5121 decet
1083 5066 1136 5119 in
1180 5074 1468 5135 conspectu
1503 5066 1596 5120 Dei
1637 5074 1691 5119 et

106 5172 425 5217 sanctorum
452 5161 763 5232 angelorum
792 5157 906 5227 ejus
931 5158 1222 5212 assistere?
1242 5158 1431 5212 Adhuc
1453 5172 1687 5227 quoque,

105 5250 245 5321 quod
274 5252 436 5305 valde
463 5250 749 5305 dolendum
797 5260 899 5315 est,
942 5250 1199 5319 conqueri
1239 5250 1511 5304 vobiscum
1545 5250 1682 5314 volo,

112 5346 230 5412 quia
246 5351 381 5398 sunt
402 5342 583 5411 aliqui,
600 5351 654 5397 et
667 5342 898 5397 maxime
917 5336 1163 5412 potentes
1185 5340 1339 5395 istius
1357 5342 1557 5404 mundi,
1574 5341 1684 5409 qui,

108 5447 228 5485 cum
250 5433 487 5487 veniunt
515 5430 581 5485 ad
603 5419 1019 5495 ecclesiammon
1051 5438 1178 5485 sunt
1204 5430 1380 5485 devoti
1409 5430 1473 5483 ad
1504 5431 1687 5485 laudes

108 5520 199 5574 Dei
226 5520 612 5583 celebrandas,
644 5520 738 5574 sed
764 5503 961 5589 cogunt
998 5519 1371 5590 presbyterum
1402 5528 1460 5572 ut
1496 5519 1688 5572 abbre-

109 5614 217 5667 viet
244 5614 477 5668 missam
497 5624 553 5667 et
580 5612 647 5665 ad
673 5612 883 5666 libitum
912 5626 1097 5666 eorum
1128 5620 1336 5673 cantet;
1365 5625 1465 5663 nec
1492 5610 1539 5663 ei
1568 5610 1689 5663 licet

113 5720 318 5759 morem
345 5704 772 5759 ecclesiasticum
821 5703 967 5770 sequi
1012 5711 1230 5771 propter
1258 5702 1467 5754 illorum
1509 5699 1687 5770 gulam

1793 4627 1913 4665 cum
1938 4622 2061 4666 ante
2084 4611 2197 4665 dies
2223 4610 2427 4678 aliquot
2458 4608 2672 4678 quietus
2697 4608 2840 4663 domi
2880 4622 3173 4666 manerem.
3218 4618 3271 4663 et
3300 4610 3366 4662 de

1791 4703 2022 4756 utilitate
2047 4710 2249 4765 vestra,
2275 4700 2543 4770 quomodo
2563 4696 2869 4767 profectum
2896 4706 3135 4752 vestrum
3176 4697 3229 4751 in
3270 4699 3369 4752 Do-

1794 4795 1938 4848 mino
1985 4792 2390 4863 amplificarcm,
2438 4806 2650 4847 mecum
2690 4800 3000 4855 tractarem,
3049 4792 3226 4846 subito
3253 4792 3367 4861 ipsa

1792 4883 1879 4937 die
1893 4883 2035 4937 circa
2058 4896 2336 4951 vesperam
2366 4889 2528 4950 atque
2555 4880 2767 4934 initium
2792 4880 2965 4934 noctis
2996 4888 3144 4934 tanta
3167 4880 3369 4934 vocife-

1793 4974 1931 5027 ratio
1955 4973 2134 5042 populi
2166 4971 2391 5035 exstitit,
2424 4978 2483 5023 ut
2521 4969 2891 5039 irreligiositas
2918 4968 3034 5036 ejus
3057 4978 3370 5037 penetraret

1793 5077 1965 5130 usque
2010 5062 2077 5116 ad
2122 5059 2337 5114 cmlum.
2373 5057 2526 5125 Quod
2570 5073 2690 5112 cum
2722 5044 3051 5126 requirerem
3080 5058 3207 5125 quid
3262 5057 3366 5110 sibi

1793 5151 1996 5205 clamor
2024 5150 2112 5204 hic
2138 5149 2320 5213 vellet,
2353 5149 2606 5202 dixerunt
2647 5147 2779 5201 mihi
2805 5147 2947 5216 quod
2984 5145 3245 5199 laboranti
3286 5146 3355 5197 Iu-

1793 5259 1876 5297 nae
1906 5250 2084 5297 vestra
2116 5239 2431 5295 vociferatio
2474 5238 2833 5303 subvenisset,
2865 5245 2921 5291 et
2959 5235 3221 5290 defectum
3246 5235 3364 5304 ejus

1794 5333 1906 5385 suis
1948 5330 2139 5384 studiis
2167 5328 2462 5397 adjuvaret.
2494 5326 2611 5381 Risi
2632 5326 2867 5396 quidem,
2895 5333 2950 5380 et
2980 5325 3203 5377 miratus
3243 5338 3363 5377 sum

1794 5424 2111 5485 vanitatem,
2150 5420 2293 5489 quod
2318 5419 2467 5487 quasi
2502 5416 2680 5471 devoti
2706 5416 2995 5471 Christiani
3019 5414 3130 5468 Deo
3158 5412 3365 5467 fereba-

1793 5517 1862 5569 tis
1902 5513 2180 5578 auxilium,
2222 5521 2476 5580 tanquam
2523 5510 2637 5578 ipse
2685 5508 2933 5563 infirmus
2969 5516 3023 5561 et
3059 5504 3362 5566 imbecillis,

1796 5608 1894 5663 nisi
1923 5607 2120 5660 nostris
2150 5603 2493 5672 adjuvaretur
2526 5602 2767 5665 vocibus,
2804 5615 2909 5654 non
2935 5598 3104 5667 possit
3137 5596 3365 5649 lumina-

1798 5699 1873 5752 ria
1906 5697 2190 5753 defendere
2230 5711 2348 5762 qum
2393 5694 2613 5745 creavit.
2642 5692 2806 5746 Facto
2836 5690 3031 5759 quippe
3071 5700 3229 5741 mane
3275 5698 3363 5739 sc-
