3922 6340
466 382 549 438 79
1135 372 1196 428 Β.
1234 370 1490 431 RABANI
1528 368 1746 426 MAURI
1786 364 2109 424 ARCIHEP.
2153 361 2464 421 MOGUNT.
2503 358 2791 417 OPERUM
2832 357 3014 414 PARS
3051 357 3112 413 ll.
3696 358 3761 413 ὃς

476 491 697 564 qnetttis
724 487 850 554 diei,
884 484 1210 542 sciscitabar
1253 486 1321 539 ab
1350 483 1430 539 eis
1459 483 1549 552 qui
1590 481 1657 536 ad
1690 497 1789 538 nos
1818 479 2072 534 visitamli
2106 489 2150 545 Α
2178 472 2396 545 quando
2436 473 2617 528 taliter
2656 471 2921 537 evenerit,
2969 486 3063 527 vos
3102 470 3428 527 clamoribus
3477 470 3761 533 laborare;

476 581 653 655 gratia
683 574 1148 639 convenerant,-si
1177 573 1357 644 aliqua
1379 573 1575 628 horum
1601 572 1681 627 eis
1712 570 2064 625 innotuerint.

471 672 547 730 At
573 671 648 727 illi
671 667 901 741 professi
930 675 1057 722 sunt
1096 679 1155 721 se
1181 663 1380 719 similia
1408 671 1462 719 et
1495 662 1669 718 adhuc
1691 658 1871 732 pejora
1898 661 1950 714 in
1986 660 2070 715 his

475 763 604 820 locis
632 762 686 816 in
716 760 913 831 quibus
952 757 1052 829 ipsi
1084 766 1420 819 manserant,
1455 752 1691 809 sensisse
1718 765 1733 805 :
1762 766 1887 805 nam
1932 750 2071 805 alius

476 852 755 909 referebat
798 850 1063 921 mugitum
1116 860 1384 903 cornuum
1429 858 1489 903 se
1537 843 1774 907 audisse,
1812 858 1971 913 quas:
2014 842 2069 895 in

476 946 615 1001 bella
656 941 1080 1005 concitantium;
1128 938 1285 1004 alius,
1316 952 1608 1010 porcorum
1636 936 1913 1006 grunitum
1938 949 2069 989 exe-

470 1034 898 1106 gissezqnidam
952 1045 1084 1085 vero
1136 1027 1437 1084 narrabant
1470 1026 1614 1097 quod
1659 1025 1795 1081 alios
1834 1024 2071 1079 viderint

476 1125 577 1180 tela
607 1133 662 1180 et
697 1124 927 1195 sagittas
968 1126 1159 1175 contra
1200 1116 1385 1171 lunam
1412 1114 1685 1185 iactasse;
1725 1113 1864 1169 alios
1888 1122 2071 1169 autem

473 1218 623 1272 t'ocos
645 1216 700 1269 in
728 1213 925 1269 ccelum
954 1209 1252 1282 sparsisse;
1282 1206 1792 1277 aﬂirmaveruntque
1819 1206 1963 1277 quod
1990 1205 2073 1259 lu-
2101 1231 2106 1234 -

472 1324 600 1364 nam
647 1307 831 1363 nescio
876 1320 999 1376 qua:
1041 1310 1292 1373 portenta
1335 1301 1625 1367 laniarent,
1655 1310 1711 1356 et
1740 1299 1844 1355 nisi
1880 1298 1983 1370 ipsi
2018 1298 2069 1354 ei

472 1402 735 1458 auxilium
766 1399 1091 1471 praeberent,
1123 1394 1341 1467 penitus
1382 1394 1529 1449 illam
1560 1394 1675 1465 ipsa
1700 1400 1944 1448 monstra
1978 1392 2073 1448 de-

471 1504 773 1551 vorarent:
806 1492 899 1548 alii
924 1507 1054 1548 vero
1097 1498 1156 1545 ut
1195 1488 1576 1547 satisfacerent
1610 1475 1918 1543 daemon-uin
1955 1487 2072 1542 illu-

479 1586 643 1652 sioni,
673 1586 818 1656 quod
846 1584 1017 1655 scpcs
1058 1572 1187 1637 suas
1229 1580 1398 1671 armis
1441 1577 1723 1645 sciderint,
1755 1585 1810 1633 et
1851 1577 2069 1634 vaseula

473 1695 596 1749 qua:
618 1678 761 1748 apud
809 1688 869 1731 se
908 1673 1055 1729 domi
1094 1667 1385 1737 habebant,
1422 1669 1705 1742 fregerint,
1735 1668 1893 1738 quasi
1940 1667 2071 1723 illud

460 1771 614 1825 luna:
640 1768 937 1840 piurimuut
966 1763 1259 1835 proliceret
1291 1762 1345 1817 in
1386 1760 1667 1816 auxilium.
1696 1759 1826 1826 Quae
1864 1766 1949 1813 est
1976 1758 2070 1812 de-

474 1860 705 1927 ruentia,
756 1858 977 1921 fratres,
1012 1869 1201 1925 quaeve
1248 1854 1366 1909 haec
1401 1849 1929 1919 insania‘lNunquid
1968 1863 2067 1903 vos
2095 1865 2141 1924 Β

474 1955 734 2011 fortiores
755 1950 887 2007 estis
911 1949 1046 2014 Deo,
1074 1955 1131 2002 ut
1158 1961 1259 2017 pro
1282 1945 1371 2002 illo
1394 1957 1635 2016 pugnare
1658 1941 1907 1999 nitamini
1934 1957 1950 1997 :
1976 1949 2070 1995 aut

458 2066 601 2107 sues
632 2058 824 2105 vestrae
849 2046 1185 2119 potentiores
1204 2042 1410 2115 angelis
1439 2042 1558 2113 ejus
1584 2049 1730 2107 sunt,
1760 2048 1821 2094 ut
1849 2037 2070 2111 grunitu

474 2158 574 2197 suo
607 2141 708 2211 ipsi
746 2137 1067 2209 indigeant?
1096 2129 1377 2202 Quomodo
1409 2132 1549 2189 emlo
1592 2138 1649 2185 et
1693 2129 1964 2186 sideribus
1992 2126 2074 2184 ie-

474 2234 610 2289 retis
638 2232 920 2295 auxilium,
952 2228 1044 2299 qui
1071 2226 1431 2295 vosmetipsos
1459 2238 1514 2278 tn
1546 2231 1688 2277 terra
1731 2236 1838 2275 non
1868 2218 2069 2275 sullici-

472 2325 545 2379 tis
577 2323 643 2377 ad
684 2317 1115 2393 protegendum?
1149 2315 1287 2382 Quid
1320 2313 1559 2386 superbit
1592 2312 1734 2369 cinis
1775 2320 1833 2366 et
1862 2310 2071 2381 pulvis?

468 2410 665 2474 (Ercli.
692 2409 768 2474 ι.)
794 2406 1069 2474 Scriptum
1091 2399 1339 2456 estenim
1376 2414 1389 2452 :
1416 2412 1518 2450 non
1536 2403 1613 2449 est
1634 2396 1687 2447 in
1712 2394 1938 2449 hominis
1957 2404 2059 2477 .po‘

473 2508 661 2555 testate
680 2500 762 2552 ria
786 2493 1114 2567 ejusller.x)
1133 2508 1149 2547 :
1166 2491 1299 2547 exist
1317 2489 1535 2556 spiritus
1556 2487 1690 2556 ejus,
1710 2495 1758 2540 et
1780 2491 2058 2541 revertetur

471 2596 529 2648 in
576 2602 772 2647 terram
798 2589 990 2656 (Psal,
1024 2584 1207 2655 (την).
1231 2582 1372 2650 Quid
1403 2580 1587 2637 dicam
1616 2579 1792 2639 vobis.
1828 2578 2065 2632 fratres:

473 2673 642 2730 laudo
670 2672 801 2728 vos?
836 2672 890 2725 in
928 2670 1033 2727 hoc
1077 2684 1185 2725 non
1214 2669 1394 2733 laudo,
1430 2668 1554 2737 quia
1580 2682 1676 2739 per
1702 2666 1977 2723 diabolum
2010 2668 2075 2723 il-

480 2764 607 2831 lusi,
629 2764 894 2836 paganico
920 2762 1094 2818 errori
1124 2775 1191 2816 ex
1216 2766 1369 2830 parte
1391 2775 1497 2815 non
1519 2774 1685 2830 parva
1713 2759 1878 2814 dediti
1902 2761 2067 2825 estis;

475 2864 529 2910 et
556 2856 661 2910 hoc
683 2854 853 2920 unde,
884 2852 990 2908 nisi
1014 2868 1081 2907 ex
1104 2851 1350 2923 paganis,
1377 2866 1607 2923 quorum
1638 2852 1911 2907 consortia
1950 2852 2075 2909 dili-

476 2946 628 3018 gitis,
657 2960 844 3001 eorum
876 2958 1058 2999 mores
1098 2942 1389 2997 imitamini
1420 2961 1433 2996 :
1470 2941 1777 2998 eontradixi
1807 2943 1953 2998 enim
1972 2958 2071 3000 vo-

475 3039 579 3096 bis
603 3037 801 3107 saepius
848 3036 1065 3091 illorum
1105 3022 1379 3091 censortia
1420 3040 1477 3089 et
1510 3031 1745 3089 nefanda
1783 3033 2067 3102 convivia;

477 3131 574 3190 sed
600 3130 825 3185 obedire
850 3128 982 3183 mihi
1012 3140 1109 3183 vos
1148 3133 1300 3181 vetat
1336 3124 1587 3181 avaritia.
1616 3124 1909 3207 Pecuniam
1946 3124 2070 3181 dili-
2114 3190 2115 3193 η

2170 566 2467 635 permittite
2496 564 2740 620 Creatori
2782 563 3047 619 iacturam
3084 578 3263 624 suam,
3301 564 3414 632 ipse
3445 562 3592 616 enim
3632 576 3769 630 opus

2168 657 2463 711 suum'scit
2497 670 2707 725 regere,
2738 656 2830 725 qui
2876 655 3050 725 potuit
3074 663 3146 726 et,
3166 670 3375 710 creare.
3418 654 3477 710 Si
3508 669 3641 726 ergo
3668 652 3769 718 ali,-

2168 764 2276 820 qua
2303 751 2454 818 signa
2485 748 2537 802 in
2566 747 2679 802 sole
2708 748 2794 801 vel
2822 748 2967 813 luna,
3010 746 3091 802 vel
3138 745 3328 814 stellis,
3372 746 3591 801 insolito
3620 758 3771 800 more

2170 840 2540 911 apparuerint,
2586 853 2809 894 necesse
2855 847 2941 893 est
2986 838 3132 893 enim
3180 847 3237 893 ut
3278 839 3410 893 ﬁant
3459 849 3585 895 ante
3627 838 3769 892 diem

2171 918 2424 1001 tu'aguuni
2448 928 2656 999 judicii,
2686 929 2982 983 secundum
3018 928 3266 983 Veritatis
3292 944 3505 993 vocem,
3532 944 3637 982 non
3676 940 3772 979 vos

2173 1031 2301 1077 tunc
2332 1021 2423 1075 tali
2448 1010 2832 1090 superstitione
2876 1017 3137 1089 latigetis,
3174 1020 3266 1073 sed
3297 1020 3469 1090 magis
3502 1020 3556 1073 in
3586 1018 3773 1073 cordi-

2170 1110 2275 1166 bus
2322 1110 2523 1165 vestris
2558 1109 2768 1163 Domini
2814 1108 3245 1162 misericordiam
3293 1106 3685 1177 deprecemini,
3717 1121 3773 1164 ct

2170 1199 2326 1272 signo
2367 1205 2464 1253 vos
2491 1198 2671 1255 crucis
2706 1198 2909 1253 Christi
2940 1197 3303 1271 consignatis;
3347 1208 3616 1268 quatenus
3657 1200 3773 1271 ipse

2171 1293 2263 1362 qui
2290 1307 2387 1348 vos
2420 1307 2518 1363 per
2544 1300 2790 1348 sanctam
2833 1306 3052 1345 crucem
3088 1290 3355 1345 redimere
3377 1291 3632 1361 dignatus
3663 1303 3768 1362 est,

2172 1384 2227 1438 in
2275 1385 2507 1439 adventu
2558 1384 2744 1455 gloria:
2786 1377 2916 1448 suae,
2968 1382 3086 1453 ejus
3137 1384 3403 1438 tutaniine
3460 1384 3659 1441 illaesos
3701 1389 3773 1443 ab

2168 1474 2319 1529 otnni
2343 1488 2533 1529 errore
2554 1488 2883 1530 conservare
2906 1474 3181 1545 dignetur,
3207 1473 3364 1529 Jesus
3391 1475 3650 1531 Christus
3675 1476 3774 1533 Do-

2169 1567 2353 1623 minus
2387 1576 2443 1624 et
2471 1566 2725 1647 Salvator
2752 1576 2959 1632 noster,
2989 1567 3081 1637 qui
3119 1584 3243 1622 eum
3274 1568 3435 1625 Patre
3473 1580 3529 1625 et
3563 1570 3771 1643 Spiritu

2168 1667 2357 1716 sancto
2376 1660 2526 1714 venit
2554 1666 2609 1714 et
2636 1666 2827 1730 regnat
2856 1659 2999 1715 Deus
3028 1675 3126 1732 per
3152 1662 3334 1715 omnia
3359 1664 3559 1719 sarcula
3591 1680 3769 1720 sarcu-

2169 1748 2367 1805 lorum.
2395 1751 2591 1807 Amen.

2706 1848 2989 1906 IIOMILIA
3034 1850 3217 1907 XLIII.

2171 1955 2386 1997 CONTRA
2426 1956 2719 1999 PAGANICOS
2755 1957 3017 2007 ERRORES,
3054 1959 3188 2007 QUOS
3219 1962 3399 2011 Αιιρυι
3444 1964 3510 2002 DE
3540 1966 3773 2009 ιιυυιιιω

2604 2028 2943 2069 CBRISTIANIS
2974 2029 3310 2078 SEQUUNTUR.

2240 2122 2498 2193 Legimus
2527 2124 2580 2178 in
2633 2124 2813 2180 Veteri
2853 2125 3200 2181 Testamento
3248 2128 3537 2185 Dominum
3569 2135 3771 2205 populo

2168 2226 2267 2266 suo
2295 2227 2457 2281 quem
2483 2212 2649 2282 elegtt
2695 2214 2797 2267 sibi
2827 2214 2881 2267 in
2922 2214 3297 2271 haereditatcm
3342 2218 3413 2273 ita
3440 2226 3770 2293 praecepisse

2170 2302 2353 2374 (Leuit.
2387 2304 2480 2373 xx)
2509 2320 2521 2355 :
2555 2302 2741 2357 Sancti
2780 2313 2961 2370 estote,
2999 2305 3123 2375 quia
3166 2320 3211 2359 et
3259 2323 3350 2377 ego
3394 2323 3609 2367 sanctus
3649 2330 3769 2368 sunt

2170 2391 2426 2447 Dominus
2457 2392 2597 2446 Deus
2640 2404 2825 2448 vester.
2882 2394 3060 2449 Nolite
3098 2397 3371 2453 ambulare
3423 2401 3476 2455 in
3518 2401 3771 2475 legitimis

2171 2477 2464 2548 nationum,
2512 2499 2643 2553 quas
2682 2499 2774 2554 ego
2812 2484 3128 2555 expulsurus
3175 2505 3292 2545 sunt
3326 2502 3446 2545 ante
3478 2510 3567 2548 vos
3596 2512 3613 2548 :
3644 2514 3771 2566 pro-

2170 2581 2284 2643 pter
2317 2572 2512 2627 scelera
2541 2574 2679 2628 enim
2704 2576 2937 2644 ipsarum
2973 2576 3306 2633 abominatus
3336 2598 3449 2635 sum
3478 2600 3586 2651 eas,
3616 2597 3663 2643 et
3689 2604 3773 2641 se-

2168 2665 2352 2735 paravi
2384 2680 2474 2721 vos
2508 2682 2539 2719 a
2572 2666 2773 2720 cwteris
2797 2666 3027 2740 populis,
3056 2679 3111 2721 ut
3140 2672 3319 2725 essetis
3344 2674 3465 2727 mei.
3495 2674 3771 2732 latrantes

2172 2754 2226 2809 in
2254 2764 2450 2811 terram
2466 2772 2621 2828 quam
2646 2757 2781 2813 dabo
2806 2759 2968 2827 vobis,
2997 2761 3281 2832 disperdite
3314 2777 3527 2821 cunctos
3556 2769 3770 2825 habita-

2171 2857 2309 2901 tores
2332 2856 2486 2904 ωτι-ω
2510 2846 2676 2915 illius,
2709 2850 3025 2921 confringite
3050 2852 3229 2908 titulos
3254 2862 3301 2907 et
3328 2863 3531 2925 statuas
3556 2862 3774 2913 consmi-

2172 2940 2335 3004 nut'te,
2361 2948 2516 3011 atque
2554 2942 2731 2995 munia
2748 2942 2959 2997 excelsa
2994 2952 3209 2998 vastate.
3242 2944 3514 3015 Maleﬁcos
3543 2950 3598 3004 in
3629 2961 3776 3006 terra

2170 3041 2340 3085 vestra
2362 3047 2465 3086 non
2488 3032 2760 3102 patiemini
2785 3035 2971 3089 vivere.
3012 3034 3109 3089 Vir
3132 3037 3236 3091 sive
3262 3038 3471 3105 mulier,
3499 3041 3554 3093 in
3581 3044 3775 3111 quibus

2171 3119 2417 3193 pylhonis
2439 3121 2655 3193 spiritus
2677 3122 2752 3178 vel
2776 3123 3113 3180 divinationis
3136 3126 3323 3197 fuerit,-
3346 3139 3510 3183 morte
3534 3132 3776 3186 morian-

476 3224 626 3296 gitis,
655 3231 711 3279 et
736 3222 1041 3295 gehennam
1066 3233 1174 3275 non
1205 3217 1605 3291 espavescitis;
1637 3218 1947 3290 corporales
1972 3218 2070 3275 de-
2098 3208 2143 3271 C
2178 3225 2267 3271 tur
2289 3215 2476 3287 (Num.
2504 3210 2726 3290 xxxiii.)
2750 3220 3018 3289 lapidibus
3044 3218 3251 3277 obruite
3274 3224 3396 3277 illos
3424 3228 3545 3279 :sin
3588 3235 3775 3280 autem

464 3316 633 3371 .licias
662 3313 934 3386 appetitis,
966 3320 1021 3367 et
1058 3309 1287 3367 salutem
1327 3308 1522 3385 anima;
1556 3316 1820 3365 aeternam
1844 3307 2073 3379 negligi-

479 3407 553 3463 tis
584 3423 599 3462 :
624 3406 833 3461 idcirco
877 3416 981 3460 nec
1020 3390 1266 3474 corporis
1293 3415 1409 3458 nec‘
1440 3400 1635 3457 anim
1659 3401 1950 3457 sanitatem
1980 3399 2078 3455 ba-

470 3498 615 3553 .bere
641 3494 926 3566 poteritis;
956 3492 1111 3563 quia,
1153 3499 1215 3548 ut
1253 3492 1330 3547 ait
1365 3490 1643 3563 apostolus
1679 3489 1918 3546 Paulus:
1946 3487 2080 3545 Ideo

482 3596 607 3642 sunt
636 3588 774 3641 inter
807 3601 893 3640 vos
922 3583 1077 3639 multi
1101 3581 1303 3655 inﬁrmi
1328 3571 1376 3637 et
1404 3576 1703 3647 imbecilles,
1730 3590 1779 3637 et
1812 3580 2080 3636 dormiunt

480 3677 635 3731 multi
656 3674 707 3747 (ι
738 3672 865 3730 Cor.
914 3675 1013 3749 ιι).
1060 3672 1241 3729 Nolite
1266 3686 1475 3739 errare,
1521 3670 1740 3739 fratres,
1782 3670 1951 3727 nolite
1978 3670 2080 3727 hu-

477 3766 781 3839 juscemodi
808 3765 1088 3821 erroribus
1114 3762 1292 3834 decipi
1321 3779 1336 3818 :
1361 3762 1573 3817 Domini
1602 3772 1676 3817 est
1714 3770 1856 3817 terra
1894 3770 1943 3816 et
1968 3761 2079 3833 ple-

480 3858 674 3912 nitudo
702 3858 837 3929 ejus,
880 3856 1021 3912 orbis
1058 3866 1322 3914 terrarum
1365 3867 1412 3909 et
1457 3854 1684 3909 universi
1716 3854 1807 3925 qui
1840 3853 2081 3909 habitant

484 3953 540 4003 in
570 3967 630 4005 eo
670 3948 844 4022 (Psal.
873 3953 1055 4021 χχιιι).
1083 3947 1277 4003 Beatus
1304 3946 1457 4018 cujus
1496 3956 1571 4001 est
1606 3945 1751 4002 Deus
1787 3944 1954 4000 Jacob
1983 3945 2081 3999 ad-

480 4045 635 4113 jutor
660 4043 773 4113 ejus
799 4058 817 4096 :
840 4040 954 4113 spes
989 4040 1103 4113 ejus
1138 4040 1193 4094 in
1220 4038 1444 4095 Domino
1486 4038 1597 4095 Deo
1620 4040 1807 4112 ipsius,
1842 4035 1933 4109 qui
1957 4039 2081 4109 fecit

488 4132 676 4188 caelum
704 4143 749 4187 et
781 4143 1002 4197 terram,
1038 4146 1183 4185 mare
1208 4139 1256 4185 et
1280 4129 1456 4184 omnia
1481 4146 1599 4201 qua:
1632 4130 1688 4183 in
1717 4129 1793 4183 eis
1820 4137 1962 4193 sunt,
1992 4130 2082 4199 qui

488 4222 717 4277 custodit
764 4222 1033 4277 veritatem
1060 4222 1115 4274 in
1142 4220 1397 4276 sarculum
1430 4217 1603 4293 (Psal.
1628 4218 1811 4290 CXLV).
1838 4218 1958 4289 Ipsa
1988 4234 2083 4274 au-

486 4321 598 4369 tem
655 4319 922 4379 monstra,
954 4325 1073 4381 quae
1098 4310 1281 4366 dicitis
1308 4310 1514 4377 lunam,
1546 4309 1789 4366 delectus
1824 4310 1907 4366 sui
1948 4319 2083 4366 tem-

489 4421 645 4481 pore,
684 4406 915 4472 laniare,
951 4405 1086 4461 nihil
1117 4418 1270 4471 sunt;
1303 4419 1478 4476 neque
1506 4406 1653 4461 enim
1676 4407 1826 4462 credi
1871 4403 1955 4461 ias
1999 4415 2083 4462 est

493 4496 743 4553 homines
772 4496 824 4550 in
866 4495 1074 4557 belluas
1102 4509 1261 4567 posse
1287 4494 1487 4550 mutari
1512 4509 1527 4549 :
1554 4496 1649 4551 sed
1686 4496 1989 4551 dazmonum
2022 4496 2085 4550 li-

2180 3305 2456 3363 nolueritis
2476 3308 2781 3379 hujusmodi
2796 3312 3211 3384 interﬁcere,qui
3224 3317 3599 3380 remanserint,
3620 3325 3776 3369 erunt

2179 3400 2325 3456 vobis
2341 3402 2497 3472 quasi
2516 3402 2655 3460 clavi
2679 3404 2733 3458 in
2748 3405 2917 3460 oculis
2933 3416 2981 3460 et
3002 3406 3200 3461 lancea:
3214 3406 3267 3460 in
3287 3407 3540 3462 lateribus
3562 3449 3577 3471 ,
3605 3418 3658 3462 et
3680 3409 3775 3463 ad-

2178 3494 2533 3549 versabantur
2551 3495 2692 3551 vobis
2709 3496 2765 3550 in
2782 3505 2924 3551 terra
2942 3497 3288 3552 habitationis
3310 3510 3515 3565 vestrae,
3541 3510 3590 3553 et
3612 3501 3776 3568 quid-

2176 3580 2305 3653 quid
2332 3580 2441 3638 illis
2469 3583 2643 3654 facere
2673 3582 3044 3653 cogitaveram,
3086 3588 3227 3642 vobis
3258 3588 3472 3657 faciam.
3504 3592 3776 3659 Audistis,

2176 3671 2378 3728 fratres
2402 3673 2731 3739 charissimi,
2762 3689 2925 3743 quam
2958 3676 3273 3733 terribiliter
3297 3680 3478 3735 divina
3502 3696 3605 3736 vox
3632 3698 3777 3738 com-

2181 3766 2419 3821 minatur
2444 3766 2527 3821 his
2557 3766 2648 3835 qui
2674 3766 3025 3823 adversarios
3050 3782 3176 3824 suos
3207 3784 3393 3826 secum
3424 3788 3650 3829 manere
3683 3790 3779 3844 pa-

2180 3859 2421 3924 tiuntur;
2456 3860 2619 3913 timeo
2650 3860 2792 3929 quod
2824 3860 2992 3915 vestri
3030 3860 3433 3919 cobabitatores
3460 3865 3611 3920 vobis
3644 3866 3780 3921 ﬂant

2182 3948 2237 4002 in
2275 3947 2589 4003 scandalum
2610 3958 2669 4025 et
2694 3948 2747 4002 in
2780 3948 3015 4015 ruinam,
3048 3965 3276 4019 quorum
3308 3968 3487 4010 mores
3508 3958 3776 4026 pravissi-

2181 4054 2300 4096 mos
2336 4040 2646 4095 imitamini.
2694 4040 2975 4108 Quomodo
3022 4043 3165 4098 enim
3195 4060 3316 4099 eum
3348 4045 3564 4103 Christo
3590 4058 3647 4103 et
3679 4065 3780 4105 an-

2182 4130 2315 4202 gelis
2348 4129 2463 4200 eius
2508 4134 2809 4203 regnabant
2851 4132 2904 4187 in
2948 4132 3119 4199 cretis,
3152 4135 3243 4203 qui
3297 4148 3421 4190 cum
3470 4137 3690 4195 diabolo
3726 4150 3779 4195 et

2183 4220 2446 4277 ministris
2470 4222 2586 4294 ejus
2618 4224 2935 4279 societatem
2964 4224 3167 4279 habent
3194 4224 3247 4279 in
3272 4226 3471 4282 terris?
3499 4231 3781 4297 quomodo

2184 4311 2496 4382 gaudebunt
2520 4312 2575 4366 in
2622 4312 2870 4368 convivio
2911 4314 3134 4384 perenni
3167 4322 3509 4383 sanctorum,
3538 4320 3632 4388 qui
3673 4337 3783 4376 non

2186 4409 2448 4471 respuunt
2468 4402 2713 4457 convivia
2732 4401 2964 4458 nefanda
2988 4404 3358 4473 paganorum?
3382 4404 3489 4459 Aut
3508 4411 3785 4476 quomodo

2189 4494 2244 4548 in
2272 4494 2393 4553 luce
2413 4486 2674 4565 perpetua
2700 4502 2926 4565 possunt
2947 4495 3135 4551 laudes
3162 4496 3271 4550 Deo
3306 4497 3486 4552 dicere
3522 4515 3646 4553 cum
3691 4516 3788 4555 an-

486 4590 601 4645 ctio
623 4589 739 4645 lucc
764 4587 1075 4644 hominibus
1107 4588 1285 4643 brutis
1316 4594 1371 4642 et
1400 4586 1783 4659 insipientibus
1807 4602 1905 4658 per
1937 4602 2086 4659 qua:-
2114 4570 2163 4629 D
2189 4584 2346 4656 gelis,
2366 4586 2459 4656 qui
2483 4586 2571 4641 hic
2598 4585 2809 4654 diabolo
2841 4587 3095 4641 exhibent
3132 4585 3374 4643 funestos
3399 4588 3554 4643 ludos
3583 4590 3637 4644 in
3664 4593 3785 4647 ido-

490 4682 617 4735 dam
647 4679 1029 4750 phantasmata
1056 4678 1276 4749 ingerit,
1303 4692 1411 4748 quo
1439 4677 1651 4734 facilius
1678 4692 1770 4734 eos
1792 4679 2001 4748 possint
2018 4679 2086 4733 ad

494 4769 857 4826 idololatriam
890 4783 1208 4840 provocare.
1242 4766 1347 4824 Sed
1387 4784 1455 4825 ne
1485 4767 1624 4826 forte
1664 4769 1859 4825 dubios
1889 4785 1952 4825 ac
1981 4769 2088 4825 sol-

496 4862 675 4916 licitos
718 4860 783 4915 de
810 4859 951 4914 luna:
977 4858 1337 4923 obscuritate,
1379 4872 1500 4929 qua:
1545 4872 1718 4930 nuper
1742 4860 1958 4925 accidit,
1990 4875 2087 4914 vos

496 4948 827 5029 relinquam,
853 4972 958 5033 non
981 4964 1063 5011 est
1084 4954 1461 5020 lioc,.lratres,
1493 4955 1712 5028 aliquod
1742 4964 2082 5024 portentum;

494 5049 594 5105 sed
638 5048 901 5105 naturalis
930 5049 1012 5103 vis
1046 5048 1188 5118 cogit
1222 5046 1391 5103 solem
1434 5061 1499 5101 ac
1532 5045 1714 5101 lunam
1754 5046 1933 5100 taliter
1960 5046 2089 5100 ecli-

499 5145 643 5214 psin,
676 5144 779 5199 hoc
804 5150 887 5199 cs‘.
927 5138 1219 5204 delectum,
1266 5138 1399 5209 pati.
1440 5137 1577 5192 Nam
1622 5137 1907 5192 manifesta
1953 5139 2089 5191 ratio

497 5234 693 5301 probat
735 5232 903 5287 solent
950 5230 1252 5285 interventu
1285 5228 1453 5294 lunze,
1478 5244 1597 5299 quin
1644 5226 1867 5283 inferior
1906 5245 2087 5295 cursu,

496 5326 683 5380 lumen
710 5325 774 5380 ad
806 5334 1021 5380 nostros
1039 5321 1226 5379 oculos
1257 5337 1365 5377 non
1387 5336 1547 5390 posse
1569 5320 1910 5391 perfundere,
1947 5321 2090 5390 quod

502 5419 565 5471 tit
594 5416 646 5469 in
679 5425 920 5487 tempore
967 5410 1306 5471 acccnsionis
1346 5412 1498 5483 ejus;
1528 5410 1707 5469 lunam
1738 5424 1865 5464 vero
1893 5410 2087 5465 simili-

506 5517 609 5575 ter,
644 5524 763 5577 qum
809 5524 839 5561 a
877 5506 990 5562 sole
1016 5505 1342 5569 illustratur,
1390 5519 1487 5574 per
1514 5504 1759 5556 umbram
1803 5512 1959 5557 teme
1989 5503 2087 5557 ob-

505 5600 712 5656 scurari
758 5600 809 5655 in
840 5597 1156 5668 plenilunio,
1188 5598 1290 5651 hoc
1315 5602 1399 5655 est
1442 5595 1495 5648 in
1540 5595 1725 5663 quinta
1767 5594 1975 5647 decima
2004 5594 2091 5648 die

503 5690 681 5747 aetatis
704 5690 839 5760 ejus,
885 5688 1101 5759 quando
1150 5686 1227 5743 sol
1265 5687 1317 5741 in
1348 5685 1468 5739 .alia
1514 5694 1666 5753 parte
1706 5683 1846 5747 cmli,
1881 5698 1943 5736 cx
1986 5683 2089 5736 alia

506 5781 632 5835 luna
679 5782 902 5838 relucet.
968 5780 1032 5834 Et
1078 5778 1198 5834 ideo
1254 5792 1358 5831 non
1415 5785 1495 5831 est
1540 5790 1799 5838 necesse,
1854 5774 2087 5839 fratres,

2191 4676 2295 4732 lis?
2320 4676 2609 4748 Apostolus
2630 4684 2810 4731 autem
2835 4676 3139 4746 hujusmodi
3164 4692 3261 4731 nos
3281 4681 3555 4733 consortia
3580 4683 3787 4737 habere

2191 4776 2337 4825 vetat
2364 4776 2421 4825 et
2448 4769 2576 4825 dicit
2604 4768 2653 4840 (I
2688 4768 2809 4847 Cor.
2843 4768 2931 4840 x):
2969 4769 3302 4835 Charissimi,
3324 4771 3487 4841 fugite
3520 4773 3583 4826 ab
3612 4776 3788 4829 idolo.

2192 4875 2307 4913 runt
2336 4858 2568 4913 cultura.
2607 4858 2750 4916 Nolo
2780 4868 2955 4914 autem
2984 4876 3071 4913 vos
3104 4861 3222 4929 ﬁeri
3267 4862 3435 4914 socios
3489 4848 3785 4920 tiarmonio-

2193 4966 2349 5015 rum;
2384 4964 2487 5003 non
2515 4950 2724 5020 potestis
2757 4948 2973 5003 calicem
3018 4938 3231 5004 Domini
3270 4951 3442 5004 bibere
3465 4962 3512 5005 et
3563 4954 3789 5009 calicem

2190 5038 2612 5103 daemoniorum;
2650 5055 2750 5091 non
2778 5041 2987 5109 potestis
3020 5055 3211 5093 mensa:
3244 5038 3456 5091 Domini
3496 5043 3789 5112 participes

2191 5145 2333 5193 esse,
2395 5139 2443 5181 et
2505 5144 2695 5183 mensa:
2750 5128 3152 5181 da'moniorum.
3206 5128 3271 5180 Et
3324 5128 3452 5181 item
3504 5127 3612 5183 alio
3670 5132 3789 5188 loco

2187 5219 2276 5290 (II
2308 5217 2432 5273 Cor.
2465 5219 2540 5290 vr)
2573 5234 2585 5272 :
2616 5219 2814 5283 Nolite,
2845 5219 3037 5286 inquit,
3068 5221 3257 5289 jugum
3294 5220 3483 5276 ducere
3511 5238 3632 5277 cum
3669 5225 3793 5292 inﬁ-

2191 5312 2413 5365 delibus.
2452 5310 2582 5375 Qua:
2616 5311 2752 5377 attint
2796 5312 3127 5387 participatio
3144 5312 3387 5380 justitiar.
3428 5331 3541 5389 cum
3594 5316 3791 5389 iniqui-

2189 5414 2321 5469 tate,
2364 5413 2455 5457 aut
2496 5418 2613 5472 qua:
2642 5402 2863 5457 societas
2890 5402 2992 5455 luci
3022 5403 3089 5455 ad
3132 5402 3406 5469 tenebras;
3447 5421 3560 5471 qua"
3608 5418 3791 5459 autem

2195 5497 2463 5549 conventio
2496 5492 2691 5548 Christi
2720 5494 2788 5547 atl
2812 5492 3000 5559 Belial,
3034 5506 3121 5548 aut
3154 5512 3268 5566 qua:
3306 5512 3429 5564 pars
3479 5496 3625 5563 ﬁdeli
3671 5515 3789 5551 cum

2197 5586 2393 5654 inﬁdeli
2419 5602 2435 5639 :
2458 5586 2574 5656 quis
2600 5594 2773 5637 autem
2801 5600 3083 5638 consensus
3114 5585 3302 5653 templo
3330 5585 3425 5638 Dei
3453 5601 3570 5637 cum
3598 5586 3793 5641 idolis:

2198 5694 2284 5731 vos
2306 5678 2427 5731 estis
2454 5674 2825 5743 templumDei
2856 5676 2983 5738 vivi;
3013 5678 3145 5727 sicut
3184 5676 3307 5729 dicit
3354 5674 3513 5739 Deus,
3546 5693 3677 5744 ιιιιιιι
3715 5679 3795 5732 ξιιμ

2200 5769 2442 5822 habitabo
2476 5768 2526 5820 in
2559 5765 2688 5832 illis,
2717 5776 2765 5819 et
2794 5766 3127 5818 inambulatio
3165 5757 3436 5831 inter-eos,
3476 5776 3522 5818 et
3553 5782 3643 5819 ero
3666 5770 3791 5822 illo-
