3922 6326
165 374 221 432 8t
1106 374 1405 432 HOMlLl/E
1451 377 1535 431 DE
1576 374 1811 431 FESTIS
1846 375 2255 443 ramenrms,
2295 378 2446 434 me.
2687 368 2703 389 ‘
3339 384 3411 441 39.

161 506 268 544 rum
298 488 453 549 Deus,
499 498 552 541 ct
612 490 702 559 ipsi
742 500 886 543 erunt
934 490 1059 542 mihi
1096 492 1336 559 populus.
1365 490 1724 562 Quapropter,
1754 493 1807 553 Α

166 566 348 634 fratres
374 578 707 640 charissimi,
728 578 792 632 ab
819 576 1124 647 huiusmodi
1155 596 1250 634 vos
1276 582 1552 637 erroribus
1598 596 1727 651 pur-

164 677 297 741 gate,
331 676 385 722 et
417 666 564 722 ﬁlios
598 677 799 729 vestros
840 683 903 724 ac
942 668 1184 724 subditos
1231 671 1298 726 ab
1344 672 1445 726 hac
1488 671 1727 742 nequitia

163 758 500 827 castigantcs,
532 758 731 823 tollite;
761 758 935 814 nullus
957 775 1023 814 ex
1052 760 1204 816 vobis
1234 762 1541 834 charagios,
1572 772 1627 817 et
1646 764 1727 818 di-

162 852 335 931 vinos,
368 848 448 903 vel
479 850 764 920 sortilegos
791 852 1050 921 requirat,
1083 868 1183 909 nec
1210 854 1275 909 de
1298 856 1538 925 qualibet
1564 871 1727 912 causa

164 954 250 993 cos
275 948 363 992 aut
390 938 707 994 infirmitate
734 940 1059 1012 interroget;
1092 943 1271 999 nullus
1296 945 1399 1000 sibi
1424 945 1727 1003 incantato-

163 1041 243 1081 res
284 1027 572 1082 adhibeat:
600 1030 723 1099 quia
768 1030 1073 1102 quicunque
1117 1032 1308 1090 fecerit
1360 1036 1462 1091 hoc
1492 1034 1722 1103 malum,

162 1118 334 1171 statim
370 1118 563 1187 perdet
618 1120 865 1190 baptismi
905 1134 1325 1192 sacramentum,
1377 1135 1434 1181 et
1471 1128 1725 1185 continuo

160 1206 450 1275 sacrilegus
476 1216 529 1261 et
553 1223 793 1280 paganus
819 1208 1044 1268 efficitur
1073 1222 1168 1270 :et
1196 1215 1297 1271 nisi
1326 1216 1559 1286 grandes
1584 1217 1725 1275 elee-

160 1314 408 1371 mosynaz,
434 1309 489 1355 et
519 1300 652 1355 dura
684 1317 744 1356 ac
782 1303 989 1373 prolixa
1023 1306 1343 1375 poenitentia
1391 1308 1723 1378 subvenerit,

158 1390 211 1447 in
238 1400 495 1446 aeternum
531 1394 745 1462 peribit.
771 1393 1030 1450 Similiter
1071 1406 1125 1452 et
1173 1400 1396 1469 auguria
1437 1400 1725 1461 observare

158 1480 333 1546 nolite,
366 1496 467 1537 nec
490 1484 545 1537 in
586 1484 779 1540 itinere
804 1487 961 1556 positi
1009 1487 1214 1558 aliquas
1242 1490 1478 1547 aviculas
1502 1469 1725 1547 cantan-

160 1579 235 1627 tes
259 1574 554 1640 attendere,
584 1590 683 1631 nec
721 1592 789 1631 ex
835 1578 1046 1633 illarum
1090 1582 1301 1635 cantico
1330 1582 1623 1639 diabolicas
1649 1583 1727 1639 di-

156 1662 453 1718 vinationcs
475 1666 793 1722 annuntiarc
810 1670 1136 1737 praesumite.
1165 1670 1350 1726 Nullus
1371 1687 1435 1727 ex
1456 1674 1609 1729 vobis
1629 1673 1724 1729 ob-

154 1759 325 1806 servet
352 1770 459 1823 qua
490 1755 576 1809 die
604 1756 668 1810 de
700 1758 858 1813 domo
900 1768 1080 1826 exeat,
1114 1778 1216 1831 qua
1246 1763 1441 1819 iterum
1484 1774 1723 1821 reverta-

2361 492 2638 549 IIOMILIA
2690 493 2867 559 XLIV.

1900 599 1966 637 DE
2000 597 2242 639 BONORU“
2278 598 2707 639 CHRISTIANORUI
2746 601 2814 639 ET
2854 602 2885 640 Ε
2930 601 3233 644 CONTBARIO
3270 606 3368 646 DB'

2349 669 2599 710 ιιΔιοιιωι
2645 670 2889 711 IIOBIBUS.

1900 763 2124 835 Oportet
2151 779 2265 829 vos,
2290 762 2487 820 fratres
2518 766 2841 833 charissimi,
2874 765 3103 823 sollicite
3120 775 3177 824 et
3200 767 3405 827 intente

1828 854 2173 910 considerare
2210 854 2576 911 Christianum
2600 870 2848 921 .nomen,
2888 858 3039 925 quod
3084 872 3181 913 nos
3218 873 3407 916 omnes

1827 942 2123 1015 gaudemus
2170 944 2389 1010 habere,
2439 943 2569 1015 quid
2613 945 2769 1000 nobis
2814 945 3073 1016 designet,
3113 947 3242 1017 quid
3286 963 3409 1017 pro-

1827 1032 2028 1097 mittat,
2072 1033 2306 1104 quidque
2336 1034 2490 1089 nobis
2539 1034 2664 1089 boni
2695 1034 2957 1100 conferat,
2998 1036 3097 1091 hoc
3136 1045 3238 1103 est,
3276 1038 3407 1107 quid

1826 1121 2093 1193 signiﬁcet
2135 1122 2190 1176 in
2220 1122 2495 1195 religione,
2541 1125 2669 1195 quid
2716 1125 2993 1195 promittat
3021 1126 3072 1179 in
3122 1141 3237 1198 spe,
3275 1129 3405 1197 quiti

1829 1211 2075 1269 conferat
2098 1213 2154 1268 in
2177 1214 2631 1271 remuneratione.
2668 1215 2713 1269 Α
2741 1215 2955 1272 Christo
2982 1216 3124 1271 enim
3152 1217 3290 1272 Filio
3312 1218 3405 1273 Dei

1826 1302 2105 1374 unigenito
2138 1300 2431 1359 Christiani
2471 1320 2748 1371 vocamur,
2790 1313 2844 1359 et
2889 1306 3007 1361 ideo
3037 1308 3130 1376 qui
3172 1308 3300 1363 dicit
3342 1323 3402 1365 se

1828 1393 2195 1451 Christianum
2224 1408 2364 1459 esse,
2393 1393 2549 1449 debet
2572 1396 2709 1450 sicut
2752 1395 2839 1449 ille
2879 1396 3172 1452 ambulavit
3197 1407 3249 1453 et
3292 1400 3407 1470 ipse

1828 1484 2126 1550 ambulare,
2158 1484 2211 1539 id
2237 1492 2319 1539 est
2350 1483 2402 1537 in
2426 1484 2654 1553 justitia,
2686 1494 2739 1539 ct
2782 1487 3087 1551 sanctitate,
3133 1496 3294 1559 atque
3320 1505 3407 1545 ve-

1828 1576 1991 1630 ritate
2019 1594 2032 1630 :
2060 1576 2165 1631 hoc
2185 1575 2327 1629 enim
2371 1590 2470 1629 nos
2506 1576 2758 1631 admonet
2785 1592 2979 1632 nomen
3016 1577 3402 1634 Christianum.

1828 1666 1896 1721 Et
1935 1664 2242 1736 quicunque
2270 1664 2355 1719 his
2400 1665 2671 1735 gressibus
2710 1664 2985 1721 Christum
3030 1668 3295 1736 sequitur,
3336 1670 3405 1724 ad

1827 1773 2118 1831 supernam
2149 1758 2319 1814 tendit
2342 1758 2591 1829 patriam,
2617 1766 2673 1813 et
2700 1759 2868 1813 vitam
2898 1759 2952 1813 in
2982 1758 3133 1815 caelis
3169 1759 3403 1829 accipiet

156 1847 258 1905 tur,
286 1841 411 1911 quia
444 1857 635 1900 omnes
663 1846 777 1901 dies
815 1847 957 1903 Deus
987 1849 1133 1917 fecit,
1171 1852 1309 1907 sicut
1335 1853 1615 1925 Scriptura
1643 1857 1722 1913 di-
1748 1855 1797 1915 B
1826 1850 2231 1921 sempiternam.
2258 1848 2373 1905 Non
2407 1850 2563 1906 nobis
2590 1849 2810 1917 sufficit,
2836 1850 3054 1918 fratres,
3081 1851 3223 1920 quod
3247 1850 3405 1905 Chri-

148 1931 260 1987 cit:
290 1932 355 1986 Et
384 1934 555 2003 factus
595 1948 667 1991 est
698 1937 809 1992 dies
852 1940 1068 2010 primus,
1121 1952 1167 1995 et
1207 1942 1317 1997 dies
1353 1945 1633 2011 secundus,
1676 1955 1724 2001 et

147 2024 253 2077 dies
280 2026 464 2081 tertius
488 2025 641 2099 (Cen.
677 2030 738 2099 ι),
776 2030 1025 2087 similiter
1051 2041 1105 2087 et
1130 2042 1374 2103 quartus,
1402 2043 1458 2090 et
1483 2036 1722 2105 quintus,

146 2122 200 2168 et
226 2124 430 2181 sextus,
462 2126 516 2171 et
562 2120 881 2185 sabbatum;
910 2130 965 2176 et
997 2121 1124 2176 illud
1153 2142 1165 2177 :
1192 2121 1341 2178 Fecit
1380 2124 1519 2179 Deus
1547 2128 1723 2183 omnia

143 2203 274 2258 bona
306 2204 459 2260 valde
486 2204 503 2280 (
538 2206 677 2263 Ibid.
714 2208 754 2279 ).
781 2208 904 2264 illas
925 2225 1054 2266 vero
1077 2228 1183 2267 non
1210 2214 1385 2268 solum
1409 2214 1721 2287 sacrilegas.

144 2294 233 2349 sed
265 2296 429 2350 etiam
456 2297 793 2365 ridiculosas,
827 2302 1247 2357 sternutationes
1285 2305 1632 2359 considerare
1670 2314 1725 2361 et

141 2386 436 2441 observare
479 2387 682 2454 nolite;
718 2389 812 2443 sed
852 2391 1061 2459 quoties
1104 2393 1258 2448 vobis
1305 2394 1357 2447 in
1400 2409 1723 2466 quacunque

142 2484 291 2544 parte
332 2477 500 2533 fuerit
546 2479 842 2535 necessitas
889 2484 1236 2553 properandi,
1268 2484 1479 2553 signate
1522 2500 1617 2541 vos
1666 2487 1722 2541 in

140 2568 355 2623 nomine
399 2569 629 2637 Christi,
652 2580 707 2627 et
738 2571 1046 2644 Symbolum
1076 2576 1438 2647 apostolorum
1478 2579 1561 2635 vel
1589 2578 1721 2636 Ora-

141 2656 338 2712 tionem
385 2660 725 2717 Dominicam
755 2662 988 2720 ﬁdeliter
1010 2666 1272 2735 dicentes,
1316 2670 1496 2725 securi
1532 2670 1599 2727 de
1625 2670 1719 2726 Dei

140 2740 437 2816 adiutorio,
465 2752 571 2805 iter
597 2753 760 2823 agite.
789 2754 857 2809 Et
879 2756 1006 2824 quia
1034 2758 1248 2827 quando
1272 2761 1579 2831 supradicta
1606 2776 1720 2818 om-

124 2837 224 2889 .nia
257 2839 572 2912 sacrilegia,
604 2842 709 2897 Deo
726 2843 880 2899 vobis
908 2844 1223 2916 inspirante,
1253 2857 1599 2906 contemnere
1632 2852 1719 2907 vel

138 2924 423 2995 despicere
454 2932 753 3001 coeperitis,
786 2934 898 2990 scio
925 2936 1067 3005 quod
1094 2937 1318 2994 moleste
1344 2939 1447 2995 hoc
1474 2946 1720 3011 acceptu-

140 3031 228 3069 rus
257 3027 338 3071 est
383 3019 653 3087 diabolus,
692 3024 817 3091 quia
860 3039 957 3080 vos
987 3024 1141 3081 videt
1162 3028 1227 3082 de
1268 3028 1504 3085 amicitia
1537 3031 1623 3086 vel
1652 3032 1717 3088 dc

137 3105 395 3162 societate
430 3124 528 3162 sua
557 3110 833 3166 discedere
852 3121 905 3168 et
930 3115 1207 3187 sacrilegia
1233 3131 1330 3189 per
1355 3134 1474 3190 qua:
1503 3135 1599 3176 vos
1624 3122 1718 3176 de-

1824 1941 2060 1999 stianum
2096 1956 2290 1996 nomen
2329 1940 2661 2012 accepimus,
2692 1941 2738 1996 si
2764 1955 2929 2011 opera
2962 1941 3266 1996 Christiana
3294 1954 3403 1995 non

1824 2029 2110 2087 fecerimus
2137 2048 2150 2083 :
2178 2030 2252 2085 illi
2283 2030 2425 2086 enim
2454 2031 2691 2101 prodest,
2724 2030 2864 2100 quod
2899 2029 3235 2086 Christianus
3267 2028 3404 2084 dici-

1824 2129 1933 2186 tur,
1974 2119 2064 2189 qui
2091 2119 2412 2174 cbaritatem
2452 2119 2642 2189 diligit,
2673 2119 2990 2175 ebrietatem
3018 2118 3177 2190 fugit,
3208 2132 3399 2189 supcr-

1821 2210 1964 2265 biam
2012 2211 2332 2276 detestatur,
2401 2210 2657 2265 invidiam
2705 2209 2849 2265 velut
2889 2224 3153 2266 venenum
3197 2209 3403 2266 diaboli

1822 2304 2060 2373 respuit;
2089 2302 2179 2357 ille
2203 2317 2331 2374 vero
2350 2300 2688 2358 Christianus
2715 2309 2798 2358 est
2823 2302 2913 2371 qui
2943 2301 3146 2356 furtum
3175 2315 3280 2356 non
3322 2299 3403 2367 fa-

1823 2394 1918 2459 cit,
1944 2395 2036 2465 qui
2065 2393 2255 2451 falsum
2285 2394 2651 2449 testimonium
2679 2408 2786 2449 non
2817 2394 2969 2459 dicit,
2997 2393 3089 2463 qui
3120 2407 3221 2448 nec
3243 2408 3398 2448 men-

1822 2484 1977 2550 titur,
2011 2499 2110 2540 nec
2154 2478 2427 2555 perjurat;
2455 2484 2544 2555 qui
2582 2484 2902 2539 adulterium
2944 2498 3049 2537 non
3090 2483 3399 2546 committit,

1821 2572 1913 2641 qui
1942 2571 2008 2625 ad
2034 2570 2318 2627 ecclesiam
2361 2570 2695 2641 frequentius
2729 2572 2892 2635 venit,
2924 2571 3013 2643 qui
3034 2572 3099 2626 de
3133 2570 3400 2626 fructibus

1819 2661 1933 2718 suis
1968 2677 2073 2717 non
2101 2670 2281 2733 gustat
2311 2662 2416 2717 nisi
2460 2663 2608 2732 prius
2633 2678 2695 2717 ex
2728 2663 2860 2734 ipsis
2898 2662 3010 2717 Deo
3037 2662 3238 2732 aliquid
3269 2661 3402 2719 03e-

1820 2759 1929 2817 rat,
1957 2751 2048 2821 qui
2088 2751 2326 2807 decimas
2356 2752 2509 2808 annis
2555 2752 2778 2825 singulis
2822 2753 3120 2823 erogandas
3149 2754 3401 2822 pauperi-

1822 2843 1926 2898 bus
1950 2842 2143 2908 reddit,
2173 2843 2263 2913 qui
2293 2844 2663 2899 sacerdotibus
2686 2844 2797 2899 suis
2822 2845 3081 2899 honorem
3114 2844 3395 2912 impendit,

1819 2936 1911 3005 qui
1942 2950 2128 2991 omnes
2156 2936 2400 2991 homines
2424 2937 2565 2991 sicut
2592 2936 2826 3005 seipsum
2851 2935 3044 3005 diligit,
3070 2935 3162 3004 qui
3194 2934 3399 2989 nullum

1819 3026 2092 3081 hominem
2136 3026 2259 3081 odio
2285 3025 2464 3081 habet.
2494 3025 2586 3081 Ille
2625 3040 2755 3081 vero
2790 3041 2895 3081 non
2930 3025 3104 3079 solum
3139 3024 3403 3081 Christia-

1818 3130 1921 3171 nus
1942 3123 2045 3182 est,
2068 3117 2162 3172 sed
2185 3117 2298 3186 ipse
2324 3115 2573 3172 Christus
2598 3116 2650 3171 in
2684 3115 2772 3171 illo
2794 3114 3023 3183 habitat,
3050 3117 3140 3187 qui
3166 3125 3395 3172 stateras

135 3194 371 3261 cipiebat
402 3208 773 3267 contemnere,
817 3202 1027 3273 aliquas
1069 3206 1337 3275 nequitias
1366 3208 1520 3264 vobis
1550 3208 1719 3265 factu-
1746 3202 1789 3263 C
1822 3206 2035 3264 dolosas
2074 3217 2128 3262 et
2154 3222 2434 3262 mensuras
2477 3207 2713 3279 duplices
2747 3207 2892 3263 velut
2939 3207 3173 3278 gladium
3203 3208 3398 3264 diaboli

138 3298 227 3337 rus
249 3294 353 3350 est,
398 3297 493 3342 aut
541 3290 774 3359 aliquam
818 3292 1185 3350 infirmitatem
1217 3296 1578 3365 immissurus,
1620 3309 1715 3354 aut

136 3373 348 3445 aliquod
377 3378 603 3444 animal,
634 3391 725 3434 aut
772 3397 868 3451 per
915 3386 1161 3442 morbum
1192 3395 1286 3441 aut
1323 3402 1421 3456 per
1447 3390 1718 3461 evagatio-

138 3480 253 3517 nem
293 3477 377 3520 est
412 3468 710 3536 ablaturus,
742 3473 867 3542 quia
891 3475 959 3529 ad
1002 3491 1097 3530 vos
1122 3478 1427 3545 probandos
1450 3479 1552 3535 hoc
1574 3479 1716 3535 Deus

135 3556 399 3622 permittit
428 3558 568 3625 fieri,
615 3568 672 3615 ut
702 3573 958 3633 agnoscat
980 3573 1157 3621 utrum
1190 3567 1421 3625 fideliter
1447 3570 1513 3625 ad
1541 3572 1715 3641 ipsum

135 3646 378 3737 venistis.
414 3657 472 3703 et
494 3649 537 3703 si
586 3659 693 3705 tota
726 3653 920 3707 diaboli
959 3657 1390 3713 machinamenta
1420 3660 1714 3731 despicitis,

132 3744 184 3790 et
208 3745 387 3809 utrum
420 3739 543 3808 plus
576 3742 749 3796 valeat
786 3746 924 3813 apud
950 3760 1045 3801 vos
1075 3762 1225 3802 amor
1256 3763 1386 3804 suus
1424 3764 1585 3818 quam
1624 3766 1717 3805 cu-

127 3824 315 3896 jusque
351 3831 608 3885 animalis
646 3834 883 3889 amissio.
915 3834 1019 3890 Sed
1046 3837 1090 3891 si
1135 3840 1299 3893 semel
1342 3849 1435 3894 aut
1482 3843 1716 3897 secundo

132 3923 399 3990 nequitias
428 3940 565 3994 quas
586 3926 831 3983 diabolus
855 3930 1161 3996 immiserit,
1192 3941 1301 3989 toto
1323 3938 1504 3992 animo
1527 3948 1581 3992 et
1606 3947 1715 3993 tota

133 4009 231 4065 fide
250 4017 715 4084 contempseritis,
744 4019 815 4073 ita
853 4021 1026 4092 ipsum
1054 4022 1323 4078 diabolum
1352 4035 1537 4097 postea
1567 4044 1597 4083 a
1626 4044 1717 4085 ve-

130 4112 235 4158 stra
269 4104 621 4162 infestatioue
650 4110 908 4179 repellere
932 4112 1240 4183 dignabitur
1274 4114 1438 4182 Deus,
1470 4128 1527 4186 ut
1578 4136 1715 4175 nun-

130 4208 286 4261 quam
325 4211 428 4249 vos
478 4198 648 4266 possit
693 4214 789 4254 sua
836 4200 1126 4258 calliditate
1160 4204 1427 4276 decipere.
1468 4206 1715 4265 Christus

129 4285 265 4339 enim
296 4287 446 4341 Deus
472 4297 658 4344 noster
694 4289 869 4360 ipsum
912 4292 1182 4349 diabolum
1208 4304 1264 4352 et
1300 4298 1714 4368 ministrosejus

129 4376 233 4428 sola
267 4385 542 4445 potestate
571 4393 665 4433 sua
714 4380 896 4445 habet,
946 4397 1042 4438 nec
1063 4392 1364 4454 vospotest
1404 4402 1505 4442 nec
1532 4398 1714 4445 vestra

129 4467 176 4520 in
201 4469 385 4539 aliquo
417 4485 616 4525 nouere
654 4470 759 4527 nisi
806 4482 1064 4542 quantum
1109 4475 1178 4530 ab
1214 4477 1333 4546 ipso
1358 4480 1706 4548 permittitur.

128 4558 401 4616 Permittit
442 4572 625 4617 autem
648 4564 753 4619 hoc
792 4565 934 4620 Deus
962 4566 1170 4622 duabus
1193 4582 1261 4623 ex
1288 4569 1496 4637 causis;
1527 4580 1586 4627 ut
1613 4580 1706 4628 aut

125 4662 218 4703 nos
242 4651 445 4720 probet
473 4651 520 4705 si
550 4651 675 4705 boni
705 4668 912 4719 sumus,
960 4662 1052 4709 aut
1084 4656 1335 4727 castiget,
1368 4657 1412 4711 si
1450 4668 1703 4728 peccato-

124 4752 238 4803 res;
270 4748 326 4793 et
356 4741 485 4795 ideo
508 4741 682 4811 ipsum
714 4743 920 4809 timete,
943 4744 1019 4799 illi
1048 4745 1146 4801 soli
1172 4748 1395 4814 servite,
1423 4751 1621 4806 mentis
1650 4762 1703 4807 et

125 4830 364 4898 corporis
403 4832 701 4902 puritatem
746 4843 980 4899 servate,
1009 4851 1169 4890 omne
1192 4850 1360 4905 genus
1393 4838 1704 4897 fornicatio-

124 4917 202 4971 nis
228 4928 287 4972 ut
313 4928 529 4988 pestem
560 4914 643 4975 vel
668 4932 894 4978 mortem
926 4924 1111 4995 fugite,
1140 4927 1497 4995 continentes,
1526 4931 1702 4987 humi-

124 5004 216 5070 lcs,
258 5011 422 5063 mites
452 5027 517 5065 ac
553 5014 817 5081 patientes
840 5025 1033 5079 estote,
1078 5015 1442 5087 frugalitatem
1472 5020 1695 5091 diligite,

123 5100 245 5154 etin
266 5111 417 5156 recta
452 5102 556 5156 fide
578 5118 641 5158 ac
664 5105 816 5160 bonis
837 5108 1087 5174 operibus
1114 5124 1283 5177 usque
1312 5110 1365 5163 in
1395 5108 1555 5167 linem
1578 5113 1700 5167 vita:

123 5204 473 5257 perseverare
520 5194 748 5260 studete,
777 5206 829 5251 et
856 5197 936 5250 sic
980 5197 1044 5250 ad
1085 5206 1341 5253 aeternam
1382 5200 1546 5254 vitam
1585 5202 1699 5257 sine

122 5278 222 5330 ulla
270 5296 426 5334 mora
468 5283 831 5351 perveniens:
864 5296 1152 5354 praestante
1195 5284 1317 5356 ipso
1344 5287 1699 5359 Rcdemptore

123 5378 301 5423 metro
330 5370 463 5426 Jesu
492 5370 729 5436 Christo,
760 5376 852 5443 qui
897 5391 1019 5430 cum
1066 5374 1224 5431 Patre
1252 5386 1306 5430 et
1343 5376 1543 5447 Spiritu
1574 5394 1699 5432 san-

121 5467 202 5513 cto
225 5461 359 5515 vivit
385 5471 442 5514 et
473 5472 665 5532 regnat
701 5464 838 5519 Deus
887 5480 983 5536 per
1020 5465 1199 5522 omnia
1245 5468 1440 5522 scccula
1476 5470 1697 5525 sacculo—

122 5562 254 5605 tum.
286 5553 483 5607 Amen.

1818 3299 2168 3369 pertimescit.
2220 3298 2310 3353 Ille
2342 3299 2512 3354 bonus
2541 3297 2879 3355 Christianus
2927 3308 3009 3352 est
3052 3298 3145 3368 qui
3185 3300 3399 3368 quando

1818 3388 1883 3441 ad
1926 3387 2210 3442 ecclesiam
2265 3388 2432 3453 venit,
2480 3395 2534 3441 et
2572 3386 2894 3440 oblationem
2944 3401 3062 3455 quae
3106 3386 3159 3441 in
3202 3385 3393 3441 altario

1817 3478 2253 3543 mittatexhibet,
2280 3486 2335 3533 et
2364 3476 2708 3547 pauperibus,
2743 3478 3037 3530 secundum
3063 3476 3206 3544 quod
3249 3476 3393 3530 vires

1820 3566 1998 3631 habet,
2045 3576 2137 3623 aut
2165 3574 2445 3637 argentum
2472 3566 2702 3636 porrigit
2745 3573 2839 3619 aut
2868 3565 3046 3619 cibum
3074 3582 3087 3618 :
3119 3566 3205 3633 qui
3237 3579 3395 3634 pere-

1818 3661 2002 3731 grinos
2028 3659 2085 3713 in
2112 3659 2326 3713 domum
2358 3672 2511 3713 suam
2536 3655 2755 3726 excipit,
2786 3655 2878 3726 qui
2908 3653 3207 3724 hospitibus
3232 3654 3396 3723 pedes

1818 3751 1989 3815 lavat;
2015 3752 2106 3819 qui
2142 3764 2249 3805 non
2291 3749 2463 3805 solum
2502 3748 2623 3803 lites
2666 3762 2770 3801 non
2813 3746 3073 3809 concitat;
3107 3745 3199 3799 sed
3225 3746 3395 3799 etiam

1816 3840 2093 3895 discordes
2134 3840 2200 3894 ad
2228 3839 2569 3894 concordiam
2612 3848 2856 3901 revocat;
2905 3836 2996 3905 qni
3026 3845 3079 3889 et
3104 3837 3217 3905 ipse
3244 3845 3395 3899 caste

1816 3930 1966 3994 vivit,
1999 3937 2051 3984 et
2088 3928 2221 3983 ﬁlios
2248 3927 2330 3982 vel
2357 3928 2561 3981 vicinos
2600 3941 2727 3981 suos
2761 3935 2817 3979 ut
2842 3935 2987 3980 caste
3012 3932 3067 3977 et
3109 3925 3286 3978 sobrie
3313 3924 3392 3977 vi-

1816 4030 1946 4075 vant
1972 4028 2028 4074 et
2055 4020 2232 4073 verbis
2256 4008 2509 4072 admonet
2530 4026 2584 4072 et
2604 4016 2864 4086 exemplis
2896 4015 3072 4069 docet.
3105 4013 3197 4069 Ille
3218 4013 3392 4071 bonus

1816 4109 2154 4166 Christianus
2180 4116 2263 4163 est
2299 4109 2390 4177 qui
2429 4100 2641 4177 quoties
2671 4115 2871 4162 sancta:
2909 4104 3278 4161 solemnitates
3301 4120 3392 4160 ve.

1814 4200 1990 4263 niunt,
2020 4207 2076 4253 ut
2105 4198 2349 4253 securius
2375 4199 2757 4263 communicet,
2790 4206 2913 4253 ante
2942 4197 3123 4266 plures
3158 4197 3272 4251 dies
3299 4211 3388 4250 ca-

1814 4287 2050 4342 stitatem
2081 4302 2202 4341 cum
2230 4286 2446 4356 propria
2474 4302 2641 4343 uxore
2666 4286 2916 4350 custodit,
2946 4294 3005 4339 ut
3033 4287 3197 4340 libera
3227 4296 3281 4340 et
3304 4301 3389 4341 se-

1813 4393 1943 4432 cura
1972 4378 2301 4432 conscientia
2330 4377 2397 4432 ad
2425 4376 2596 4431 altare
2624 4376 3036 4439 Domini,‘casto
3061 4389 3289 4444 corpore
3331 4383 3388 4429 et

1814 4466 2015 4521 mundo
2052 4467 2237 4531 corde,
2280 4474 2573 4537 przcsumat
2608 4465 2906 4520 accedere:
2941 4465 3030 4533 qui
3070 4463 3381 4535 Symbolum

1812 4556 2179 4628 apostolorum
2222 4565 2278 4612 et
2323 4544 2631 4613 Orationem
2686 4555 3018 4610 Dominicam
3071 4556 3384 4611 memoriter

1812 4655 1975 4711 tenet,
2007 4655 2061 4702 et
2093 4646 2232 4702 filios
2266 4647 2349 4701 vel
2376 4646 2512 4701 tilias
2542 4662 2668 4701 suas
2702 4654 2759 4700 ut
2785 4646 2885 4715 ipsi
2909 4655 3129 4701 teneant
3154 4645 3383 4702 fideliter

1810 4738 1983 4792 docet.
2017 4737 2154 4791 Ecce
2192 4738 2436 4802 audistis,
2476 4737 2691 4802 fratres,
2731 4736 2917 4805 quales
2944 4735 3051 4789 sint
3089 4734 3381 4792 Christiani

1809 4826 1953 4891 boni,
1978 4835 2033 4881 et
2059 4826 2198 4891 ideo,
2227 4835 2483 4896 quantum
2511 4842 2815 4896 possumus,
2844 4841 2965 4881 cum
2990 4826 3083 4880 Dei
3112 4824 3377 4894 adiutorio

1808 4916 2117 4971 laboremus
2151 4924 2211 4969 ut
2242 4931 2435 4971 nomen
2458 4915 2820 4970 Christianum
2868 4930 2971 4968 non
3002 4916 3073 4969 sit
3101 4913 3291 4970 falsum
3325 4918 3376 4971 in

1807 5008 1980 5072 nobis,
2005 5023 2104 5063 nec
2133 5008 2188 5062 in
2217 5008 2371 5062 nobis
2400 5006 2598 5062 Christi
2627 5016 2960 5062 sacramenta
2991 5007 3262 5075 patiantur
3296 5007 3379 5061 in-

1799 5095 2017 5164 juriam,
2056 5097 2150 5151 sed
2183 5112 2397 5165 semper
2438 5112 2601 5166 opera
2639 5095 2942 5152 Christiana
2984 5108 3037 5151 et
3078 5096 3381 5164 Cogitemus

1808 5185 1860 5239 in
1889 5185 2069 5249 corde,
2094 5194 2147 5239 et
2174 5184 2491 5255 impleamus
2532 5187 2582 5241 in
2621 5201 2800 5255 opere.
2830 5185 2961 5239 Nam
3002 5186 3089 5239 ille
3119 5186 3376 5241 (ΖΙινίειὶιιρ

1806 5289 1909 5329 nus
1932 5273 2107 5344 qualis
2127 5283 2229 5339 est,
2259 5277 2347 5344 qui
2372 5275 2457 5329 vix
2488 5275 2775 5344 aliquando
2801 5276 2865 5329 ad
2893 5273 3171 5329 ecclesiam
3206 5276 3371 5337 venit,

1804 5373 1857 5417 et
1890 5363 2103 5429 quando
2132 5364 2353 5427 venerit,
2398 5379 2502 5419 non
2548 5374 2655 5417 stat
2694 5365 2747 5417 in
2775 5364 2997 5418 ecclesia
3031 5372 3087 5416 ut
3124 5372 3240 5417 oret
3274 5379 3373 5433 pro

1801 5452 2035 5520 peccatis
2062 5453 2201 5516 suis,
2222 5453 2313 5506 sed
2338 5462 2395 5506 ut
2423 5469 2612 5508 causas
2640 5454 2803 5516 dicat,
2829 5461 2919 5505 aut
2949 5452 3067 5506 lites
3100 5461 3190 5506 aut
3222 5453 3367 5506 rixas

1803 5545 2066 5607 «incitet;
2101 5554 2154 5599 ct
2185 5545 2225 5597 si
2268 5544 2439 5597 locum
2490 5545 2767 5605 invenerit,
2799 5544 3058 5610 usquead
3104 5542 3360 5623 vomitum

1803 5637 2059 5689 bibetzct
2104 5644 2449 5705 posteaquam
2490 5633 2953 5694 sc'iuebriaverit,
2999 5643 3180 5701 surget
3220 5632 3366 5689 velut

1803 5726 2142 5793 phreneticus
2182 5736 2231 5780 ct
2284 5727 2523 5790 insanus,
2578 5725 2837 5779 diabolica
2873 5739 3020 5778 more
3070 5725 3266 5778 ballarc
3311 5735 3365 5777 ct
