  <div class='ocr_page' id='page_1' title='image "/cluster/home/n/w/nwhite01/storage/ocr_20150623/110/uva.x000827066/049.png"; bbox 0 0 3922 6322; ppageno 0'>
   <div class='ocr_carea' id='block_1_1' title="bbox 487 354 3756 428">
    <p class='ocr_par' dir='ltr' id='par_1_1' title="bbox 487 354 3756 428">
     <span class='ocr_line' id='line_1_1' title="bbox 487 354 3756 428; baseline -0.002 -3"><span class='ocrx_word' id='word_1_1' title='bbox 487 368 562 425; x_wconf 78' lang='lat'><strong>85</strong></span> <span class='ocrx_word' id='word_1_2' title='bbox 1134 372 1196 428; x_wconf 89' lang='grc' dir='ltr'><strong>Β.</strong></span> <span class='ocrx_word' id='word_1_3' title='bbox 1237 370 1491 427; x_wconf 79' lang='lat' dir='ltr'><strong>RABANI</strong></span> <span class='ocrx_word' id='word_1_4' title='bbox 1528 354 1747 426; x_wconf 70' lang='lat' dir='ltr'><strong>MAURI</strong></span> <span class='ocrx_word' id='word_1_5' title='bbox 1784 367 2102 425; x_wconf 80' lang='lat' dir='ltr'><strong>ARCHlEP.</strong></span> <span class='ocrx_word' id='word_1_6' title='bbox 2146 368 2456 425; x_wconf 82' lang='lat' dir='ltr'><strong>MOGUNT.</strong></span> <span class='ocrx_word' id='word_1_7' title='bbox 2499 365 2781 427; x_wconf 81' lang='lat' dir='ltr'><strong>OPERUM</strong></span> <span class='ocrx_word' id='word_1_8' title='bbox 2821 368 2998 423; x_wconf 80' lang='lat' dir='ltr'><strong>PARS</strong></span> <span class='ocrx_word' id='word_1_9' title='bbox 3030 367 3094 423; x_wconf 87' lang='grc' dir='ltr'>ιι.</span> <span class='ocrx_word' id='word_1_10' title='bbox 3692 366 3756 422; x_wconf 64' lang='lat'><strong>85</strong></span> 
     </span>
    </p>
   </div>
   <div class='ocr_carea' id='block_1_2' title="bbox 489 466 3757 555">
    <p class='ocr_par' dir='ltr' id='par_1_2' title="bbox 489 466 3757 555">
     <span class='ocr_line' id='line_1_2' title="bbox 489 466 3757 555; baseline -0.002 -13"><span class='ocrx_word' id='word_1_11' title='bbox 489 485 709 549; x_wconf 85' lang='lat' dir='ltr'><strong>saltare,</strong></span> <span class='ocrx_word' id='word_1_12' title='bbox 739 484 903 540; x_wconf 86' lang='lat' dir='ltr'><strong>verba</strong></span> <span class='ocrx_word' id='word_1_13' title='bbox 936 484 1112 555; x_wconf 91' lang='lat' dir='ltr'><strong>turpia</strong></span> <span class='ocrx_word' id='word_1_14' title='bbox 1136 493 1192 540; x_wconf 92' lang='lat' dir='ltr'><strong>et</strong></span> <span class='ocrx_word' id='word_1_15' title='bbox 1232 486 1495 542; x_wconf 89' lang='lat' dir='ltr'><strong>amatoria</strong></span> <span class='ocrx_word' id='word_1_16' title='bbox 1526 486 1609 541; x_wconf 86' lang='lat' dir='ltr'><strong>vel</strong></span> <span class='ocrx_word' id='word_1_17' title='bbox 1635 485 1911 541; x_wconf 76' lang='lat' dir='ltr'><strong>luxuriosa</strong></span> <span class='ocrx_word' id='word_1_18' title='bbox 1937 499 2064 538; x_wconf 85' lang='lat' dir='ltr'><strong>can-</strong></span> <span class='ocrx_word' id='word_1_19' title='bbox 2093 493 2146 551; x_wconf 72' lang='grc' dir='ltr'><strong>Α</strong></span> <span class='ocrx_word' id='word_1_20' title='bbox 2171 483 2245 538; x_wconf 86' lang='lat' dir='ltr'><strong>hil</strong></span> <span class='ocrx_word' id='word_1_21' title='bbox 2276 483 2420 537; x_wconf 84' lang='lat' dir='ltr'><strong>aliud</strong></span> <span class='ocrx_word' id='word_1_22' title='bbox 2451 499 2611 553; x_wconf 88' lang='lat' dir='ltr'><strong>quam</strong></span> <span class='ocrx_word' id='word_1_23' title='bbox 2643 479 2785 553; x_wconf 80' lang='lat' dir='ltr'><strong>quod</strong></span> <span class='ocrx_word' id='word_1_24' title='bbox 2830 483 3096 539; x_wconf 88' lang='lat' dir='ltr'><strong>catholica</strong></span> <span class='ocrx_word' id='word_1_25' title='bbox 3158 482 3290 536; x_wconf 89' lang='lat' dir='ltr'><strong>ﬁdes</strong></span> <span class='ocrx_word' id='word_1_26' title='bbox 3341 482 3541 545; x_wconf 84' lang='lat' dir='ltr'><strong>laudat,</strong></span> <span class='ocrx_word' id='word_1_27' title='bbox 3591 466 3757 547; x_wconf 74' lang='lat' dir='ltr'><strong>an&#39;tat,</strong></span> 
     </span>
    </p>
   </div>
   <div class='ocr_carea' id='block_1_3' title="bbox 488 573 2067 638">
    <p class='ocr_par' dir='ltr' id='par_1_3' title="bbox 488 573 2067 638">
     <span class='ocr_line' id='line_1_3' title="bbox 488 573 2067 638; baseline 0.001 -9"><span class='ocrx_word' id='word_1_28' title='bbox 488 583 623 629; x_wconf 86' lang='lat' dir='ltr'><strong>tare.</strong></span> <span class='ocrx_word' id='word_1_29' title='bbox 664 573 771 629; x_wconf 83' lang='lat' dir='ltr'><strong>Iste</strong></span> <span class='ocrx_word' id='word_1_30' title='bbox 815 573 937 629; x_wconf 88' lang='lat' dir='ltr'><strong>talis</strong></span> <span class='ocrx_word' id='word_1_31' title='bbox 963 589 1071 629; x_wconf 89' lang='lat' dir='ltr'><strong>non</strong></span> <span class='ocrx_word' id='word_1_32' title='bbox 1119 573 1330 630; x_wconf 86' lang='lat' dir='ltr'><strong>dubitat</strong></span> <span class='ocrx_word' id='word_1_33' title='bbox 1367 573 1569 635; x_wconf 83' lang='lat' dir='ltr'><strong>furtum</strong></span> <span class='ocrx_word' id='word_1_34' title='bbox 1608 574 1810 638; x_wconf 87' lang='lat' dir='ltr'><strong>facere,</strong></span> <span class='ocrx_word' id='word_1_35' title='bbox 1861 574 2067 631; x_wconf 86' lang='lat' dir='ltr'><strong>adulte—</strong></span> 
     </span>
    </p>
   </div>
   <div class='ocr_carea' id='block_1_4' title="bbox 488 661 2069 731">
    <p class='ocr_par' dir='ltr' id='par_1_4' title="bbox 488 661 2069 731">
     <span class='ocr_line' id='line_1_4' title="bbox 488 661 2069 731; baseline -0.003 -10"><span class='ocrx_word' id='word_1_36' title='bbox 488 666 629 722; x_wconf 89' lang='lat' dir='ltr'><strong>rium</strong></span> <span class='ocrx_word' id='word_1_37' title='bbox 670 681 777 719; x_wconf 87' lang='lat' dir='ltr'><strong>non</strong></span> <span class='ocrx_word' id='word_1_38' title='bbox 804 665 953 719; x_wconf 91' lang='lat' dir='ltr'><strong>timet</strong></span> <span class='ocrx_word' id='word_1_39' title='bbox 994 664 1305 731; x_wconf 81' lang='lat' dir='ltr'><strong>admittere,</strong></span> <span class='ocrx_word' id='word_1_40' title='bbox 1346 661 1544 719; x_wconf 89' lang='lat' dir='ltr'><strong>falsum</strong></span> <span class='ocrx_word' id='word_1_41' title='bbox 1577 663 1945 718; x_wconf 83' lang='lat' dir='ltr'><strong>testimonium</strong></span> <span class='ocrx_word' id='word_1_42' title='bbox 1985 662 2069 717; x_wconf 89' lang='lat' dir='ltr'><strong>di-</strong></span> 
     </span>
    </p>
   </div>
   <div class='ocr_carea' id='block_1_5' title="bbox 491 750 2067 826">
    <p class='ocr_par' dir='ltr' id='par_1_5' title="bbox 491 750 2067 826">
     <span class='ocr_line' id='line_1_5' title="bbox 491 750 2067 826; baseline -0.004 -15"><span class='ocrx_word' id='word_1_43' title='bbox 491 770 643 822; x_wconf 82' lang='lat' dir='ltr'><strong>cere,</strong></span> <span class='ocrx_word' id='word_1_44' title='bbox 678 753 1023 821; x_wconf 74' lang='lat' dir='ltr'><strong>maledicere,</strong></span> <span class='ocrx_word' id='word_1_45' title='bbox 1062 754 1365 826; x_wconf 84' lang='lat' dir='ltr'><strong>perjurare,</strong></span> <span class='ocrx_word' id='word_1_46' title='bbox 1402 768 1503 808; x_wconf 92' lang='lat' dir='ltr'><strong>nec</strong></span> <span class='ocrx_word' id='word_1_47' title='bbox 1529 752 1694 807; x_wconf 87' lang='lat' dir='ltr'><strong>ullum</strong></span> <span class='ocrx_word' id='word_1_48' title='bbox 1734 753 1953 809; x_wconf 88' lang='lat' dir='ltr'><strong>omnino</strong></span> <span class='ocrx_word' id='word_1_49' title='bbox 1984 750 2067 806; x_wconf 82' lang='lat' dir='ltr'><strong>fa-</strong></span> 
     </span>
    </p>
   </div>
   <div class='ocr_carea' id='block_1_6' title="bbox 487 840 2066 916">
    <p class='ocr_par' dir='ltr' id='par_1_6' title="bbox 487 840 2066 916">
     <span class='ocr_line' id='line_1_6' title="bbox 487 840 2066 916; baseline -0.004 -16"><span class='ocrx_word' id='word_1_50' title='bbox 487 846 643 901; x_wconf 91' lang='lat' dir='ltr'><strong>cinus</strong></span> <span class='ocrx_word' id='word_1_51' title='bbox 671 859 833 915; x_wconf 88' lang='lat' dir='ltr'><strong>agere</strong></span> <span class='ocrx_word' id='word_1_52' title='bbox 854 844 1205 916; x_wconf 84' lang='lat' dir='ltr'><strong>pertimescit.</strong></span> <span class='ocrx_word' id='word_1_53' title='bbox 1234 842 1486 913; x_wconf 85' lang='lat' dir='ltr'><strong>Ideoque,</strong></span> <span class='ocrx_word' id='word_1_54' title='bbox 1520 840 1640 897; x_wconf 88' lang='lat' dir='ltr'><strong>sive</strong></span> <span class='ocrx_word' id='word_1_55' title='bbox 1663 841 1761 897; x_wconf 90' lang='lat' dir='ltr'><strong>viri</strong></span> <span class='ocrx_word' id='word_1_56' title='bbox 1802 842 1916 897; x_wconf 86' lang='lat' dir='ltr'><strong>sive</strong></span> <span class='ocrx_word' id='word_1_57' title='bbox 1946 856 2066 894; x_wconf 91' lang='lat' dir='ltr'><strong>mu-</strong></span> 
     </span>
    </p>
   </div>
   <div class='ocr_carea' id='block_1_7' title="bbox 486 932 2064 1007">
    <p class='ocr_par' dir='ltr' id='par_1_7' title="bbox 486 932 2064 1007">
     <span class='ocr_line' id='line_1_7' title="bbox 486 932 2064 1007; baseline -0.002 -18"><span class='ocrx_word' id='word_1_58' title='bbox 486 935 648 991; x_wconf 88' lang='lat' dir='ltr'><strong>lieres</strong></span> <span class='ocrx_word' id='word_1_59' title='bbox 676 934 804 1000; x_wconf 92' lang='lat' dir='ltr'><strong>sint,</strong></span> <span class='ocrx_word' id='word_1_60' title='bbox 828 933 1063 1005; x_wconf 85' lang='lat' dir='ltr'><strong>quitalia</strong></span> <span class='ocrx_word' id='word_1_61' title='bbox 1086 935 1250 1006; x_wconf 84' lang='lat' dir='ltr'><strong>opera</strong></span> <span class='ocrx_word' id='word_1_62' title='bbox 1273 932 1500 998; x_wconf 83' lang='lat' dir='ltr'><strong>faciunt,</strong></span> <span class='ocrx_word' id='word_1_63' title='bbox 1522 948 1629 987; x_wconf 92' lang='lat' dir='ltr'><strong>non</strong></span> <span class='ocrx_word' id='word_1_64' title='bbox 1658 933 1724 987; x_wconf 91' lang='lat' dir='ltr'><strong>ad</strong></span> <span class='ocrx_word' id='word_1_65' title='bbox 1748 932 2064 1007; x_wconf 84' lang='lat' dir='ltr'><strong>remedium,</strong></span> 
     </span>
    </p>
   </div>
   <div class='ocr_carea' id='block_1_8' title="bbox 488 1022 2068 1094">
    <p class='ocr_par' dir='ltr' id='par_1_8' title="bbox 488 1022 2068 1094">
     <span class='ocr_line' id='line_1_8' title="bbox 488 1022 2068 1094; baseline -0.003 -13"><span class='ocrx_word' id='word_1_66' title='bbox 488 1027 583 1081; x_wconf 89' lang='lat' dir='ltr'><strong>sed</strong></span> <span class='ocrx_word' id='word_1_67' title='bbox 613 1023 956 1093; x_wconf 79' lang='lat' dir='ltr'><strong>adjud&#39;rcium</strong></span> <span class='ocrx_word' id='word_1_68' title='bbox 983 1024 1350 1081; x_wconf 87' lang='lat' dir='ltr'><strong>Christianum</strong></span> <span class='ocrx_word' id='word_1_69' title='bbox 1376 1038 1572 1078; x_wconf 86' lang='lat' dir='ltr'><strong>nomen</strong></span> <span class='ocrx_word' id='word_1_70' title='bbox 1598 1031 1653 1080; x_wconf 91' lang='lat' dir='ltr'><strong>et</strong></span> <span class='ocrx_word' id='word_1_71' title='bbox 1687 1022 1940 1094; x_wconf 80' lang='lat' dir='ltr'><strong>baptismi</strong></span> <span class='ocrx_word' id='word_1_72' title='bbox 1981 1036 2068 1078; x_wconf 86' lang='lat' dir='ltr'><strong>sa-</strong></span> 
     </span>
    </p>
   </div>
   <div class='ocr_carea' id='block_1_9' title="bbox 487 1115 2068 1187">
    <p class='ocr_par' dir='ltr' id='par_1_9' title="bbox 487 1115 2068 1187">
     <span class='ocr_line' id='line_1_9' title="bbox 487 1115 2068 1187; baseline -0.001 -15"><span class='ocrx_word' id='word_1_73' title='bbox 487 1126 767 1173; x_wconf 87' lang='lat' dir='ltr'><strong>cramenta</strong></span> <span class='ocrx_word' id='word_1_74' title='bbox 792 1117 1125 1187; x_wconf 89' lang='lat' dir='ltr'><strong>suscipiunt,</strong></span> <span class='ocrx_word' id='word_1_75' title='bbox 1150 1124 1206 1172; x_wconf 89' lang='lat' dir='ltr'><strong>et</strong></span> <span class='ocrx_word' id='word_1_76' title='bbox 1233 1116 1335 1172; x_wconf 88' lang='lat' dir='ltr'><strong>nisi</strong></span> <span class='ocrx_word' id='word_1_77' title='bbox 1365 1115 1738 1187; x_wconf 62' lang='lat' dir='ltr'><strong>paenitentiam</strong></span> <span class='ocrx_word' id='word_1_78' title='bbox 1760 1115 1987 1185; x_wconf 82' lang='lat' dir='ltr'><strong>egerint,</strong></span> <span class='ocrx_word' id='word_1_79' title='bbox 2013 1115 2068 1170; x_wconf 91' lang='lat' dir='ltr'><strong>in</strong></span> 
     </span>
    </p>
   </div>
   <div class='ocr_carea' id='block_1_10' title="bbox 486 1205 2079 1284">
    <p class='ocr_par' dir='ltr' id='par_1_10' title="bbox 486 1205 2079 1284">
     <span class='ocr_line' id='line_1_10' title="bbox 486 1205 2079 1284; baseline -0.002 -23"><span class='ocrx_word' id='word_1_80' title='bbox 486 1215 749 1261; x_wconf 74' lang='lat' dir='ltr'><strong>aeternum</strong></span> <span class='ocrx_word' id='word_1_81' title='bbox 789 1206 1063 1284; x_wconf 86' lang='lat' dir='ltr'><strong>peribunt.</strong></span> <span class='ocrx_word' id='word_1_82' title='bbox 1092 1205 1256 1273; x_wconf 71' lang='lat' dir='ltr'><strong>Reee,</strong></span> <span class='ocrx_word' id='word_1_83' title='bbox 1290 1205 1506 1271; x_wconf 86' lang='lat' dir='ltr'><strong>fratres,</strong></span> <span class='ocrx_word' id='word_1_84' title='bbox 1550 1206 1885 1261; x_wconf 84' lang='lat' dir='ltr'><strong>ostendimus</strong></span> <span class='ocrx_word' id='word_1_85' title='bbox 1917 1205 2079 1260; x_wconf 19' lang='lat' dir='ltr'><strong>vobis.</strong></span> 
     </span>
    </p>
   </div>
   <div class='ocr_carea' id='block_1_11' title="bbox 486 1297 2069 1369">
    <p class='ocr_par' dir='ltr' id='par_1_11' title="bbox 486 1297 2069 1369">
     <span class='ocr_line' id='line_1_11' title="bbox 486 1297 2069 1369; baseline 0.001 -18"><span class='ocrx_word' id='word_1_86' title='bbox 486 1297 677 1367; x_wconf 82' lang='lat' dir='ltr'><strong>quales</strong></span> <span class='ocrx_word' id='word_1_87' title='bbox 700 1298 811 1354; x_wconf 90' lang='lat' dir='ltr'><strong>sint</strong></span> <span class='ocrx_word' id='word_1_88' title='bbox 854 1297 1148 1354; x_wconf 87' lang='lat' dir='ltr'><strong>Christiani</strong></span> <span class='ocrx_word' id='word_1_89' title='bbox 1183 1298 1330 1363; x_wconf 91' lang='lat' dir='ltr'><strong>boni,</strong></span> <span class='ocrx_word' id='word_1_90' title='bbox 1371 1305 1428 1353; x_wconf 88' lang='lat' dir='ltr'><strong>et</strong></span> <span class='ocrx_word' id='word_1_91' title='bbox 1464 1297 1654 1369; x_wconf 83' lang='lat' dir='ltr'><strong>quales</strong></span> <span class='ocrx_word' id='word_1_92' title='bbox 1680 1297 1789 1353; x_wconf 90' lang='lat' dir='ltr'><strong>sint</strong></span> <span class='ocrx_word' id='word_1_93' title='bbox 1826 1297 1986 1363; x_wconf 89' lang='lat' dir='ltr'><strong>mali;</strong></span> <span class='ocrx_word' id='word_1_94' title='bbox 2013 1307 2069 1353; x_wconf 93' lang='lat' dir='ltr'><strong>et</strong></span> 
     </span>
    </p>
   </div>
   <div class='ocr_carea' id='block_1_12' title="bbox 485 1389 2070 1461">
    <p class='ocr_par' dir='ltr' id='par_1_12' title="bbox 485 1389 2070 1461">
     <span class='ocr_line' id='line_1_12' title="bbox 485 1389 2070 1461; baseline 0.001 -17"><span class='ocrx_word' id='word_1_95' title='bbox 485 1404 624 1460; x_wconf 90' lang='lat' dir='ltr'><strong>quos</strong></span> <span class='ocrx_word' id='word_1_96' title='bbox 656 1389 827 1446; x_wconf 90' lang='lat' dir='ltr'><strong>bonos</strong></span> <span class='ocrx_word' id='word_1_97' title='bbox 851 1391 1067 1457; x_wconf 84' lang='lat' dir='ltr'><strong>videtis,</strong></span> <span class='ocrx_word' id='word_1_98' title='bbox 1113 1390 1430 1457; x_wconf 92' lang='lat' dir='ltr'><strong>imitemini;</strong></span> <span class='ocrx_word' id='word_1_99' title='bbox 1457 1395 1593 1461; x_wconf 81' lang='lat' dir='ltr'><strong>quos</strong></span> <span class='ocrx_word' id='word_1_100' title='bbox 1619 1401 1751 1445; x_wconf 85' lang='lat' dir='ltr'><strong>vero</strong></span> <span class='ocrx_word' id='word_1_101' title='bbox 1776 1390 1948 1445; x_wconf 90' lang='lat' dir='ltr'><strong>malos</strong></span> <span class='ocrx_word' id='word_1_102' title='bbox 1978 1405 2070 1446; x_wconf 86' lang='lat' dir='ltr'><strong>co-</strong></span> 
     </span>
    </p>
   </div>
   <div class='ocr_carea' id='block_1_13' title="bbox 486 1479 2071 1553">
    <p class='ocr_par' dir='ltr' id='par_1_13' title="bbox 486 1479 2071 1553">
     <span class='ocr_line' id='line_1_13' title="bbox 486 1479 2071 1553; baseline -0.001 -18"><span class='ocrx_word' id='word_1_103' title='bbox 486 1481 768 1551; x_wconf 89' lang='lat' dir='ltr'><strong>gnoscitis,</strong></span> <span class='ocrx_word' id='word_1_104' title='bbox 798 1481 1062 1553; x_wconf 75' lang='lat' dir='ltr'><strong>castigate</strong></span> <span class='ocrx_word' id='word_1_105' title='bbox 1096 1493 1327 1551; x_wconf 88' lang='lat' dir='ltr'><strong>semper,</strong></span> <span class='ocrx_word' id='word_1_106' title='bbox 1362 1480 1656 1551; x_wconf 78' lang='lat' dir='ltr'><strong>increpata,</strong></span> <span class='ocrx_word' id='word_1_107' title='bbox 1695 1479 1973 1549; x_wconf 83' lang='lat' dir='ltr'><strong>corripite,</strong></span> <span class='ocrx_word' id='word_1_108' title='bbox 2010 1490 2071 1533; x_wconf 91' lang='lat' dir='ltr'><strong>ut</strong></span> 
     </span>
    </p>
   </div>
   <div class='ocr_carea' id='block_1_14' title="bbox 486 1558 2071 1645">
    <p class='ocr_par' dir='ltr' id='par_1_14' title="bbox 486 1558 2071 1645">
     <span class='ocr_line' id='line_1_14' title="bbox 486 1558 2071 1645; baseline -0.002 -19"><span class='ocrx_word' id='word_1_109' title='bbox 486 1577 543 1626; x_wconf 88' lang='lat' dir='ltr'><strong>et</strong></span> <span class='ocrx_word' id='word_1_110' title='bbox 570 1569 638 1624; x_wconf 91' lang='lat' dir='ltr'><strong>de</strong></span> <span class='ocrx_word' id='word_1_111' title='bbox 662 1558 905 1639; x_wconf 77' lang='lat' dir='ltr'><strong>proiectu</strong></span> <span class='ocrx_word' id='word_1_112' title='bbox 930 1571 1117 1627; x_wconf 87' lang='lat' dir='ltr'><strong>vestro</strong></span> <span class='ocrx_word' id='word_1_113' title='bbox 1144 1576 1199 1623; x_wconf 89' lang='lat' dir='ltr'><strong>et</strong></span> <span class='ocrx_word' id='word_1_114' title='bbox 1239 1568 1306 1623; x_wconf 92' lang='lat' dir='ltr'><strong>de</strong></span> <span class='ocrx_word' id='word_1_115' title='bbox 1351 1568 1568 1623; x_wconf 90' lang='lat' dir='ltr'><strong>illorum</strong></span> <span class='ocrx_word' id='word_1_116' title='bbox 1606 1568 1941 1645; x_wconf 85' lang='lat' dir='ltr'><strong>correctione</strong></span> <span class='ocrx_word' id='word_1_117' title='bbox 1974 1566 2071 1645; x_wconf 84' lang='lat' dir='ltr'><strong>du—</strong></span> 
     </span>
    </p>
   </div>
   <div class='ocr_carea' id='block_1_15' title="bbox 484 1643 2069 1732">
    <p class='ocr_par' dir='ltr' id='par_1_15' title="bbox 484 1643 2069 1732">
     <span class='ocr_line' id='line_1_15' title="bbox 484 1643 2069 1732; baseline 0.002 -18"><span class='ocrx_word' id='word_1_118' title='bbox 484 1660 681 1732; x_wconf 88' lang='lat' dir='ltr'><strong>plicem</strong></span> <span class='ocrx_word' id='word_1_119' title='bbox 731 1663 1037 1719; x_wconf 83' lang='lat' dir='ltr'><strong>mercedem</strong></span> <span class='ocrx_word' id='word_1_120' title='bbox 1069 1662 1271 1718; x_wconf 89' lang='lat' dir='ltr'><strong>habere</strong></span> <span class='ocrx_word' id='word_1_121' title='bbox 1310 1661 1567 1732; x_wconf 88' lang='lat' dir='ltr'><strong>possitis;</strong></span> <span class='ocrx_word' id='word_1_122' title='bbox 1620 1643 1913 1732; x_wconf 71' lang='lat' dir='ltr'><strong>prteStante</strong></span> <span class='ocrx_word' id='word_1_123' title='bbox 1959 1643 2069 1717; x_wconf 87' lang='lat' dir='ltr'><strong>Do-</strong></span> 
     </span>
    </p>
   </div>
   <div class='ocr_carea' id='block_1_16' title="bbox 487 1750 2068 1821">
    <p class='ocr_par' dir='ltr' id='par_1_16' title="bbox 487 1750 2068 1821">
     <span class='ocr_line' id='line_1_16' title="bbox 487 1750 2068 1821; baseline 0.001 -15"><span class='ocrx_word' id='word_1_124' title='bbox 487 1750 637 1807; x_wconf 86' lang='lat' dir='ltr'><strong>mino</strong></span> <span class='ocrx_word' id='word_1_125' title='bbox 660 1760 845 1807; x_wconf 91' lang='lat' dir='ltr'><strong>nostro</strong></span> <span class='ocrx_word' id='word_1_126' title='bbox 871 1751 999 1808; x_wconf 67' lang='lat' dir='ltr'><strong>Iesu</strong></span> <span class='ocrx_word' id='word_1_127' title='bbox 1021 1751 1259 1819; x_wconf 85' lang='lat' dir='ltr'><strong>Christo,</strong></span> <span class='ocrx_word' id='word_1_128' title='bbox 1274 1752 1457 1821; x_wconf 81' lang='lat' dir='ltr'><strong>judice</strong></span> <span class='ocrx_word' id='word_1_129' title='bbox 1478 1755 1721 1809; x_wconf 92' lang='lat' dir='ltr'><strong>vivorum</strong></span> <span class='ocrx_word' id='word_1_130' title='bbox 1746 1761 1803 1809; x_wconf 92' lang='lat' dir='ltr'><strong>et</strong></span> <span class='ocrx_word' id='word_1_131' title='bbox 1827 1761 2068 1809; x_wconf 89' lang='lat' dir='ltr'><strong>mortuo-</strong></span> 
     </span>
    </p>
   </div>
   <div class='ocr_carea' id='block_1_17' title="bbox 2166 572 3756 645">
    <p class='ocr_par' dir='ltr' id='par_1_17' title="bbox 2166 572 3756 645">
     <span class='ocr_line' id='line_1_17' title="bbox 2166 572 3756 645; baseline -0.002 -16"><span class='ocrx_word' id='word_1_132' title='bbox 2166 575 2448 645; x_wconf 74' lang='lat' dir='ltr'><strong>prtedicat,</strong></span> <span class='ocrx_word' id='word_1_133' title='bbox 2489 575 2543 628; x_wconf 92' lang='lat' dir='ltr'><strong>in</strong></span> <span class='ocrx_word' id='word_1_134' title='bbox 2572 584 2751 629; x_wconf 89' lang='lat' dir='ltr'><strong>mente</strong></span> <span class='ocrx_word' id='word_1_135' title='bbox 2781 572 2893 629; x_wconf 90' lang='lat' dir='ltr'><strong>sive</strong></span> <span class='ocrx_word' id='word_1_136' title='bbox 2927 575 2981 629; x_wconf 92' lang='lat' dir='ltr'><strong>in</strong></span> <span class='ocrx_word' id='word_1_137' title='bbox 3009 572 3343 643; x_wconf 80' lang='lat' dir='ltr'><strong>professione</strong></span> <span class='ocrx_word' id='word_1_138' title='bbox 3380 574 3633 639; x_wconf 84' lang='lat' dir='ltr'><strong>teneatis,</strong></span> <span class='ocrx_word' id='word_1_139' title='bbox 3666 589 3756 627; x_wconf 88' lang='lat' dir='ltr'><strong>seu</strong></span> 
     </span>
    </p>
   </div>
   <div class='ocr_carea' id='block_1_18' title="bbox 2166 662 3756 734">
    <p class='ocr_par' dir='ltr' id='par_1_18' title="bbox 2166 662 3756 734">
     <span class='ocr_line' id='line_1_18' title="bbox 2166 662 3756 734; baseline -0.002 -16"><span class='ocrx_word' id='word_1_140' title='bbox 2166 663 2330 718; x_wconf 89' lang='lat' dir='ltr'><strong>etiam</strong></span> <span class='ocrx_word' id='word_1_141' title='bbox 2380 664 2623 719; x_wconf 91' lang='lat' dir='ltr'><strong>moribus</strong></span> <span class='ocrx_word' id='word_1_142' title='bbox 2655 663 2975 718; x_wconf 84' lang='lat' dir='ltr'><strong>ostendatis.</strong></span> <span class='ocrx_word' id='word_1_143' title='bbox 3025 662 3155 717; x_wconf 87' lang='lat' dir='ltr'><strong>Post</strong></span> <span class='ocrx_word' id='word_1_144' title='bbox 3200 663 3341 718; x_wconf 89' lang='lat' dir='ltr'><strong>hane</strong></span> <span class='ocrx_word' id='word_1_145' title='bbox 3393 677 3522 734; x_wconf 87' lang='lat' dir='ltr'><strong>ergo</strong></span> <span class='ocrx_word' id='word_1_146' title='bbox 3575 662 3756 727; x_wconf 89' lang='lat' dir='ltr'><strong>ﬁdem,</strong></span> 
     </span>
    </p>
   </div>
   <div class='ocr_carea' id='block_1_19' title="bbox 2168 753 3754 823">
    <p class='ocr_par' dir='ltr' id='par_1_19' title="bbox 2168 753 3754 823">
     <span class='ocr_line' id='line_1_19' title="bbox 2168 753 3754 823; baseline -0.001 -16"><span class='ocrx_word' id='word_1_147' title='bbox 2168 766 2317 822; x_wconf 89' lang='lat' dir='ltr'><strong>spem</strong></span> <span class='ocrx_word' id='word_1_148' title='bbox 2353 753 2566 811; x_wconf 86' lang='lat' dir='ltr'><strong>ﬁrmam</strong></span> <span class='ocrx_word' id='word_1_149' title='bbox 2607 754 2807 808; x_wconf 88' lang='lat' dir='ltr'><strong>habere</strong></span> <span class='ocrx_word' id='word_1_150' title='bbox 2838 753 3046 819; x_wconf 88' lang='lat' dir='ltr'><strong>discite,</strong></span> <span class='ocrx_word' id='word_1_151' title='bbox 3079 767 3197 823; x_wconf 71' lang='lat' dir='ltr'><strong>qua:</strong></span> <span class='ocrx_word' id='word_1_152' title='bbox 3228 753 3467 807; x_wconf 89' lang='lat' dir='ltr'><strong>animum</strong></span> <span class='ocrx_word' id='word_1_153' title='bbox 3507 760 3754 806; x_wconf 89' lang='lat' dir='ltr'><strong>nostrum</strong></span> 
     </span>
    </p>
   </div>
   <div class='ocr_carea' id='block_1_20' title="bbox 2167 841 3757 915">
    <p class='ocr_par' dir='ltr' id='par_1_20' title="bbox 2167 841 3757 915">
     <span class='ocr_line' id='line_1_20' title="bbox 2167 841 3757 915; baseline -0.002 -18"><span class='ocrx_word' id='word_1_154' title='bbox 2167 842 2536 897; x_wconf 82' lang='lat' dir='ltr'><strong>ad‘invisibilia</strong></span> <span class='ocrx_word' id='word_1_155' title='bbox 2553 843 2740 909; x_wconf 87' lang='lat' dir='ltr'><strong>trahit,</strong></span> <span class='ocrx_word' id='word_1_156' title='bbox 2755 851 2809 898; x_wconf 90' lang='lat' dir='ltr'><strong>et</strong></span> <span class='ocrx_word' id='word_1_157' title='bbox 2822 842 3174 915; x_wconf 83' lang='lat' dir='ltr'><strong>intentionem</strong></span> <span class='ocrx_word' id='word_1_158' title='bbox 3188 851 3427 897; x_wconf 89' lang='lat' dir='ltr'><strong>nostram</strong></span> <span class='ocrx_word' id='word_1_159' title='bbox 3440 843 3493 896; x_wconf 91' lang='lat' dir='ltr'><strong>in</strong></span> <span class='ocrx_word' id='word_1_160' title='bbox 3514 841 3757 897; x_wconf 74' lang='lat' dir='ltr'><strong>cmlestia</strong></span> 
     </span>
    </p>
   </div>
   <div class='ocr_carea' id='block_1_21' title="bbox 2166 926 3733 1004">
    <p class='ocr_par' dir='ltr' id='par_1_21' title="bbox 2166 926 3733 1004">
     <span class='ocr_line' id='line_1_21' title="bbox 2166 926 3733 1004; baseline 0 -17"><span class='ocrx_word' id='word_1_161' title='bbox 2166 940 2223 987; x_wconf 91' lang='lat' dir='ltr'><strong>et</strong></span> <span class='ocrx_word' id='word_1_162' title='bbox 2246 941 2450 989; x_wconf 63' lang='lat' dir='ltr'><strong>aeterna</strong></span> <span class='ocrx_word' id='word_1_163' title='bbox 2490 933 2702 998; x_wconf 88' lang='lat' dir='ltr'><strong>inserit,</strong></span> <span class='ocrx_word' id='word_1_164' title='bbox 2738 942 2794 988; x_wconf 91' lang='lat' dir='ltr'><strong>et</strong></span> <span class='ocrx_word' id='word_1_165' title='bbox 2820 926 3216 1004; x_wconf 84' lang='lat' dir='ltr'><strong>quodammodo</strong></span> <span class='ocrx_word' id='word_1_166' title='bbox 3256 930 3483 986; x_wconf 85' lang='lat' dir='ltr'><strong>nexibus</strong></span> <span class='ocrx_word' id='word_1_167' title='bbox 3520 931 3733 987; x_wconf 88' lang='lat' dir='ltr'><strong>indisso</strong></span> 
     </span>
    </p>
   </div>
   <div class='ocr_carea' id='block_1_22' title="bbox 2166 1021 3758 1095">
    <p class='ocr_par' dir='ltr' id='par_1_22' title="bbox 2166 1021 3758 1095">
     <span class='ocr_line' id='line_1_22' title="bbox 2166 1021 3758 1095; baseline 0.001 -19"><span class='ocrx_word' id='word_1_168' title='bbox 2166 1021 2424 1078; x_wconf 84' lang='lat' dir='ltr'><strong>lubilibus</strong></span> <span class='ocrx_word' id='word_1_169' title='bbox 2462 1023 2623 1095; x_wconf 87' lang='lat' dir='ltr'><strong>ligat;</strong></span> <span class='ocrx_word' id='word_1_170' title='bbox 2653 1037 2773 1093; x_wconf 87' lang='lat' dir='ltr'><strong>quae</strong></span> <span class='ocrx_word' id='word_1_171' title='bbox 2805 1038 2913 1077; x_wconf 90' lang='lat' dir='ltr'><strong>non</strong></span> <span class='ocrx_word' id='word_1_172' title='bbox 2949 1022 3166 1092; x_wconf 90' lang='lat' dir='ltr'><strong>decipit,</strong></span> <span class='ocrx_word' id='word_1_173' title='bbox 3199 1021 3292 1077; x_wconf 89' lang='lat' dir='ltr'><strong>sed</strong></span> <span class='ocrx_word' id='word_1_174' title='bbox 3329 1022 3558 1080; x_wconf 81' lang='lat' dir='ltr'><strong>ﬁdeliter</strong></span> <span class='ocrx_word' id='word_1_175' title='bbox 3596 1023 3758 1078; x_wconf 85' lang='lat' dir='ltr'><strong>obse-</strong></span> 
     </span>
    </p>
   </div>
   <div class='ocr_carea' id='block_1_23' title="bbox 2167 1110 3758 1181">
    <p class='ocr_par' dir='ltr' id='par_1_23' title="bbox 2167 1110 3758 1181">
     <span class='ocr_line' id='line_1_23' title="bbox 2167 1110 3758 1181; baseline 0.001 -16"><span class='ocrx_word' id='word_1_176' title='bbox 2167 1120 2396 1181; x_wconf 85' lang='lat' dir='ltr'><strong>quentes</strong></span> <span class='ocrx_word' id='word_1_177' title='bbox 2430 1112 2501 1167; x_wconf 89' lang='lat' dir='ltr'><strong>ad</strong></span> <span class='ocrx_word' id='word_1_178' title='bbox 2543 1120 2803 1167; x_wconf 61' lang='lat' dir='ltr'><strong>mternam</strong></span> <span class='ocrx_word' id='word_1_179' title='bbox 2841 1110 3227 1167; x_wconf 86' lang='lat' dir='ltr'><strong>beatitudinem</strong></span> <span class='ocrx_word' id='word_1_180' title='bbox 3268 1111 3533 1181; x_wconf 84' lang='lat' dir='ltr'><strong>perducit.</strong></span> <span class='ocrx_word' id='word_1_181' title='bbox 3590 1111 3758 1166; x_wconf 76' lang='lat' dir='ltr'><strong>Nemo</strong></span> 
     </span>
    </p>
   </div>
   <div class='ocr_carea' id='block_1_24' title="bbox 2167 1194 3760 1281">
    <p class='ocr_par' dir='ltr' id='par_1_24' title="bbox 2167 1194 3760 1281">
     <span class='ocr_line' id='line_1_24' title="bbox 2167 1194 3760 1281; baseline 0 -24"><span class='ocrx_word' id='word_1_182' title='bbox 2167 1202 2353 1272; x_wconf 78' lang='lat' dir='ltr'><strong>igitur,</strong></span> <span class='ocrx_word' id='word_1_183' title='bbox 2375 1194 2625 1273; x_wconf 83' lang='lat' dir='ltr'><strong>quamvis</strong></span> <span class='ocrx_word' id='word_1_184' title='bbox 2665 1202 2873 1281; x_wconf 78' lang='lat' dir='ltr'><strong>ingenti</strong></span> <span class='ocrx_word' id='word_1_185' title='bbox 2914 1209 3257 1273; x_wconf 88' lang='lat' dir='ltr'><strong>peccatorum</strong></span> <span class='ocrx_word' id='word_1_186' title='bbox 3282 1202 3519 1273; x_wconf 84' lang='lat' dir='ltr'><strong>pondere</strong></span> <span class='ocrx_word' id='word_1_187' title='bbox 3546 1218 3760 1272; x_wconf 84' lang='lat' dir='ltr'><strong>prema-</strong></span> 
     </span>
    </p>
   </div>
   <div class='ocr_carea' id='block_1_25' title="bbox 2167 1285 3756 1366">
    <p class='ocr_par' dir='ltr' id='par_1_25' title="bbox 2167 1285 3756 1366">
     <span class='ocr_line' id='line_1_25' title="bbox 2167 1285 3756 1366; baseline -0.001 -16"><span class='ocrx_word' id='word_1_188' title='bbox 2167 1301 2279 1362; x_wconf 88' lang='lat' dir='ltr'><strong>tur,</strong></span> <span class='ocrx_word' id='word_1_189' title='bbox 2312 1294 2381 1350; x_wconf 88' lang='lat' dir='ltr'><strong>de</strong></span> <span class='ocrx_word' id='word_1_190' title='bbox 2422 1294 2665 1351; x_wconf 82' lang='lat' dir='ltr'><strong>bonitate</strong></span> <span class='ocrx_word' id='word_1_191' title='bbox 2706 1296 2905 1350; x_wconf 73' lang='lat' dir='ltr'><strong>divina:</strong></span> <span class='ocrx_word' id='word_1_192' title='bbox 2946 1295 3169 1366; x_wconf 89' lang='lat' dir='ltr'><strong>pietatis</strong></span> <span class='ocrx_word' id='word_1_193' title='bbox 3219 1294 3509 1366; x_wconf 89' lang='lat' dir='ltr'><strong>desperare</strong></span> <span class='ocrx_word' id='word_1_194' title='bbox 3538 1285 3756 1357; x_wconf 79' lang='lat' dir='ltr'><strong>debet;</strong></span> 
     </span>
    </p>
   </div>
   <div class='ocr_carea' id='block_1_26' title="bbox 2169 1386 3759 1460">
    <p class='ocr_par' dir='ltr' id='par_1_26' title="bbox 2169 1386 3759 1460">
     <span class='ocr_line' id='line_1_26' title="bbox 2169 1386 3759 1460; baseline -0.003 -15"><span class='ocrx_word' id='word_1_195' title='bbox 2169 1387 2263 1445; x_wconf 84' lang='lat' dir='ltr'><strong>sed</strong></span> <span class='ocrx_word' id='word_1_196' title='bbox 2298 1402 2393 1459; x_wconf 85' lang='lat' dir='ltr'><strong>spe</strong></span> <span class='ocrx_word' id='word_1_197' title='bbox 2420 1396 2581 1445; x_wconf 65' lang='lat' dir='ltr'><strong>certae</strong></span> <span class='ocrx_word' id='word_1_198' title='bbox 2610 1387 2996 1449; x_wconf 64' lang='lat' dir='ltr'><strong>misericordia:</strong></span> <span class='ocrx_word' id='word_1_199' title='bbox 3038 1387 3181 1443; x_wconf 91' lang='lat' dir='ltr'><strong>illius</strong></span> <span class='ocrx_word' id='word_1_200' title='bbox 3224 1388 3610 1460; x_wconf 86' lang='lat' dir='ltr'><strong>indulgentiam</strong></span> <span class='ocrx_word' id='word_1_201' title='bbox 3656 1386 3759 1442; x_wconf 80' lang='lat' dir='ltr'><strong>sibi</strong></span> 
     </span>
    </p>
   </div>
   <div class='ocr_carea' id='block_1_27' title="bbox 2169 1477 3756 1551">
    <p class='ocr_par' dir='ltr' id='par_1_27' title="bbox 2169 1477 3756 1551">
     <span class='ocr_line' id='line_1_27' title="bbox 2169 1477 3756 1551; baseline -0.005 -16"><span class='ocrx_word' id='word_1_202' title='bbox 2169 1478 2499 1551; x_wconf 89' lang='lat' dir='ltr'><strong>quotidianis</strong></span> <span class='ocrx_word' id='word_1_203' title='bbox 2521 1477 2802 1549; x_wconf 88' lang='lat' dir='ltr'><strong>deprecari</strong></span> <span class='ocrx_word' id='word_1_204' title='bbox 2847 1477 3123 1549; x_wconf 82' lang='lat' dir='ltr'><strong>laerymis,</strong></span> <span class='ocrx_word' id='word_1_205' title='bbox 3154 1491 3316 1547; x_wconf 87' lang='lat' dir='ltr'><strong>quam</strong></span> <span class='ocrx_word' id='word_1_206' title='bbox 3354 1485 3503 1532; x_wconf 87' lang='lat' dir='ltr'><strong>certe</strong></span> <span class='ocrx_word' id='word_1_207' title='bbox 3532 1490 3756 1545; x_wconf 89' lang='lat' dir='ltr'><strong>sperare</strong></span> 
     </span>
    </p>
   </div>
   <div class='ocr_carea' id='block_1_28' title="bbox 2150 1567 3761 1642">
    <p class='ocr_par' dir='ltr' id='par_1_28' title="bbox 2150 1567 3761 1642">
     <span class='ocr_line' id='line_1_28' title="bbox 2150 1567 3761 1642; baseline -0.004 -16"><span class='ocrx_word' id='word_1_208' title='bbox 2150 1570 2360 1642; x_wconf 79' lang='lat' dir='ltr'><strong>,possit,</strong></span> <span class='ocrx_word' id='word_1_209' title='bbox 2397 1570 2444 1625; x_wconf 90' lang='lat' dir='ltr'><strong>si</strong></span> <span class='ocrx_word' id='word_1_210' title='bbox 2478 1570 2549 1625; x_wconf 85' lang='lat' dir='ltr'><strong>ab</strong></span> <span class='ocrx_word' id='word_1_211' title='bbox 2576 1568 2788 1625; x_wconf 84' lang='lat' dir='ltr'><strong>actione</strong></span> <span class='ocrx_word' id='word_1_212' title='bbox 2820 1568 2975 1641; x_wconf 88' lang='lat' dir='ltr'><strong>pravi</strong></span> <span class='ocrx_word' id='word_1_213' title='bbox 3006 1569 3186 1639; x_wconf 89' lang='lat' dir='ltr'><strong>operis</strong></span> <span class='ocrx_word' id='word_1_214' title='bbox 3211 1568 3462 1622; x_wconf 87' lang='lat' dir='ltr'><strong>cessabit.</strong></span> <span class='ocrx_word' id='word_1_215' title='bbox 3502 1567 3627 1623; x_wconf 78' lang='lat' dir='ltr'><strong>[dco</strong></span> <span class='ocrx_word' id='word_1_216' title='bbox 3652 1581 3761 1621; x_wconf 90' lang='lat' dir='ltr'><strong>non</strong></span> 
     </span>
    </p>
   </div>
   <div class='ocr_carea' id='block_1_29' title="bbox 2168 1656 3759 1730">
    <p class='ocr_par' dir='ltr' id='par_1_29' title="bbox 2168 1656 3759 1730">
     <span class='ocr_line' id='line_1_29' title="bbox 2168 1656 3759 1730; baseline -0.001 -17"><span class='ocrx_word' id='word_1_217' title='bbox 2168 1666 2389 1730; x_wconf 87' lang='lat' dir='ltr'><strong>propter</strong></span> <span class='ocrx_word' id='word_1_218' title='bbox 2417 1673 2566 1728; x_wconf 88' lang='lat' dir='ltr'><strong>spem</strong></span> <span class='ocrx_word' id='word_1_219' title='bbox 2594 1657 2765 1712; x_wconf 74' lang='lat' dir='ltr'><strong>venite</strong></span> <span class='ocrx_word' id='word_1_220' title='bbox 2783 1665 3197 1728; x_wconf 86' lang='lat' dir='ltr'><strong>perseveranter</strong></span> <span class='ocrx_word' id='word_1_221' title='bbox 3220 1671 3451 1727; x_wconf 89' lang='lat' dir='ltr'><strong>peccare</strong></span> <span class='ocrx_word' id='word_1_222' title='bbox 3478 1656 3759 1721; x_wconf 86' lang='lat' dir='ltr'><strong>debemus,</strong></span> 
     </span>
    </p>
   </div>
   <div class='ocr_carea' id='block_1_30' title="bbox 2173 1743 3761 1818">
    <p class='ocr_par' dir='ltr' id='par_1_30' title="bbox 2173 1743 3761 1818">
     <span class='ocr_line' id='line_1_30' title="bbox 2173 1743 3761 1818; baseline -0.003 -15"><span class='ocrx_word' id='word_1_223' title='bbox 2173 1762 2349 1818; x_wconf 89' lang='lat' dir='ltr'><strong>neque</strong></span> <span class='ocrx_word' id='word_1_224' title='bbox 2368 1748 2495 1818; x_wconf 88' lang='lat' dir='ltr'><strong>quia</strong></span> <span class='ocrx_word' id='word_1_225' title='bbox 2535 1746 2678 1803; x_wconf 87' lang='lat' dir='ltr'><strong>Deus</strong></span> <span class='ocrx_word' id='word_1_226' title='bbox 2699 1743 2846 1815; x_wconf 79' lang='lat' dir='ltr'><strong>juste</strong></span> <span class='ocrx_word' id='word_1_227' title='bbox 2872 1756 3097 1817; x_wconf 86' lang='lat' dir='ltr'><strong>peccata</strong></span> <span class='ocrx_word' id='word_1_228' title='bbox 3122 1746 3294 1817; x_wconf 88' lang='lat' dir='ltr'><strong>punit,</strong></span> <span class='ocrx_word' id='word_1_229' title='bbox 3325 1746 3539 1801; x_wconf 88' lang='lat' dir='ltr'><strong>veniam</strong></span> <span class='ocrx_word' id='word_1_230' title='bbox 3570 1745 3761 1813; x_wconf 85' lang='lat' dir='ltr'><strong>despc-</strong></span> 
     </span>
    </p>
   </div>
   <div class='ocr_carea' id='block_1_31' title="bbox 488 1829 3764 1916">
    <p class='ocr_par' dir='ltr' id='par_1_31' title="bbox 488 1829 3764 1916">
     <span class='ocr_line' id='line_1_31' title="bbox 488 1829 3764 1916; baseline -0.003 -17"><span class='ocrx_word' id='word_1_231' title='bbox 488 1859 631 1907; x_wconf 89' lang='lat' dir='ltr'><strong>rum,</strong></span> <span class='ocrx_word' id='word_1_232' title='bbox 660 1845 752 1916; x_wconf 89' lang='lat' dir='ltr'><strong>qui</strong></span> <span class='ocrx_word' id='word_1_233' title='bbox 782 1844 915 1900; x_wconf 84' lang='lat' dir='ltr'><strong>vivit</strong></span> <span class='ocrx_word' id='word_1_234' title='bbox 943 1853 997 1900; x_wconf 89' lang='lat' dir='ltr'><strong>et</strong></span> <span class='ocrx_word' id='word_1_235' title='bbox 1040 1853 1231 1916; x_wconf 81' lang='lat' dir='ltr'><strong>regnat</strong></span> <span class='ocrx_word' id='word_1_236' title='bbox 1259 1860 1381 1900; x_wconf 90' lang='lat' dir='ltr'><strong>cum</strong></span> <span class='ocrx_word' id='word_1_237' title='bbox 1425 1844 1537 1900; x_wconf 81' lang='lat' dir='ltr'><strong>Deo</strong></span> <span class='ocrx_word' id='word_1_238' title='bbox 1575 1844 1735 1901; x_wconf 82' lang='lat' dir='ltr'><strong>Patre</strong></span> <span class='ocrx_word' id='word_1_239' title='bbox 1780 1845 1835 1899; x_wconf 86' lang='lat' dir='ltr'><strong>in</strong></span> <span class='ocrx_word' id='word_1_240' title='bbox 1862 1847 2067 1901; x_wconf 67' lang='lat' dir='ltr'><strong>unitate</strong></span> <span class='ocrx_word' id='word_1_241' title='bbox 2102 1829 2145 1887; x_wconf 89' lang='grc' dir='ltr'>Β</span> <span class='ocrx_word' id='word_1_242' title='bbox 2173 1853 2295 1893; x_wconf 90' lang='lat' dir='ltr'><strong>rare</strong></span> <span class='ocrx_word' id='word_1_243' title='bbox 2324 1837 2604 1903; x_wconf 88' lang='lat' dir='ltr'><strong>debemus,</strong></span> <span class='ocrx_word' id='word_1_244' title='bbox 2652 1837 2749 1893; x_wconf 91' lang='lat' dir='ltr'><strong>sed</strong></span> <span class='ocrx_word' id='word_1_245' title='bbox 2798 1843 3028 1907; x_wconf 88' lang='lat' dir='ltr'><strong>utroque</strong></span> <span class='ocrx_word' id='word_1_246' title='bbox 3073 1835 3312 1906; x_wconf 88' lang='lat' dir='ltr'><strong>pericqu</strong></span> <span class='ocrx_word' id='word_1_247' title='bbox 3362 1834 3584 1899; x_wconf 85' lang='lat' dir='ltr'><strong>evitato,</strong></span> <span class='ocrx_word' id='word_1_248' title='bbox 3634 1842 3689 1889; x_wconf 85' lang='lat' dir='ltr'><strong>et</strong></span> <span class='ocrx_word' id='word_1_249' title='bbox 3730 1847 3764 1888; x_wconf 88' lang='lat' dir='ltr'><strong>a</strong></span> 
     </span>
    </p>
   </div>
   <div class='ocr_carea' id='block_1_32' title="bbox 488 1931 2072 2007">
    <p class='ocr_par' dir='ltr' id='par_1_32' title="bbox 488 1931 2072 2007">
     <span class='ocr_line' id='line_1_32' title="bbox 488 1931 2072 2007; baseline 0.003 -21"><span class='ocrx_word' id='word_1_250' title='bbox 488 1931 727 2003; x_wconf 84' lang='lat' dir='ltr'><strong>Spiritus</strong></span> <span class='ocrx_word' id='word_1_251' title='bbox 795 1935 1002 2002; x_wconf 86' lang='lat' dir='ltr'><strong>sancti,</strong></span> <span class='ocrx_word' id='word_1_252' title='bbox 1071 1950 1169 2007; x_wconf 90' lang='lat' dir='ltr'><strong>per</strong></span> <span class='ocrx_word' id='word_1_253' title='bbox 1220 1936 1400 1992; x_wconf 90' lang='lat' dir='ltr'><strong>omnia</strong></span> <span class='ocrx_word' id='word_1_254' title='bbox 1459 1934 1654 1991; x_wconf 65' lang='lat' dir='ltr'><strong>saecula</strong></span> <span class='ocrx_word' id='word_1_255' title='bbox 1728 1935 2072 1992; x_wconf 69' lang='lat' dir='ltr'><strong>saeculorum.</strong></span> 
     </span>
    </p>
   </div>
   <div class='ocr_carea' id='block_1_33' title="bbox 487 2023 676 2077">
    <p class='ocr_par' dir='ltr' id='par_1_33' title="bbox 487 2023 676 2077">
     <span class='ocr_line' id='line_1_33' title="bbox 487 2023 676 2077; baseline 0.005 -1"><span class='ocrx_word' id='word_1_256' title='bbox 487 2023 676 2077; x_wconf 78' lang='lat' dir='ltr'><strong>Amen.</strong></span> 
     </span>
    </p>
   </div>
   <div class='ocr_carea' id='block_1_34' title="bbox 1045 2112 1524 2171">
    <p class='ocr_par' dir='ltr' id='par_1_34' title="bbox 1045 2112 1524 2171">
     <span class='ocr_line' id='line_1_34' title="bbox 1045 2112 1524 2171; baseline 0 -3"><span class='ocrx_word' id='word_1_257' title='bbox 1045 2112 1327 2171; x_wconf 78' lang='lat' dir='ltr'><strong>HOMILIA</strong></span> <span class='ocrx_word' id='word_1_258' title='bbox 1367 2114 1524 2169; x_wconf 79' lang='lat' dir='ltr'><strong>XLV.</strong></span> 
     </span>
    </p>
   </div>
   <div class='ocr_carea' id='block_1_35' title="bbox 835 2218 1711 2268">
    <p class='ocr_par' dir='ltr' id='par_1_35' title="bbox 835 2218 1711 2268">
     <span class='ocr_line' id='line_1_35' title="bbox 835 2218 1711 2268; baseline 0 -10"><span class='ocrx_word' id='word_1_259' title='bbox 835 2218 904 2258; x_wconf 71' lang='lat' dir='ltr'><strong>DE</strong></span> <span class='ocrx_word' id='word_1_260' title='bbox 942 2220 1098 2268; x_wconf 72' lang='lat' dir='ltr'><strong>FIDE,</strong></span> <span class='ocrx_word' id='word_1_261' title='bbox 1137 2218 1231 2260; x_wconf 68' lang='lat' dir='ltr'><strong>SPE</strong></span> <span class='ocrx_word' id='word_1_262' title='bbox 1272 2220 1341 2260; x_wconf 77' lang='grc' dir='ltr'><strong>ετ</strong></span> <span class='ocrx_word' id='word_1_263' title='bbox 1380 2220 1711 2260; x_wconf 68' lang='lat' dir='ltr'><strong>CHARITA’I’E.</strong></span> 
     </span>
    </p>
   </div>
   <div class='ocr_carea' id='block_1_36' title="bbox 560 2290 2076 2369">
    <p class='ocr_par' dir='ltr' id='par_1_36' title="bbox 560 2290 2076 2369">
     <span class='ocr_line' id='line_1_36' title="bbox 560 2290 2076 2369; baseline 0.001 -22"><span class='ocrx_word' id='word_1_264' title='bbox 560 2290 883 2362; x_wconf 84' lang='lat' dir='ltr'><strong>Quicunque</strong></span> <span class='ocrx_word' id='word_1_265' title='bbox 926 2290 1296 2348; x_wconf 88' lang='lat' dir='ltr'><strong>Christianum</strong></span> <span class='ocrx_word' id='word_1_266' title='bbox 1339 2308 1534 2348; x_wconf 91' lang='lat' dir='ltr'><strong>nomen</strong></span> <span class='ocrx_word' id='word_1_267' title='bbox 1564 2300 1731 2361; x_wconf 89' lang='lat' dir='ltr'><strong>tenet,</strong></span> <span class='ocrx_word' id='word_1_268' title='bbox 1760 2302 1817 2350; x_wconf 94' lang='lat' dir='ltr'><strong>et</strong></span> <span class='ocrx_word' id='word_1_269' title='bbox 1844 2293 2076 2369; x_wconf 58' lang='lat' dir='ltr'><strong>quieuna</strong></span> 
     </span>
    </p>
   </div>
   <div class='ocr_carea' id='block_1_37' title="bbox 488 2378 2081 2452">
    <p class='ocr_par' dir='ltr' id='par_1_37' title="bbox 488 2378 2081 2452">
     <span class='ocr_line' id='line_1_37' title="bbox 488 2378 2081 2452; baseline 0.002 -17"><span class='ocrx_word' id='word_1_270' title='bbox 488 2397 595 2452; x_wconf 87' lang='lat' dir='ltr'><strong>que</strong></span> <span class='ocrx_word' id='word_1_271' title='bbox 625 2390 710 2437; x_wconf 91' lang='lat' dir='ltr'><strong>est</strong></span> <span class='ocrx_word' id='word_1_272' title='bbox 738 2381 935 2439; x_wconf 89' lang='lat' dir='ltr'><strong>divinis</strong></span> <span class='ocrx_word' id='word_1_273' title='bbox 971 2378 1326 2440; x_wconf 82' lang='lat' dir='ltr'><strong>sacramentis</strong></span> <span class='ocrx_word' id='word_1_274' title='bbox 1351 2384 1609 2450; x_wconf 91' lang='lat' dir='ltr'><strong>imbutus,</strong></span> <span class='ocrx_word' id='word_1_275' title='bbox 1644 2382 1845 2441; x_wconf 81' lang='lat' dir='ltr'><strong>fratres</strong></span> <span class='ocrx_word' id='word_1_276' title='bbox 1873 2384 2081 2439; x_wconf 90' lang='lat' dir='ltr'><strong>charis-</strong></span> 
     </span>
    </p>
   </div>
   <div class='ocr_carea' id='block_1_38' title="bbox 488 2472 2077 2555">
    <p class='ocr_par' dir='ltr' id='par_1_38' title="bbox 488 2472 2077 2555">
     <span class='ocr_line' id='line_1_38' title="bbox 488 2472 2077 2555; baseline 0.002 -26"><span class='ocrx_word' id='word_1_277' title='bbox 488 2474 637 2555; x_wconf 84' lang='lat' dir='ltr'><strong>simi,</strong></span> <span class='ocrx_word' id='word_1_278' title='bbox 674 2472 896 2555; x_wconf 37' lang='lat' dir='ltr'><strong>n‘eeesse</strong></span> <span class='ocrx_word' id='word_1_279' title='bbox 925 2483 1010 2530; x_wconf 92' lang='lat' dir='ltr'><strong>est</strong></span> <span class='ocrx_word' id='word_1_280' title='bbox 1038 2483 1100 2531; x_wconf 91' lang='lat' dir='ltr'><strong>ut</strong></span> <span class='ocrx_word' id='word_1_281' title='bbox 1142 2476 1419 2549; x_wconf 74' lang='lat' dir='ltr'><strong>religionis</strong></span> <span class='ocrx_word' id='word_1_282' title='bbox 1461 2475 1783 2533; x_wconf 75' lang='lat' dir='ltr'><strong>Christiana:</strong></span> <span class='ocrx_word' id='word_1_283' title='bbox 1812 2478 2077 2533; x_wconf 89' lang='lat' dir='ltr'><strong>rationem</strong></span> 
     </span>
    </p>
   </div>
   <div class='ocr_carea' id='block_1_39' title="bbox 487 2557 2080 2640">
    <p class='ocr_par' dir='ltr' id='par_1_39' title="bbox 487 2557 2080 2640">
     <span class='ocr_line' id='line_1_39' title="bbox 487 2557 2080 2640; baseline 0.005 -23"><span class='ocrx_word' id='word_1_284' title='bbox 487 2565 646 2632; x_wconf 83' lang='lat' dir='ltr'><strong>sciat,</strong></span> <span class='ocrx_word' id='word_1_285' title='bbox 678 2557 734 2635; x_wconf 78' lang='lat' dir='ltr'><strong>et</strong></span> <span class='ocrx_word' id='word_1_286' title='bbox 763 2564 887 2620; x_wconf 88' lang='lat' dir='ltr'><strong>ﬁdei</strong></span> <span class='ocrx_word' id='word_1_287' title='bbox 914 2566 1232 2621; x_wconf 88' lang='lat' dir='ltr'><strong>charitatem</strong></span> <span class='ocrx_word' id='word_1_288' title='bbox 1264 2570 1547 2640; x_wconf 80' lang='lat' dir='ltr'><strong>agnoscat,</strong></span> <span class='ocrx_word' id='word_1_289' title='bbox 1573 2566 1689 2636; x_wconf 85' lang='lat' dir='ltr'><strong>ejus</strong></span> <span class='ocrx_word' id='word_1_290' title='bbox 1722 2560 2080 2625; x_wconf 40' lang='lat' dir='ltr'><strong>scilicet&#39;ﬁdei</strong></span> 
     </span>
    </p>
   </div>
   <div class='ocr_carea' id='block_1_40' title="bbox 486 2652 2084 2730">
    <p class='ocr_par' dir='ltr' id='par_1_40' title="bbox 486 2652 2084 2730">
     <span class='ocr_line' id='line_1_40' title="bbox 486 2652 2084 2730; baseline 0.006 -26"><span class='ocrx_word' id='word_1_291' title='bbox 486 2667 625 2721; x_wconf 66' lang='lat' dir='ltr'><strong>quia,</strong></span> <span class='ocrx_word' id='word_1_292' title='bbox 651 2661 712 2707; x_wconf 91' lang='lat' dir='ltr'><strong>ut</strong></span> <span class='ocrx_word' id='word_1_293' title='bbox 739 2652 1034 2723; x_wconf 81' lang='lat' dir='ltr'><strong>Apostolus</strong></span> <span class='ocrx_word' id='word_1_294' title='bbox 1079 2656 1156 2710; x_wconf 93' lang='lat' dir='ltr'><strong>ait</strong></span> <span class='ocrx_word' id='word_1_295' title='bbox 1182 2653 1323 2728; x_wconf 85' lang='lat' dir='ltr'><strong>(Gal.</strong></span> <span class='ocrx_word' id='word_1_296' title='bbox 1367 2656 1445 2730; x_wconf 78' lang='grc' dir='ltr'><strong>ν),</strong></span> <span class='ocrx_word' id='word_1_297' title='bbox 1486 2674 1579 2727; x_wconf 86' lang='lat' dir='ltr'><strong>per</strong></span> <span class='ocrx_word' id='word_1_298' title='bbox 1607 2656 1937 2715; x_wconf 77' lang='lat' dir='ltr'><strong>dilectionem</strong></span> <span class='ocrx_word' id='word_1_299' title='bbox 1964 2675 2084 2729; x_wconf 76' lang='lat' dir='ltr'><strong>ope-</strong></span> 
     </span>
    </p>
   </div>
   <div class='ocr_carea' id='block_1_41' title="bbox 486 2736 2085 2815">
    <p class='ocr_par' dir='ltr' id='par_1_41' title="bbox 486 2736 2085 2815">
     <span class='ocr_line' id='line_1_41' title="bbox 486 2736 2085 2815; baseline 0.007 -22"><span class='ocrx_word' id='word_1_300' title='bbox 486 2750 639 2794; x_wconf 84' lang='lat' dir='ltr'><strong>ratur</strong></span> <span class='ocrx_word' id='word_1_301' title='bbox 662 2754 681 2793; x_wconf 89' lang='lat'><strong>:</strong></span> <span class='ocrx_word' id='word_1_302' title='bbox 710 2756 831 2812; x_wconf 74' lang='lat' dir='ltr'><strong>qua:</strong></span> <span class='ocrx_word' id='word_1_303' title='bbox 856 2742 912 2797; x_wconf 92' lang='lat' dir='ltr'><strong>in</strong></span> <span class='ocrx_word' id='word_1_304' title='bbox 936 2736 1190 2815; x_wconf 68' lang='lat' dir='ltr'><strong>praesenti</strong></span> <span class='ocrx_word' id='word_1_305' title='bbox 1217 2744 1486 2802; x_wconf 89' lang='lat' dir='ltr'><strong>confortat</strong></span> <span class='ocrx_word' id='word_1_306' title='bbox 1514 2762 1578 2802; x_wconf 92' lang='lat' dir='ltr'><strong>ac</strong></span> <span class='ocrx_word' id='word_1_307' title='bbox 1612 2748 1833 2803; x_wconf 88' lang='lat' dir='ltr'><strong>roborat</strong></span> <span class='ocrx_word' id='word_1_308' title='bbox 1862 2748 2085 2803; x_wconf 86' lang='lat' dir='ltr'><strong>creden-</strong></span> 
     </span>
    </p>
   </div>
   <div class='ocr_carea' id='block_1_42' title="bbox 487 2832 2080 2914">
    <p class='ocr_par' dir='ltr' id='par_1_42' title="bbox 487 2832 2080 2914">
     <span class='ocr_line' id='line_1_42' title="bbox 487 2832 2080 2914; baseline 0.005 -30"><span class='ocrx_word' id='word_1_309' title='bbox 487 2838 681 2911; x_wconf 83' lang='lat' dir='ltr'><strong>tes,et</strong></span> <span class='ocrx_word' id='word_1_310' title='bbox 718 2832 775 2886; x_wconf 90' lang='lat' dir='ltr'><strong>in</strong></span> <span class='ocrx_word' id='word_1_311' title='bbox 803 2832 989 2914; x_wconf 67' lang='lat' dir='ltr'><strong>futuro</strong></span> <span class='ocrx_word' id='word_1_312' title='bbox 1014 2836 1260 2907; x_wconf 85' lang='lat' dir='ltr'><strong>perducit</strong></span> <span class='ocrx_word' id='word_1_313' title='bbox 1306 2836 1375 2892; x_wconf 88' lang='lat' dir='ltr'><strong>ad</strong></span> <span class='ocrx_word' id='word_1_314' title='bbox 1418 2836 1515 2892; x_wconf 92' lang='lat' dir='ltr'><strong>Dei</strong></span> <span class='ocrx_word' id='word_1_315' title='bbox 1544 2838 2080 2907; x_wconf 85' lang='lat' dir='ltr'><strong>contemplationem.</strong></span> 
     </span>
    </p>
   </div>
   <div class='ocr_carea' id='block_1_43' title="bbox 485 2920 2086 2999">
    <p class='ocr_par' dir='ltr' id='par_1_43' title="bbox 485 2920 2086 2999">
     <span class='ocr_line' id='line_1_43' title="bbox 485 2920 2086 2999; baseline 0.005 -23"><span class='ocrx_word' id='word_1_316' title='bbox 485 2920 626 2977; x_wconf 87' lang='lat' dir='ltr'><strong>Nam</strong></span> <span class='ocrx_word' id='word_1_317' title='bbox 656 2926 758 2980; x_wconf 86' lang='lat' dir='ltr'><strong>tria</strong></span> <span class='ocrx_word' id='word_1_318' title='bbox 794 2927 1041 2996; x_wconf 62' lang='lat' dir='ltr'><strong>quaedam</strong></span> <span class='ocrx_word' id='word_1_319' title='bbox 1078 2929 1358 2999; x_wconf 91' lang='lat' dir='ltr'><strong>proposuit</strong></span> <span class='ocrx_word' id='word_1_320' title='bbox 1386 2929 1580 2984; x_wconf 64' lang='lat' dir='ltr'><strong>animae</strong></span> <span class='ocrx_word' id='word_1_321' title='bbox 1608 2938 1807 2985; x_wconf 68' lang='lat' dir='ltr'><strong>nostrae</strong></span> <span class='ocrx_word' id='word_1_322' title='bbox 1841 2944 2086 2984; x_wconf 77' lang='lat' dir='ltr'><strong>necessa.</strong></span> 
     </span>
    </p>
   </div>
   <div class='ocr_carea' id='block_1_44' title="bbox 486 3010 2086 3090">
    <p class='ocr_par' dir='ltr' id='par_1_44' title="bbox 486 3010 2086 3090">
     <span class='ocr_line' id='line_1_44' title="bbox 486 3010 2086 3090; baseline 0.004 -23"><span class='ocrx_word' id='word_1_323' title='bbox 486 3013 571 3068; x_wconf 87' lang='lat' dir='ltr'><strong>ria</strong></span> <span class='ocrx_word' id='word_1_324' title='bbox 598 3014 789 3072; x_wconf 90' lang='lat' dir='ltr'><strong>beatus</strong></span> <span class='ocrx_word' id='word_1_325' title='bbox 812 3025 868 3073; x_wconf 90' lang='lat' dir='ltr'><strong>et</strong></span> <span class='ocrx_word' id='word_1_326' title='bbox 891 3018 1141 3089; x_wconf 88' lang='lat' dir='ltr'><strong>egregius</strong></span> <span class='ocrx_word' id='word_1_327' title='bbox 1173 3010 1409 3090; x_wconf 88' lang='lat' dir='ltr'><strong>gentium</strong></span> <span class='ocrx_word' id='word_1_328' title='bbox 1434 3020 1647 3086; x_wconf 90' lang='lat' dir='ltr'><strong>doctor,</strong></span> <span class='ocrx_word' id='word_1_329' title='bbox 1674 3020 1860 3075; x_wconf 90' lang='lat' dir='ltr'><strong>dicens</strong></span> <span class='ocrx_word' id='word_1_330' title='bbox 1884 3036 1898 3073; x_wconf 92' lang='lat'><strong>:</strong></span> <span class='ocrx_word' id='word_1_331' title='bbox 1928 3019 2086 3074; x_wconf 83' lang='lat' dir='ltr'><strong>Nunc</strong></span> 
     </span>
    </p>
   </div>
   <div class='ocr_carea' id='block_1_45' title="bbox 487 3106 2088 3180">
    <p class='ocr_par' dir='ltr' id='par_1_45' title="bbox 487 3106 2088 3180">
     <span class='ocr_line' id='line_1_45' title="bbox 487 3106 2088 3180; baseline 0.002 -23"><span class='ocrx_word' id='word_1_332' title='bbox 487 3116 667 3159; x_wconf 82' lang='lat' dir='ltr'><strong>autent</strong></span> <span class='ocrx_word' id='word_1_333' title='bbox 698 3114 909 3161; x_wconf 85' lang='lat' dir='ltr'><strong>manent</strong></span> <span class='ocrx_word' id='word_1_334' title='bbox 939 3106 1093 3176; x_wconf 85' lang='lat' dir='ltr'><strong>ﬁdes,</strong></span> <span class='ocrx_word' id='word_1_335' title='bbox 1126 3126 1261 3179; x_wconf 85' lang='lat' dir='ltr'><strong>spes,</strong></span> <span class='ocrx_word' id='word_1_336' title='bbox 1291 3110 1547 3176; x_wconf 75' lang='lat' dir='ltr'><strong>Charitas,</strong></span> <span class='ocrx_word' id='word_1_337' title='bbox 1596 3109 1701 3164; x_wconf 88' lang='lat' dir='ltr'><strong>tria</strong></span> <span class='ocrx_word' id='word_1_338' title='bbox 1734 3110 1885 3164; x_wconf 66' lang='lat' dir='ltr'><strong>liam:</strong></span> <span class='ocrx_word' id='word_1_339' title='bbox 1912 3109 2088 3180; x_wconf 79' lang='lat' dir='ltr'><strong>major</strong></span> 
     </span>
    </p>
   </div>
   <div class='ocr_carea' id='block_1_46' title="bbox 487 3197 2085 3273">
    <p class='ocr_par' dir='ltr' id='par_1_46' title="bbox 487 3197 2085 3273">
     <span class='ocr_line' id='line_1_46' title="bbox 487 3197 2085 3273; baseline 0.001 -23"><span class='ocrx_word' id='word_1_340' title='bbox 487 3208 663 3251; x_wconf 83' lang='lat' dir='ltr'><strong>autem</strong></span> <span class='ocrx_word' id='word_1_341' title='bbox 692 3199 879 3253; x_wconf 81' lang='lat' dir='ltr'><strong>harum</strong></span> <span class='ocrx_word' id='word_1_342' title='bbox 899 3208 974 3253; x_wconf 76' lang='lat' dir='ltr'><strong>est</strong></span> <span class='ocrx_word' id='word_1_343' title='bbox 1002 3200 1234 3256; x_wconf 81' lang='lat' dir='ltr'><strong>chatitas</strong></span> <span class='ocrx_word' id='word_1_344' title='bbox 1262 3198 1311 3272; x_wconf 88' lang='grc'><strong>(1</strong></span> <span class='ocrx_word' id='word_1_345' title='bbox 1342 3198 1640 3273; x_wconf 55' lang='lat' dir='ltr'><strong>Coram).</strong></span> <span class='ocrx_word' id='word_1_346' title='bbox 1681 3197 1926 3256; x_wconf 90' lang='lat' dir='ltr'><strong>Primum</strong></span> <span class='ocrx_word' id='word_1_347' title='bbox 1956 3212 2085 3268; x_wconf 81' lang='lat' dir='ltr'><strong>ergo</strong></span> 
     </span>
    </p>
   </div>
   <div class='ocr_carea' id='block_1_47' title="bbox 489 3285 2083 3359">
    <p class='ocr_par' dir='ltr' id='par_1_47' title="bbox 489 3285 2083 3359">
     <span class='ocr_line' id='line_1_47' title="bbox 489 3285 2083 3359; baseline 0 -18"><span class='ocrx_word' id='word_1_348' title='bbox 489 3285 628 3341; x_wconf 88' lang='lat' dir='ltr'><strong>ﬁdes</strong></span> <span class='ocrx_word' id='word_1_349' title='bbox 668 3287 937 3343; x_wconf 82' lang='lat' dir='ltr'><strong>catholica</strong></span> <span class='ocrx_word' id='word_1_350' title='bbox 984 3286 1296 3345; x_wconf 87' lang='lat' dir='ltr'><strong>Christiano</strong></span> <span class='ocrx_word' id='word_1_351' title='bbox 1345 3289 1653 3359; x_wconf 79' lang='lat' dir='ltr'><strong>necessaria</strong></span> <span class='ocrx_word' id='word_1_352' title='bbox 1700 3296 1805 3354; x_wconf 91' lang='lat' dir='ltr'><strong>est,</strong></span> <span class='ocrx_word' id='word_1_353' title='bbox 1851 3288 1979 3358; x_wconf 86' lang='lat' dir='ltr'><strong>quia</strong></span> <span class='ocrx_word' id='word_1_354' title='bbox 2030 3288 2083 3342; x_wconf 88' lang='lat' dir='ltr'><strong>in</strong></span> 
     </span>
    </p>
   </div>
   <div class='ocr_carea' id='block_1_48' title="bbox 488 3375 2084 3449">
    <p class='ocr_par' dir='ltr' id='par_1_48' title="bbox 488 3375 2084 3449">
     <span class='ocr_line' id='line_1_48' title="bbox 488 3375 2084 3449; baseline 0.003 -19"><span class='ocrx_word' id='word_1_355' title='bbox 488 3375 609 3446; x_wconf 87' lang='lat' dir='ltr'><strong>ipsa</strong></span> <span class='ocrx_word' id='word_1_356' title='bbox 632 3378 1037 3449; x_wconf 87' lang='lat' dir='ltr'><strong>distinguuntur</strong></span> <span class='ocrx_word' id='word_1_357' title='bbox 1076 3380 1171 3434; x_wconf 93' lang='lat' dir='ltr'><strong>ﬁlii</strong></span> <span class='ocrx_word' id='word_1_358' title='bbox 1210 3380 1303 3435; x_wconf 86' lang='lat' dir='ltr'><strong>Dei</strong></span> <span class='ocrx_word' id='word_1_359' title='bbox 1338 3396 1368 3434; x_wconf 87' lang='lat' dir='ltr'><strong>a</strong></span> <span class='ocrx_word' id='word_1_360' title='bbox 1407 3380 1535 3435; x_wconf 88' lang='lat' dir='ltr'><strong>ﬁliis</strong></span> <span class='ocrx_word' id='word_1_361' title='bbox 1564 3380 1786 3445; x_wconf 89' lang='lat' dir='ltr'><strong>diaboli,</strong></span> <span class='ocrx_word' id='word_1_362' title='bbox 1819 3379 1915 3435; x_wconf 87' lang='lat' dir='ltr'><strong>ﬁlii</strong></span> <span class='ocrx_word' id='word_1_363' title='bbox 1949 3378 2084 3435; x_wconf 90' lang='lat' dir='ltr'><strong>lucis</strong></span> 
     </span>
    </p>
   </div>
   <div class='ocr_carea' id='block_1_49' title="bbox 490 3466 2085 3540">
    <p class='ocr_par' dir='ltr' id='par_1_49' title="bbox 490 3466 2085 3540">
     <span class='ocr_line' id='line_1_49' title="bbox 490 3466 2085 3540; baseline 0.001 -19"><span class='ocrx_word' id='word_1_364' title='bbox 490 3484 523 3522; x_wconf 84' lang='lat' dir='ltr'><strong>a</strong></span> <span class='ocrx_word' id='word_1_365' title='bbox 547 3468 673 3523; x_wconf 88' lang='lat' dir='ltr'><strong>tiliis</strong></span> <span class='ocrx_word' id='word_1_366' title='bbox 701 3470 1067 3524; x_wconf 90' lang='lat' dir='ltr'><strong>tenebrarum.</strong></span> <span class='ocrx_word' id='word_1_367' title='bbox 1100 3468 1204 3524; x_wconf 88' lang='lat' dir='ltr'><strong>Per</strong></span> <span class='ocrx_word' id='word_1_368' title='bbox 1232 3469 1403 3540; x_wconf 85' lang='lat' dir='ltr'><strong>ipsam</strong></span> <span class='ocrx_word' id='word_1_369' title='bbox 1431 3466 1769 3525; x_wconf 76' lang='lat' dir='ltr'><strong>renaseimur</strong></span> <span class='ocrx_word' id='word_1_370' title='bbox 1802 3470 1857 3523; x_wconf 91' lang='lat' dir='ltr'><strong>in</strong></span> <span class='ocrx_word' id='word_1_371' title='bbox 1884 3469 2085 3540; x_wconf 90' lang='lat' dir='ltr'><strong>baptis-</strong></span> 
     </span>
    </p>
   </div>
   <div class='ocr_carea' id='block_1_50' title="bbox 488 3557 2084 3629">
    <p class='ocr_par' dir='ltr' id='par_1_50' title="bbox 488 3557 2084 3629">
     <span class='ocr_line' id='line_1_50' title="bbox 488 3557 2084 3629; baseline 0.001 -18"><span class='ocrx_word' id='word_1_372' title='bbox 488 3564 635 3611; x_wconf 87' lang='lat' dir='ltr'><strong>mate</strong></span> <span class='ocrx_word' id='word_1_373' title='bbox 660 3563 716 3611; x_wconf 86' lang='lat' dir='ltr'><strong>et</strong></span> <span class='ocrx_word' id='word_1_374' title='bbox 746 3557 991 3613; x_wconf 81' lang='lat' dir='ltr'><strong>salutem</strong></span> <span class='ocrx_word' id='word_1_375' title='bbox 1037 3566 1297 3617; x_wconf 67' lang='lat' dir='ltr'><strong>aeternam</strong></span> <span class='ocrx_word' id='word_1_376' title='bbox 1347 3559 1720 3629; x_wconf 87' lang='lat' dir='ltr'><strong>impetramus,</strong></span> <span class='ocrx_word' id='word_1_377' title='bbox 1766 3559 1906 3614; x_wconf 89' lang='lat' dir='ltr'><strong>sicut</strong></span> <span class='ocrx_word' id='word_1_378' title='bbox 1951 3559 2084 3613; x_wconf 91' lang='lat' dir='ltr'><strong>seri-</strong></span> 
     </span>
    </p>
   </div>
   <div class='ocr_carea' id='block_1_51' title="bbox 486 3646 2083 3719">
    <p class='ocr_par' dir='ltr' id='par_1_51' title="bbox 486 3646 2083 3719">
     <span class='ocr_line' id='line_1_51' title="bbox 486 3646 2083 3719; baseline 0.003 -20"><span class='ocrx_word' id='word_1_379' title='bbox 486 3657 643 3717; x_wconf 85' lang='lat' dir='ltr'><strong>ptunt</strong></span> <span class='ocrx_word' id='word_1_380' title='bbox 685 3656 802 3701; x_wconf 87' lang='lat' dir='ltr'><strong>est:</strong></span> <span class='ocrx_word' id='word_1_381' title='bbox 847 3646 950 3712; x_wconf 85' lang='lat' dir='ltr'><strong>Qui</strong></span> <span class='ocrx_word' id='word_1_382' title='bbox 992 3647 1271 3702; x_wconf 82' lang='lat' dir='ltr'><strong>crediderit</strong></span> <span class='ocrx_word' id='word_1_383' title='bbox 1302 3659 1349 3703; x_wconf 92' lang='lat' dir='ltr'><strong>et</strong></span> <span class='ocrx_word' id='word_1_384' title='bbox 1379 3650 1669 3719; x_wconf 74' lang='lat' dir='ltr'><strong>baptizatus</strong></span> <span class='ocrx_word' id='word_1_385' title='bbox 1703 3649 1881 3718; x_wconf 76' lang='lat' dir='ltr'><strong>fuerit,</strong></span> <span class='ocrx_word' id='word_1_386' title='bbox 1910 3647 2083 3711; x_wconf 79' lang='lat' dir='ltr'><strong>salvus</strong></span> 
     </span>
    </p>
   </div>
   <div class='ocr_carea' id='block_1_52' title="bbox 492 3734 2084 3809">
    <p class='ocr_par' dir='ltr' id='par_1_52' title="bbox 492 3734 2084 3809">
     <span class='ocr_line' id='line_1_52' title="bbox 492 3734 2084 3809; baseline 0.002 -21"><span class='ocrx_word' id='word_1_387' title='bbox 492 3735 592 3788; x_wconf 84' lang='lat' dir='ltr'><strong>erit</strong></span> <span class='ocrx_word' id='word_1_388' title='bbox 632 3734 827 3807; x_wconf 76' lang='lat' dir='ltr'><strong>(Marc.</strong></span> <span class='ocrx_word' id='word_1_389' title='bbox 857 3735 991 3807; x_wconf 73' lang='lat' dir='ltr'><strong>xvn).</strong></span> <span class='ocrx_word' id='word_1_390' title='bbox 1026 3735 1153 3791; x_wconf 73' lang='lat' dir='ltr'><strong>Haec</strong></span> <span class='ocrx_word' id='word_1_391' title='bbox 1192 3747 1347 3807; x_wconf 90' lang='lat' dir='ltr'><strong>porta</strong></span> <span class='ocrx_word' id='word_1_392' title='bbox 1375 3748 1460 3797; x_wconf 89' lang='lat' dir='ltr'><strong>est</strong></span> <span class='ocrx_word' id='word_1_393' title='bbox 1482 3738 1625 3803; x_wconf 68' lang='lat' dir='ltr'><strong>vitae,</strong></span> <span class='ocrx_word' id='word_1_394' title='bbox 1660 3738 1963 3809; x_wconf 68' lang='lat' dir='ltr'><strong>haacjanua</strong></span> <span class='ocrx_word' id='word_1_395' title='bbox 1998 3751 2084 3792; x_wconf 83' lang='lat' dir='ltr'><strong>re-</strong></span> 
     </span>
    </p>
   </div>
   <div class='ocr_carea' id='block_1_53' title="bbox 492 3826 2085 3903">
    <p class='ocr_par' dir='ltr' id='par_1_53' title="bbox 492 3826 2085 3903">
     <span class='ocr_line' id='line_1_53' title="bbox 492 3826 2085 3903; baseline 0.003 -24"><span class='ocrx_word' id='word_1_396' title='bbox 492 3826 585 3895; x_wconf 91' lang='lat' dir='ltr'><strong>gni</strong></span> <span class='ocrx_word' id='word_1_397' title='bbox 611 3843 622 3878; x_wconf 91' lang='lat'><strong>:</strong></span> <span class='ocrx_word' id='word_1_398' title='bbox 649 3842 744 3896; x_wconf 87' lang='lat' dir='ltr'><strong>per</strong></span> <span class='ocrx_word' id='word_1_399' title='bbox 765 3827 939 3896; x_wconf 85' lang='lat' dir='ltr'><strong>ipsam</strong></span> <span class='ocrx_word' id='word_1_400' title='bbox 966 3827 1195 3903; x_wconf 89' lang='lat' dir='ltr'><strong>discitur</strong></span> <span class='ocrx_word' id='word_1_401' title='bbox 1222 3830 1451 3884; x_wconf 91' lang='lat' dir='ltr'><strong>scientia</strong></span> <span class='ocrx_word' id='word_1_402' title='bbox 1478 3830 1743 3895; x_wconf 88' lang='lat' dir='ltr'><strong>veritatis,</strong></span> <span class='ocrx_word' id='word_1_403' title='bbox 1774 3838 1828 3885; x_wconf 91' lang='lat' dir='ltr'><strong>et</strong></span> <span class='ocrx_word' id='word_1_404' title='bbox 1852 3829 2085 3900; x_wconf 91' lang='lat' dir='ltr'><strong>percipi-</strong></span> 
     </span>
    </p>
   </div>
   <div class='ocr_carea' id='block_1_54' title="bbox 493 3921 2084 3996">
    <p class='ocr_par' dir='ltr' id='par_1_54' title="bbox 493 3921 2084 3996">
     <span class='ocr_line' id='line_1_54' title="bbox 493 3921 2084 3996; baseline 0.001 -21"><span class='ocrx_word' id='word_1_405' title='bbox 493 3930 586 3975; x_wconf 89' lang='lat' dir='ltr'><strong>tur</strong></span> <span class='ocrx_word' id='word_1_406' title='bbox 610 3922 854 3992; x_wconf 83' lang='lat' dir='ltr'><strong>cognitio</strong></span> <span class='ocrx_word' id='word_1_407' title='bbox 877 3921 1205 3988; x_wconf 81' lang='lat' dir='ltr'><strong>divinitatis;</strong></span> <span class='ocrx_word' id='word_1_408' title='bbox 1236 3938 1333 3996; x_wconf 91' lang='lat' dir='ltr'><strong>per</strong></span> <span class='ocrx_word' id='word_1_409' title='bbox 1357 3926 1526 3993; x_wconf 88' lang='lat' dir='ltr'><strong>ipsam</strong></span> <span class='ocrx_word' id='word_1_410' title='bbox 1554 3924 1786 3994; x_wconf 85' lang='lat' dir='ltr'><strong>gratiam</strong></span> <span class='ocrx_word' id='word_1_411' title='bbox 1810 3922 1906 3977; x_wconf 90' lang='lat' dir='ltr'><strong>Dei</strong></span> <span class='ocrx_word' id='word_1_412' title='bbox 1935 3922 2084 3977; x_wconf 89' lang='lat' dir='ltr'><strong>inve-</strong></span> 
     </span>
    </p>
   </div>
   <div class='ocr_carea' id='block_1_55' title="bbox 495 3999 2082 4084">
    <p class='ocr_par' dir='ltr' id='par_1_55' title="bbox 495 3999 2082 4084">
     <span class='ocr_line' id='line_1_55' title="bbox 495 3999 2082 4084; baseline 0 -19"><span class='ocrx_word' id='word_1_413' title='bbox 495 3999 732 4077; x_wconf 51' lang='lat' dir='ltr'><strong>nimus;</strong></span> <span class='ocrx_word' id='word_1_414' title='bbox 770 4012 929 4067; x_wconf 89' lang='lat' dir='ltr'><strong>aliter</strong></span> <span class='ocrx_word' id='word_1_415' title='bbox 959 4020 1137 4068; x_wconf 90' lang='lat' dir='ltr'><strong>autem</strong></span> <span class='ocrx_word' id='word_1_416' title='bbox 1187 4012 1299 4068; x_wconf 91' lang='lat' dir='ltr'><strong>Deo</strong></span> <span class='ocrx_word' id='word_1_417' title='bbox 1350 4006 1563 4084; x_wconf 87' lang='lat' dir='ltr'><strong>placere</strong></span> <span class='ocrx_word' id='word_1_418' title='bbox 1618 4028 1723 4066; x_wconf 90' lang='lat' dir='ltr'><strong>non</strong></span> <span class='ocrx_word' id='word_1_419' title='bbox 1772 4027 2082 4082; x_wconf 85' lang='lat' dir='ltr'><strong>possumus,</strong></span> 
     </span>
    </p>
   </div>
   <div class='ocr_carea' id='block_1_56' title="bbox 496 4100 2079 4172">
    <p class='ocr_par' dir='ltr' id='par_1_56' title="bbox 496 4100 2079 4172">
     <span class='ocr_line' id='line_1_56' title="bbox 496 4100 2079 4172; baseline 0.001 -19"><span class='ocrx_word' id='word_1_420' title='bbox 496 4101 624 4170; x_wconf 81' lang='lat' dir='ltr'><strong>quia</strong></span> <span class='ocrx_word' id='word_1_421' title='bbox 653 4102 764 4155; x_wconf 85' lang='lat' dir='ltr'><strong>sine</strong></span> <span class='ocrx_word' id='word_1_422' title='bbox 787 4101 892 4171; x_wconf 80' lang='lat' dir='ltr'><strong>ﬁde</strong></span> <span class='ocrx_word' id='word_1_423' title='bbox 918 4101 1235 4171; x_wconf 81' lang='lat' dir='ltr'><strong>impossibile</strong></span> <span class='ocrx_word' id='word_1_424' title='bbox 1261 4110 1334 4156; x_wconf 88' lang='lat' dir='ltr'><strong>est</strong></span> <span class='ocrx_word' id='word_1_425' title='bbox 1370 4101 1573 4171; x_wconf 83' lang='lat' dir='ltr'><strong>placere</strong></span> <span class='ocrx_word' id='word_1_426' title='bbox 1612 4101 1723 4156; x_wconf 84' lang='lat' dir='ltr'><strong>Deo</strong></span> <span class='ocrx_word' id='word_1_427' title='bbox 1751 4100 1937 4171; x_wconf 85' lang='lat' dir='ltr'><strong>(Hebr.</strong></span> <span class='ocrx_word' id='word_1_428' title='bbox 1981 4100 2079 4172; x_wconf 73' lang='grc' dir='ltr'>ιι).</span> 
     </span>
    </p>
   </div>
   <div class='ocr_carea' id='block_1_57' title="bbox 498 4190 2084 4260">
    <p class='ocr_par' dir='ltr' id='par_1_57' title="bbox 498 4190 2084 4260">
     <span class='ocr_line' id='line_1_57' title="bbox 498 4190 2084 4260; baseline 0.001 -16"><span class='ocrx_word' id='word_1_429' title='bbox 498 4190 641 4245; x_wconf 81' lang='lat' dir='ltr'><strong>Vere</strong></span> <span class='ocrx_word' id='word_1_430' title='bbox 678 4192 823 4245; x_wconf 85' lang='lat' dir='ltr'><strong>enim</strong></span> <span class='ocrx_word' id='word_1_431' title='bbox 868 4192 1061 4246; x_wconf 86' lang='lat' dir='ltr'><strong>beatus</strong></span> <span class='ocrx_word' id='word_1_432' title='bbox 1094 4200 1177 4246; x_wconf 91' lang='lat' dir='ltr'><strong>est</strong></span> <span class='ocrx_word' id='word_1_433' title='bbox 1214 4192 1305 4260; x_wconf 90' lang='lat' dir='ltr'><strong>qui</strong></span> <span class='ocrx_word' id='word_1_434' title='bbox 1354 4200 1407 4245; x_wconf 89' lang='lat' dir='ltr'><strong>et</strong></span> <span class='ocrx_word' id='word_1_435' title='bbox 1453 4200 1599 4245; x_wconf 80' lang='lat' dir='ltr'><strong>recte</strong></span> <span class='ocrx_word' id='word_1_436' title='bbox 1644 4190 1913 4245; x_wconf 90' lang='lat' dir='ltr'><strong>credendo</strong></span> <span class='ocrx_word' id='word_1_437' title='bbox 1946 4191 2084 4245; x_wconf 89' lang='lat' dir='ltr'><strong>bene</strong></span> 
     </span>
    </p>
   </div>
   <div class='ocr_carea' id='block_1_58' title="bbox 496 4280 2085 4353">
    <p class='ocr_par' dir='ltr' id='par_1_58' title="bbox 496 4280 2085 4353">
     <span class='ocr_line' id='line_1_58' title="bbox 496 4280 2085 4353; baseline -0.001 -18"><span class='ocrx_word' id='word_1_438' title='bbox 496 4280 663 4348; x_wconf 77' lang='lat' dir='ltr'><strong>vivit,</strong></span> <span class='ocrx_word' id='word_1_439' title='bbox 691 4286 746 4339; x_wconf 80' lang='lat' dir='ltr'><strong>et</strong></span> <span class='ocrx_word' id='word_1_440' title='bbox 774 4282 911 4337; x_wconf 86' lang='lat' dir='ltr'><strong>bene</strong></span> <span class='ocrx_word' id='word_1_441' title='bbox 939 4282 1167 4337; x_wconf 89' lang='lat' dir='ltr'><strong>vivendo</strong></span> <span class='ocrx_word' id='word_1_442' title='bbox 1194 4281 1354 4337; x_wconf 89' lang='lat' dir='ltr'><strong>ﬁdem</strong></span> <span class='ocrx_word' id='word_1_443' title='bbox 1383 4291 1586 4337; x_wconf 90' lang='lat' dir='ltr'><strong>rectam</strong></span> <span class='ocrx_word' id='word_1_444' title='bbox 1614 4281 1872 4336; x_wconf 78' lang='lat' dir='ltr'><strong>custodit.</strong></span> <span class='ocrx_word' id='word_1_445' title='bbox 1916 4280 2085 4353; x_wconf 80' lang='lat' dir='ltr'><strong>Igitur</strong></span> 
     </span>
    </p>
   </div>
   <div class='ocr_carea' id='block_1_59' title="bbox 498 4367 2086 4440">
    <p class='ocr_par' dir='ltr' id='par_1_59' title="bbox 498 4367 2086 4440">
     <span class='ocr_line' id='line_1_59' title="bbox 498 4367 2086 4440; baseline -0.002 -13"><span class='ocrx_word' id='word_1_446' title='bbox 498 4372 641 4427; x_wconf 89' lang='lat' dir='ltr'><strong>sicut</strong></span> <span class='ocrx_word' id='word_1_447' title='bbox 661 4372 835 4427; x_wconf 85' lang='lat' dir='ltr'><strong>otiosa</strong></span> <span class='ocrx_word' id='word_1_448' title='bbox 864 4382 945 4427; x_wconf 90' lang='lat' dir='ltr'><strong>est</strong></span> <span class='ocrx_word' id='word_1_449' title='bbox 986 4370 1120 4426; x_wconf 91' lang='lat' dir='ltr'><strong>ﬁdes</strong></span> <span class='ocrx_word' id='word_1_450' title='bbox 1167 4372 1284 4426; x_wconf 89' lang='lat' dir='ltr'><strong>sine</strong></span> <span class='ocrx_word' id='word_1_451' title='bbox 1330 4372 1584 4440; x_wconf 89' lang='lat' dir='ltr'><strong>operibus</strong></span> <span class='ocrx_word' id='word_1_452' title='bbox 1626 4370 1803 4435; x_wconf 90' lang='lat' dir='ltr'><strong>bonis,</strong></span> <span class='ocrx_word' id='word_1_453' title='bbox 1832 4370 1906 4425; x_wconf 91' lang='lat' dir='ltr'><strong>ita</strong></span> <span class='ocrx_word' id='word_1_454' title='bbox 1952 4367 2086 4425; x_wconf 83' lang='lat' dir='ltr'><strong>nihil</strong></span> 
     </span>
    </p>
   </div>
   <div class='ocr_carea' id='block_1_60' title="bbox 497 4461 2084 4535">
    <p class='ocr_par' dir='ltr' id='par_1_60' title="bbox 497 4461 2084 4535">
     <span class='ocr_line' id='line_1_60' title="bbox 497 4461 2084 4535; baseline -0.001 -19"><span class='ocrx_word' id='word_1_455' title='bbox 497 4463 789 4535; x_wconf 86' lang='lat' dir='ltr'><strong>proﬁciunt</strong></span> <span class='ocrx_word' id='word_1_456' title='bbox 827 4479 990 4534; x_wconf 84' lang='lat' dir='ltr'><strong>opera</strong></span> <span class='ocrx_word' id='word_1_457' title='bbox 1019 4463 1159 4518; x_wconf 88' lang='lat' dir='ltr'><strong>bona</strong></span> <span class='ocrx_word' id='word_1_458' title='bbox 1187 4463 1303 4518; x_wconf 91' lang='lat' dir='ltr'><strong>sine</strong></span> <span class='ocrx_word' id='word_1_459' title='bbox 1347 4461 1449 4517; x_wconf 88' lang='lat' dir='ltr'><strong>ﬁde</strong></span> <span class='ocrx_word' id='word_1_460' title='bbox 1490 4472 1659 4518; x_wconf 90' lang='lat' dir='ltr'><strong>recta.</strong></span> <span class='ocrx_word' id='word_1_461' title='bbox 1712 4461 1862 4517; x_wconf 90' lang='lat' dir='ltr'><strong>Unde</strong></span> <span class='ocrx_word' id='word_1_462' title='bbox 1897 4463 2084 4515; x_wconf 91' lang='lat' dir='ltr'><strong>beatus</strong></span> 
     </span>
    </p>
   </div>
   <div class='ocr_carea' id='block_1_61' title="bbox 2174 1925 3757 1997">
    <p class='ocr_par' dir='ltr' id='par_1_61' title="bbox 2174 1925 3757 1997">
     <span class='ocr_line' id='line_1_61' title="bbox 2174 1925 3757 1997; baseline -0.002 -15"><span class='ocrx_word' id='word_1_463' title='bbox 2174 1928 2317 1982; x_wconf 91' lang='lat' dir='ltr'><strong>malo</strong></span> <span class='ocrx_word' id='word_1_464' title='bbox 2342 1926 2669 1983; x_wconf 86' lang='lat' dir='ltr'><strong>declinemus</strong></span> <span class='ocrx_word' id='word_1_465' title='bbox 2694 1935 2751 1982; x_wconf 91' lang='lat' dir='ltr'><strong>et</strong></span> <span class='ocrx_word' id='word_1_466' title='bbox 2770 1926 2836 1981; x_wconf 92' lang='lat' dir='ltr'><strong>de</strong></span> <span class='ocrx_word' id='word_1_467' title='bbox 2862 1926 3064 1997; x_wconf 89' lang='lat' dir='ltr'><strong>pietate</strong></span> <span class='ocrx_word' id='word_1_468' title='bbox 3090 1926 3184 1981; x_wconf 91' lang='lat' dir='ltr'><strong>Dei</strong></span> <span class='ocrx_word' id='word_1_469' title='bbox 3216 1925 3429 1981; x_wconf 81' lang='lat' dir='ltr'><strong>veniam</strong></span> <span class='ocrx_word' id='word_1_470' title='bbox 3457 1940 3757 1995; x_wconf 89' lang='lat' dir='ltr'><strong>speremus.</strong></span> 
     </span>
    </p>
   </div>
   <div class='ocr_carea' id='block_1_62' title="bbox 2175 2016 3761 2087">
    <p class='ocr_par' dir='ltr' id='par_1_62' title="bbox 2175 2016 3761 2087">
     <span class='ocr_line' id='line_1_62' title="bbox 2175 2016 3761 2087; baseline -0.004 -11"><span class='ocrx_word' id='word_1_471' title='bbox 2175 2020 2437 2076; x_wconf 85' lang='lat' dir='ltr'><strong>Similiter</strong></span> <span class='ocrx_word' id='word_1_472' title='bbox 2468 2028 2525 2075; x_wconf 92' lang='lat' dir='ltr'><strong>et</strong></span> <span class='ocrx_word' id='word_1_473' title='bbox 2549 2019 2605 2075; x_wconf 89' lang='lat' dir='ltr'><strong>in</strong></span> <span class='ocrx_word' id='word_1_474' title='bbox 2632 2018 2791 2073; x_wconf 88' lang='lat' dir='ltr'><strong>omni</strong></span> <span class='ocrx_word' id='word_1_475' title='bbox 2822 2017 3229 2073; x_wconf 85' lang='lat' dir='ltr'><strong>tribulationum</strong></span> <span class='ocrx_word' id='word_1_476' title='bbox 3271 2016 3538 2087; x_wconf 89' lang='lat' dir='ltr'><strong>angustia,</strong></span> <span class='ocrx_word' id='word_1_477' title='bbox 3564 2031 3659 2085; x_wconf 90' lang='lat' dir='ltr'><strong>spe</strong></span> <span class='ocrx_word' id='word_1_478' title='bbox 3689 2016 3761 2070; x_wconf 74' lang='lat' dir='ltr'><strong>ad</strong></span> 
     </span>
    </p>
   </div>
   <div class='ocr_carea' id='block_1_63' title="bbox 2176 2108 3755 2182">
    <p class='ocr_par' dir='ltr' id='par_1_63' title="bbox 2176 2108 3755 2182">
     <span class='ocr_line' id='line_1_63' title="bbox 2176 2108 3755 2182; baseline -0.004 -15"><span class='ocrx_word' id='word_1_479' title='bbox 2176 2111 2366 2168; x_wconf 86' lang='lat' dir='ltr'><strong>solatia</strong></span> <span class='ocrx_word' id='word_1_480' title='bbox 2393 2125 2638 2182; x_wconf 69' lang='lat' dir='ltr'><strong>superna:</strong></span> <span class='ocrx_word' id='word_1_481' title='bbox 2675 2111 2890 2180; x_wconf 86' lang='lat' dir='ltr'><strong>pietatis</strong></span> <span class='ocrx_word' id='word_1_482' title='bbox 2913 2108 3235 2164; x_wconf 87' lang='lat' dir='ltr'><strong>currendqu</strong></span> <span class='ocrx_word' id='word_1_483' title='bbox 3262 2116 3364 2173; x_wconf 90' lang='lat' dir='ltr'><strong>est,</strong></span> <span class='ocrx_word' id='word_1_484' title='bbox 3393 2108 3518 2177; x_wconf 87' lang='lat' dir='ltr'><strong>quia</strong></span> <span class='ocrx_word' id='word_1_485' title='bbox 3566 2108 3621 2161; x_wconf 92' lang='lat' dir='ltr'><strong>in</strong></span> <span class='ocrx_word' id='word_1_486' title='bbox 3660 2108 3755 2161; x_wconf 90' lang='lat' dir='ltr'><strong>illo</strong></span> 
     </span>
    </p>
   </div>
   <div class='ocr_carea' id='block_1_64' title="bbox 2178 2199 3763 2273">
    <p class='ocr_par' dir='ltr' id='par_1_64' title="bbox 2178 2199 3763 2273">
     <span class='ocr_line' id='line_1_64' title="bbox 2178 2199 3763 2273; baseline -0.004 -12"><span class='ocrx_word' id='word_1_487' title='bbox 2178 2204 2290 2261; x_wconf 86' lang='lat' dir='ltr'><strong>solo</strong></span> <span class='ocrx_word' id='word_1_488' title='bbox 2318 2202 2494 2260; x_wconf 89' lang='lat' dir='ltr'><strong>omnis</strong></span> <span class='ocrx_word' id='word_1_489' title='bbox 2517 2216 2638 2273; x_wconf 88' lang='lat' dir='ltr'><strong>spes</strong></span> <span class='ocrx_word' id='word_1_490' title='bbox 2663 2209 2718 2257; x_wconf 92' lang='lat' dir='ltr'><strong>et</strong></span> <span class='ocrx_word' id='word_1_491' title='bbox 2742 2200 2887 2256; x_wconf 86' lang='lat' dir='ltr'><strong>salus</strong></span> <span class='ocrx_word' id='word_1_492' title='bbox 2909 2200 3025 2255; x_wconf 90' lang='lat' dir='ltr'><strong>sine</strong></span> <span class='ocrx_word' id='word_1_493' title='bbox 3048 2200 3211 2256; x_wconf 78' lang='lat' dir='ltr'><strong>dubio</strong></span> <span class='ocrx_word' id='word_1_494' title='bbox 3236 2199 3510 2264; x_wconf 81' lang='lat' dir='ltr'><strong>consistit,</strong></span> <span class='ocrx_word' id='word_1_495' title='bbox 3544 2199 3763 2255; x_wconf 88' lang='lat' dir='ltr'><strong>dicente</strong></span> 
     </span>
    </p>
   </div>
   <div class='ocr_carea' id='block_1_65' title="bbox 2176 2290 3761 2367">
    <p class='ocr_par' dir='ltr' id='par_1_65' title="bbox 2176 2290 3761 2367">
     <span class='ocr_line' id='line_1_65' title="bbox 2176 2290 3761 2367; baseline -0.005 -16"><span class='ocrx_word' id='word_1_496' title='bbox 2176 2296 2488 2367; x_wconf 87' lang='lat' dir='ltr'><strong>Propheta:</strong></span> <span class='ocrx_word' id='word_1_497' title='bbox 2534 2294 2604 2350; x_wconf 81' lang='lat' dir='ltr'><strong>In</strong></span> <span class='ocrx_word' id='word_1_498' title='bbox 2659 2294 2763 2349; x_wconf 87' lang='lat' dir='ltr'><strong>Deo</strong></span> <span class='ocrx_word' id='word_1_499' title='bbox 2813 2293 3046 2347; x_wconf 87' lang='lat' dir='ltr'><strong>salutare</strong></span> <span class='ocrx_word' id='word_1_500' title='bbox 3091 2308 3261 2345; x_wconf 85' lang='lat' dir='ltr'><strong>meum</strong></span> <span class='ocrx_word' id='word_1_501' title='bbox 3307 2301 3357 2345; x_wconf 89' lang='lat' dir='ltr'><strong>ct</strong></span> <span class='ocrx_word' id='word_1_502' title='bbox 3405 2290 3573 2359; x_wconf 83' lang='lat' dir='ltr'><strong>gloria</strong></span> <span class='ocrx_word' id='word_1_503' title='bbox 3621 2308 3761 2355; x_wconf 72' lang='lat' dir='ltr'><strong>mea,</strong></span> 
     </span>
    </p>
   </div>
   <div class='ocr_carea' id='block_1_66' title="bbox 2183 2378 3761 2452">
    <p class='ocr_par' dir='ltr' id='par_1_66' title="bbox 2183 2378 3761 2452">
     <span class='ocr_line' id='line_1_66' title="bbox 2183 2378 3761 2452; baseline -0.004 -12"><span class='ocrx_word' id='word_1_504' title='bbox 2183 2386 2321 2440; x_wconf 82' lang='lat' dir='ltr'><strong>Deus</strong></span> <span class='ocrx_word' id='word_1_505' title='bbox 2349 2384 2610 2440; x_wconf 70' lang='lat' dir='ltr'><strong>auxilium</strong></span> <span class='ocrx_word' id='word_1_506' title='bbox 2633 2400 2824 2449; x_wconf 88' lang='lat' dir='ltr'><strong>meum,</strong></span> <span class='ocrx_word' id='word_1_507' title='bbox 2858 2392 2906 2436; x_wconf 86' lang='lat' dir='ltr'><strong>et</strong></span> <span class='ocrx_word' id='word_1_508' title='bbox 2949 2398 3062 2452; x_wconf 84' lang='lat' dir='ltr'><strong>spes</strong></span> <span class='ocrx_word' id='word_1_509' title='bbox 3093 2397 3206 2435; x_wconf 85' lang='lat' dir='ltr'><strong>mea</strong></span> <span class='ocrx_word' id='word_1_510' title='bbox 3234 2382 3288 2434; x_wconf 88' lang='lat' dir='ltr'><strong>in</strong></span> <span class='ocrx_word' id='word_1_511' title='bbox 3326 2379 3436 2433; x_wconf 89' lang='lat' dir='ltr'><strong>Deo</strong></span> <span class='ocrx_word' id='word_1_512' title='bbox 3465 2390 3539 2434; x_wconf 86' lang='lat' dir='ltr'><strong>est</strong></span> <span class='ocrx_word' id='word_1_513' title='bbox 3584 2378 3761 2451; x_wconf 82' lang='lat' dir='ltr'><strong>(Psal.</strong></span> 
     </span>
    </p>
   </div>
   <div class='ocr_carea' id='block_1_67' title="bbox 2178 2470 3760 2545">
    <p class='ocr_par' dir='ltr' id='par_1_67' title="bbox 2178 2470 3760 2545">
     <span class='ocr_line' id='line_1_67' title="bbox 2178 2470 3760 2545; baseline -0.003 -15"><span class='ocrx_word' id='word_1_514' title='bbox 2178 2475 2311 2545; x_wconf 77' lang='lat' dir='ltr'><strong>LXI).</strong></span> <span class='ocrx_word' id='word_1_515' title='bbox 2349 2472 2483 2531; x_wconf 90' lang='lat' dir='ltr'><strong>Cum</strong></span> <span class='ocrx_word' id='word_1_516' title='bbox 2503 2471 2646 2529; x_wconf 88' lang='lat' dir='ltr'><strong>enim</strong></span> <span class='ocrx_word' id='word_1_517' title='bbox 2682 2471 2837 2527; x_wconf 87' lang='lat' dir='ltr'><strong>ﬁdem</strong></span> <span class='ocrx_word' id='word_1_518' title='bbox 2867 2482 3070 2527; x_wconf 86' lang='lat' dir='ltr'><strong>rectam</strong></span> <span class='ocrx_word' id='word_1_519' title='bbox 3093 2480 3147 2526; x_wconf 90' lang='lat' dir='ltr'><strong>et</strong></span> <span class='ocrx_word' id='word_1_520' title='bbox 3168 2485 3317 2542; x_wconf 90' lang='lat' dir='ltr'><strong>spem</strong></span> <span class='ocrx_word' id='word_1_521' title='bbox 3346 2470 3554 2525; x_wconf 87' lang='lat' dir='ltr'><strong>ﬁrmam</strong></span> <span class='ocrx_word' id='word_1_522' title='bbox 3580 2471 3760 2535; x_wconf 88' lang='lat' dir='ltr'><strong>vobis,</strong></span> 
     </span>
    </p>
   </div>
   <div class='ocr_carea' id='block_1_68' title="bbox 2179 2563 3766 2635">
    <p class='ocr_par' dir='ltr' id='par_1_68' title="bbox 2179 2563 3766 2635">
     <span class='ocr_line' id='line_1_68' title="bbox 2179 2563 3766 2635; baseline -0.001 -16"><span class='ocrx_word' id='word_1_523' title='bbox 2179 2563 2399 2632; x_wconf 87' lang='lat' dir='ltr'><strong>fratres,</strong></span> <span class='ocrx_word' id='word_1_524' title='bbox 2441 2564 2831 2635; x_wconf 84' lang='lat' dir='ltr'><strong>persuademus</strong></span> <span class='ocrx_word' id='word_1_525' title='bbox 2883 2564 3106 2628; x_wconf 83' lang='lat' dir='ltr'><strong>habere,</strong></span> <span class='ocrx_word' id='word_1_526' title='bbox 3162 2564 3265 2618; x_wconf 91' lang='lat' dir='ltr'><strong>hoe</strong></span> <span class='ocrx_word' id='word_1_527' title='bbox 3304 2563 3539 2617; x_wconf 79' lang='lat' dir='ltr'><strong>maxime</strong></span> <span class='ocrx_word' id='word_1_528' title='bbox 3581 2565 3766 2627; x_wconf 56' lang='lat' dir='ltr'><strong>horta.</strong></span> 
     </span>
    </p>
   </div>
   <div class='ocr_carea' id='block_1_69' title="bbox 2180 2653 3767 2723">
    <p class='ocr_par' dir='ltr' id='par_1_69' title="bbox 2180 2653 3767 2723">
     <span class='ocr_line' id='line_1_69' title="bbox 2180 2653 3767 2723; baseline -0.003 -11"><span class='ocrx_word' id='word_1_529' title='bbox 2180 2672 2303 2712; x_wconf 91' lang='lat' dir='ltr'><strong>mur</strong></span> <span class='ocrx_word' id='word_1_530' title='bbox 2330 2664 2393 2713; x_wconf 86' lang='lat' dir='ltr'><strong>ut</strong></span> <span class='ocrx_word' id='word_1_531' title='bbox 2417 2655 2738 2712; x_wconf 87' lang='lat' dir='ltr'><strong>eharitatem</strong></span> <span class='ocrx_word' id='word_1_532' title='bbox 2782 2656 2837 2709; x_wconf 90' lang='lat' dir='ltr'><strong>in</strong></span> <span class='ocrx_word' id='word_1_533' title='bbox 2869 2653 3023 2709; x_wconf 86' lang='lat' dir='ltr'><strong>vobis</strong></span> <span class='ocrx_word' id='word_1_534' title='bbox 3066 2654 3265 2709; x_wconf 89' lang='lat' dir='ltr'><strong>habere</strong></span> <span class='ocrx_word' id='word_1_535' title='bbox 3315 2662 3369 2708; x_wconf 90' lang='lat' dir='ltr'><strong>et</strong></span> <span class='ocrx_word' id='word_1_536' title='bbox 3395 2668 3557 2723; x_wconf 90' lang='lat' dir='ltr'><strong>opere</strong></span> <span class='ocrx_word' id='word_1_537' title='bbox 3582 2662 3767 2710; x_wconf 85' lang='lat' dir='ltr'><strong>osten-</strong></span> 
     </span>
    </p>
   </div>
   <div class='ocr_carea' id='block_1_70' title="bbox 2181 2745 3765 2819">
    <p class='ocr_par' dir='ltr' id='par_1_70' title="bbox 2181 2745 3765 2819">
     <span class='ocr_line' id='line_1_70' title="bbox 2181 2745 3765 2819; baseline -0.003 -16"><span class='ocrx_word' id='word_1_538' title='bbox 2181 2748 2311 2805; x_wconf 90' lang='lat' dir='ltr'><strong>dere</strong></span> <span class='ocrx_word' id='word_1_539' title='bbox 2331 2760 2431 2819; x_wconf 91' lang='lat' dir='ltr'><strong>per</strong></span> <span class='ocrx_word' id='word_1_540' title='bbox 2466 2748 2647 2803; x_wconf 89' lang='lat' dir='ltr'><strong>omnia</strong></span> <span class='ocrx_word' id='word_1_541' title='bbox 2696 2746 2995 2818; x_wconf 72' lang='lat' dir='ltr'><strong>satagatis:</strong></span> <span class='ocrx_word' id='word_1_542' title='bbox 3046 2760 3145 2815; x_wconf 86' lang='lat' dir='ltr'><strong>per</strong></span> <span class='ocrx_word' id='word_1_543' title='bbox 3187 2748 3358 2815; x_wconf 87' lang='lat' dir='ltr'><strong>ipsam</strong></span> <span class='ocrx_word' id='word_1_544' title='bbox 3410 2745 3553 2799; x_wconf 90' lang='lat' dir='ltr'><strong>enim</strong></span> <span class='ocrx_word' id='word_1_545' title='bbox 3609 2756 3663 2798; x_wconf 91' lang='lat' dir='ltr'><strong>et</strong></span> <span class='ocrx_word' id='word_1_546' title='bbox 3709 2745 3765 2798; x_wconf 91' lang='lat' dir='ltr'><strong>in</strong></span> 
     </span>
    </p>
   </div>
   <div class='ocr_carea' id='block_1_71' title="bbox 2183 2834 3764 2910">
    <p class='ocr_par' dir='ltr' id='par_1_71' title="bbox 2183 2834 3764 2910">
     <span class='ocr_line' id='line_1_71' title="bbox 2183 2834 3764 2910; baseline -0.003 -16"><span class='ocrx_word' id='word_1_547' title='bbox 2183 2840 2299 2910; x_wconf 90' lang='lat' dir='ltr'><strong>ipsa</strong></span> <span class='ocrx_word' id='word_1_548' title='bbox 2332 2836 2723 2896; x_wconf 89' lang='lat' dir='ltr'><strong>beatitudinem</strong></span> <span class='ocrx_word' id='word_1_549' title='bbox 2761 2853 2944 2892; x_wconf 81' lang='lat' dir='ltr'><strong>veram</strong></span> <span class='ocrx_word' id='word_1_550' title='bbox 2970 2834 3251 2892; x_wconf 78' lang='lat' dir='ltr'><strong>habituros</strong></span> <span class='ocrx_word' id='word_1_551' title='bbox 3282 2852 3379 2891; x_wconf 91' lang='lat' dir='ltr'><strong>vos</strong></span> <span class='ocrx_word' id='word_1_552' title='bbox 3411 2852 3531 2891; x_wconf 89' lang='lat' dir='ltr'><strong>esse</strong></span> <span class='ocrx_word' id='word_1_553' title='bbox 3554 2836 3764 2902; x_wconf 85' lang='lat' dir='ltr'><strong>sciatis,</strong></span> 
     </span>
    </p>
   </div>
   <div class='ocr_carea' id='block_1_72' title="bbox 2184 2928 3767 3001">
    <p class='ocr_par' dir='ltr' id='par_1_72' title="bbox 2184 2928 3767 3001">
     <span class='ocr_line' id='line_1_72' title="bbox 2184 2928 3767 3001; baseline -0.002 -16"><span class='ocrx_word' id='word_1_554' title='bbox 2184 2928 2309 3001; x_wconf 89' lang='lat' dir='ltr'><strong>quia</strong></span> <span class='ocrx_word' id='word_1_555' title='bbox 2336 2931 2455 2988; x_wconf 89' lang='lat' dir='ltr'><strong>sine</strong></span> <span class='ocrx_word' id='word_1_556' title='bbox 2493 2931 2594 2986; x_wconf 90' lang='lat' dir='ltr'><strong>hac</strong></span> <span class='ocrx_word' id='word_1_557' title='bbox 2621 2940 2780 2985; x_wconf 90' lang='lat' dir='ltr'><strong>nemo</strong></span> <span class='ocrx_word' id='word_1_558' title='bbox 2800 2930 3005 2984; x_wconf 88' lang='lat' dir='ltr'><strong>videbit</strong></span> <span class='ocrx_word' id='word_1_559' title='bbox 3048 2929 3235 2984; x_wconf 90' lang='lat' dir='ltr'><strong>Deum.</strong></span> <span class='ocrx_word' id='word_1_560' title='bbox 3284 2928 3411 2983; x_wconf 74' lang='lat' dir='ltr'><strong>Haec</strong></span> <span class='ocrx_word' id='word_1_561' title='bbox 3436 2937 3614 2983; x_wconf 88' lang='lat' dir='ltr'><strong>autem</strong></span> <span class='ocrx_word' id='word_1_562' title='bbox 3646 2929 3767 2983; x_wconf 88' lang='lat' dir='ltr'><strong>ideo</strong></span> 
     </span>
    </p>
   </div>
   <div class='ocr_carea' id='block_1_73' title="bbox 2185 3021 3769 3093">
    <p class='ocr_par' dir='ltr' id='par_1_73' title="bbox 2185 3021 3769 3093">
     <span class='ocr_line' id='line_1_73' title="bbox 2185 3021 3769 3093; baseline -0.001 -15"><span class='ocrx_word' id='word_1_563' title='bbox 2185 3022 2359 3093; x_wconf 83' lang='lat' dir='ltr'><strong>major</strong></span> <span class='ocrx_word' id='word_1_564' title='bbox 2382 3021 2487 3078; x_wconf 88' lang='lat' dir='ltr'><strong>ﬁde</strong></span> <span class='ocrx_word' id='word_1_565' title='bbox 2512 3034 2571 3077; x_wconf 90' lang='lat' dir='ltr'><strong>et</strong></span> <span class='ocrx_word' id='word_1_566' title='bbox 2602 3037 2697 3092; x_wconf 88' lang='lat' dir='ltr'><strong>spe</strong></span> <span class='ocrx_word' id='word_1_567' title='bbox 2730 3021 2797 3075; x_wconf 92' lang='lat' dir='ltr'><strong>ab</strong></span> <span class='ocrx_word' id='word_1_568' title='bbox 2824 3021 3083 3090; x_wconf 84' lang='lat' dir='ltr'><strong>Apostolo</strong></span> <span class='ocrx_word' id='word_1_569' title='bbox 3111 3030 3380 3085; x_wconf 88' lang='lat' dir='ltr'><strong>narratur,</strong></span> <span class='ocrx_word' id='word_1_570' title='bbox 3407 3021 3533 3092; x_wconf 89' lang='lat' dir='ltr'><strong>quia</strong></span> <span class='ocrx_word' id='word_1_571' title='bbox 3556 3021 3769 3077; x_wconf 80' lang='lat' dir='ltr'><strong>caeteris</strong></span> 
     </span>
    </p>
   </div>
   <div class='ocr_carea' id='block_1_74' title="bbox 2185 3108 3770 3182">
    <p class='ocr_par' dir='ltr' id='par_1_74' title="bbox 2185 3108 3770 3182">
     <span class='ocr_line' id='line_1_74' title="bbox 2185 3108 3770 3182; baseline -0.003 -13"><span class='ocrx_word' id='word_1_572' title='bbox 2185 3112 2585 3177; x_wconf 88' lang='lat' dir='ltr'><strong>recedentibus,</strong></span> <span class='ocrx_word' id='word_1_573' title='bbox 2623 3108 2737 3181; x_wconf 86' lang='lat' dir='ltr'><strong>ipsa</strong></span> <span class='ocrx_word' id='word_1_574' title='bbox 2772 3112 2884 3166; x_wconf 88' lang='lat' dir='ltr'><strong>sola</strong></span> <span class='ocrx_word' id='word_1_575' title='bbox 2915 3112 3291 3182; x_wconf 87' lang='lat' dir='ltr'><strong>permanebit:</strong></span> <span class='ocrx_word' id='word_1_576' title='bbox 3316 3110 3447 3167; x_wconf 89' lang='lat' dir='ltr'><strong>ﬁdei</strong></span> <span class='ocrx_word' id='word_1_577' title='bbox 3474 3112 3619 3166; x_wconf 89' lang='lat' dir='ltr'><strong>enim</strong></span> <span class='ocrx_word' id='word_1_578' title='bbox 3644 3126 3770 3166; x_wconf 88' lang='lat' dir='ltr'><strong>suc-</strong></span> 
     </span>
    </p>
   </div>
   <div class='ocr_carea' id='block_1_75' title="bbox 2112 3186 3770 3272">
    <p class='ocr_par' dir='ltr' id='par_1_75' title="bbox 2112 3186 3770 3272">
     <span class='ocr_line' id='line_1_75' title="bbox 2112 3186 3770 3272; baseline -0.002 -13"><span class='ocrx_word' id='word_1_579' title='bbox 2112 3186 2156 3248; x_wconf 77' lang='lat' dir='ltr'><strong>C</strong></span> <span class='ocrx_word' id='word_1_580' title='bbox 2188 3203 2334 3259; x_wconf 90' lang='lat' dir='ltr'><strong>cedit</strong></span> <span class='ocrx_word' id='word_1_581' title='bbox 2360 3218 2502 3272; x_wconf 87' lang='lat' dir='ltr'><strong>spes,</strong></span> <span class='ocrx_word' id='word_1_582' title='bbox 2531 3210 2587 3257; x_wconf 85' lang='lat' dir='ltr'><strong>et</strong></span> <span class='ocrx_word' id='word_1_583' title='bbox 2632 3200 2745 3271; x_wconf 83' lang='lat' dir='ltr'><strong>spei</strong></span> <span class='ocrx_word' id='word_1_584' title='bbox 2788 3201 3089 3267; x_wconf 89' lang='lat' dir='ltr'><strong>beatitudo,</strong></span> <span class='ocrx_word' id='word_1_585' title='bbox 3144 3201 3395 3256; x_wconf 88' lang='lat' dir='ltr'><strong>charitati</strong></span> <span class='ocrx_word' id='word_1_586' title='bbox 3439 3211 3621 3255; x_wconf 88' lang='lat' dir='ltr'><strong>autem</strong></span> <span class='ocrx_word' id='word_1_587' title='bbox 3658 3216 3770 3255; x_wconf 91' lang='lat' dir='ltr'><strong>non</strong></span> 
     </span>
    </p>
   </div>
   <div class='ocr_carea' id='block_1_76' title="bbox 2186 3289 3769 3361">
    <p class='ocr_par' dir='ltr' id='par_1_76' title="bbox 2186 3289 3769 3361">
     <span class='ocr_line' id='line_1_76' title="bbox 2186 3289 3769 3361; baseline -0.003 -12"><span class='ocrx_word' id='word_1_588' title='bbox 2186 3292 2591 3357; x_wconf 90' lang='lat' dir='ltr'><strong>transmutatio,</strong></span> <span class='ocrx_word' id='word_1_589' title='bbox 2624 3292 2717 3347; x_wconf 88' lang='lat' dir='ltr'><strong>sed</strong></span> <span class='ocrx_word' id='word_1_590' title='bbox 2745 3291 2855 3347; x_wconf 89' lang='lat' dir='ltr'><strong>sola</strong></span> <span class='ocrx_word' id='word_1_591' title='bbox 2882 3300 3051 3346; x_wconf 79' lang='lat' dir='ltr'><strong>restat</strong></span> <span class='ocrx_word' id='word_1_592' title='bbox 3074 3290 3352 3361; x_wconf 80' lang='lat' dir='ltr'><strong>perfectio.</strong></span> <span class='ocrx_word' id='word_1_593' title='bbox 3379 3289 3504 3346; x_wconf 77' lang='lat' dir='ltr'><strong>Haec</strong></span> <span class='ocrx_word' id='word_1_594' title='bbox 3525 3292 3769 3347; x_wconf 90' lang='lat' dir='ltr'><strong>omnium</strong></span> 
     </span>
    </p>
   </div>
   <div class='ocr_carea' id='block_1_77' title="bbox 2187 3381 3769 3453">
    <p class='ocr_par' dir='ltr' id='par_1_77' title="bbox 2187 3381 3769 3453">
     <span class='ocr_line' id='line_1_77' title="bbox 2187 3381 3769 3453; baseline -0.002 -13"><span class='ocrx_word' id='word_1_595' title='bbox 2187 3401 2277 3440; x_wconf 89' lang='lat' dir='ltr'><strong>ars</strong></span> <span class='ocrx_word' id='word_1_596' title='bbox 2303 3393 2389 3442; x_wconf 88' lang='lat' dir='ltr'><strong>est</strong></span> <span class='ocrx_word' id='word_1_597' title='bbox 2412 3384 2705 3448; x_wconf 87' lang='lat' dir='ltr'><strong>virtutum,</strong></span> <span class='ocrx_word' id='word_1_598' title='bbox 2754 3385 2869 3438; x_wconf 69' lang='lat' dir='ltr'><strong>hmo</strong></span> <span class='ocrx_word' id='word_1_599' title='bbox 2910 3384 3198 3452; x_wconf 90' lang='lat' dir='ltr'><strong>promissio</strong></span> <span class='ocrx_word' id='word_1_600' title='bbox 3246 3382 3419 3453; x_wconf 86' lang='lat' dir='ltr'><strong>regni,</strong></span> <span class='ocrx_word' id='word_1_601' title='bbox 3463 3381 3579 3436; x_wconf 70' lang='lat' dir='ltr'><strong>haec</strong></span> <span class='ocrx_word' id='word_1_602' title='bbox 3626 3398 3769 3451; x_wconf 74' lang='lat' dir='ltr'><strong>pra:-</strong></span> 
     </span>
    </p>
   </div>
   <div class='ocr_carea' id='block_1_78' title="bbox 2185 3468 3773 3541">
    <p class='ocr_par' dir='ltr' id='par_1_78' title="bbox 2185 3468 3773 3541">
     <span class='ocr_line' id='line_1_78' title="bbox 2185 3468 3773 3541; baseline -0.001 -12"><span class='ocrx_word' id='word_1_603' title='bbox 2185 3473 2353 3529; x_wconf 80' lang='lat' dir='ltr'><strong>n&#39;iutn</strong></span> <span class='ocrx_word' id='word_1_604' title='bbox 2384 3489 2653 3529; x_wconf 88' lang='lat' dir='ltr'><strong>summum</strong></span> <span class='ocrx_word' id='word_1_605' title='bbox 2683 3468 3103 3528; x_wconf 34' lang='lat' dir='ltr'><strong>sanctorum‘est</strong></span> <span class='ocrx_word' id='word_1_606' title='bbox 3144 3473 3198 3528; x_wconf 88' lang='lat' dir='ltr'><strong>in</strong></span> <span class='ocrx_word' id='word_1_607' title='bbox 3240 3470 3402 3538; x_wconf 67' lang='lat' dir='ltr'><strong>caelo,</strong></span> <span class='ocrx_word' id='word_1_608' title='bbox 3440 3473 3568 3541; x_wconf 88' lang='lat' dir='ltr'><strong>quia</strong></span> <span class='ocrx_word' id='word_1_609' title='bbox 3595 3471 3650 3527; x_wconf 90' lang='lat' dir='ltr'><strong>in</strong></span> <span class='ocrx_word' id='word_1_610' title='bbox 3675 3487 3773 3541; x_wconf 87' lang='lat' dir='ltr'><strong>pe-</strong></span> 
     </span>
    </p>
   </div>
   <div class='ocr_carea' id='block_1_79' title="bbox 2185 3563 3772 3636">
    <p class='ocr_par' dir='ltr' id='par_1_79' title="bbox 2185 3563 3772 3636">
     <span class='ocr_line' id='line_1_79' title="bbox 2185 3563 3772 3636; baseline -0.002 -15"><span class='ocrx_word' id='word_1_611' title='bbox 2185 3568 2337 3621; x_wconf 90' lang='lat' dir='ltr'><strong>renni</strong></span> <span class='ocrx_word' id='word_1_612' title='bbox 2366 3566 2563 3636; x_wconf 86' lang='lat' dir='ltr'><strong>gaudio</strong></span> <span class='ocrx_word' id='word_1_613' title='bbox 2591 3565 2722 3619; x_wconf 85' lang='lat' dir='ltr'><strong>nihil</strong></span> <span class='ocrx_word' id='word_1_614' title='bbox 2764 3566 2988 3635; x_wconf 89' lang='lat' dir='ltr'><strong>gratius,</strong></span> <span class='ocrx_word' id='word_1_615' title='bbox 3019 3564 3151 3619; x_wconf 88' lang='lat' dir='ltr'><strong>nihil</strong></span> <span class='ocrx_word' id='word_1_616' title='bbox 3179 3564 3389 3619; x_wconf 90' lang='lat' dir='ltr'><strong>dulcius</strong></span> <span class='ocrx_word' id='word_1_617' title='bbox 3411 3563 3613 3619; x_wconf 88' lang='lat' dir='ltr'><strong>habent</strong></span> <span class='ocrx_word' id='word_1_618' title='bbox 3639 3579 3772 3618; x_wconf 86' lang='lat' dir='ltr'><strong>san-</strong></span> 
     </span>
    </p>
   </div>
   <div class='ocr_carea' id='block_1_80' title="bbox 2185 3653 3774 3729">
    <p class='ocr_par' dir='ltr' id='par_1_80' title="bbox 2185 3653 3774 3729">
     <span class='ocr_line' id='line_1_80' title="bbox 2185 3653 3774 3729; baseline -0.004 -15"><span class='ocrx_word' id='word_1_619' title='bbox 2185 3660 2257 3715; x_wconf 91' lang='lat' dir='ltr'><strong>cli</strong></span> <span class='ocrx_word' id='word_1_620' title='bbox 2290 3656 2528 3729; x_wconf 86' lang='lat' dir='ltr'><strong>perfecto</strong></span> <span class='ocrx_word' id='word_1_621' title='bbox 2560 3671 2743 3711; x_wconf 89' lang='lat' dir='ltr'><strong>amore</strong></span> <span class='ocrx_word' id='word_1_622' title='bbox 2776 3657 2893 3722; x_wconf 90' lang='lat' dir='ltr'><strong>Dei,</strong></span> <span class='ocrx_word' id='word_1_623' title='bbox 2944 3671 3104 3726; x_wconf 84' lang='lat' dir='ltr'><strong>quem</strong></span> <span class='ocrx_word' id='word_1_624' title='bbox 3152 3656 3277 3725; x_wconf 86' lang='lat' dir='ltr'><strong>quia</strong></span> <span class='ocrx_word' id='word_1_625' title='bbox 3328 3661 3646 3724; x_wconf 77' lang='lat' dir='ltr'><strong>praesentem</strong></span> <span class='ocrx_word' id='word_1_626' title='bbox 3691 3653 3774 3707; x_wconf 86' lang='lat' dir='ltr'><strong>vi-</strong></span> 
     </span>
    </p>
   </div>
   <div class='ocr_carea' id='block_1_81' title="bbox 2184 3734 3773 3817">
    <p class='ocr_par' dir='ltr' id='par_1_81' title="bbox 2184 3734 3773 3817">
     <span class='ocr_line' id='line_1_81' title="bbox 2184 3734 3773 3817; baseline -0.004 -12"><span class='ocrx_word' id='word_1_627' title='bbox 2184 3751 2332 3814; x_wconf 91' lang='lat' dir='ltr'><strong>dent,</strong></span> <span class='ocrx_word' id='word_1_628' title='bbox 2389 3747 2607 3803; x_wconf 81' lang='lat' dir='ltr'><strong>suavius</strong></span> <span class='ocrx_word' id='word_1_629' title='bbox 2660 3748 2912 3817; x_wconf 85' lang='lat' dir='ltr'><strong>diligunt,</strong></span> <span class='ocrx_word' id='word_1_630' title='bbox 2968 3755 3023 3801; x_wconf 92' lang='lat' dir='ltr'><strong>et</strong></span> <span class='ocrx_word' id='word_1_631' title='bbox 3081 3746 3289 3801; x_wconf 91' lang='lat' dir='ltr'><strong>dulcius</strong></span> <span class='ocrx_word' id='word_1_632' title='bbox 3353 3734 3602 3799; x_wconf 83' lang='lat' dir='ltr'><strong>fruuntur</strong></span> <span class='ocrx_word' id='word_1_633' title='bbox 3652 3744 3773 3811; x_wconf 80' lang='lat' dir='ltr'><strong>ipso</strong></span> 
     </span>
    </p>
   </div>
   <div class='ocr_carea' id='block_1_82' title="bbox 2183 3834 3775 3908">
    <p class='ocr_par' dir='ltr' id='par_1_82' title="bbox 2183 3834 3775 3908">
     <span class='ocr_line' id='line_1_82' title="bbox 2183 3834 3775 3908; baseline -0.004 -12"><span class='ocrx_word' id='word_1_634' title='bbox 2183 3842 2345 3896; x_wconf 90' lang='lat' dir='ltr'><strong>bono.</strong></span> <span class='ocrx_word' id='word_1_635' title='bbox 2382 3839 2607 3908; x_wconf 86' lang='lat' dir='ltr'><strong>Oportet</strong></span> <span class='ocrx_word' id='word_1_636' title='bbox 2655 3855 2751 3893; x_wconf 86' lang='lat' dir='ltr'><strong>vos</strong></span> <span class='ocrx_word' id='word_1_637' title='bbox 2802 3838 2962 3903; x_wconf 89' lang='lat' dir='ltr'><strong>scire,</strong></span> <span class='ocrx_word' id='word_1_638' title='bbox 3006 3836 3220 3901; x_wconf 85' lang='lat' dir='ltr'><strong>fratres,</strong></span> <span class='ocrx_word' id='word_1_639' title='bbox 3253 3850 3380 3907; x_wconf 82' lang='lat' dir='ltr'><strong>quia</strong></span> <span class='ocrx_word' id='word_1_640' title='bbox 3432 3836 3484 3889; x_wconf 91' lang='lat' dir='ltr'><strong>in</strong></span> <span class='ocrx_word' id='word_1_641' title='bbox 3518 3834 3775 3889; x_wconf 88' lang='lat' dir='ltr'><strong>omnibus</strong></span> 
     </span>
    </p>
   </div>
   <div class='ocr_carea' id='block_1_83' title="bbox 2183 3924 3775 4001">
    <p class='ocr_par' dir='ltr' id='par_1_83' title="bbox 2183 3924 3775 4001">
     <span class='ocr_line' id='line_1_83' title="bbox 2183 3924 3775 4001; baseline -0.006 -15"><span class='ocrx_word' id='word_1_642' title='bbox 2183 3931 2465 4001; x_wconf 64' lang='lat' dir='ltr'><strong>prteceptis</strong></span> <span class='ocrx_word' id='word_1_643' title='bbox 2491 3929 2583 3982; x_wconf 89' lang='lat' dir='ltr'><strong>Dei</strong></span> <span class='ocrx_word' id='word_1_644' title='bbox 2614 3928 2855 3982; x_wconf 79' lang='lat' dir='ltr'><strong>Charitas</strong></span> <span class='ocrx_word' id='word_1_645' title='bbox 2877 3926 3085 3981; x_wconf 88' lang='lat' dir='ltr'><strong>obtinet</strong></span> <span class='ocrx_word' id='word_1_646' title='bbox 3111 3926 3490 3996; x_wconf 84' lang='lat' dir='ltr'><strong>principatum,</strong></span> <span class='ocrx_word' id='word_1_647' title='bbox 3529 3924 3647 3977; x_wconf 82' lang='lat' dir='ltr'><strong>sine</strong></span> <span class='ocrx_word' id='word_1_648' title='bbox 3674 3938 3775 3976; x_wconf 82' lang='lat' dir='ltr'><strong>cu-</strong></span> 
     </span>
    </p>
   </div>
   <div class='ocr_carea' id='block_1_84' title="bbox 2178 4014 3774 4093">
    <p class='ocr_par' dir='ltr' id='par_1_84' title="bbox 2178 4014 3774 4093">
     <span class='ocr_line' id='line_1_84' title="bbox 2178 4014 3774 4093; baseline -0.003 -20"><span class='ocrx_word' id='word_1_649' title='bbox 2178 4023 2267 4093; x_wconf 87' lang='lat' dir='ltr'><strong>jus</strong></span> <span class='ocrx_word' id='word_1_650' title='bbox 2306 4020 2633 4091; x_wconf 78' lang='lat' dir='ltr'><strong>perfectione</strong></span> <span class='ocrx_word' id='word_1_651' title='bbox 2664 4018 2796 4073; x_wconf 87' lang='lat' dir='ltr'><strong>nihil</strong></span> <span class='ocrx_word' id='word_1_652' title='bbox 2826 4017 3038 4088; x_wconf 87' lang='lat' dir='ltr'><strong>placere</strong></span> <span class='ocrx_word' id='word_1_653' title='bbox 3067 4018 3177 4072; x_wconf 89' lang='lat' dir='ltr'><strong>Deo</strong></span> <span class='ocrx_word' id='word_1_654' title='bbox 3214 4031 3371 4084; x_wconf 84' lang='lat' dir='ltr'><strong>posse</strong></span> <span class='ocrx_word' id='word_1_655' title='bbox 3416 4014 3614 4069; x_wconf 85' lang='lat' dir='ltr'><strong>Paulus</strong></span> <span class='ocrx_word' id='word_1_656' title='bbox 3643 4031 3774 4084; x_wconf 85' lang='lat' dir='ltr'><strong>apo—</strong></span> 
     </span>
    </p>
   </div>
   <div class='ocr_carea' id='block_1_85' title="bbox 2184 4106 3773 4180">
    <p class='ocr_par' dir='ltr' id='par_1_85' title="bbox 2184 4106 3773 4180">
     <span class='ocr_line' id='line_1_85' title="bbox 2184 4106 3773 4180; baseline -0.008 -13"><span class='ocrx_word' id='word_1_657' title='bbox 2184 4114 2353 4170; x_wconf 86' lang='lat' dir='ltr'><strong>stolus</strong></span> <span class='ocrx_word' id='word_1_658' title='bbox 2396 4118 2634 4167; x_wconf 85' lang='lat' dir='ltr'><strong>testatur</strong></span> <span class='ocrx_word' id='word_1_659' title='bbox 2686 4108 2736 4180; x_wconf 95' lang='lat' dir='ltr'><strong>(I</strong></span> <span class='ocrx_word' id='word_1_660' title='bbox 2786 4107 2907 4162; x_wconf 81' lang='lat' dir='ltr'><strong>Cor.</strong></span> <span class='ocrx_word' id='word_1_661' title='bbox 2955 4106 3102 4177; x_wconf 84' lang='lat' dir='ltr'><strong>xm),</strong></span> <span class='ocrx_word' id='word_1_662' title='bbox 3147 4106 3242 4175; x_wconf 85' lang='lat' dir='ltr'><strong>qui</strong></span> <span class='ocrx_word' id='word_1_663' title='bbox 3289 4120 3390 4160; x_wconf 89' lang='lat' dir='ltr'><strong>nec</strong></span> <span class='ocrx_word' id='word_1_664' title='bbox 3427 4106 3773 4174; x_wconf 85' lang='lat' dir='ltr'><strong>martyrium,</strong></span> 
     </span>
    </p>
   </div>
   <div class='ocr_carea' id='block_1_86' title="bbox 2184 4195 3778 4268">
    <p class='ocr_par' dir='ltr' id='par_1_86' title="bbox 2184 4195 3778 4268">
     <span class='ocr_line' id='line_1_86' title="bbox 2184 4195 3778 4268; baseline -0.007 -9"><span class='ocrx_word' id='word_1_665' title='bbox 2184 4220 2284 4259; x_wconf 91' lang='lat' dir='ltr'><strong>nec</strong></span> <span class='ocrx_word' id='word_1_666' title='bbox 2328 4203 2509 4257; x_wconf 64' lang='lat' dir='ltr'><strong>saeculi</strong></span> <span class='ocrx_word' id='word_1_667' title='bbox 2555 4208 2947 4268; x_wconf 88' lang='lat' dir='ltr'><strong>contemptum,</strong></span> <span class='ocrx_word' id='word_1_668' title='bbox 2993 4213 3093 4253; x_wconf 91' lang='lat' dir='ltr'><strong>nec</strong></span> <span class='ocrx_word' id='word_1_669' title='bbox 3120 4197 3579 4267; x_wconf 83' lang='lat' dir='ltr'><strong>cleemosynarum</strong></span> <span class='ocrx_word' id='word_1_670' title='bbox 3613 4195 3778 4264; x_wconf 80' lang='lat' dir='ltr'><strong>largi-</strong></span> 
     </span>
    </p>
   </div>
   <div class='ocr_carea' id='block_1_87' title="bbox 2184 4286 3779 4359">
    <p class='ocr_par' dir='ltr' id='par_1_87' title="bbox 2184 4286 3779 4359">
     <span class='ocr_line' id='line_1_87' title="bbox 2184 4286 3779 4359; baseline -0.006 -11"><span class='ocrx_word' id='word_1_671' title='bbox 2184 4296 2409 4359; x_wconf 87' lang='lat' dir='ltr'><strong>tionem,</strong></span> <span class='ocrx_word' id='word_1_672' title='bbox 2455 4294 2571 4347; x_wconf 90' lang='lat' dir='ltr'><strong>sine</strong></span> <span class='ocrx_word' id='word_1_673' title='bbox 2610 4290 2891 4345; x_wconf 80' lang='lat' dir='ltr'><strong>cliaritatis</strong></span> <span class='ocrx_word' id='word_1_674' title='bbox 2930 4288 3122 4352; x_wconf 88' lang='lat' dir='ltr'><strong>oflieio,</strong></span> <span class='ocrx_word' id='word_1_675' title='bbox 3171 4288 3464 4357; x_wconf 77' lang='lat' dir='ltr'><strong>quidquam</strong></span> <span class='ocrx_word' id='word_1_676' title='bbox 3510 4286 3779 4355; x_wconf 83' lang='lat' dir='ltr'><strong>proﬁcere</strong></span> 
     </span>
    </p>
   </div>
   <div class='ocr_carea' id='block_1_88' title="bbox 2184 4378 3775 4454">
    <p class='ocr_par' dir='ltr' id='par_1_88' title="bbox 2184 4378 3775 4454">
     <span class='ocr_line' id='line_1_88' title="bbox 2184 4378 3775 4454; baseline -0.006 -15"><span class='ocrx_word' id='word_1_677' title='bbox 2184 4400 2342 4454; x_wconf 89' lang='lat' dir='ltr'><strong>posse</strong></span> <span class='ocrx_word' id='word_1_678' title='bbox 2387 4381 2642 4438; x_wconf 87' lang='lat' dir='ltr'><strong>ostendit.</strong></span> <span class='ocrx_word' id='word_1_679' title='bbox 2692 4382 2843 4436; x_wconf 90' lang='lat' dir='ltr'><strong>Unde</strong></span> <span class='ocrx_word' id='word_1_680' title='bbox 2889 4390 2945 4434; x_wconf 90' lang='lat' dir='ltr'><strong>et</strong></span> <span class='ocrx_word' id='word_1_681' title='bbox 2992 4381 3107 4449; x_wconf 88' lang='lat' dir='ltr'><strong>ipse</strong></span> <span class='ocrx_word' id='word_1_682' title='bbox 3158 4379 3418 4432; x_wconf 81' lang='lat' dir='ltr'><strong>Dominus</strong></span> <span class='ocrx_word' id='word_1_683' title='bbox 3451 4378 3775 4447; x_wconf 87' lang='lat' dir='ltr'><strong>respondit:</strong></span> 
     </span>
    </p>
   </div>
   <div class='ocr_carea' id='block_1_89' title="bbox 2185 4469 3781 4544">
    <p class='ocr_par' dir='ltr' id='par_1_89' title="bbox 2185 4469 3781 4544">
     <span class='ocr_line' id='line_1_89' title="bbox 2185 4469 3781 4544; baseline -0.004 -16"><span class='ocrx_word' id='word_1_684' title='bbox 2185 4474 2378 4544; x_wconf 83' lang='lat' dir='ltr'><strong>Diliges</strong></span> <span class='ocrx_word' id='word_1_685' title='bbox 2409 4473 2685 4527; x_wconf 87' lang='lat' dir='ltr'><strong>Dominum</strong></span> <span class='ocrx_word' id='word_1_686' title='bbox 2712 4471 2875 4524; x_wconf 86' lang='lat' dir='ltr'><strong>Deum</strong></span> <span class='ocrx_word' id='word_1_687' title='bbox 2903 4480 3049 4523; x_wconf 84' lang='lat' dir='ltr'><strong>tuum</strong></span> <span class='ocrx_word' id='word_1_688' title='bbox 3072 4484 3135 4523; x_wconf 70' lang='lat' dir='ltr'><strong>ea:</strong></span> <span class='ocrx_word' id='word_1_689' title='bbox 3178 4479 3282 4522; x_wconf 85' lang='lat' dir='ltr'><strong>toto</strong></span> <span class='ocrx_word' id='word_1_690' title='bbox 3306 4469 3458 4521; x_wconf 84' lang='lat' dir='ltr'><strong>corde</strong></span> <span class='ocrx_word' id='word_1_691' title='bbox 3484 4477 3594 4530; x_wconf 88' lang='lat' dir='ltr'><strong>tuo,</strong></span> <span class='ocrx_word' id='word_1_692' title='bbox 3622 4478 3670 4520; x_wconf 90' lang='lat' dir='ltr'><strong>et</strong></span> <span class='ocrx_word' id='word_1_693' title='bbox 3709 4483 3781 4521; x_wconf 69' lang='lat' dir='ltr'><strong>ex</strong></span> 
     </span>
    </p>
   </div>
   <div class='ocr_carea' id='block_1_90' title="bbox 498 4541 2080 4628">
    <p class='ocr_par' dir='ltr' id='par_1_90' title="bbox 498 4548 2078 4623">
     <span class='ocr_line' id='line_1_90' title="bbox 498 4548 2078 4623; baseline -0.004 -14"><span class='ocrx_word' id='word_1_694' title='bbox 498 4553 731 4609; x_wconf 84' lang='lat' dir='ltr'><strong>Jacobus</strong></span> <span class='ocrx_word' id='word_1_695' title='bbox 756 4553 1033 4623; x_wconf 89' lang='lat' dir='ltr'><strong>apostolus</strong></span> <span class='ocrx_word' id='word_1_696' title='bbox 1060 4552 1232 4606; x_wconf 82' lang='lat' dir='ltr'><strong>dixit:</strong></span> <span class='ocrx_word' id='word_1_697' title='bbox 1264 4551 1403 4617; x_wconf 85' lang='lat' dir='ltr'><strong>Quid</strong></span> <span class='ocrx_word' id='word_1_698' title='bbox 1443 4551 1695 4621; x_wconf 88' lang='lat' dir='ltr'><strong>proderit,</strong></span> <span class='ocrx_word' id='word_1_699' title='bbox 1737 4550 1928 4619; x_wconf 79' lang='lat' dir='ltr'><strong>fratres</strong></span> <span class='ocrx_word' id='word_1_700' title='bbox 1958 4548 2078 4615; x_wconf 91' lang='lat' dir='ltr'><strong>mei,</strong></span> 
     </span>
    </p>
   </div>
   <div class='ocr_carea' id='block_1_91' title="bbox 2180 4541 3779 4628">
    <p class='ocr_par' dir='ltr' id='par_1_91' title="bbox 2186 4541 3779 4628">
     <span class='ocr_line' id='line_1_91' title="bbox 2186 4541 3779 4628; baseline -0.006 -10"><span class='ocrx_word' id='word_1_701' title='bbox 2186 4541 2497 4619; x_wconf 30' lang='lat' dir='ltr'><strong>totavanima</strong></span> <span class='ocrx_word' id='word_1_702' title='bbox 2529 4572 2638 4621; x_wconf 85' lang='lat' dir='ltr'><strong>tua,</strong></span> <span class='ocrx_word' id='word_1_703' title='bbox 2670 4548 2806 4614; x_wconf 51' lang='grc' dir='ltr'><strong>εἴρω</strong></span> <span class='ocrx_word' id='word_1_704' title='bbox 2833 4570 2939 4614; x_wconf 88' lang='lat' dir='ltr'><strong>tota</strong></span> <span class='ocrx_word' id='word_1_705' title='bbox 2972 4570 3139 4613; x_wconf 82' lang='lat' dir='ltr'><strong>mente</strong></span> <span class='ocrx_word' id='word_1_706' title='bbox 3178 4570 3269 4611; x_wconf 88' lang='lat' dir='ltr'><strong>tua</strong></span> <span class='ocrx_word' id='word_1_707' title='bbox 3303 4558 3453 4628; x_wconf 89' lang='lat' dir='ltr'><strong>(Luc.</strong></span> <span class='ocrx_word' id='word_1_708' title='bbox 3498 4556 3586 4627; x_wconf 84' lang='lat' dir='ltr'><strong>x);</strong></span> <span class='ocrx_word' id='word_1_709' title='bbox 3616 4558 3779 4611; x_wconf 82' lang='lat' dir='ltr'><strong>addi-</strong></span> 
     </span>
    </p>
   </div>
   <div class='ocr_carea' id='block_1_92' title="bbox 499 4640 2086 4713">
    <p class='ocr_par' dir='ltr' id='par_1_92' title="bbox 499 4640 2086 4713">
     <span class='ocr_line' id='line_1_92' title="bbox 499 4640 2086 4713; baseline -0.003 -15"><span class='ocrx_word' id='word_1_710' title='bbox 499 4644 547 4698; x_wconf 89' lang='lat' dir='ltr'><strong>si</strong></span> <span class='ocrx_word' id='word_1_711' title='bbox 578 4643 736 4712; x_wconf 82' lang='lat' dir='ltr'><strong>ﬁdem</strong></span> <span class='ocrx_word' id='word_1_712' title='bbox 778 4642 896 4713; x_wconf 83' lang='lat' dir='ltr'><strong>quis</strong></span> <span class='ocrx_word' id='word_1_713' title='bbox 936 4643 1076 4696; x_wconf 86' lang='lat' dir='ltr'><strong>dicat</strong></span> <span class='ocrx_word' id='word_1_714' title='bbox 1107 4658 1160 4695; x_wconf 91' lang='lat' dir='ltr'><strong>se</strong></span> <span class='ocrx_word' id='word_1_715' title='bbox 1200 4641 1412 4705; x_wconf 83' lang='lat' dir='ltr'><strong>habere,</strong></span> <span class='ocrx_word' id='word_1_716' title='bbox 1459 4657 1615 4711; x_wconf 87' lang='lat' dir='ltr'><strong>opera</strong></span> <span class='ocrx_word' id='word_1_717' title='bbox 1660 4650 1836 4692; x_wconf 86' lang='lat' dir='ltr'><strong>autem</strong></span> <span class='ocrx_word' id='word_1_718' title='bbox 1861 4656 1965 4693; x_wconf 88' lang='lat' dir='ltr'><strong>non</strong></span> <span class='ocrx_word' id='word_1_719' title='bbox 1992 4640 2086 4693; x_wconf 79' lang='lat' dir='ltr'><strong>lia-</strong></span> 
     </span>
    </p>
   </div>
   <div class='ocr_carea' id='block_1_93' title="bbox 500 4730 2085 4804">
    <p class='ocr_par' dir='ltr' id='par_1_93' title="bbox 500 4730 2085 4804">
     <span class='ocr_line' id='line_1_93' title="bbox 500 4730 2085 4804; baseline -0.003 -14"><span class='ocrx_word' id='word_1_720' title='bbox 500 4732 916 4804; x_wconf 68' lang='lat' dir='ltr'><strong>beatmunquid</strong></span> <span class='ocrx_word' id='word_1_721' title='bbox 938 4734 1123 4803; x_wconf 84' lang='lat' dir='ltr'><strong>poterit</strong></span> <span class='ocrx_word' id='word_1_722' title='bbox 1167 4733 1299 4801; x_wconf 85' lang='lat' dir='ltr'><strong>ﬁdes</strong></span> <span class='ocrx_word' id='word_1_723' title='bbox 1344 4730 1548 4786; x_wconf 84' lang='lat' dir='ltr'><strong>salvare</strong></span> <span class='ocrx_word' id='word_1_724' title='bbox 1588 4746 1745 4785; x_wconf 87' lang='lat' dir='ltr'><strong>eum:</strong></span> <span class='ocrx_word' id='word_1_725' title='bbox 1790 4730 1920 4798; x_wconf 85' lang='lat' dir='ltr'><strong>ﬁdes</strong></span> <span class='ocrx_word' id='word_1_726' title='bbox 1972 4732 2085 4785; x_wconf 83' lang='lat' dir='ltr'><strong>sine</strong></span> 
     </span>
    </p>
   </div>
   <div class='ocr_carea' id='block_1_94' title="bbox 500 4822 2084 4898">
    <p class='ocr_par' dir='ltr' id='par_1_94' title="bbox 500 4822 2084 4898">
     <span class='ocr_line' id='line_1_94' title="bbox 500 4822 2084 4898; baseline -0.004 -17"><span class='ocrx_word' id='word_1_727' title='bbox 500 4826 741 4898; x_wconf 73' lang='lat' dir='ltr'><strong>operibus</strong></span> <span class='ocrx_word' id='word_1_728' title='bbox 766 4827 933 4879; x_wconf 84' lang='lat' dir='ltr'><strong>otiosa</strong></span> <span class='ocrx_word' id='word_1_729' title='bbox 982 4834 1077 4879; x_wconf 90' lang='lat' dir='ltr'><strong>est.</strong></span> <span class='ocrx_word' id='word_1_730' title='bbox 1137 4822 1282 4879; x_wconf 83' lang='lat' dir='ltr'><strong>Sicut</strong></span> <span class='ocrx_word' id='word_1_731' title='bbox 1328 4825 1465 4878; x_wconf 87' lang='lat' dir='ltr'><strong>enim</strong></span> <span class='ocrx_word' id='word_1_732' title='bbox 1492 4839 1679 4892; x_wconf 87' lang='lat' dir='ltr'><strong>corpus</strong></span> <span class='ocrx_word' id='word_1_733' title='bbox 1723 4823 1833 4876; x_wconf 83' lang='lat' dir='ltr'><strong>sine</strong></span> <span class='ocrx_word' id='word_1_734' title='bbox 1894 4823 2084 4891; x_wconf 84' lang='lat' dir='ltr'><strong>spiritu</strong></span> 
     </span>
    </p>
   </div>
   <div class='ocr_carea' id='block_1_95' title="bbox 500 4915 2083 4986">
    <p class='ocr_par' dir='ltr' id='par_1_95' title="bbox 500 4915 2083 4986">
     <span class='ocr_line' id='line_1_95' title="bbox 500 4915 2083 4986; baseline -0.003 -13"><span class='ocrx_word' id='word_1_735' title='bbox 500 4928 795 4973; x_wconf 85' lang='lat' dir='ltr'><strong>emortuum</strong></span> <span class='ocrx_word' id='word_1_736' title='bbox 819 4926 914 4983; x_wconf 87' lang='lat' dir='ltr'><strong>est,</strong></span> <span class='ocrx_word' id='word_1_737' title='bbox 942 4917 1016 4969; x_wconf 89' lang='lat' dir='ltr'><strong>ita</strong></span> <span class='ocrx_word' id='word_1_738' title='bbox 1051 4926 1100 4971; x_wconf 87' lang='lat' dir='ltr'><strong>et</strong></span> <span class='ocrx_word' id='word_1_739' title='bbox 1146 4916 1276 4986; x_wconf 88' lang='lat' dir='ltr'><strong>ﬁdes</strong></span> <span class='ocrx_word' id='word_1_740' title='bbox 1306 4916 1416 4970; x_wconf 87' lang='lat' dir='ltr'><strong>sine</strong></span> <span class='ocrx_word' id='word_1_741' title='bbox 1465 4915 1704 4985; x_wconf 83' lang='lat' dir='ltr'><strong>operibus</strong></span> <span class='ocrx_word' id='word_1_742' title='bbox 1760 4925 1967 4969; x_wconf 73' lang='lat' dir='ltr'><strong>Mortua</strong></span> <span class='ocrx_word' id='word_1_743' title='bbox 2007 4922 2083 4968; x_wconf 84' lang='lat' dir='ltr'><strong>est</strong></span> 
     </span>
    </p>
   </div>
   <div class='ocr_carea' id='block_1_96' title="bbox 502 4994 2090 5079">
    <p class='ocr_par' dir='ltr' id='par_1_96' title="bbox 502 4994 2090 5079">
     <span class='ocr_line' id='line_1_96' title="bbox 502 4994 2090 5079; baseline -0.001 -18"><span class='ocrx_word' id='word_1_744' title='bbox 502 5006 646 5079; x_wconf 77' lang='lat' dir='ltr'><strong>(Jac.</strong></span> <span class='ocrx_word' id='word_1_745' title='bbox 686 5008 767 5077; x_wconf 87' lang='grc' dir='ltr'><strong>ιι).</strong></span> <span class='ocrx_word' id='word_1_746' title='bbox 812 4994 997 5061; x_wconf 70' lang='lat' dir='ltr'><strong>Fidem</strong></span> <span class='ocrx_word' id='word_1_747' title='bbox 1026 5016 1151 5062; x_wconf 90' lang='lat' dir='ltr'><strong>ante</strong></span> <span class='ocrx_word' id='word_1_748' title='bbox 1176 5008 1380 5069; x_wconf 89' lang='lat' dir='ltr'><strong>omnia,</strong></span> <span class='ocrx_word' id='word_1_749' title='bbox 1417 5006 1615 5060; x_wconf 87' lang='lat' dir='ltr'><strong>fratres</strong></span> <span class='ocrx_word' id='word_1_750' title='bbox 1642 5006 1768 5069; x_wconf 91' lang='lat' dir='ltr'><strong>mei,</strong></span> <span class='ocrx_word' id='word_1_751' title='bbox 1810 5013 2011 5059; x_wconf 88' lang='lat' dir='ltr'><strong>rectam</strong></span> <span class='ocrx_word' id='word_1_752' title='bbox 2036 5014 2090 5059; x_wconf 90' lang='lat' dir='ltr'><strong>et</strong></span> 
     </span>
    </p>
   </div>
   <div class='ocr_carea' id='block_1_97' title="bbox 502 5095 2091 5163">
    <p class='ocr_par' dir='ltr' id='par_1_97' title="bbox 502 5095 2091 5163">
     <span class='ocr_line' id='line_1_97' title="bbox 502 5095 2091 5163; baseline -0.006 -8"><span class='ocrx_word' id='word_1_753' title='bbox 502 5100 903 5155; x_wconf 89' lang='lat' dir='ltr'><strong>immaculatam</strong></span> <span class='ocrx_word' id='word_1_754' title='bbox 948 5099 1145 5153; x_wconf 82' lang='lat' dir='ltr'><strong>habere</strong></span> <span class='ocrx_word' id='word_1_755' title='bbox 1182 5097 1509 5161; x_wconf 87' lang='lat' dir='ltr'><strong>contendite,</strong></span> <span class='ocrx_word' id='word_1_756' title='bbox 1543 5106 1597 5150; x_wconf 92' lang='lat' dir='ltr'><strong>et</strong></span> <span class='ocrx_word' id='word_1_757' title='bbox 1639 5095 1931 5150; x_wconf 87' lang='lat' dir='ltr'><strong>secundum</strong></span> <span class='ocrx_word' id='word_1_758' title='bbox 1963 5110 2091 5163; x_wconf 85' lang='lat' dir='ltr'><strong>apo-</strong></span> 
     </span>
    </p>
   </div>
   <div class='ocr_carea' id='block_1_98' title="bbox 502 5187 2089 5259">
    <p class='ocr_par' dir='ltr' id='par_1_98' title="bbox 502 5187 2089 5259">
     <span class='ocr_line' id='line_1_98' title="bbox 502 5187 2089 5259; baseline -0.004 -12"><span class='ocrx_word' id='word_1_759' title='bbox 502 5191 709 5247; x_wconf 68' lang='lat' dir='ltr'><strong>stolicae</strong></span> <span class='ocrx_word' id='word_1_760' title='bbox 744 5190 1096 5245; x_wconf 90' lang='lat' dir='ltr'><strong>institutionis</strong></span> <span class='ocrx_word' id='word_1_761' title='bbox 1141 5203 1405 5251; x_wconf 73' lang='lat' dir='ltr'><strong>normam,</strong></span> <span class='ocrx_word' id='word_1_762' title='bbox 1460 5188 1760 5259; x_wconf 80' lang='lat' dir='ltr'><strong>symbolum</strong></span> <span class='ocrx_word' id='word_1_763' title='bbox 1808 5202 1839 5239; x_wconf 89' lang='lat' dir='ltr'><strong>a</strong></span> <span class='ocrx_word' id='word_1_764' title='bbox 1887 5187 2089 5241; x_wconf 89' lang='lat' dir='ltr'><strong>sanctis</strong></span> 
     </span>
    </p>
   </div>
   <div class='ocr_carea' id='block_1_99' title="bbox 501 5270 2089 5346">
    <p class='ocr_par' dir='ltr' id='par_1_99' title="bbox 501 5270 2089 5346">
     <span class='ocr_line' id='line_1_99' title="bbox 501 5270 2089 5346; baseline -0.004 -9"><span class='ocrx_word' id='word_1_765' title='bbox 501 5281 756 5337; x_wconf 87' lang='lat' dir='ltr'><strong>Patribus</strong></span> <span class='ocrx_word' id='word_1_766' title='bbox 784 5280 1133 5335; x_wconf 85' lang='lat' dir='ltr'><strong>constitutum</strong></span> <span class='ocrx_word' id='word_1_767' title='bbox 1176 5270 1490 5333; x_wconf 81' lang='lat' dir='ltr'><strong>memoriter</strong></span> <span class='ocrx_word' id='word_1_768' title='bbox 1536 5284 1715 5331; x_wconf 85' lang='lat' dir='ltr'><strong>tenete</strong></span> <span class='ocrx_word' id='word_1_769' title='bbox 1757 5285 1813 5331; x_wconf 90' lang='lat' dir='ltr'><strong>et</strong></span> <span class='ocrx_word' id='word_1_770' title='bbox 1841 5276 2089 5346; x_wconf 84' lang='lat' dir='ltr'><strong>religiose</strong></span> 
     </span>
    </p>
   </div>
   <div class='ocr_carea' id='block_1_100' title="bbox 504 5368 2087 5439">
    <p class='ocr_par' dir='ltr' id='par_1_100' title="bbox 504 5368 2087 5439">
     <span class='ocr_line' id='line_1_100' title="bbox 504 5368 2087 5439; baseline -0.001 -16"><span class='ocrx_word' id='word_1_771' title='bbox 504 5373 770 5435; x_wconf 83' lang='lat' dir='ltr'><strong>viventes,</strong></span> <span class='ocrx_word' id='word_1_772' title='bbox 808 5372 1098 5426; x_wconf 81' lang='lat' dir='ltr'><strong>observare</strong></span> <span class='ocrx_word' id='word_1_773' title='bbox 1139 5370 1367 5425; x_wconf 89' lang='lat' dir='ltr'><strong>studete.</strong></span> <span class='ocrx_word' id='word_1_774' title='bbox 1419 5368 1805 5424; x_wconf 65' lang='lat' dir='ltr'><strong>Hmrclicorum</strong></span> <span class='ocrx_word' id='word_1_775' title='bbox 1842 5369 2087 5439; x_wconf 85' lang='lat' dir='ltr'><strong>dogmata</strong></span> 
     </span>
    </p>
   </div>
   <div class='ocr_carea' id='block_1_101' title="bbox 506 5442 2093 5535">
    <p class='ocr_par' dir='ltr' id='par_1_101' title="bbox 506 5442 2093 5535">
     <span class='ocr_line' id='line_1_101' title="bbox 506 5442 2093 5535; baseline -0.003 -18"><span class='ocrx_word' id='word_1_776' title='bbox 506 5442 775 5533; x_wconf 36' lang='lat' dir='ltr'><strong>pestifera,</strong></span> <span class='ocrx_word' id='word_1_777' title='bbox 800 5461 985 5535; x_wconf 87' lang='lat' dir='ltr'><strong>fugite,</strong></span> <span class='ocrx_word' id='word_1_778' title='bbox 1018 5460 1381 5516; x_wconf 87' lang='lat' dir='ltr'><strong>maleficorum</strong></span> <span class='ocrx_word' id='word_1_779' title='bbox 1428 5469 1481 5515; x_wconf 91' lang='lat' dir='ltr'><strong>ct</strong></span> <span class='ocrx_word' id='word_1_780' title='bbox 1512 5461 1906 5515; x_wconf 89' lang='lat' dir='ltr'><strong>incantatorum</strong></span> <span class='ocrx_word' id='word_1_781' title='bbox 1936 5476 2093 5514; x_wconf 86' lang='lat' dir='ltr'><strong>vene-</strong></span> 
     </span>
    </p>
   </div>
   <div class='ocr_carea' id='block_1_102' title="bbox 506 5552 2091 5621">
    <p class='ocr_par' dir='ltr' id='par_1_102' title="bbox 506 5552 2091 5621">
     <span class='ocr_line' id='line_1_102' title="bbox 506 5552 2091 5621; baseline -0.003 -12"><span class='ocrx_word' id='word_1_782' title='bbox 506 5569 576 5610; x_wconf 85' lang='lat' dir='ltr'><strong>na</strong></span> <span class='ocrx_word' id='word_1_783' title='bbox 606 5552 879 5608; x_wconf 90' lang='lat' dir='ltr'><strong>mortifera</strong></span> <span class='ocrx_word' id='word_1_784' title='bbox 924 5554 1251 5617; x_wconf 84' lang='lat' dir='ltr'><strong>ltorrcscite,</strong></span> <span class='ocrx_word' id='word_1_785' title='bbox 1282 5553 1585 5607; x_wconf 87' lang='lat' dir='ltr'><strong>divinorum</strong></span> <span class='ocrx_word' id='word_1_786' title='bbox 1614 5564 1668 5608; x_wconf 90' lang='lat' dir='ltr'><strong>et</strong></span> <span class='ocrx_word' id='word_1_787' title='bbox 1716 5554 2091 5621; x_wconf 86' lang='lat' dir='ltr'><strong>sortilegorum</strong></span> 
     </span>
    </p>
   </div>
   <div class='ocr_carea' id='block_1_103' title="bbox 508 5645 2094 5718">
    <p class='ocr_par' dir='ltr' id='par_1_103' title="bbox 508 5645 2094 5718">
     <span class='ocr_line' id='line_1_103' title="bbox 508 5645 2094 5718; baseline -0.004 -15"><span class='ocrx_word' id='word_1_788' title='bbox 508 5656 565 5703; x_wconf 83' lang='lat' dir='ltr'><strong>Cl.</strong></span> <span class='ocrx_word' id='word_1_789' title='bbox 591 5646 970 5718; x_wconf 81' lang='lat' dir='ltr'><strong>cliaragiorum</strong></span> <span class='ocrx_word' id='word_1_790' title='bbox 1000 5645 1257 5700; x_wconf 88' lang='lat' dir='ltr'><strong>nefandas</strong></span> <span class='ocrx_word' id='word_1_791' title='bbox 1300 5645 1637 5710; x_wconf 88' lang='lat' dir='ltr'><strong>traditiones,</strong></span> <span class='ocrx_word' id='word_1_792' title='bbox 1670 5661 1789 5714; x_wconf 66' lang='lat' dir='ltr'><strong>quae</strong></span> <span class='ocrx_word' id='word_1_793' title='bbox 1829 5662 1949 5699; x_wconf 90' lang='lat' dir='ltr'><strong>cum</strong></span> <span class='ocrx_word' id='word_1_794' title='bbox 1990 5647 2094 5698; x_wconf 69' lang='lat' dir='ltr'><strong>da:-</strong></span> 
     </span>
    </p>
   </div>
   <div class='ocr_carea' id='block_1_104' title="bbox 514 5737 2095 5807">
    <p class='ocr_par' dir='ltr' id='par_1_104' title="bbox 514 5737 2095 5807">
     <span class='ocr_line' id='line_1_104' title="bbox 514 5737 2095 5807; baseline -0.002 -14"><span class='ocrx_word' id='word_1_795' title='bbox 514 5737 761 5795; x_wconf 85' lang='lat' dir='ltr'><strong>tnouibus</strong></span> <span class='ocrx_word' id='word_1_796' title='bbox 789 5740 1097 5795; x_wconf 80' lang='lat' dir='ltr'><strong>societatem</strong></span> <span class='ocrx_word' id='word_1_797' title='bbox 1132 5739 1349 5802; x_wconf 76' lang='lat' dir='ltr'><strong>habent,</strong></span> <span class='ocrx_word' id='word_1_798' title='bbox 1386 5738 1598 5806; x_wconf 84' lang='lat' dir='ltr'><strong>penitus</strong></span> <span class='ocrx_word' id='word_1_799' title='bbox 1638 5738 1901 5807; x_wconf 83' lang='lat' dir='ltr'><strong>rcspuitc;</strong></span> <span class='ocrx_word' id='word_1_800' title='bbox 1936 5745 1985 5791; x_wconf 78' lang='lat' dir='ltr'><strong>et</strong></span> <span class='ocrx_word' id='word_1_801' title='bbox 2017 5738 2095 5791; x_wconf 87' lang='lat' dir='ltr'><strong>ui-</strong></span> 
     </span>
    </p>
   </div>
   <div class='ocr_carea' id='block_1_105' title="bbox 2186 4650 3773 4725">
    <p class='ocr_par' dir='ltr' id='par_1_105' title="bbox 2186 4650 3773 4725">
     <span class='ocr_line' id='line_1_105' title="bbox 2186 4650 3773 4725; baseline -0.006 -15"><span class='ocrx_word' id='word_1_802' title='bbox 2186 4657 2264 4710; x_wconf 87' lang='lat' dir='ltr'><strong>dit</strong></span> <span class='ocrx_word' id='word_1_803' title='bbox 2286 4672 2497 4725; x_wconf 82' lang='lat' dir='ltr'><strong>quoque</strong></span> <span class='ocrx_word' id='word_1_804' title='bbox 2524 4655 2812 4709; x_wconf 87' lang='lat' dir='ltr'><strong>secundum</strong></span> <span class='ocrx_word' id='word_1_805' title='bbox 2842 4653 3015 4706; x_wconf 90' lang='lat' dir='ltr'><strong>simile</strong></span> <span class='ocrx_word' id='word_1_806' title='bbox 3048 4652 3174 4705; x_wconf 87' lang='lat' dir='ltr'><strong>huic.</strong></span> <span class='ocrx_word' id='word_1_807' title='bbox 3202 4670 3213 4703; x_wconf 89' lang='lat'><strong>:</strong></span> <span class='ocrx_word' id='word_1_808' title='bbox 3246 4650 3442 4719; x_wconf 83' lang='lat' dir='ltr'><strong>Diliges</strong></span> <span class='ocrx_word' id='word_1_809' title='bbox 3468 4650 3773 4718; x_wconf 72' lang='lat' dir='ltr'><strong>proximum</strong></span> 
     </span>
    </p>
   </div>
   <div class='ocr_carea' id='block_1_106' title="bbox 2184 4739 3781 4813">
    <p class='ocr_par' dir='ltr' id='par_1_106' title="bbox 2184 4739 3781 4813">
     <span class='ocr_line' id='line_1_106' title="bbox 2184 4739 3781 4813; baseline -0.004 -16"><span class='ocrx_word' id='word_1_810' title='bbox 2184 4753 2332 4797; x_wconf 87' lang='lat' dir='ltr'><strong>tuum</strong></span> <span class='ocrx_word' id='word_1_811' title='bbox 2360 4745 2492 4798; x_wconf 85' lang='lat' dir='ltr'><strong>sicut</strong></span> <span class='ocrx_word' id='word_1_812' title='bbox 2522 4744 2739 4813; x_wconf 86' lang='lat' dir='ltr'><strong>teipsum</strong></span> <span class='ocrx_word' id='word_1_813' title='bbox 2764 4760 2782 4795; x_wconf 88' lang='lat'><strong>:</strong></span> <span class='ocrx_word' id='word_1_814' title='bbox 2812 4743 2865 4795; x_wconf 88' lang='lat' dir='ltr'><strong>in</strong></span> <span class='ocrx_word' id='word_1_815' title='bbox 2892 4742 2970 4795; x_wconf 84' lang='lat' dir='ltr'><strong>Itis</strong></span> <span class='ocrx_word' id='word_1_816' title='bbox 3012 4742 3212 4795; x_wconf 90' lang='lat' dir='ltr'><strong>duobus</strong></span> <span class='ocrx_word' id='word_1_817' title='bbox 3238 4740 3500 4793; x_wconf 85' lang='lat' dir='ltr'><strong>mandatis</strong></span> <span class='ocrx_word' id='word_1_818' title='bbox 3545 4749 3653 4791; x_wconf 89' lang='lat' dir='ltr'><strong>tota</strong></span> <span class='ocrx_word' id='word_1_819' title='bbox 3687 4739 3781 4791; x_wconf 68' lang='lat' dir='ltr'><strong>lex</strong></span> 
     </span>
    </p>
   </div>
   <div class='ocr_carea' id='block_1_107' title="bbox 2186 4820 3781 4904">
    <p class='ocr_par' dir='ltr' id='par_1_107' title="bbox 2186 4820 3781 4904">
     <span class='ocr_line' id='line_1_107' title="bbox 2186 4820 3781 4904; baseline -0.003 -17"><span class='ocrx_word' id='word_1_820' title='bbox 2186 4836 2369 4904; x_wconf 81' lang='lat' dir='ltr'><strong>pendet</strong></span> <span class='ocrx_word' id='word_1_821' title='bbox 2401 4844 2447 4887; x_wconf 89' lang='lat' dir='ltr'><strong>et</strong></span> <span class='ocrx_word' id='word_1_822' title='bbox 2477 4835 2756 4903; x_wconf 64' lang='lat' dir='ltr'><strong>prophetis.</strong></span> <span class='ocrx_word' id='word_1_823' title='bbox 2806 4832 2958 4899; x_wconf 85' lang='lat' dir='ltr'><strong>Quod</strong></span> <span class='ocrx_word' id='word_1_824' title='bbox 2995 4847 3124 4886; x_wconf 88' lang='lat' dir='ltr'><strong>vero</strong></span> <span class='ocrx_word' id='word_1_825' title='bbox 3154 4832 3248 4894; x_wconf 88' lang='lat' dir='ltr'><strong>ait,</strong></span> <span class='ocrx_word' id='word_1_826' title='bbox 3279 4820 3342 4883; x_wconf 68' lang='grc' dir='ltr'><strong>εἶτ</strong></span> <span class='ocrx_word' id='word_1_827' title='bbox 3382 4839 3487 4883; x_wconf 91' lang='lat' dir='ltr'><strong>toto</strong></span> <span class='ocrx_word' id='word_1_828' title='bbox 3516 4829 3691 4891; x_wconf 88' lang='lat' dir='ltr'><strong>corde,</strong></span> <span class='ocrx_word' id='word_1_829' title='bbox 3728 4842 3781 4883; x_wconf 80' lang='lat' dir='ltr'><strong>et</strong></span> 
     </span>
    </p>
   </div>
   <div class='ocr_carea' id='block_1_108' title="bbox 2189 4918 3778 4989">
    <p class='ocr_par' dir='ltr' id='par_1_108' title="bbox 2189 4918 3778 4989">
     <span class='ocr_line' id='line_1_108' title="bbox 2189 4918 3778 4989; baseline -0.004 -11"><span class='ocrx_word' id='word_1_830' title='bbox 2189 4935 2296 4978; x_wconf 85' lang='lat' dir='ltr'><strong>tota</strong></span> <span class='ocrx_word' id='word_1_831' title='bbox 2343 4928 2543 4989; x_wconf 56' lang='lat' dir='ltr'><strong>anima,</strong></span> <span class='ocrx_word' id='word_1_832' title='bbox 2591 4934 2636 4976; x_wconf 90' lang='lat' dir='ltr'><strong>et</strong></span> <span class='ocrx_word' id='word_1_833' title='bbox 2677 4934 2785 4979; x_wconf 85' lang='lat' dir='ltr'><strong>tota</strong></span> <span class='ocrx_word' id='word_1_834' title='bbox 2829 4934 3011 4984; x_wconf 87' lang='lat' dir='ltr'><strong>mente,</strong></span> <span class='ocrx_word' id='word_1_835' title='bbox 3056 4923 3108 4977; x_wconf 87' lang='lat' dir='ltr'><strong>id</strong></span> <span class='ocrx_word' id='word_1_836' title='bbox 3155 4931 3257 4982; x_wconf 85' lang='lat' dir='ltr'><strong>est,</strong></span> <span class='ocrx_word' id='word_1_837' title='bbox 3309 4928 3425 4974; x_wconf 88' lang='lat' dir='ltr'><strong>toto</strong></span> <span class='ocrx_word' id='word_1_838' title='bbox 3476 4918 3778 4984; x_wconf 79' lang='lat' dir='ltr'><strong>intellectu,</strong></span> 
     </span>
    </p>
   </div>
   <div class='ocr_carea' id='block_1_109' title="bbox 2196 5009 3784 5076">
    <p class='ocr_par' dir='ltr' id='par_1_109' title="bbox 2196 5009 3784 5076">
     <span class='ocr_line' id='line_1_109' title="bbox 2196 5009 3784 5076; baseline -0.004 -10"><span class='ocrx_word' id='word_1_839' title='bbox 2196 5021 2304 5068; x_wconf 77' lang='lat' dir='ltr'><strong>tota</strong></span> <span class='ocrx_word' id='word_1_840' title='bbox 2339 5014 2633 5076; x_wconf 81' lang='lat' dir='ltr'><strong>voluntate,</strong></span> <span class='ocrx_word' id='word_1_841' title='bbox 2658 5022 2712 5067; x_wconf 89' lang='lat' dir='ltr'><strong>et</strong></span> <span class='ocrx_word' id='word_1_842' title='bbox 2751 5028 2817 5066; x_wconf 80' lang='lat' dir='ltr'><strong>ex</strong></span> <span class='ocrx_word' id='word_1_843' title='bbox 2849 5014 2992 5066; x_wconf 90' lang='lat' dir='ltr'><strong>omni</strong></span> <span class='ocrx_word' id='word_1_844' title='bbox 3026 5010 3281 5064; x_wconf 82' lang='lat' dir='ltr'><strong>memoria</strong></span> <span class='ocrx_word' id='word_1_845' title='bbox 3314 5009 3478 5064; x_wconf 90' lang='lat' dir='ltr'><strong>Deum</strong></span> <span class='ocrx_word' id='word_1_846' title='bbox 3515 5024 3635 5063; x_wconf 77' lang='lat' dir='ltr'><strong>esse</strong></span> <span class='ocrx_word' id='word_1_847' title='bbox 3661 5010 3784 5061; x_wconf 86' lang='lat' dir='ltr'><strong>dili-</strong></span> 
     </span>
    </p>
   </div>
   <div class='ocr_carea' id='block_1_110' title="bbox 2193 5098 3782 5174">
    <p class='ocr_par' dir='ltr' id='par_1_110' title="bbox 2193 5098 3782 5174">
     <span class='ocr_line' id='line_1_110' title="bbox 2193 5098 3782 5174; baseline -0.005 -18"><span class='ocrx_word' id='word_1_848' title='bbox 2193 5102 2442 5174; x_wconf 88' lang='lat' dir='ltr'><strong>gendum.</strong></span> <span class='ocrx_word' id='word_1_849' title='bbox 2468 5102 2563 5155; x_wconf 75' lang='lat' dir='ltr'><strong>Dei</strong></span> <span class='ocrx_word' id='word_1_850' title='bbox 2591 5116 2718 5155; x_wconf 85' lang='lat' dir='ltr'><strong>vero</strong></span> <span class='ocrx_word' id='word_1_851' title='bbox 2743 5102 2959 5155; x_wconf 90' lang='lat' dir='ltr'><strong>dilectio</strong></span> <span class='ocrx_word' id='word_1_852' title='bbox 2998 5101 3049 5154; x_wconf 92' lang='lat' dir='ltr'><strong>in</strong></span> <span class='ocrx_word' id='word_1_853' title='bbox 3072 5116 3073 5119; x_wconf 72' lang='lat'>‘</span> <span class='ocrx_word' id='word_1_854' title='bbox 3093 5099 3471 5170; x_wconf 84' lang='lat' dir='ltr'><strong>observatione</strong></span> <span class='ocrx_word' id='word_1_855' title='bbox 3497 5098 3782 5150; x_wconf 83' lang='lat' dir='ltr'><strong>mandato-</strong></span> 
     </span>
    </p>
   </div>
   <div class='ocr_carea' id='block_1_111' title="bbox 2191 5188 3779 5261">
    <p class='ocr_par' dir='ltr' id='par_1_111' title="bbox 2191 5188 3779 5261">
     <span class='ocr_line' id='line_1_111' title="bbox 2191 5188 3779 5261; baseline -0.005 -14"><span class='ocrx_word' id='word_1_856' title='bbox 2191 5210 2309 5247; x_wconf 90' lang='lat' dir='ltr'><strong>rum</strong></span> <span class='ocrx_word' id='word_1_857' title='bbox 2341 5193 2455 5261; x_wconf 86' lang='lat' dir='ltr'><strong>ejus</strong></span> <span class='ocrx_word' id='word_1_858' title='bbox 2483 5203 2592 5247; x_wconf 89' lang='lat' dir='ltr'><strong>tota</strong></span> <span class='ocrx_word' id='word_1_859' title='bbox 2627 5193 2899 5255; x_wconf 85' lang='lat' dir='ltr'><strong>consistit,</strong></span> <span class='ocrx_word' id='word_1_860' title='bbox 2931 5192 3071 5246; x_wconf 88' lang='lat' dir='ltr'><strong>sicut</strong></span> <span class='ocrx_word' id='word_1_861' title='bbox 3103 5191 3227 5244; x_wconf 85' lang='lat' dir='ltr'><strong>alibi</strong></span> <span class='ocrx_word' id='word_1_862' title='bbox 3252 5191 3365 5243; x_wconf 87' lang='lat' dir='ltr'><strong>ait:</strong></span> <span class='ocrx_word' id='word_1_863' title='bbox 3403 5190 3462 5244; x_wconf 90' lang='lat' dir='ltr'><strong>Si</strong></span> <span class='ocrx_word' id='word_1_864' title='bbox 3489 5190 3605 5254; x_wconf 91' lang='lat' dir='ltr'><strong>quis</strong></span> <span class='ocrx_word' id='word_1_865' title='bbox 3646 5188 3779 5240; x_wconf 85' lang='lat' dir='ltr'><strong>dili-</strong></span> 
     </span>
    </p>
   </div>
   <div class='ocr_carea' id='block_1_112' title="bbox 2191 5276 3784 5353">
    <p class='ocr_par' dir='ltr' id='par_1_112' title="bbox 2191 5276 3784 5353">
     <span class='ocr_line' id='line_1_112' title="bbox 2191 5276 3784 5353; baseline -0.002 -19"><span class='ocrx_word' id='word_1_866' title='bbox 2191 5284 2263 5353; x_wconf 87' lang='lat' dir='ltr'><strong>git</strong></span> <span class='ocrx_word' id='word_1_867' title='bbox 2294 5300 2395 5347; x_wconf 85' lang='lat' dir='ltr'><strong>me,</strong></span> <span class='ocrx_word' id='word_1_868' title='bbox 2424 5299 2683 5336; x_wconf 85' lang='lat' dir='ltr'><strong>sermones</strong></span> <span class='ocrx_word' id='word_1_869' title='bbox 2710 5296 2847 5336; x_wconf 85' lang='lat' dir='ltr'><strong>meos</strong></span> <span class='ocrx_word' id='word_1_870' title='bbox 2875 5290 3041 5335; x_wconf 83' lang='lat' dir='ltr'><strong>servat</strong></span> <span class='ocrx_word' id='word_1_871' title='bbox 3084 5279 3264 5349; x_wconf 82' lang='lat' dir='ltr'><strong>(Joan.</strong></span> <span class='ocrx_word' id='word_1_872' title='bbox 3308 5278 3443 5348; x_wconf 78' lang='lat' dir='ltr'><strong>xw).</strong></span> <span class='ocrx_word' id='word_1_873' title='bbox 3474 5276 3628 5332; x_wconf 90' lang='lat' dir='ltr'><strong>Unde</strong></span> <span class='ocrx_word' id='word_1_874' title='bbox 3659 5277 3784 5346; x_wconf 84' lang='lat' dir='ltr'><strong>ipsa</strong></span> 
     </span>
    </p>
   </div>
   <div class='ocr_carea' id='block_1_113' title="bbox 2194 5366 3787 5438">
    <p class='ocr_par' dir='ltr' id='par_1_113' title="bbox 2194 5366 3787 5438">
     <span class='ocr_line' id='line_1_113' title="bbox 2194 5366 3787 5438; baseline -0.004 -12"><span class='ocrx_word' id='word_1_875' title='bbox 2194 5372 2405 5427; x_wconf 72' lang='lat' dir='ltr'><strong>Veritas</strong></span> <span class='ocrx_word' id='word_1_876' title='bbox 2435 5372 2557 5424; x_wconf 85' lang='lat' dir='ltr'><strong>alibi</strong></span> <span class='ocrx_word' id='word_1_877' title='bbox 2596 5372 2671 5424; x_wconf 90' lang='lat' dir='ltr'><strong>ait</strong></span> <span class='ocrx_word' id='word_1_878' title='bbox 2698 5386 2710 5423; x_wconf 90' lang='lat'><strong>:</strong></span> <span class='ocrx_word' id='word_1_879' title='bbox 2738 5370 2805 5423; x_wconf 88' lang='lat' dir='ltr'><strong>In</strong></span> <span class='ocrx_word' id='word_1_880' title='bbox 2843 5371 2940 5422; x_wconf 78' lang='lat' dir='ltr'><strong>hoc</strong></span> <span class='ocrx_word' id='word_1_881' title='bbox 2970 5377 3274 5438; x_wconf 79' lang='lat' dir='ltr'><strong>cognoscent</strong></span> <span class='ocrx_word' id='word_1_882' title='bbox 3306 5382 3480 5419; x_wconf 83' lang='lat' dir='ltr'><strong>omnes</strong></span> <span class='ocrx_word' id='word_1_883' title='bbox 3521 5366 3645 5434; x_wconf 86' lang='lat' dir='ltr'><strong>quia</strong></span> <span class='ocrx_word' id='word_1_884' title='bbox 3673 5369 3787 5420; x_wconf 86' lang='lat' dir='ltr'><strong>mei</strong></span> 
     </span>
    </p>
   </div>
   <div class='ocr_carea' id='block_1_114' title="bbox 2193 5456 3784 5530">
    <p class='ocr_par' dir='ltr' id='par_1_114' title="bbox 2193 5456 3784 5530">
     <span class='ocr_line' id='line_1_114' title="bbox 2193 5456 3784 5530; baseline -0.003 -16"><span class='ocrx_word' id='word_1_885' title='bbox 2193 5464 2314 5515; x_wconf 82' lang='lat' dir='ltr'><strong>estis</strong></span> <span class='ocrx_word' id='word_1_886' title='bbox 2340 5462 2602 5530; x_wconf 78' lang='lat' dir='ltr'><strong>discipuli,</strong></span> <span class='ocrx_word' id='word_1_887' title='bbox 2652 5463 2698 5513; x_wconf 88' lang='lat' dir='ltr'><strong>si</strong></span> <span class='ocrx_word' id='word_1_888' title='bbox 2745 5460 3069 5513; x_wconf 82' lang='lat' dir='ltr'><strong>dilectionem</strong></span> <span class='ocrx_word' id='word_1_889' title='bbox 3118 5458 3402 5511; x_wconf 81' lang='lat' dir='ltr'><strong>habueritis</strong></span> <span class='ocrx_word' id='word_1_890' title='bbox 3432 5456 3499 5508; x_wconf 87' lang='lat' dir='ltr'><strong>ad</strong></span> <span class='ocrx_word' id='word_1_891' title='bbox 3550 5456 3784 5510; x_wconf 79' lang='lat' dir='ltr'><strong>invicem</strong></span> 
     </span>
    </p>
   </div>
   <div class='ocr_carea' id='block_1_115' title="bbox 2186 5542 3787 5620">
    <p class='ocr_par' dir='ltr' id='par_1_115' title="bbox 2186 5542 3787 5620">
     <span class='ocr_line' id='line_1_115' title="bbox 2186 5542 3787 5620; baseline -0.004 -14"><span class='ocrx_word' id='word_1_892' title='bbox 2186 5542 2383 5619; x_wconf 80' lang='lat' dir='ltr'><strong>(Joan.</strong></span> <span class='ocrx_word' id='word_1_893' title='bbox 2401 5556 2539 5615; x_wconf 77' lang='lat' dir='ltr'><strong>xm).</strong></span> <span class='ocrx_word' id='word_1_894' title='bbox 2558 5552 2689 5605; x_wconf 81' lang='lat' dir='ltr'><strong>ltcm</strong></span> <span class='ocrx_word' id='word_1_895' title='bbox 2710 5550 2994 5620; x_wconf 78' lang='lat' dir='ltr'><strong>Apostolus</strong></span> <span class='ocrx_word' id='word_1_896' title='bbox 3014 5570 3025 5603; x_wconf 90' lang='lat'><strong>:</strong></span> <span class='ocrx_word' id='word_1_897' title='bbox 3046 5547 3324 5603; x_wconf 86' lang='lat' dir='ltr'><strong>Plenitudo</strong></span> <span class='ocrx_word' id='word_1_898' title='bbox 3341 5548 3465 5617; x_wconf 81' lang='lat' dir='ltr'><strong>legis</strong></span> <span class='ocrx_word' id='word_1_899' title='bbox 3478 5556 3552 5599; x_wconf 88' lang='lat' dir='ltr'><strong>est</strong></span> <span class='ocrx_word' id='word_1_900' title='bbox 3568 5546 3787 5600; x_wconf 82' lang='lat' dir='ltr'><strong>dilectio</strong></span> 
     </span>
    </p>
   </div>
   <div class='ocr_carea' id='block_1_116' title="bbox 2198 5636 3785 5713">
    <p class='ocr_par' dir='ltr' id='par_1_116' title="bbox 2198 5636 3785 5713">
     <span class='ocr_line' id='line_1_116' title="bbox 2198 5636 3785 5713; baseline -0.002 -18"><span class='ocrx_word' id='word_1_901' title='bbox 2198 5642 2373 5711; x_wconf 78' lang='lat' dir='ltr'><strong>(Rom.</strong></span> <span class='ocrx_word' id='word_1_902' title='bbox 2404 5642 2544 5713; x_wconf 80' lang='lat' dir='ltr'><strong>xui).</strong></span> <span class='ocrx_word' id='word_1_903' title='bbox 2585 5642 2718 5696; x_wconf 82' lang='lat' dir='ltr'><strong>item</strong></span> <span class='ocrx_word' id='word_1_904' title='bbox 2746 5640 2979 5695; x_wconf 84' lang='lat' dir='ltr'><strong>Joannes</strong></span> <span class='ocrx_word' id='word_1_905' title='bbox 3016 5640 3343 5709; x_wconf 82' lang='lat' dir='ltr'><strong>evangelista</strong></span> <span class='ocrx_word' id='word_1_906' title='bbox 3372 5657 3383 5691; x_wconf 90' lang='lat'><strong>:</strong></span> <span class='ocrx_word' id='word_1_907' title='bbox 3418 5636 3555 5699; x_wconf 81' lang='lat' dir='ltr'><strong>Hoc,</strong></span> <span class='ocrx_word' id='word_1_908' title='bbox 3578 5638 3785 5707; x_wconf 82' lang='lat' dir='ltr'><strong>inquit,</strong></span> 
     </span>
    </p>
   </div>
   <div class='ocr_carea' id='block_1_117' title="bbox 2200 5728 3793 5801">
    <p class='ocr_par' dir='ltr' id='par_1_117' title="bbox 2200 5728 3793 5801">
     <span class='ocr_line' id='line_1_117' title="bbox 2200 5728 3793 5801; baseline -0.001 -14"><span class='ocrx_word' id='word_1_909' title='bbox 2200 5734 2765 5788; x_wconf 68' lang='lat' dir='ltr'><strong>numdatnmhabemus</strong></span> <span class='ocrx_word' id='word_1_910' title='bbox 2805 5748 2832 5783; x_wconf 88' lang='lat' dir='ltr'><strong>a</strong></span> <span class='ocrx_word' id='word_1_911' title='bbox 2854 5731 2975 5787; x_wconf 89' lang='lat' dir='ltr'><strong>Dco.</strong></span> <span class='ocrx_word' id='word_1_912' title='bbox 3010 5732 3163 5801; x_wconf 77' lang='lat' dir='ltr'><strong>utqui</strong></span> <span class='ocrx_word' id='word_1_913' title='bbox 3186 5730 3354 5799; x_wconf 85' lang='lat' dir='ltr'><strong>diligit</strong></span> <span class='ocrx_word' id='word_1_914' title='bbox 3372 5728 3559 5793; x_wconf 78' lang='lat' dir='ltr'><strong>Deum,</strong></span> <span class='ocrx_word' id='word_1_915' title='bbox 3590 5728 3793 5800; x_wconf 76' lang='lat' dir='ltr'><strong>diligat</strong></span> 
     </span>
    </p>
   </div>
  </div>
