3922 6328
159 414 221 470 35
1096 396 1398 455 llOillLlAZ
1441 396 1527 451 DE
1567 392 1806 450 FES'HS
1843 391 2255 458 PIL-EClPUlS,
2302 388 2451 446 ETC.
3333 387 3409 439 sit

153 524 502 585 api-eximam
524 514 755 606 (I'Joan.
781 510 952 585 tv).Si
974 511 1110 566 forte
1125 506 1733 593 quislibctquteratquis
1760 508 1810 567 Α
1838 513 2077 569 netrarc,
2124 512 2245 558 tene
2291 503 2633 564 charitatem,
2668 498 2754 552 ubi
2796 498 3029 567 pendent
3070 498 3250 554 omnia
3281 494 3292 551 ξ
3327 502 3405 554 ita

157 619 223 666 stt
243 608 541 680 proximus,
571 594 707 659 sciat
729 616 942 657 onmem
963 598 1332 654 Christianum
1362 604 1507 651 recte
1539 594 1718 665 proxi-

156 715 288 755 mum
316 698 439 762 diei,
469 696 601 765 quia
632 707 818 748 omnes
838 691 899 745 in
924 689 1192 760 baptismo
1232 688 1323 742 lilii
1354 686 1449 741 Dei
1483 686 1721 741 sanctifi-

156 802 346 850 camur,
369 794 425 838 ut
456 784 655 838 fratres
678 782 844 836 simus
870 779 1185 850 spiritaliter
1221 778 1274 832 in
1314 778 1578 832 charit‘ate
1600 791 1722 856 per-

155 879 305 935 fecta.
346 876 595 933 Nobilior
636 882 718 929 est
748 872 1026 947 generatio
1052 870 1312 940 spiritalis
1340 885 1501 939 quam
1530 884 1722 924 carna—

156 971 231 1044 lis,
257 971 319 1029 de
354 985 460 1039 qua
502 970 565 1024 in
595 952 884 1038 Evangelia
922 965 1035 1034 ipsa
1075 963 1285 1019 Veritas
1316 964 1428 1018 ait:
1468 962 1721 1033 Nisiqais

153 1070 349 1113 renatus
368 1059 532 1128 fuerit
559 1074 623 1111 ea:
648 1073 784 1127 aqua
827 1064 877 1109 et
915 1053 1118 1124 Spiritu
1160 1064 1358 1117 sancto,
1407 1069 1509 1107 non
1556 1061 1720 1123 potest

152 1149 353 1203 introire
390 1149 447 1201 in
489 1163 705 1217 regnum
730 1144 827 1199 Dei
856 1145 1037 1217 (Joan.
1066 1145 1171 1214 ιιι).
1210 1143 1309 1210 Qui
1340 1152 1518 1198 autem
1542 1142 1721 1197 taliter

149 1241 442 1310 proximum
489 1231 796 1325 iptelligens
838 1236 1030 1307 diligit,
1060 1236 1179 1291 sine
1206 1234 1370 1290 dubio
1401 1230 1718 1290 charitatem

150 1346 320 1385 veram
350 1329 401 1384 in
454 1322 746 1397 semetipso
805 1325 1027 1381 tenebit.
1082 1324 1211 1379 Ηίιξο
1263 1325 1447 1396 igitur,
1502 1322 1716 1388 fratres,

148 1423 418 1495 diligenter
457 1419 816 1486 considerate,
848 1428 1045 1473 etcum
1080 1416 1183 1472 tlde
1222 1426 1277 1472 et
1307 1416 1595 1471 dilectione
1626 1428 1718 1467 ve-

148 1522 306 1567 stram
352 1510 655 1580 operamini
707 1523 923 1579 semper
965 1506 1219 1571 salutem,
1257 1505 1521 1560 habentes
1569 1518 1719 1574 spem

147 1601 368 1665 ﬁrmam,
406 1601 535 1671 quia
579 1599 841 1670 quidquid
883 1598 1011 1654 boni
1052 1597 1104 1651 in
1150 1597 1407 1667 praesenti
1437 1596 1611 1667 agitis,
1666 1596 1719 1649 in

147 1694 315 1749 futuro
339 1694 405 1749 ab
434 1693 527 1748 illo
571 1689 1021 1747 intestimabiliter
1056 1687 1550 1750 remunerabimiui,
1592 1686 1717 1755 quia

144 1792 322 1841 auctor
358 1793 409 1839 et
434 1791 707 1853 protector
728 1789 811 1836 est
837 1780 1025 1836 salutis
1064 1790 1263 1858 nostrae
1290 1777 1447 1834 Jesus
1470 1777 1717 1843 Christus

1821 594 2032 649 tenebis
2065 608 2186 663 qua:
2235 592 2306 646 ἰιιί
2350 590 2612 656 didicisti,
2652 591 2860 645 tenebis
2904 590 3063 663 etiam
3105 592 3246 660 qtmd
3292 606 3398 643 non

1821 686 2078 743 didicisti.
2131 684 2188 738 Si
2236 685 2378 738 enim
2426 684 2566 739 nosti
2611 684 2959 748 charitatcm,
3008 683 3208 753 aliquid
3254 684 3395 739 nosti

1820 777 1963 831 unde
1991 783 2046 831 et
2071 776 2198 829 illud
2246 774 2441 845 pendet
2474 775 2614 842 quod
2646 774 2785 831 forte
2822 790 2926 831 non
2967 774 3144 841 nosti;
3174 783 3228 831 ct
3250 776 3310 830 in
3334 790 3399 832 eo

1820 866 1962 936 quod
1999 866 2053 919 in
2081 863 2378 935 Scripturis
2426 864 2698 935 intelligis,
2749 866 2985 921 Charitas
3029 873 3206 936 patet;
3247 874 3299 920 et
3345 867 3395 921 in

1820 972 1887 1012 eo
1920 958 2061 1027 quod
2086 972 2191 1011 non
2229 955 2502 1026 intelligis,
2535 956 2775 1012 charitas
2811 957 2959 1012 latet.
2988 957 3079 1013 llic
3116 958 3297 1028 itaque
3326 966 3399 1011 tc-

1821 1055 1915 1101 net
1939 1055 1993 1100 et
2012 1047 2153 1115 quod
2175 1055 2326 1115 patet
2350 1047 2565 1115 etquod
2595 1045 2721 1101 latet
2748 1046 2801 1100 in
2824 1045 3017 1101 divinis
3040 1049 3396 1111 sermonibus,

1821 1139 1912 1209 qui
1942 1138 2263 1194 charitatem
2302 1146 2450 1194 tenet
2492 1138 2542 1192 in
2575 1139 2837 1194 moribus.
2884 1136 3238 1210 Quapropter,
3285 1138 3395 1193 fra-

1823 1242 1936 1287 tres
1966 1232 2292 1293 charissimi.
2312 1231 2592 1287 sectemini
2617 1231 2939 1286 charitatem
2968 1248 2981 1283 :
3016 1231 3127 1300 ipsa
3148 1231 3399 1286 videlicet

1822 1335 1906 1380 est
1947 1323 2099 1379 dulce
2133 1337 2194 1378 ac
2243 1322 2457 1378 salubre
2496 1322 2767 1378 vinculum
2814 1322 3094 1388 mentium,
3138 1321 3253 1376 sine
3292 1337 3398 1391 qua

1821 1414 1971 1469 dives
2000 1428 2204 1483 pauper
2234 1423 2336 1477 est,
2370 1422 2423 1467 et
2453 1429 2574 1469 cum
2603 1428 2708 1484 qua
2735 1428 2938 1484 pauper
2966 1413 3115 1468 dives
3143 1421 3243 1488 est.
3273 1412 3398 1467 ﬂare

1822 1505 1876 1559 in
1910 1503 2324 1560 adversitatibus
2348 1504 2556 1571 tolerat,
2606 1505 2662 1559 in
2703 1505 3151 1576 prosperitatibus
3202 1512 3400 1574 tempe-

1822 1607 1929 1664 rat,
1974 1600 2027 1654 in
2063 1600 2213 1655 duris
2258 1599 2599 1669 passionibus
2644 1596 2817 1661 fortis,
2866 1597 2919 1650 in
2951 1595 3107 1651 bouis
3143 1596 3397 1666 operibus

1821 1689 2033 1753 hilaris,
2078 1689 2131 1742 in
2165 1688 2552 1743 tentatlonilms
2603 1687 2889 1751 tutissima,
2934 1687 2987 1741 in
3032 1684 3398 1755 hospitalitate

1822 1780 2108 1844 latissima,
2153 1781 2292 1833 inter
2344 1792 2501 1834 veros
2558 1776 2750 1833 fratres
2790 1775 3204 1844 jucundissima,
3254 1776 3393 1830 intra

144 1875 388 1931 Dominus
414 1882 621 1939 uoster,
643 1872 737 1943 qui
760 1872 1056 1926 cumPatre
1088 1878 1143 1925 et
1161 1868 1363 1939 Spiritu
1387 1878 1577 1924 Sancto
1598 1870 1725 1923 vivit
1759 1866 1799 1923 Β
1828 1867 1992 1923 falsos
2018 1869 2179 1922 etiam
2210 1868 2598 1938 patientissima
2626 1886 2639 1922 :
2673 1869 2726 1923 in
2766 1866 2897 1924 Abel
2928 1882 3024 1939 per
3070 1866 3391 1923 saeriﬁcimn

140 1975 193 2025 et
220 1978 400 2040 regnat
430 1967 596 2033 Deus,
632 1979 732 2035 per
750 1964 931 2019 omnia
950 1961 1144 2017 szecula
1162 1960 1499 2017 saeculorum.
1527 1959 1716 2016 Amen.

672 2072 956 2149 nomina
994 2072 1176 2127 XLVI.

706 2162 773 2203 DE
819 2158 1149 2199 ΟΠΔΙΠΤΑΤΕ.

202 2238 353 2295 Libet
403 2253 493 2295 me
552 2236 755 2308 aliquid
810 2236 865 2290 in
915 2233 1368 2304 contemplatione
1412 2234 1714 2300 charitatis,

136 2329 325 2384 fratres
374 2327 702 2393 charissimi,
772 2325 1049 2381 dilectioni
1100 2335 1295 2380 vestra:
1349 2324 1548 2387 dicere,
1598 2339 1717 2393 qua:

134 2430 330 2495 quanto
359 2402 540 2489 magis.
564 2434 661 2474 cor
694 2417 963 2492 accendit,
1016 2425 1169 2472 tanto
1209 2416 1565 2486 copiosiorem
1610 2432 1717 2471 ser-

135 2510 581 2575 monem-tribuit,
603 2518 660 2564 et
685 2517 888 2580 quanto
920 2509 1094 2579 magis
1119 2508 1175 2563 in
1201 2507 1521 2577 disputando
1548 2521 1606 2562 sc
1625 2523 1718 2562 ex-

132 2600 315 2663 tendit,
350 2607 500 2655 tante
524 2614 618 2655 vos
639 2600 861 2665 suavius
886 2597 1079 2654 reficit.
1103 2597 1219 2667 ipsa
1242 2597 1384 2651 enim
1415 2597 1715 2651 divinarum

134 2688 538 2760 Scripturarum
570 2690 921 2761 multiplicem
961 2688 1345 2743 abundantiam
1372 2687 1716 2742 altissimam-

131 2793 230 2848 que
250 2779 555 2834 doctrinam
579 2779 698 2834 sine
727 2778 834 2833 ullo
866 2792 1052 2833 errore
1081 2776 1493 2846 comprehendit
1514 2784 1567 2830 et
1596 2776 1714 2830 sine

131 2870 237 2939 ullo
258 2870 447 2926 labore
476 2869 729 2934 custodit,
760 2854 911 2937 cujus
954 2883 1050 2924 cor
1074 2867 1287 2939 plenum
1316 2877 1400 2921 est
1426 2866 1713 2933 charitate,

131 2937 339 3018 dicente
366 2961 665 3032 Apostolo:
699 2960 978 3014 Plenitudo
1013 2937 1138 3029 legis
1178 2968 1252 3013 est
1282 2958 1511 3013 Charitas
1539 2957 1711 3028 (Rom.

132 3053 279 3124 sui);
316 3062 375 3107 et
394 3053 453 3106 in
483 3052 590 3107 alio
610 3051 766 3107 loco:
799 3047 952 3109 Finis
981 3057 1153 3102 autem
1179 3050 1423 3118 praecepti
1447 3048 1522 3101 est
1542 3047 1715 3101 chari-

130 3152 229 3209 ται,
256 3143 321 3197 de
345 3144 507 3199 corde
545 3157 699 3212 puro,
748 3149 798 3194 et
845 3138 1162 3193 conscientia
1203 3142 1355 3199 bona,
1384 3146 1431 3191 et
1474 3136 1580 3205 ﬁde
1609 3153 1713 3190 non

1819 1967 2001 2028 grata;
2034 1959 2087 2011 in
2112 1957 2221 2013 Noe
2253 1973 2351 2027 per
2371 1957 2628 2012 diluvium
2658 1972 2867 2024 secura,
2900 1959 2955 2013 in
2984 1958 3213 2013 Abrahae
3240 1974 3395 2028 pcre-

1818 2049 2122 2120 griuatioue
2162 2048 2495 2113 fidelissima,
2519 2049 2572 2102 in
2611 2048 2791 2120 Moyse
2832 2050 2972 2104 inter
3008 2047 3186 2121 jurgia
3228 2049 3393 2105 leuis-

1818 2141 1973 2203 sima,
2026 2138 2079 2193 in
2134 2137 2303 2192 David
2347 2138 2780 2194 tribulationibus
2827 2138 3284 2203 mansuetissima,
3334 2140 3387 2193 iu

1818 2230 1990 2284 tribus
2036 2226 2218 2293 pueris
2262 2226 2488 2282 blandus
2542 2227 2681 2298 ignis
2729 2228 3044 2284 innocenter
3070 2238 3301 2299 spectat,
3337 2231 3391 2284 in

1817 2318 2135 2375 Machabteis
2184 2333 2355 2373 srevos
2398 2318 2548 2389 ignes
2598 2317 2815 2375 fortiter
2871 2320 3084 2387 tolerat,
3127 2330 3279 2376 casta
3337 2321 3389 2375 in

1818 2410 2062 2467 Susanna
2094 2425 2221 2481 erga
2251 2410 2447 2474 virum,
2492 2411 2545 2463 in
2574 2411 2724 2466 Anna
2756 2422 2879 2483 post
2904 2413 3098 2479 virum,
3137 2414 3191 2469 in
3233 2413 3389 2468 Anna

1818 2496 1934 2569 (sic)
1980 2507 2179 2568 praeter
2207 2498 2404 2564 virum,
2436 2498 2604 2553 libera
2650 2500 2702 2554 iu
2730 2500 2893 2557 Paulo
2935 2498 3002 2556 ad
3031 2501 3386 2576 urguendum,

1818 2589 2037 2644 humilis
2070 2590 2122 2643 in
2149 2589 2312 2645 Petro
2338 2591 2406 2645 ad
2437 2591 2815 2658 obediendum,
2854 2592 3092 2648 humana
3136 2594 3190 2649 in
3234 2593 3390 2650 Chri-

1814 2682 2004 2737 stianis
2044 2682 2112 2737 ad
2151 2682 2537 2749 confitendum,
2571 2684 2748 2738 divina
2794 2684 2847 2739 in
2889 2684 3103 2741 Christo
3145 2685 3211 2740 ad
3240 2686 3388 2756 igno-

1815 2771 2093 2828 scendum.
2124 2771 2231 2829 Sed
2265 2774 2391 2831 auid
2420 2789 2518 2844 ego
2549 2767 2729 2845 majus
2757 2774 2824 2829 de
2847 2774 3108 2831 charitate
3139 2784 3232 2830 aut
3258 2775 3387 2830 ube-

1814 2864 1929 2919 rius
1965 2879 2185 2934 possum
2234 2864 2413 2919 dicere
2451 2880 2610 2934 quam
2663 2881 2761 2936 per
2808 2881 2869 2921 os
2917 2866 3155 2935 Apostoli
3203 2867 3386 2921 laudes

1815 2959 1931 3029 ejus
1985 2957 2523 3025 intonatDominus,
2569 2960 3056 3031 supereminentem
3108 2962 3248 3015 viam
3296 2962 3383 3016 dc-

1816 3048 2167 3103 monstrantis
2195 3056 2357 3118 atque
2381 3048 2609 3103 dicentis
2638 3066 2653 3103 :
2706 3048 2768 3105 Si
2802 3048 2994 3119 linguis
3020 3052 3287 3105 hominum
3314 3049 3390 3104 lo-

1815 3158 1950 3212 quar
1964 3149 2010 3195 et
2036 3140 2361 3210 angelorum,
2386 3142 2693 3209 charitatem
2716 3152 2888 3197 autem
2919 3158 3020 3196 non
3045 3142 3284 3208 habeam,
3311 3143 3388 3211 fa-

129 3232 247 3299 ﬁcta
273 3231 324 3304 (Ι
355 3230 497 3285 Tim.
541 3232 604 3300 ι).
645 3229 783 3296 Quid
819 3236 903 3283 est
931 3236 1111 3281 autem
1152 3226 1396 3296 prtecepti
1426 3226 1568 3293 linis,
1610 3225 1713 3279 nisi
1742 3213 1786 3275 (ἶ
1819 3241 2055 3285 ctussnm
2076 3230 2208 3285 velut
2228 3247 2299 3285 (es
2326 3228 2521 3285 sonans
2552 3242 2642 3285 aut
2667 3230 2960 3303 cymbalum
2984 3231 3227 3286 tinniens.
3250 3231 3314 3285 Et
3342 3233 3386 3287 si

129 3322 380 3390 pnecepLi
409 3318 764 3389 adimpletio?
796 3317 934 3383 Quid
953 3324 1037 3371 est
1058 3324 1238 3370 autem
1265 3315 1516 3385 praecepti
1544 3316 1713 3370 adim-

130 3410 313 3481 pletio,
342 3411 449 3466 nisi
478 3411 613 3481 legis
652 3408 964 3480 plenitudo?
992 3407 1157 3473 Quod.
1175 3421 1304 3477 ergo
1343 3407 1412 3461 illi
1459 3406 1711 3471 diximus,

129 3502 390 3573 plenitudo
438 3500 573 3573 legis
620 3501 871 3566 charitas,
918 3500 1020 3554 hoc
1073 3499 1238 3555 etiam
1289 3499 1544 3564 diximus,
1590 3500 1713 3567 ﬁnis

129 3597 368 3664 praecepti
388 3604 470 3650 est
502 3595 751 3647 charitas.
782 3591 893 3647 Nec
919 3591 1156 3647 dubitari
1192 3591 1300 3646 ullo
1340 3592 1498 3652 modo
1537 3599 1713 3661 potest

132 3684 268 3753 quod
291 3683 554 3754 templum
583 3683 677 3738 Dei
708 3682 797 3748 sit,
830 3682 884 3736 in
914 3696 1021 3751 quo
1047 3681 1255 3735 habitat
1290 3681 1557 3745 charitas;
1585 3680 1715 3735 dicit

131 3774 267 3829 enim
297 3773 580 3830 Joannes:
635 3772 773 3826 Deus
822 3782 897 3828 est
945 3772 1200 3825 Charitas.
1255 3769 1380 3826 Haec
1416 3781 1595 3825 autem
1633 3770 1714 3823 di-

132 3877 309 3924 centes
361 3867 615 3939 apostoli,
673 3875 729 3922 et
798 3867 952 3921 nobis
1002 3865 1284 3921 charitatis
1342 3864 1712 3919 excellentiam

131 3960 593 4022 commendantes,
624 3951 731 4011 non
783 3957 967 4025 utique
1001 3955 1166 4021 aliud,
1212 3954 1313 4009 nisi
1354 3956 1495 4023 quod
1538 3969 1715 4007 eome-

131 4048 333 4113 derant,
361 4057 654 4102 eructuare
676 4052 946 4115 poterant.
972 4045 1089 4113 lpse
1109 4044 1303 4113 quippe
1330 4043 1602 4097 Dominus-
1620 4058 1709 4111 pa-

128 4155 279 4194 scens
305 4154 405 4193 eos
436 4138 563 4192 ciho
583 4134 795 4200 salutis,
813 4134 981 4189 .verbo
1001 4132 1306 4195 charitatis,
1331 4132 1471 4199 quod
1497 4142 1580 4186 est
1601 4133 1713 4201 ipse

127 4232 277 4300 panis
302 4232 461 4285 vivus
482 4229 572 4299 qui
598 4229 662 4285 de
678 4226 815 4285 etelo
839 4226 1133 4295 descendit,
1160 4223 1493 4293 Mandatum,
1511 4225 1708 4297 inquit,

127 4340 311 4377 novum
342 4323 413 4375 do
456 4323 615 4385 vobis,
642 4330 697 4375 ut
730 4338 819 4376 vos
853 4319 1084 4391 diligatis
1114 4320 1328 4374 invicem
1358 4319 1537 4392 (Joan.
1567 4319 1709 4390 xm).

128 4411 225 4476 Qui
246 4426 377 4481 ergo
406 4418 597 4465 contra
620 4411 809 4464 mortis
840 4416 1162 4477 vetustatem
1201 4409 1381 4464 attulit
1409 4410 1529 4464 vitae
1564 4411 1714 4464 novi-

129 4508 309 4563 tatem,
365 4501 485 4570 ipse
513 4510 702 4555 contra
745 4508 898 4555 vetus
937 4510 1217 4570 peccatum
1248 4502 1470 4571 opponit
1518 4517 1714 4559 novum

1816 3320 2044 3374 habuero
2071 3320 2414 3391 prophetiam,
2437 3330 2482 3374 et
2511 3322 2734 3376 noverim
2756 3324 3001 3392 mysteria
3022 3324 3199 3377 omnia
3217 3333 3262 3377 et
3278 3340 3390 3376 om-

1817 3428 1929 3465 nem
1945 3413 2233 3476 scientiam,
2262 3420 2308 3465 et
2332 3411 2561 3465 habuero
2580 3428 2781 3465 omnem
2808 3412 2987 3481 ﬁdem,
3013 3413 3087 3467 ita
3112 3424 3166 3466 ut
3186 3422 3384 3467 montes

1816 3490 2494 3570 transfermn,’charitalem
2520 3517 2621 3554 non
2647 3501 2898 3567 habuero,
2927 3502 3057 3557 nihil
3085 3520 3221 3556 sum.
3252 3500 3317 3556 Et
3342 3506 3387 3557 si

1816 3590 2124 3643 distribucro
2152 3590 2203 3642 in
2237 3589 2373 3642 cibos
2399 3606 2687 3658 pauperum
2714 3607 2887 3647 omnes
2912 3592 3188 3661 [acu/tates
3224 3578 3384 3657 nicas,

1817 3690 1863 3733 ct
1888 3681 1933 3733 si
1956 3681 2223 3734 tradidero
2252 3697 2437 3751 corpus
2459 3696 2626 3733 meum
2643 3681 2719 3735 ita
2741 3696 2795 3735 ut
2821 3685 3059 3747 ardeam,
3077 3684 3383 3740 charitatem

1819 3776 1993 3822 autem
2024 3785 2127 3821 non
2171 3769 2419 3832 habuero,
2459 3768 2590 3823 nihil
2612 3771 2740 3823 mihi
2760 3771 2985 3840 prodest.
3011 3771 3255 3828 Charitas
3280 3792 3377 3844 pa-

1816 3860 1947 3911 tiens
1975 3867 2069 3923 est,
2088 3858 2307 3928 benigna
2333 3870 2433 3924 est,
2456 3858 2685 3913 chan’tas
2706 3877 2807 3914 non
2822 3861 3123 3927 tumulatur,
3155 3880 3259 3918 non
3280 3867 3388 3935 agit

1814 3965 2099 4019 perperam.
2133 3966 2235 4003 non
2260 3939 2496 4019 inﬂatur,
2527 3968 2630 4005 non
2651 3962 2725 4005 est
2753 3953 3047 4019 ambitiosa,
3076 3970 3176 4008 non
3200 3958 3385 4026 quau-it

1814 4056 1931 4111 quw
1961 4056 2057 4094 sua
2098 4050 2237 4107 sunt,
2274 4026 2375 4094 non
2399 4042 2657 4110 irritatur,
2684 4058 2787 4099 non
2812 4045 2999 4115 cogitat
3044 4046 3259 4111 titulum,
3285 4064 3386 4102 non

1816 4132 2005 4206 gaudet
2060 4148 2213 4207 super
2268 4134 2561 4207 iniquitate,
2621 4138 2908 4208 congaudet
2964 4148 3133 4193 autem
3162 4116 3383 4193 verita'ti.

1820 4225 2009 4279 Omnia
2040 4227 2241 4295 suffert,
2292 4228 2467 4281 omnia
2512 4227 2712 4293 credit,
2749 4230 2922 4281 omnia
2970 4238 3159 4297 sperat,
3216 4232 3389 4283 omnia

1816 4318 2032 4370 sustinet
2082 4317 2379 4370 :xcharitas
2418 4332 2681 4386 nunquam
2717 4318 2910 4372 excidit
2974 4318 3027 4390 (1
3068 4316 3187 4373 Cor.
3243 4322 3385 4389 xm).

1817 4406 2027 4475 Quanta
2055 4418 2138 4463 est
2178 4409 2281 4465 ista
2313 4410 2492 4484 anima
2515 4399 2839 4478 linguarum,
2864 4411 3383 4481 propltetia,_virtus,

1818 4510 2277 4554 sacramentorum
2317 4499 2485 4565 salus,
2516 4500 2762 4557 scientia:
2789 4502 3219 4567 solidamentum,
3266 4503 3388 4558 fidei

127 4591 465 4645 mandatum.
495 4590 831 4660 Quapropter
860 4599 1015 4646 vetus
1043 4600 1322 4662 peceatum
1355 4592 1599 4661 quisquis
1634 4593 1716 4646 vis
1746 4584 1793 4642 D
1820 4591 2045 4655 fructus,
2078 4590 2277 4644 divitia:
2322 4605 2639 4664 pauperum,
2680 4590 2791 4645 vita
2837 4592 3218 4646 morientium!
3253 4592 3390 4658 Quid

126 4681 499 4751 exstinguere,
527 4681 779 4735 mandato
801 4694 939 4734 novo
976 4681 1259 4750 exstingue
1289 4681 1635 4750 cupiditatem
1660 4692 1714 4737 et

128 4772 463 4840 amplectere
512 4771 851 4826 charitatem.
912 4769 1063 4826 Sicut
1111 4771 1256 4825 enim
1304 4771 1455 4825 radix
1483 4772 1713 4825 omnium

126 4864 389 4917 malorum
419 4864 675 4931 cupiditas
713 4862 763 4933 (ι
845 4862 977 4939 Tim.
1029 4861 1128 4933 v1),
1178 4863 1250 4916 ita
1294 4863 1443 4916 radix
1474 4863 1713 4918 onmium

126 4952 394 5006 bonorum
442 4951 697 5006 charitas.
736 4950 927 5011 Totam
971 4952 1389 5021 magnitudinem
1430 4962 1485 5006 et
1526 4952 1708 5006 latitu—

126 5041 304 5098 dinem
347 5043 656 5097 divinorum
688 5043 1022 5112 eloquiorum
1052 5059 1243 5099 secura
1273 5046 1509 5113 possidet
1536 5045 1712 5098 chari-

130 5145 229 5199 tas,
258 5150 368 5204 qua
400 5136 594 5200 Deum,
622 5136 1032 5207 proximumque
1061 5136 1351 5207 diligimus.
1382 5137 1547 5190 Docet
1568 5137 1707 5189 enim

130 5239 224 5277 uos
257 5224 508 5278 cwlestis
537 5240 673 5279 unus
717 5226 970 5294 magister
1014 5232 1069 5278 et
1104 5225 1270 5279 dicit:
1308 5226 1500 5295 Diliges
1531 5225 1712 5279 Domi-

130 5328 251 5365 nam
278 5314 453 5366 Deum
480 5324 627 5367 tuum
666 5330 729 5368 ex
754 5324 859 5368 toto
886 5314 1039 5367 corde
1075 5325 1185 5379 tuo,
1228 5325 1274 5369 et
1300 5332 1363 5368 ea:
1401 5326 1508 5368 tota
1533 5316 1710 5371 anima

130 5411 303 5463 tun.et
328 5420 396 5455 ea:
420 5404 540 5456 totis
564 5405 758 5458 viribus
784 5406 906 5469 tuis,
936 5412 983 5457 et
1016 5404 1199 5473 diliges
1227 5406 1523 5473 proximum
1564 5415 1711 5457 tuum

131 5495 257 5546 sicut
282 5498 510 5564 teipsum
535 5510 553 5545 :
582 5496 635 5548 in
662 5498 739 5550 his
768 5496 967 5550 duobus
1004 5499 1292 5567 praeceptis,
1336 5508 1443 5551 tota
1483 5498 1567 5551 lex
1587 5516 1713 5568 pen-

133 5585 213 5635 det
239 5596 285 5637 ct
305 5588 578 5655 praphctre
600 5576 963 5658 (ﬂuuium).
994 5587 1047 5641 Si
1073 5603 1202 5657 ergo
1228 5604 1331 5642 non
1358 5599 1711 5643 vacatomucs

132 5675 355 5743 paginas
404 5686 622 5731 sanctas
665 5680 1011 5747 perscrutari,
1060 5679 1239 5732 omnia
1288 5680 1555 5735 voltuniua
1600 5696 1710 5734 sm»

136 5781 353 5819 manum
401 5768 671 5835 evolvere,
701 5770 879 5824 omnia
923 5767 1322 5839 Scripuu'arum
1365 5781 1571 5825 secreta
1621 5785 1711 5827 ne-

1820 4690 1931 4734 tam
1978 4681 2377 4749 magnauinmm
2436 4695 2596 4749 quam
2654 4694 2750 4749 pro
2802 4670 2977 4750 impiis
3029 4681 3201 4735 mori!
3253 4680 3393 4748 Quid

1821 4782 1930 4825 tam
1957 4771 2243 4839 benignum
2277 4785 2439 4839 quam
2484 4780 2539 4824 et
2572 4769 2816 4826 inimicos
2862 4770 3115 4841 diligere!
3155 4771 3279 4827 Sola
3308 4782 3393 4828 est

1819 4870 1979 4933 quam
2006 4860 2235 4916 felicitas
2269 4860 2441 4915 aliena
2484 4876 2589 4916 non
2634 4864 2848 4932 premit,
2879 4865 3002 4932 quia
3037 4879 3144 4918 non
3172 4867 3393 4921 aemula-

1819 4967 1932 5022 tur,-
1958 4958 2069 5012 sola
2097 4966 2180 5012 est
2199 4972 2357 5025 quam
2379 4955 2607 5013 felicitas
2627 4974 2723 5014 sua
2745 4973 2847 5013 non
2877 4960 3102 5025 extollit,
3131 4963 3254 5031 quia
3284 4979 3391 5019 non

1817 5048 2061 5114 iullatur;
2100 5048 2211 5103 sola
2253 5055 2334 5103 est
2363 5063 2520 5117 quam
2567 5049 2894 5126 conscientia
2926 5049 3065 5103 mala
3096 5066 3200 5105 non
3236 5067 3387 5106 com-

1816 5140 2021 5208 pungit,
2050 5139 2174 5209 quia
2196 5154 2301 5193 non
2330 5140 2440 5208 agit
2470 5154 2751 5208 perperam
2780 5156 2792 5191 :
2827 5138 2968 5209 inter
2991 5140 3277 5210 opprobria
3307 5158 3390 5195 εξε-

1816 5243 1970 5292 cura,
2015 5229 2155 5282 inter
2181 5229 2302 5282 odia
2337 5227 2576 5282 benefica
2605 5236 2718 5293 est;
2766 5228 2906 5285 inter
2950 5228 3239 5299 injuriosos
3281 5230 3392 5298 pla-

1822 5316 1942 5371 cida
1975 5325 2078 5381 est,
2116 5317 2256 5371 inter
2284 5316 2504 5371 insidias
2540 5317 2797 5371 innocens
2833 5312 2957 5371 est:
3003 5318 3144 5373 inter
3196 5319 3389 5386 iniqui-

1820 5416 1956 5461 tates
1977 5422 2216 5474 gemens,
2246 5408 2297 5459 in
2326 5407 2551 5467 veritate
2575 5407 2869 5476 respirans.
2896 5408 3034 5476 Quid
3064 5408 3148 5463 illa
3172 5407 3391 5473 fortius,

1818 5513 1923 5550 non
1954 5498 2021 5550 ad
2059 5498 2449 5564 rctribnendas,
2502 5498 2600 5554 sed
2630 5499 2696 5553 ad
2746 5498 3079 5556 swiTerendas
3126 5500 3390 5569 injurias?

1817 5586 1954 5654 Quid
1996 5587 2081 5641 illa
2113 5586 2341 5653 ﬁdelius,
2380 5590 2762 5654 nonwanitati,
2797 5591 2892 5647 sed
2919 5591 3391 5650 mternitati?Ndm

1816 5680 1935 5734 ideo
1987 5681 2175 5736 tolerat
2228 5684 2406 5736 onmia
2465 5683 2517 5736 in
2571 5685 2823 5753 prteseuti
2863 5685 2994 5749 vita,
3046 5685 3167 5754 quia
3222 5685 3397 5743 credit

1814 5772 1991 5825 munia
2025 5773 2087 5824 de
2121 5770 2296 5826 futura
2325 5774 2455 5834 vita,
2500 5782 2553 5827 et
2598 5775 2785 5827 suii'ert
2816 5777 2997 5831 omnia
3020 5792 3138 5847 qua:
3172 5777 3257 5831 hic
3287 5777 3388 5831 ἱιιιτ
