3922 6364
524 338 589 390 87
1160 344 1219 396 Β.
1264 344 1516 399 ΒΑΒΑΝΙ
1553 347 1769 401 ΜΑΗΚΙ
1808 348 2059 404 ΑΒΟΗΙΕ

2168 352 2478 409 MOGUNT.
2514 357 2795 415 OPERUM
2837 360 3016 416 PARS
3052 362 3110 415 ll.
3716 372 3777 427 88

519 454 825 518 mittuntur,
858 456 983 524 quia
1024 466 1205 527 sperat
1231 460 1411 513 omnia
1439 475 1557 529 qua:
1596 461 1667 515 ibi
1692 464 2094 532 promittuntur.
2127 469 2174 527 Α
2200 482 2319 536 gere
2346 468 2365 538 (
2388 462 2419 521 Ι
2454 470 2576 523 Cor.
2613 488 2685 525 vn
2717 472 2768 541 ),
2809 475 2960 544 quasi
2998 479 3172 530 statim
3214 481 3265 532 in
3302 489 3445 537 tactu
3485 483 3776 553 periculum

519 542 713 599 Merito
748 560 1022 615 nunquam
1048 550 1225 613 cadet,
1256 550 1380 619 quia
1404 550 1521 605 sine
1552 550 1763 607 defectu
1792 565 2087 623 permanet.

518 636 659 708 Ergo
698 638 979 693 sectamini
1007 640 1345 706 charitatem,
1382 640 1594 706 fratres,
1646 652 1700 698 et
1734 643 1788 698 in
1811 660 1872 699 ea
1901 646 1985 715 pie
2005 662 2093 702 co-

520 729 760 800 gitantes
789 738 843 784 ct
873 739 1058 785 sancte
1086 732 1350 796 viventes,
1381 732 1570 789 afferte
1600 735 1833 789 fructum
1868 733 2095 804 justitiae

515 828 571 875 et
592 836 688 891 per
716 822 883 892 ipsius
909 823 1163 878 ducatum
1188 826 1403 882 studete
1429 835 1486 881 ut
1508 828 1837 896 perveniatis
1860 829 1925 883 ad
1948 843 2095 884 sum-

514 927 663 968 mum
701 913 901 969 bonum
928 930 1182 971 :summo
1207 917 1353 973 enim
1400 917 1543 973 bono
1576 920 1789 988 adepto,
1832 928 2091 976 aeternam

511 1003 899 1061 beatitudinem
940 1006 1230 1073 habebitis,
1268 1008 1336 1063 ad
1357 1023 1517 1078 quam
1545 1024 1644 1064 nos
1669 1010 1953 1080 pervenire
1982 1012 2093 1081 ipse

511 1097 794 1157 concedat.
818 1098 909 1168 qui
939 1107 1026 1153 est
1060 1101 1219 1155 beata
1257 1100 1495 1156 cbaritas
1520 1108 1576 1158 ct
1602 1101 1768 1156 chara
1792 1102 2087 1169 beatitudo,

508 1182 664 1240 Iesus
690 1186 940 1243 Christus
967 1189 1225 1245 Dominus
1269 1198 1475 1254 noster,
1517 1204 1640 1245 cum
1683 1188 1865 1256 Patre,
1896 1198 1951 1245 et
1974 1189 2092 1261 Spi-

507 1276 612 1330 ritu
653 1285 842 1333 sancto
868 1294 1006 1333 unus
1036 1279 1181 1335 solus
1213 1287 1268 1334 et
1303 1294 1465 1334 verus
1507 1294 1741 1351 regnans
1784 1280 1944 1349 Deus,
1990 1295 2090 1351 per

505 1366 685 1427 onmia
719 1368 914 1423 saecula
944 1368 1282 1424 saaculorum.
1320 1369 1511 1424 Amen.

1028 1481 1308 1538 IIOMILIA
1341 1483 1545 1539 XLVII.

871 1570 934 1609 DE
971 1569 1273 1613 CASTITATE
1308 1569 1380 1608 ετ
1420 1570 1697 1610 ΙιυΝυΙΤΙΛ.

571 1643 877 1699 Gloriosum
933 1653 987 1698 et
1041 1645 1305 1715 insignem
1377 1645 1521 1699 inter
1580 1655 1802 1702 caeteras
1852 1646 2081 1705 virtutes

499 1732 673 1787 locum
701 1734 925 1790 castitas
958 1740 1012 1789 et
1040 1734 1302 1789 munditia
1331 1741 1497 1806 tenet,
1521 1733 1719 1792 fratres
1746 1737 2075 1805 charissimi,

2196 567 2371 612 esset:
2403 561 2623 642 pulchra
2655 574 2737 619 est
2765 566 2909 620 enim
2939 577 3088 622 casta
3112 566 3370 636 juvenum
3410 574 3691 642 pudicitia,
3730 586 3780 630 et

2195 647 2307 703 Deo
2340 639 2605 716 amabilis,
2643 662 2695 709 et
2721 654 2788 709 ad
2837 672 2996 713 omne
3024 658 3223 713 bonum
3278 639 3444 717 utilis.
3498 663 3600 731 Qui
3642 663 3779 721 Ιίίίος

2197 735 2358 791 habet
2402 738 2699 808 Spiritales,
2739 742 2825 798 vel
2872 745 3135 809 carnales,
3187 749 3393 803 nutriat
3423 751 3543 807 illos
3590 754 3645 807 in
3692 769 3779 810 ca~

2194 825 2397 893 stitate,
2434 827 2565 893 Deo,
2597 845 2701 885 non
2731 832 2785 885 in
2813 831 3191 901 fornicatione,
3226 836 3460 895 diabolo.
3492 840 3631 910 Quid
3656 860 3777 913 pro—

2193 913 2317 969 dest
2342 915 2544 972 homini
2594 918 2760 974 filium
2793 921 3012 987 habere,
3058 925 3285 992 nutrire,
3316 943 3515 994 amare,
3552 932 3598 987 si
3624 942 3779 989 :L-ter-

2191 1005 2277 1059 nis
2297 1021 2418 1060 eum
2444 1008 2647 1063 nutriat
2674 1012 3095 1080 tormentis?Qui
3122 1014 3176 1068 in
3200 1018 3445 1073 castitate
3467 1019 3670 1087 vivunt,
3687 1038 3779 1075 an-

2189 1095 2413 1165 gelicam
2459 1100 2660 1156 habent
2713 1102 2768 1156 in
2808 1104 2969 1158 terris
3012 1108 3495 1164 conversationem.
3543 1112 3778 1170 Castitas

2189 1182 2461 1244 hominem
2509 1187 2648 1246 caelo
2688 1193 2986 1264 conjungit,
3018 1196 3233 1265 angelis
3278 1198 3405 1253 facit
3442 1200 3639 1255 civem.
3676 1202 3775 1270 Qui

2186 1278 2465 1337 mulierem
2495 1283 2655 1339 habet
2691 1283 3007 1355 legitimam,
3038 1286 3275 1357 legitime
3326 1300 3508 1345 utatur
3532 1308 3595 1347 ea
3644 1302 3777 1348 tem-

2182 1370 2405 1438 poribus
2453 1374 2789 1442 opportunis,
2829 1383 2906 1440 ut,
2956 1377 3245 1431 secundum
3270 1378 3614 1449 Apostolum,
3647 1398 3774 1452 pos-

2184 1460 2254 1515 sit
2327 1476 2519 1519 vacare
2574 1465 2804 1520 orationi
2833 1507 2845 1530 ,
2903 1476 2957 1522 et
3001 1468 3429 1526 benediCtionem
3498 1483 3775 1529 mereatur

2183 1547 2415 1604 filiorum
2444 1566 2475 1604 a
2500 1552 2612 1607 Deo
2656 1554 2920 1624 accipere.
2970 1554 3137 1612 Nemo
3167 1558 3327 1623 dicat,
3359 1575 3387 1613 a
3414 1559 3772 1619 fornicatione

2180 1650 2240 1692 se
2284 1639 2556 1695 custodire
2597 1657 2703 1696 non
2741 1658 2918 1712 posse,
2954 1644 3125 1711 ﬁdelis
3171 1658 3247 1701 est
3272 1650 3408 1704 enim
3447 1650 3608 1717 Deus,
3640 1654 3771 1707 dicit

2176 1726 2462 1798 Apostolus
2489 1727 2564 1802 (1
2590 1728 2716 1787 Cor.
2745 1750 2779 1788 ι
2806 1733 2858 1804 ),
2898 1736 2989 1806 qui
3015 1752 3115 1790 non
3158 1740 3408 1807 permittit
3441 1758 3532 1796 nos
3579 1747 3771 1797 tentari

496 1823 621 1892 quia
661 1823 777 1892 ipsa
822 1823 936 1878 sola
976 1833 1060 1878 est
1108 1838 1229 1893 qua;
1274 1823 1504 1879 mandas
1547 1832 1757 1881 mentes
1801 1826 2083 1882 hominum
2111 1824 2158 1884 Β
2184 1833 2345 1888 supra
2370 1817 2427 1872 id
2449 1820 2592 1890 quod
2617 1831 2827 1891 portare
2854 1840 3149 1894 possumus,
3175 1828 3265 1882 sed
3302 1828 3457 1899 faciet
3494 1849 3614 1886 cum
3656 1843 3769 1887 teu-

494 1921 719 1980 prmstat
748 1912 929 1968 videre
967 1913 1156 1967 Deum.
1189 1912 1343 1969 Unde
1384 1914 1499 1983 ipsa
1520 1911 1737 1971 Veritas
1762 1915 1839 1969 ait
1867 1933 1880 1970 :
1924 1914 2075 1970 Beati

492 2001 689 2056 mtmdo
703 2003 876 2068 corde,
896 2004 1142 2074 quoniam
1155 2002 1255 2074 ipsi
1277 2003 1444 2060 Deum
1472 2006 1716 2062 videbunt
1741 2006 1956 2080 (Matth.
1984 2007 2070 2081 v);

493 2105 556 2146 ac
582 2090 626 2145 si
655 2106 686 2145 e
716 2093 991 2148 contrario
1028 2093 1234 2149 diceret
1256 2114 1270 2148 :
1292 2094 1372 2150 Illi
1406 2111 1532 2153 vero
1559 2098 1743 2153 miseri
1775 2106 1900 2153 sunt
1940 2113 2075 2170 quo-

493 2197 613 2236 rum
640 2183 804 2237 corda
834 2183 1037 2239 carnali
1068 2186 1505 2256 concupiscentia
1546 2197 1670 2243 sunt
1694 2187 1917 2258 polluta,
1947 2190 2073 2260 quia

491 2280 721 2329 aeternas
751 2283 1070 2345 merguntur
1106 2277 1161 2330 in
1204 2277 1475 2333 tenebras.
1512 2277 1745 2339 Castitas
1785 2281 1929 2336 enim
1971 2296 2071 2338 an-

490 2350 663 2431 gelica
710 2373 795 2421 est
830 2366 972 2433 vita;
1021 2368 1248 2423 castitas
1293 2384 1417 2424 cum
1463 2371 1785 2438 humilitate,
1838 2372 2072 2443 Spiritus

489 2455 661 2509 sancti
696 2455 991 2510 merebitur
1030 2456 1445 2523 habitationem,
1493 2475 1655 2529 quem
1704 2462 1925 2532 expellit
1972 2463 2071 2518 im-

487 2546 750 2601 munditia
778 2546 1084 2616 libidinum,
1107 2550 1321 2606 dicente
1352 2552 1673 2622 Scriptura:
1713 2551 1913 2624 Corpus
1955 2572 2072 2625 pec-

488 2635 619 2688 catis
675 2634 939 2690 subditum
985 2636 1213 2708 Spiritus
1264 2650 1476 2695 sanctus
1526 2642 1735 2712 effugiet
1792 2641 1944 2715 (Sap.
2004 2643 2065 2716 ι).

486 2722 725 2779 Membra
752 2734 936 2781 nostra
965 2727 1165 2784 debent
1185 2728 1296 2784 Deo
1316 2745 1437 2785 esse
1463 2731 1663 2799 dicata,
1693 2747 1800 2787 non
1836 2731 2068 2790 fornica-

485 2814 620 2870 tioni
659 2833 671 2869 :
718 2824 953 2886 opponat
996 2817 1159 2873 homo
1199 2819 1466 2875 desiderio
1490 2822 1671 2877 carnis
1697 2837 1808 2878 suae
1835 2830 2068 2879 aeterno-

482 2891 604 2960 rum
638 2904 884 2963 flammas
910 2916 1332 2975 tormentorum;
1373 2921 1652 2967 assuescat
1673 2910 1888 2981 juvenis
1910 2914 2067 2969 casti-

483 3003 669 3061 tatem,
707 3006 764 3051 ut
792 2997 865 3051 sit
896 2997 1089 3069 dignus
1127 3001 1403 3070 sapientia:
1445 3002 1562 3057 Dei.
1600 3001 1696 3058 Ubi
1727 3003 2065 3061 immunditia

479 3097 565 3142 est
613 3090 870 3157 corporis,
927 3090 999 3145 ibi
1059 3092 1321 3147 habitatio
1370 3093 1619 3147 diabolici
1674 3095 1917 3165 spiritus,
1968 3095 2063 3165 qui

2175 1909 2372 1965 tatione
2404 1921 2729 1981 proventum.
2760 1914 2905 1971 Talis
2938 1918 3225 1989 unicuique
3269 1920 3473 1976 homini
3536 1926 3768 1978 tentatio

2176 1996 2354 2064 datur,
2404 2000 2522 2055 sive
2570 2000 2624 2055 in
2659 2003 2837 2059 carnis
2885 2004 3174 2071 desiderio,
3229 2008 3342 2063 sive
3368 2010 3421 2064 in
3470 2011 3768 2069 ambitione

2175 2088 2380 2155 sarculi,
2408 2089 2491 2145 vel
2519 2092 2681 2146 etiam
2720 2093 2773 2148 in
2802 2110 3123 2166 quacunque
3154 2100 3462 2155 tentationis
3492 2101 3763 2170 molestia,

2174 2177 2387 2246 qualem
2423 2189 2517 2235 aut
2540 2195 2662 2235 cum
2711 2182 2865 2238 laude
2902 2184 3138 2252 vincere,
3163 2195 3255 2240 aut
3294 2202 3415 2242 cum
3463 2191 3764 2259 opprobrio

2174 2268 2527 2325 succumbere
2583 2272 2799 2339 poterit.
2850 2272 3108 2333 Omnibus
3152 2276 3296 2330 enim
3361 2279 3587 2333 castitas
3640 2295 3765 2349 per-

2173 2359 2480 2413 necessaria
2511 2370 2615 2426 est,
2646 2362 2738 2417 sed
2761 2363 2992 2418 maxime
3024 2365 3287 2420 ministris
3316 2365 3517 2422 Christi
3547 2368 3765 2433 altaris.

2172 2462 2400 2518 quorum
2441 2450 2547 2504 vita
2586 2452 2812 2507 aliorum
2844 2455 3001 2509 debet
3026 2470 3145 2511 esse
3180 2458 3412 2513 eruditio
3447 2466 3503 2513 et
3536 2459 3761 2521 assidua

2172 2537 2359 2594 salutis
2399 2541 2728 2609 pradicatio.
2762 2542 2920 2599 Tales
2959 2545 3100 2599 enim
3136 2546 3289 2602 decet
3330 2548 3616 2603 Dominum
3662 2550 3760 2603 ha-

2168 2628 2298 2685 bere
2324 2631 2621 2697 ministros,
2652 2633 2741 2702 qui
2768 2633 2911 2688 nulla
2957 2634 3274 2705 contagione
3307 2638 3486 2693 carnis
3515 2654 3765 2694 corrum-

2167 2720 2382 2788 patitur,
2413 2722 2507 2777 sed
2536 2724 2713 2793 potius
2752 2724 3080 2780 continentia
3114 2727 3382 2783 castitatis
3412 2728 3756 2798 splendeant.

2168 2818 2225 2865 et
2279 2811 2406 2867 totis
2462 2813 2767 2868 honestatis
2817 2813 3054 2886 fulgeant
3108 2817 3161 2870 in
3206 2818 3401 2889 populo
3455 2822 3757 2891 exemplis,

2167 2901 2361 2971 quibus
2376 2902 2634 2959 Dominus
2660 2919 2757 2974 per
2784 2904 3141 2974 legislaturem
3166 2907 3295 2962 dicit
3320 2928 3331 2961 :
3365 2908 3548 2963 Sancti
3572 2922 3752 2973 estote,

2164 2993 2288 3048 auia
2316 3010 2408 3065 ego
2441 3003 2653 3049 sanctus
2691 3013 2808 3050 sum
2848 2996 3104 3052 Dominus
3145 2998 3285 3053 Deus
3320 3010 3485 3054 vester
3528 3000 3546 3072 (
3576 2999 3744 3057 Leuit.

2162 3082 2297 3155 x1):
2336 3085 2477 3140 Deus
2509 3085 2652 3140 enim
2680 3085 2769 3139 lux
2802 3096 2906 3147 est,
2934 3096 2987 3141 et
3012 3089 3250 3143 tenebra:
3277 3090 3328 3142 in
3366 3105 3431 3144 eo
3473 3105 3579 3145 non
3622 3103 3753 3147 sunt

480 3180 718 3233 maxime
745 3184 944 3250 gaudet
968 3182 1022 3236 in
1066 3182 1439 3253 inquinatione
1477 3184 1658 3240 carnis
1690 3193 1905 3241 nostra).
1933 3184 2061 3243 0m-

2165 3174 2303 3241 ullaa,
2327 3189 2427 3229 nec
2452 3174 2630 3245 aliqua
2667 3175 2882 3231 foeditas
2908 3178 2956 3231 ei
3002 3178 3195 3233 sociari
3238 3188 3432 3248 potest.
3488 3180 3553 3235 Et
3601 3180 3746 3241 ideo.

478 3286 576 3325 nes
630 3272 984 3326 immunditia:
1022 3270 1132 3328 Deo
1188 3273 1496 3344 displicent,
1549 3283 1603 3329 et
1658 3276 1893 3331 maxime
1947 3292 2067 3347 qua:

477 3375 582 3415 non
599 3370 733 3417 sunt
758 3360 1051 3417 naturales.
1101 3361 1372 3419 Admonet
1412 3364 1594 3434 itaque
1632 3380 1731 3419 nos
1781 3364 2062 3436 Scriptura

477 3460 665 3507 sancta
696 3450 880 3506 dicens
906 3469 918 3505 :
952 3449 1077 3507 Post
1106 3454 1550 3523 concupiscentias
1582 3466 1700 3509 tuas
1729 3472 1831 3509 non
1877 3472 1985 3521 eas,
2013 3465 2064 3511 et

476 3564 509 3599 a
539 3543 801 3598 voluntate
829 3554 919 3598 tua
960 3554 1208 3600 avertere.
1236 3542 1296 3601 Si
1320 3555 1533 3615 praestes
1576 3547 1767 3602 anima:
1796 3556 1901 3602 tute
1934 3566 2059 3605 con-

474 3634 821 3703 cupiscentias
846 3634 982 3705 ejus,
1011 3635 1166 3705 faciet
1213 3644 1264 3689 te
1309 3636 1366 3690 in
1404 3635 1655 3707 gaudium
1681 3637 1906 3692 inimicis
1953 3642 2057 3695 tuis

473 3726 647 3780 venire
669 3725 857 3796 (Eccli.
893 3726 1071 3799 xvm).
1102 3724 1233 3794 Ejus
1260 3741 1474 3797 quoque
1509 3728 1652 3783 modi
1681 3726 1936 3785 Salomon
1965 3746 2055 3787 sa-

472 3817 842 3885 pientissimus
888 3818 1196 3889 proferebat
1230 3820 1530 3875 sententias
1568 3822 1636 3875 de
1672 3822 1909 3877 cavenda
1954 3823 2055 3878 im-

474 3910 735 3965 munditia
764 3911 965 3975 carnis,
989 3910 1173 3966 dicens
1199 3908 1382 3983 (Prov.
1406 3911 1494 3984 v):
1522 3909 1569 3965 F
1572 3929 1699 3967 avus
1726 3914 1863 3969 enim
1885 3915 2055 3969 distil-

470 4003 587 4058 lans
612 4002 750 4057 labia
775 4003 1081 4068 meretricis,
1118 4012 1167 4057 et
1191 4002 1407 4058 nitidius
1430 4003 1542 4058 oleo
1570 4014 1752 4074 guttur
1769 4005 1903 4077 ejus.
1944 4005 2054 4061 No-

468 4094 681 4148 vissima
708 4102 883 4148 autem
906 4092 1048 4147 illius
1068 4109 1251 4147 amara
1280 4094 1429 4164 quasi
1456 4094 1793 4161 absinthium,
1819 4106 1867 4150 et
1896 4106 2053 4151 acuta

469 4186 619 4256 quasi
643 4183 851 4254 gladius
879 4183 1068 4254 biceps.
1112 4181 1279 4239 Pedes
1306 4184 1420 4255 ejus
1459 4184 1777 4239 descendunt
1815 4187 1884 4240 ad
1913 4202 2053 4239 mor-

468 4287 592 4340 tem,
619 4285 664 4329 et
690 4276 758 4328 ad
781 4274 976 4343 inferos
1000 4290 1207 4345 gressus
1245 4273 1389 4328 illius
1426 4283 1716 4343 penetrant.
1760 4272 1869 4330 Per
1898 4277 2053 4330 semi-

390 4363 397 4371 ’
470 4377 577 4419 tant
601 4366 716 4420 vita:
742 4381 846 4419 non
881 4363 1172 4427 ambulant,
1201 4366 1315 4435 vagi
1348 4373 1467 4418 sunt
1494 4381 1702 4435 gressus
1743 4367 1859 4436 ejus
1898 4376 1947 4421 et
1973 4368 2051 4421 in-

468 4454 811 4526 vestigabiles.
844 4455 1002 4509 Nunc
1021 4471 1163 4525 ergo,
1192 4455 1292 4523 ﬁli,
1332 4454 1460 4508 audi
1496 4472 1598 4520 me,
1620 4465 1668 4510 et
1693 4474 1756 4512 ne
1784 4458 1992 4512 recedas
2017 4477 2049 4512 a

2163 3262 2363 3321 fratres
2410 3264 2765 3331 dilectissimi,
2796 3267 2908 3321 sive
2955 3267 3076 3334 viri,
3104 3268 3216 3323 sive
3237 3268 3464 3333 feminae,
3496 3270 3609 3327 sive
3640 3272 3750 3327 cle-

2164 3355 2263 3409 rici
2330 3369 2425 3411 seu
2471 3353 2616 3422 laici,
2672 3356 2968 3412 secundum
3021 3359 3262 3428 Apostoli
3321 3360 3745 3418 admonitionem

2162 3446 2269 3521 (II
2296 3446 2418 3503 Cor.
2444 3465 2519 3504 vu
2546 3449 2596 3521 )2
2627 3449 2943 3506 Mundemus
2971 3469 3063 3507 nos
3093 3453 3156 3507 ab
3186 3458 3327 3509 omni
3356 3456 3745 3527 inquinamento

2159 3541 2333 3595 carnis
2362 3549 2411 3595 et
2435 3542 2672 3613 spiritus,
2699 3543 3042 3613 perficientes
3081 3546 3565 3602 sanetilicatiouem
3589 3550 3640 3602 in
3682 3551 3746 3604 ti-

2159 3646 2310 3687 more
2358 3631 2471 3686 Dei.
2508 3631 2834 3689 Studeamus
2861 3644 2920 3690 ut
2958 3637 3005 3690 ei
3044 3638 3135 3706 qui
3159 3638 3225 3692 ad
3275 3648 3530 3693 aeternam
3589 3655 3745 3699 suam

2155 3721 2383 3793 gloriam
2420 3738 2520 3778 nos
2564 3725 2797 3789 vocavit,
2844 3740 2943 3795 per
2994 3727 3173 3781 omnia
3220 3727 3548 3798 placeamus,
3610 3745 3747 3800 qna-

2156 3822 2314 3868 tenus
2358 3829 2482 3868 cum
2522 3829 2588 3869 eo
2635 3814 2866 3871 feliciter
2906 3817 2961 3871 in
2995 3824 3255 3871 aeternum
3298 3833 3521 3890 regnare
3569 3822 3744 3889 possi-

2154 3918 2291 3966 mus,
2338 3911 2627 3973 prtestante
2678 3904 2907 3961 Domino
2952 3916 3138 3963 nostro
3183 3906 3308 3963 Iesu
3356 3908 3593 3973 Christo,
3647 3912 3738 3982 qui

2154 4010 2275 4050 cum
2323 3994 2485 4053 Patre
2516 4005 2571 4053 et
2603 3996 2810 4068 Spiritu
2846 4009 3032 4056 sancto
3060 4002 3195 4057 vivit
3240 4011 3294 4057 et
3332 4013 3517 4075 regnat
3565 4006 3732 4072 Deus,

2151 4101 2249 4157 per
2273 4088 2453 4142 omnia
2485 4090 2678 4143 saecula
2729 4090 3068 4145 saeculorum.
3097 4092 3288 4148 Amen.

2664 4198 2946 4256 HOMILIA
2996 4201 3225 4258 XLVIII.

2153 4283 2219 4322 DE
2255 4283 2449 4325 STUDIU
2487 4285 2781 4326 SAPIENTIE
2808 4287 2877 4329 ετ
2918 4287 3283 4329 IEDITATIONE
3335 4289 3528 4329 DIVINE
3560 4291 3731 4333 LEGIS.

2222 4356 2465 4427 Oportet,
2513 4359 2706 4415 fratres
2751 4362 3075 4427 charissimi,
3119 4371 3177 4417 ut
3226 4365 3424 4419 mundo
3475 4368 3638 4422 corde
3681 4378 3735 4424 et

2154 4457 2303 4502 casto
2342 4463 2568 4518 corpore
2594 4449 2909 4517 sapientiam
2954 4451 3189 4505 divinam
3234 4452 3442 4508 discere
3495 4455 3733 4524 diligatis

466 4546 632 4601 verbis
671 4547 776 4600 oris
825 4546 945 4600 mei.
984 4544 1157 4616 Longe
1188 4545 1275 4614 [ac
1303 4546 1367 4599 ab
1403 4563 1464 4600 ea
1496 4548 1630 4601 viam
1674 4558 1840 4614 tuam,
1888 4560 1937 4602 et
1984 4567 2046 4605 ne
2073 4529 2125 4588 D
2149 4546 2204 4593 εί
2242 4538 2539 4612 intelligere
2578 4544 2865 4611 appemiss
2912 4543 3040 4612 (ιιιίει
3082 4544 3196 4612 ipsa
3245 4545 3480 4613 cognitio
3519 4545 3612 4600 θεῖ
3675 4564 3734 4603 δε

466 4636 841 4707 appropinques
880 4620 1080 4705 {oribus
1102 4635 1285 4689 domus
1323 4636 1457 4706 ejus.
1497 4635 1610 4691 Hoc
1638 4636 1903 4706 siquidem
1936 4655 2040 4694 non

462 4729 638 4784 solum
665 4729 733 4784 de
762 4727 1107 4782 meretricum
1152 4726 1489 4781 immunditia
1539 4727 1697 4793 dixit,
1728 4728 1822 4782 sed
1874 4728 2038 4783 etiam

463 4819 530 4873 de
556 4818 703 4873 omni
744 4817 925 4872 carnis
959 4816 1419 4884 concupiscentia,
1458 4832 1577 4886 quae
1625 4817 1877 4872 sollicitat
1916 4819 2035 4872 ani-

462 4923 607 4963 mam
657 4922 808 4962 suam
854 4907 1162 4960 consentire
1210 4904 1488 4960 desideriis
1548 4908 1694 4961 suis:
1750 4910 1844 4961 sed
1897 4908 2035 4963 ratio

460 4996 660 5051 mentis
688 4996 973 5065 prohibere
1012 4996 1171 5050 debet
1194 4995 1424 5065 impetus
1461 4997 1638 5051 carnis
1677 5005 1731 5050 et
1758 4994 2035 5052 refrenare

460 5085 763 5153 voluptates
789 5084 903 5154 ejus
933 5073 1326 5154 iniquas.'ltem
1357 5084 1445 5139 ille
1489 5086 1580 5155 qui
1622 5100 1804 5156 supra,
1849 5088 2035 5156 prohi-

457 5176 591 5230 bens
603 5174 1056 5229 cohabitationem
1075 5174 1393 5229 feminarum
1400 5173 1702 5242 juvenibus,
1716 5174 2030 5248 dicit(Prov.

452 5262 572 5337 Vt):
607 5263 860 5335 Nunquid
905 5266 1219 5320 abscondere
1258 5276 1420 5336 potest
1451 5267 1602 5320 horno
1642 5268 1810 5342 ignem
1839 5268 1892 5321 in
1914 5269 2032 5322 sinu

455 5374 574 5423 suo,
590 5366 644 5410 ut
661 5357 955 5411 vestimenta
972 5357 1112 5411 illius
1126 5373 1228 5411 non
1244 5356 1483 5421 ardeant;
1500 5367 1587 5409 aut
1603 5356 1869 5410 antbulare
1881 5374 2037 5426 super

454 5462 653 5516 prunas
685 5455 732 5499 et
767 5462 870 5499 non
907 5444 1277 5499 comburantur
1310 5444 1502 5515 planta:
1528 5446 1640 5515 ejus
1707 5448 1782 5500 sic
1830 5447 1918 5516 qui
1946 5449 2031 5500 in-

458 5536 690 5606 greditur
723 5537 791 5589 ad
835 5537 1101 5589 mulierem
1132 5537 1356 5605 proximi
1385 5538 1487 5599 sui,
1528 5552 1631 5589 non
1666 5537 1762 5590 erit
1803 5537 2029 5591 mundus

458 5644 574 5679 cum
605 5627 821 5696 tetigerit
853 5643 985 5679 eam.
1052 5624 1314 5680 Similiter
1352 5637 1405 5679 et
1456 5626 1644 5679 beatus
1703 5626 1897 5680 Paulus
1934 5629 2025 5679 ad-

457 5723 639 5768 mouet
679 5732 803 5769 nos:
840 5715 1040 5769 Bonum
1064 5726 1157 5779 est,
1185 5714 1454 5782 inquiens,
1485 5714 1749 5769 mulierem
1783 5733 1881 5768 non
1910 5726 2025 5769 tuu-

2149 4626 2379 4683 lideliter
2416 4631 2778 4699 quaerentibus
2812 4640 2867 4687 et
2904 4633 3165 4686 instanter
3210 4634 3593 4691 meditantibus
3636 4640 3734 4691 tri-

2146 4716 2284 4772 buit.
2317 4717 2619 4789 Cognitioni
2660 4728 2840 4774 autem
2885 4720 2979 4775 Dei
3020 4720 3150 4775 nihil
3211 4722 3402 4776 melius
3451 4734 3556 4787 est,
3597 4728 3725 4795 quia

2144 4807 2277 4861 nihil
2326 4808 2536 4863 beatius
2588 4817 2692 4874 est,
2726 4819 2781 4863 et
2815 4810 2929 4879 ipsa
2957 4826 3081 4864 vera
3120 4810 3395 4865 beatitudo
3423 4821 3527 4867 est.
3574 4813 3729 4872 Unde

2141 4908 2194 4953 ct
2262 4899 2510 4955 Salvator
2564 4902 2629 4956 ad
2673 4891 2886 4957 Patrem
2930 4904 3005 4955 ait
3044 4920 3055 4956 :
3095 4902 3227 4957 Hm:
3282 4913 3355 4957 est
3403 4912 3576 4958 autem
3620 4907 3727 4960 vita

2141 5001 2357 5056 (eterna,
2382 5000 2437 5044 ut
2468 5001 2778 5061 cognoscant
2802 5002 2850 5045 te
2872 5009 3030 5045 unum
3075 5009 3252 5046 verum
3286 4994 3468 5057 Deum,
3498 5004 3544 5046 et
3569 5011 3723 5063 quem

2140 5083 2323 5136 misisti
2363 5082 2546 5136 Iesum
2598 5083 2860 5138 Christum
2907 5083 3237 5152 (Josru.xvu
3268 5084 3306 5155 ).
3374 5084 3537 5153 Hujus
3590 5101 3723 5156 ergo

2140 5173 2414 5243 sapientia:
2467 5174 2675 5237 notitia.
2705 5174 2939 5245 qualiter
2981 5175 3323 5244 adipiscatur,
3370 5174 3587 5239 fratres,
3617 5193 3721 5230 au-

2138 5265 2268 5318 dite.
2301 5264 2480 5319 Primo
2527 5267 2765 5320 omnium
2809 5265 3160 5335 quaerendum
3219 5275 3302 5321 est
3343 5267 3543 5320 homini
3595 5253 3723 5339 quite

2135 5355 2205 5409 sit
2234 5370 2358 5409 vera
2412 5344 2635 5410 scientia
2685 5372 2919 5425 veraque
2950 5357 3399 5426 sapientiaaquia
3455 5359 3719 5426 sapientia

2135 5445 2293 5513 hujus
2334 5444 2511 5498 seaculi
2563 5444 2782 5497 stultitia
2810 5456 2885 5499 est
2936 5445 3075 5515 apud
3108 5444 3268 5498 Deum
3326 5443 3387 5514 (I
3426 5441 3546 5499 Cor.
3581 5461 3639 5499 tu
3670 5447 3714 5513 ).

2138 5534 2373 5588 Scientia
2412 5549 2539 5589 vera
2588 5543 2672 5589 est
2699 5550 2729 5589 a
2756 5536 2952 5590 diaboli
2981 5536 3222 5601 servitio,
3255 5538 3395 5605 quod
3426 5546 3554 5592 sunt
3576 5555 3713 5608 pec-
3748 5543 3753 5547 ’

2132 5634 2269 5689 cata,
2304 5627 2583 5692 recedere;
2614 5634 2668 5681 et
2697 5628 2957 5696 sapientia
3017 5627 3247 5697 perfecta
3282 5638 3364 5681 est
3420 5628 3589 5682 Deum
3618 5640 3714 5680 eo-

2131 5716 2240 5770 lere
2279 5718 2569 5771 secundum
2606 5719 2976 5773 mandatorum
3012 5718 3150 5773 illius
3178 5718 3477 5784 veritatem,
3506 5715 3635 5790 quia
3665 5715 3727 5770 in
