3922 6332
2882 330 2903 362 ~\

166 362 225 418 99
1108 364 1409 419 IIOA'HIJ/E
1456 364 1544 418 DE
1585 364 1737 421 FESl

1864 367 2270 435 PRIECIPl'IS,
2314 370 2460 425 ETC.
3336 380 3403 431 ti)

165 476 244 531 his
290 474 493 530 duobus
555 476 663 529 vita
711 476 860 529 beata
892 477 1207 545 acquiritur,
1257 478 1395 532 sicut
1439 478 1722 533 Psalmista
1756 488 1798 542 Α
1830 482 1959 535 vivit
2004 492 2060 537 et
2088 492 2274 552 regnat
2318 500 2437 539 cum
2485 488 2591 541 Deo
2618 488 2776 544 Patre
2816 491 2869 544 in
2922 494 3127 547 unitate
3177 493 3408 563 Spiritus

168 563 265 617 ait:
283 562 486 617 Diverte
515 580 548 615 a
576 562 734 628 malo,
752 572 797 617 et
824 564 908 634 fac
929 564 1114 617 bonum
1133 561 1301 626 (Psat.
1319 580 1481 619 xxxvr
1502 583 1515 631 ;
1534 566 1560 618 Ι
1582 566 1722 620 Petr.

166 651 274 721 tu).
318 652 426 707 Nec
462 652 630 706 etiam
665 651 854 707 sufﬁcit
898 654 1146 723 cuiquam
1200 672 1304 709 non
1336 656 1473 710 mala
1526 658 1721 720 facere,

167 742 263 797 nisi
306 745 469 796 etiam
505 743 642 796 bona
672 741 861 806 faciat;
898 759 999 798 nec
1024 744 1163 798 bona
1193 743 1388 809 facere,
1416 746 1519 801 nisi
1564 746 1725 801 etiam

170 830 298 885 mala
325 830 558 884 omittat.
596 829 782 886 Omnis
806 846 932 902 ergo
962 832 1052 902 qui
1092 833 1170 889 sic
1214 836 1427 904 sapiens
1467 845 1573 902 est,
1608 852 1730 907 pro-

166 920 245 973 cul
275 919 431 972 dubio
465 919 656 995 beatus
695 921 798 975 erit
848 921 900 974 in
946 936 1230 988 aeternum,
1258 926 1437 979 .beata
1466 928 1729 996 siquidem

168 1008 268 1061 vita
304 1015 383 1061 est
409 1008 644 1078 cognitio
673 1008 1002 1077 divinitatis;
1038 1013 1271 1082 cognitio
1305 1013 1596 1071 divinitatis
1626 1018 1733 1070 vir-

168 1106 251 1151 tus
286 1096 408 1151 boni
448 1098 630 1166 operis
654 1107 770 1164 est;
801 1099 975 1156 virtus
1015 1101 1139 1157 boni
1178 1105 1354 1173 Operis
1392 1101 1600 1160 fructus
1650 1115 1733 1161 est

166 1196 373 1240 aeterna:
400 1188 769 1244 beatitudinis.
806 1188 886 1244 Ad
923 1191 1026 1246 hoc
1068 1207 1197 1263 ergo
1246 1194 1442 1249 bonum
1475 1195 1734 1250 habemus

168 1279 410 1333 solatium
468 1280 768 1335 divinarum
819 1282 1101 1338 lectionem
1150 1284 1573 1355 Scripturarum,
1605 1288 1731 1357 quia

165 1382 427 1423 sacrarum
458 1370 617 1426 lectio
648 1370 1043 1441 Scripturaruni
1073 1374 1263 1429 divin-.2
1282 1384 1363 1430 est
1388 1378 1734 1448 przecognitio

166 1472 265 1514 non
289 1476 451 1529 parva
500 1460 862 1519 beatitudinis.
911 1464 969 1518 In
1000 1464 1083 1518 his
1131 1465 1275 1519 enim
1322 1467 1475 1536 quasi
1524 1467 1578 1521 in
1604 1482 1735 1536 quo-

166 1549 282 1601 dam
343 1549 582 1618 speculo,
633 1551 793 1605 homo
847 1553 1079 1622 seipsum
1145 1556 1487 1612 considerare
1538 1566 1731 1627 potest,

164 1638 330 1706 qualis
359 1640 431 1693 sit
477 1640 559 1694 vel
604 1656 712 1710 quo
742 1643 941 1698 tendat.
1001 1644 1183 1699 Lectio
1223 1647 1435 1701 assidua
1491 1650 1736 1717 purifieat

164 1729 355 1791 omnia,
407 1729 657 1784 timorem
723 1730 911 1786 incutit
955 1734 1231 1804 gehennzc,
1291 1737 1358 1791 ad
1399 1740 1589 1808 gaudia
1646 1757 1736 1795 su-

1807 576 1999 631 -sancti
2028 576 2185 640 Deus,
2221 592 2316 645 per
2344 580 2522 633 omnia
2550 583 2741 635 saecula
2779 585 3117 640 Steeuiorum.
3144 588 3330 642 Anien.

2409 712 2680 768 HOMILIA
2725 716 2887 773 XLIX

2002 834 2069 874 DE
2104 835 2342 884 JEJUNIIS,
2392 834 2606 878 vmluis
2643 842 2815 889 ATQUE
2857 845 3218 887 oatrtoxincs.

1895 930 2260 999 Interrogatus
2290 932 2355 985 ab
2381 934 2634 1000 apostolis
2660 934 2937 1001 Dominus,
2963 939 3153 1006 quibus
3181 942 3291 1010 ipse
3319 942 3410 993 ilo-

1830 1021 1908 1075 dit
1927 1029 2243 1090 potestatem
2274 1036 2433 1090 super
2462 1038 2673 1078 onmem
2712 1029 2959 1081 virtutem
2991 1030 3209 1096 inimici,
3243 1044 3298 1085 ut
3323 1034 3407 1085 in-

1831 1114 2015 1170 firmos
2071 1124 2342 1180 curarent,
2394 1118 2663 1173 dmmones
2720 1120 2994 1189 ejicerent,
3055 1138 3175 1177 cum
3213 1122 3410 1177 daemo-

1830 1207 1977 1262 nium
2006 1224 2037 1263 a
2080 1208 2312 1266 lunatico
2342 1212 2609 1283 expellere
2656 1227 2760 1266 non
2804 1220 3040 1280 possent,
3091 1214 3407 1282 respondit:

1834 1296 1948 1353 Hoc
1988 1315 2148 1369 genus
2188 1303 2560 1356 dwmoniorum
2591 1319 2692 1355 non
2728 1304 2883 1367 exiet,
2934 1302 3033 1356 nisi
3075 1320 3167 1371 per
3212 1306 3410 1357 aratio-

1834 1403 1949 1441 nem
1988 1397 2037 1442 et
2069 1388 2331 1460 jejunium
2369 1389 2577 1461 (Matth.
2603 1391 2757 1459 xvu);
2795 1406 2902 1460 quo
2928 1391 3081 1445 nobis
3109 1392 3291 1459 utique
3318 1392 3410 1447 de—

1835 1481 2389 1551 monstravitquanta
2426 1484 2596 1538 virtus
2640 1484 2709 1538 sit
2752 1483 3086 1538 abstinentia:
3115 1499 3234 1537 cum
3279 1500 3411 1552 pura

1832 1571 2094 1636 oratione,
2132 1575 2346 1643 quando
2390 1575 2488 1629 hoc
2531 1576 2641 1643 ipsa
2684 1572 2893 1628 efficere
2932 1572 3071 1626 valet
3112 1574 3251 1642 quod
3283 1589 3412 1643 apo-

1834 1661 2021 1717 smlica
2069 1671 2307 1731 potestas
2356 1679 2459 1719 non
2516 1663 2706 1733 potuit.
2781 1662 2893 1717 Iioc
2940 1673 3120 1717 autem
3167 1663 3411 1724 dicimus,

1836 1749 2049 1817 fratres,
2080 1769 2185 1807 non
2216 1752 2356 1824 quod
2387 1768 2641 1822 negemus
2680 1751 2962 1820 apostolos,
3014 1750 3283 1819 principes
3312 1749 3415 1803 Ec-

162 1831 320 1885 pcrna
358 1834 458 1873 cor
491 1818 708 1891 instigat
748 1820 989 1892 legentis.
1021 1822 1121 1889 Qui
1154 1825 1268 1878 vult
1296 1841 1419 1880 cum
1457 1828 1566 1883 Deo
1596 1844 1737 1884 sem—

1840 1841 2012 1897 clesia:
2031 1851 2086 1898 et
2107 1844 2269 1899 duces
2296 1844 2471 1913 populi
2500 1842 2617 1906 Dei,
2646 1840 2982 1896 abstinentia:
3016 1856 3235 1910 operam
3263 1841 3413 1904 dare,

163 1919 254 1972 per
307 1920 453 1969 esse,
500 1904 810 1976 frequenter
846 1909 1003 1963 debet
1065 1925 1221 1966 orare
1249 1921 1304 1966 et
1364 1913 1541 1985 legere
1569 1934 1580 1969 :
1608 1931 1733 1971 nam

160 2010 277 2059 eum
302 2012 541 2065 oramus,
582 1998 695 2062 ipsl'
708 2015 829 2055 cum
872 2001 982 2056 Deo
1009 2002 1312 2071 loquimur;
1354 2022 1474 2060 cum
1501 2021 1627 2062 vero
1657 2007 1733 2062 le-

160 2090 351 2158 gimus,
398 2090 543 2144 Deus
589 2091 869 2147 nobiscum
900 2093 1152 2164 loquitur.
1195 2095 1476 2152 Geminum
1530 2099 1740 2155 confert

159 2175 352 2231 bonum
412 2179 569 2234 lectio
616 2190 926 2237 sanctarum
976 2183 1399 2254 Scripturarum,
1450 2188 1563 2242 sive
1611 2190 1737 2258 quia

160 2267 491 2322 intellectum
526 2271 721 2325 mentis
773 2272 971 2338 erudit,
1024 2288 1115 2328 seu
1146 2275 1270 2343 quia
1296 2291 1327 2329 a
1358 2278 1538 2331 mundi
1588 2279 1739 2331 vani-

160 2357 356 2412 tatibus
397 2360 731 2414 abstractum
782 2362 1053 2417 hominem
1102 2365 1169 2418 ad
1211 2380 1447 2421 amorem
1496 2367 1590 2421 Dei
1618 2383 1742 2437 per-

156 2449 319 2503 ducit.
374 2448 558 2505 Labor
591 2453 848 2508 honestus
892 2462 976 2509 est
1005 2454 1269 2521 lectionis,
1310 2464 1365 2512 et
1395 2456 1619 2511 multum
1672 2458 1739 2512 ad

156 2542 591 2597 emundationem
644 2544 811 2597 animi
870 2544 1112 2614 proiicit:
1148 2546 1286 2602 sicut
1330 2562 1396 2601 ex
1435 2547 1741 2603 carnalibus

156 2632 289 2685 escis
320 2632 488 2687 alitur
515 2632 663 2698 caro,
693 2635 765 2688 ita
788 2649 855 2690 ex
890 2637 1084 2692 divinis
1110 2638 1337 2708 eloquiis
1386 2640 1611 2696 interior
1638 2641 1737 2696 ho»

156 2738 242 2776 mo
268 2726 508 2778 nutritur
536 2740 599 2778 ac
626 2727 892 2793 pascitur;
922 2728 1058 2784 sicut
1103 2730 1386 2786 Psalmista
1415 2735 1517 2787 ait:
1569 2732 1739 2799 Quam

155 2809 328 2864 dulcia
366 2812 611 2881 faucibus
639 2816 766 2868 meis
794 2814 997 2887 eloquia
1023 2828 1113 2871 tua
1143 2836 1296 2889 super
1336 2820 1434 2873 mel
1466 2830 1511 2874 et
1564 2822 1739 2891 favum

156 2904 233 2957 ori
279 2923 392 2960 meo
446 2905 644 2978 (Psal.
695 2925 861 2966 cum
892 2912 931 2983 ).
982 2912 1088 2969 Sed
1116 2914 1204 2967 ille
1250 2915 1596 2971 beatissimus
1635 2925 1736 2981 est,

159 2996 246 3061 qui
274 2997 492 3053 divinas
524 2998 836 3069 Scripturas
860 3002 1065 3071 legens,
1098 3005 1260 3058 verba
1289 3005 1447 3059 vertit
1475 3006 1527 3059 in
1554 3020 1735 3074 opera.

156 3083 353 3141 Omnes
375 3088 537 3158 plane
584 3089 873 3159 Scriptum
913 3104 1109 3149 sanctae
1139 3096 1205 3149 ad
1247 3104 1484 3150 nostram
1514 3096 1738 3151 salutem

1839 1932 1921 1987 vel
1945 1933 2217 1989 Christum
2248 1935 2488 1989 dicamus
2516 1936 2595 1989 eis
2633 1934 2842 2003 plenam
2868 1933 3123 2002 pietatem
3155 1932 3282 1986 dare
3310 1947 3414 1985 non

1836 2039 1994 2093 posse
2024 2042 2038 2079 :
2083 2024 2175 2081 sed
2205 2025 2365 2079 rudes
2394 2024 2569 2080 adhuc
2607 2022 2869 2092 discipuli,
2898 2022 2988 2092 qui
3021 2024 3071 2076 in
3100 2022 3287 2076 diebus
3316 2037 3417 2074 nu—

1837 2117 2069 2186 ptiarum
2100 2126 2379 2171 manentes
2428 2132 2549 2171 eum
2592 2130 2806 2185 sponso,
2837 2113 3080 2184 jejunare
3116 2113 3197 2166 vel
3244 2111 3419 2179 legere

1837 2219 1944 2259 non
1984 2212 2249 2274 poterant,
2308 2205 2607 2260 instruendi
2651 2206 2755 2259 hoc
2800 2203 2956 2257 modo
2991 2211 3166 2266 erant,
3212 2200 3264 2253 in
3310 2215 3418 2267 quo

1836 2294 2160 2363 protervitas
2188 2295 2361 2350 hostis
2404 2295 2607 2364 antiqui
2660 2294 2891 2347 maxime
2938 2290 3179 2360 superari
3226 2290 3415 2358 possit,

1838 2392 1898 2436 ut
1920 2382 2181 2448 Ecclesia,
2222 2386 2343 2452 quae
2371 2398 2466 2451 per
2494 2398 2587 2441 eos
2623 2390 2739 2437 erat
2765 2381 3058 2442 edocenda,
3105 2386 3421 2449 agnosceret

1841 2474 2069 2543 qualiter
2095 2480 2278 2528 contra
2308 2473 2514 2527 hostem
2544 2471 2929 2540 nequissimum
2960 2467 3243 2538 conﬂigere
3266 2467 3423 2521 debe-

1841 2574 1925 2621 ret
1949 2574 2004 2621 et
2030 2566 2244 2619 vincere
2280 2572 2480 2633 posset.
2539 2561 2825 2616 Sciendum
2862 2567 2942 2614 est
2972 2574 3097 2627 ergo
3130 2557 3256 2612 illud
3294 2572 3417 2626 per-

1840 2655 2036 2712 fectum
2067 2669 2185 2710 esse
2218 2651 2481 2723 jejunium
2510 2651 2651 2721 quod
2692 2664 2812 2705 cum
2843 2646 3194 2719 eleemosynis
3222 2656 3273 2701 et
3302 2662 3423 2700 ora-

1841 2749 1985 2803 tione
2013 2748 2204 2802 cmlum
2242 2745 2459 2810 transit,
2486 2745 2613 2815 quia
2643 2744 2815 2813 ipsum
2846 2742 2911 2795 ad
2942 2742 3193 2795 thronum
3224 2739 3421 2792 altissi-

1841 2839 2018 2894 miDei
2045 2838 2307 2908 pervenit.
2340 2835 2490 2890 Tunc
2518 2835 2661 2889 enim
2692 2834 2870 2896 homo,
2901 2831 3159 2901 spiritalis
3175 2829 3419 2891 effectus,

1841 2928 2045 2999 angelis
2099 2926 2437 2997 conjungitur
2479 2924 2695 2993 Deoque
2744 2921 2963 2976 liberius
3005 2920 3307 2989 copulatur,
3376 2917 3421 2971 si

1842 3021 2159 3076 abstinentia
2203 3018 2381 3073 carnis
2408 3015 2740 3071 orationibus
2777 3012 3063 3067 exaltatur.
3094 3010 3197 3063 Per
3219 3010 3422 3079 jcjuuia

1842 3114 1985 3167 enim
2031 3119 2085 3166 et
2123 3110 2397 3165 orationes
2438 3106 2648 3161 occulta
2697 3102 3071 3174 mysteriorum
3122 3098 3423 3155 cmlestium

155 3179 368 3247 scripta:
436 3190 582 3247 sunt,
615 3191 675 3236 ut
712 3183 1055 3253 proficiamus
1084 3188 1138 3247 in
1168 3188 1247 3241 eis
1274 3188 1325 3241 in
1370 3188 1613 3244 veritatis
1649 3203 1737 3243 eo-

1842 3200 2168 3265 revelantur,
2230 3198 2506 3266 divinique
2556 3192 2878 3251 sacramenti
2925 3206 3123 3245 arcana
3176 3190 3421 3260 paniluu-

156 3270 415 3354 gnitione.
467 3272 676 3343 Saepius
710 3290 885 3330 caacus
934 3274 1155 3331 offendit
1188 3292 1349 3347 quam
1407 3277 1614 3344 videns,
1661 3278 1741 3332 sic

156 3363 413 3435 ignorans
444 3367 617 3438 legem
650 3368 743 3423 Dei
779 3371 972 3441 saepius
1020 3374 1334 3444 ignoranter
1357 3382 1547 3445 peccat
1580 3389 1744 3445 quam

157 3452 241 3509 ille
279 3452 370 3522 qui
423 3457 549 3511 scit.
594 3457 746 3514 Sicut
788 3475 962 3515 ancus
997 3462 1113 3517 sine
1162 3464 1405 3529 ductore,
1461 3465 1539 3520 sic
1582 3466 1742 3519 homo

157 3543 269 3599 sine
314 3544 558 3611 doctore,
590 3550 737 3603 viam
787 3559 990 3605 rectam
1032 3556 1117 3606 vix
1170 3553 1436 3617 graditur.
1479 3554 1548 3609 Et
1592 3555 1739 3620 ideo,

156 3633 350 3691 fratres
414 3637 743 3705 charissimi,
787 3640 1091 3710 quicunque
1154 3657 1219 3696 ex
1270 3642 1422 3697 vobis
1479 3642 1741 3698 lectiones

156 3740 339 3781 sacras
366 3726 549 3800 legere
574 3738 628 3784 et
656 3729 956 3801 intelligere
1005 3740 1248 3801 possunt,
1289 3733 1342 3787 iu
1375 3734 1458 3788 his
1508 3734 1741 3790 studium

157 3813 492 3882 impendant,
521 3825 581 3871 ut
616 3832 801 3874 earum
851 3818 1158 3890 frequenter
1194 3820 1543 3876 meditatione
1585 3830 1742 3875 utan-

158 3912 267 3959 tur:
306 3908 400 3976 qui
457 3923 588 3964 vero
630 3925 845 3965 sensum
892 3910 1138 3965 lectionis
1175 3927 1343 3966 sacrae
1387 3926 1455 3967 ex
1510 3912 1741 3968 lectione

156 4009 259 4048 non
306 4006 541 4065 possunt
594 4000 889 4069 percipere,
920 4001 1178 4055 attentius
1222 4002 1444 4057 audiant
1478 4002 1741 4073 interpre-

156 4091 377 4151 tantem,
410 4097 475 4142 ut
501 4082 760 4160 recipiant
785 4093 974 4148 saltem
999 4094 1123 4149 inde
1152 4093 1582 4150 aedificationem.
1605 4093 1738 4150 Cum

154 4192 281 4234 vero
327 4180 644 4250 magisterio
699 4183 903 4238 caelesti
955 4184 1225 4247 instructi,
1265 4184 1393 4253 quid
1436 4182 1739 4240 faciendum

155 4269 351 4338 quidve
407 4270 687 4325 vitandum
740 4273 827 4337 sit,
865 4272 1221 4339 dilectissimi,
1271 4273 1569 4347 accipiatis,
1629 4289 1735 4329 non

155 4360 222 4413 sit
252 4376 406 4414 mora
434 4360 490 4414 in
515 4359 761 4417 faciendo
782 4363 922 4432 quod
948 4364 1089 4419 intus
1124 4363 1346 4433 sapiatis
1373 4363 1731 4435 intelligendo,

155 4449 297 4517 quia,
326 4456 389 4502 ut
423 4450 613 4503 beatus
651 4448 883 4506 Jacobus
929 4452 1205 4522 apostolus
1242 4450 1490 4506 ait:Nou
1529 4453 1736 4506 audito-

1847 3307 1952 3361 tur,
2009 3296 2153 3365 quod
2195 3295 2253 3349 in
2300 3292 2519 3347 Daniele
2568 3290 2829 3361 propheta
2875 3294 2928 3341 et
2981 3286 3136 3339 Petro
3185 3284 3424 3354 apostolo

1845 3383 2140 3441 manifestis
2212 3382 2424 3437 indiciis
2493 3378 2885 3447 comprobatur.
2958 3375 3124 3446 Igitur
3189 3374 3422 3443 quandiu

1842 3477 2013 3530 Adam
2058 3473 2337 3537 abstinuit,
2381 3472 2577 3527 mansit
2621 3470 2673 3523 in
2724 3468 3011 3537 paradiso:
3058 3466 3421 3526 manducavit,

1843 3577 1896 3624 ct
1925 3566 2179 3637 expulsus
2224 3572 2325 3619 est.
2369 3561 2577 3633 Jejunia
2630 3568 2757 3615 sunt
2803 3557 2963 3612 fortia
3014 3557 3115 3611 tela
3166 3556 3424 3609 adversus

1846 3666 2175 3714 tentantenta
2222 3655 2642 3711 daemoniorum:
2676 3652 2783 3706 cito
2817 3649 2960 3704 enim
3010 3662 3103 3717 per
3152 3647 3423 3700 abstinen-

1844 3750 1971 3804 tiam
2024 3748 2331 3801 vincuntur.
2382 3743 2534 3800 Unde
2579 3741 2739 3796 etiam
2792 3740 3050 3794 Dominus
3078 3745 3132 3790 ct
3178 3735 3425 3789 Salvator

1842 3847 2027 3893 noster
2073 3852 2260 3891 eorum
2308 3836 2557 3889 incursus
2587 3831 2804 3902 jejuniis
2832 3841 2886 3885 et
2927 3828 3260 3883 orationibus
3289 3841 3428 3894 pne-

1842 3936 2023 3982 monet
2069 3939 2342 3995 superare,
2398 3930 2452 3978 et
2482 3938 2579 3978 suo
2608 3920 2851 3989 exemplo
2896 3918 3065 3973 voluit
3087 3918 3153 3969 ad
3182 3916 3285 3970 hoc
3326 3930 3423 3967 nos

1842 4021 2152 4076 informare.
2200 4016 2471 4088 Jejunavit
2517 4023 2571 4069 et
2612 4012 2881 4067 diabolum
2928 4011 3076 4071 vicit,
3125 4007 3319 4071 oravit,
3370 4013 3424 4059 et

1840 4113 2137 4183 principem
2164 4110 2323 4180 hujus
2360 4106 2543 4162 mundi
2574 4104 2719 4161 foras
2758 4104 2953 4175 ejecit:
2986 4101 3242 4157 immundi
3280 4100 3422 4154 enim

1840 4206 2060 4275 spiritus
2105 4203 2176 4257 ibi
2224 4217 2280 4257 se
2321 4199 2621 4255 ﬁducialius
2666 4197 2976 4261 immittent,
3028 4195 3118 4249 tibi
3168 4192 3425 4247 videbunt

1838 4295 2147 4364 frequentes
2184 4289 2619 4351 comessationes,
2678 4287 2966 4341 ebrietates
3007 4284 3268 4338 exerceri.
3308 4284 3419 4335 Ab-

1839 4384 2091 4440 stinentia
2139 4396 2334 4451 corpus
2398 4387 2657 4443 macerat,
2712 4378 2804 4432 sed
2853 4392 2947 4431 cor
3011 4374 3416 4445 iinpinguescit;

1839 4489 2056 4531 carnem
2107 4472 2369 4537 debilitat,
2423 4472 2516 4525 sed
2573 4473 2807 4523 animam
2862 4466 3147 4521 confortat.
3216 4465 3322 4521 Sed
3366 4475 3421 4520 et

157 4554 232 4590 res
276 4538 409 4608 legis
450 4539 594 4608 justi
636 4548 758 4593 sunt
798 4543 938 4611 apud
990 4540 1181 4608 Deum,
1209 4542 1300 4597 sed
1331 4543 1555 4612 factores
1608 4541 1733 4614 legis

1843 4566 1945 4621 hoc
2001 4563 2291 4618 notandum
2332 4568 2416 4615 est
2453 4561 2597 4629 quod
2643 4557 2845 4629 jejunia
2904 4555 3240 4612 solummodo
3299 4571 3423 4611 cum

158 4623 294 4694 (Jac.
333 4629 414 4697 i);
450 4636 507 4681 et
530 4627 641 4697 ipsa
691 4629 903 4685 Veritas
944 4630 1047 4685 ait:
1092 4629 1281 4687 Sequ
1306 4633 1395 4705 qui
1426 4632 1524 4686 scit
1552 4631 1737 4687 volun—

156 4725 306 4769 tatem
335 4718 546 4771 domini
584 4718 687 4782 sui,
740 4728 790 4772 et
842 4736 943 4774 non
968 4720 1119 4789 facit,
1155 4720 1419 4790 vapulabit
1460 4720 1654 4784 multis,
1684 4729 1740 4775 et

158 4804 362 4874 reliqua
420 4806 578 4875 (Luc.
611 4806 729 4877 xu).
764 4807 896 4862 Item
926 4809 1055 4864 alibi
1099 4810 1355 4880 scriptum
1393 4817 1505 4864 est:
1544 4808 1739 4864 Scienti

157 4897 347 4952 bonum
380 4900 580 4967 facere,
611 4909 661 4953 et
706 4917 808 4954 non
836 4901 1047 4970 facienti
1084 4911 1349 4971 peccatum
1373 4913 1446 4956 est
1474 4902 1550 4955 illi
1596 4902 1735 4974 (Jac.

156 4977 254 5048 ιι).
286 4978 485 5049 Itaque
533 4980 679 5035 omni
720 4982 990 5053 diligentia
1038 4984 1251 5039 studete
1298 4993 1358 5038 ut
1408 4986 1741 5055 cognoscatis

158 5067 496 5125 voluntatem
540 5071 671 5125 Dei:
719 5083 1000 5142 postquam
1042 5082 1220 5128 autem
1260 5076 1617 5145 cognoveritis
1645 5090 1740 5129 vo—

161 5156 422 5213 luntatem
447 5159 585 5227 ejus,
627 5175 839 5215 summo
874 5162 995 5218 nisu
1023 5164 1327 5218 contendite
1359 5172 1417 5218 ut
1478 5166 1613 5219 lianc
1664 5163 1743 5218 fa-

158 5248 331 5313 ciatis,
362 5249 657 5318 implentcs
700 5252 946 5306 mandata
980 5252 1150 5320 illius;
1180 5262 1236 5308 et
1268 5254 1535 5309 instanter
1581 5256 1743 5324 depo-

165 5341 294 5396 scite
325 5348 386 5395 ut
430 5342 485 5395 in
532 5343 635 5395 hoc
672 5352 1101 5419 perseverantes,
1137 5346 1459 5413 perveniatis
1505 5347 1570 5398 ad
1622 5361 1740 5415 pro-

164 5430 328 5485 missa
372 5431 551 5501 ipsius
582 5449 595 5483 :
626 5431 692 5484 ad
720 5433 861 5501 quod
889 5448 985 5488 vos
1033 5433 1287 5502 adjuvare
1336 5435 1586 5503 dignetur
1634 5436 1746 5504 ipse

163 5522 247 5588 qui
271 5537 369 5591 per
388 5537 549 5577 suam
580 5522 871 5577 bonitatem
898 5539 995 5578 nos
1019 5525 1228 5578 vocavit
1251 5532 1306 5578 et
1327 5540 1423 5593 per
1446 5542 1596 5579 suam
1622 5542 1741 5595 gra-

166 5609 288 5664 tiam
318 5611 598 5673 Iiberavit,
638 5611 834 5681 quique
861 5612 994 5667 bene
1025 5613 1351 5667 certantibus
1392 5614 1631 5668 cmlcstia
1660 5632 1742 5667 re-

167 5716 261 5766 gna
311 5700 589 5770 promisit,
637 5698 791 5755 Jesus
815 5700 1059 5757 Christus
1106 5702 1360 5757 Dominus
1409 5710 1607 5767 noster,
1649 5704 1739 5773 qui

1842 4653 1998 4708 bonis
2038 4650 2288 4720 operibus
2339 4649 2449 4703 Dei.
2484 4657 2609 4702 sunt
2667 4646 3033 4714 acceptabilia;
3091 4646 3181 4714 qui
3242 4652 3422 4699 autem

1842 4726 1978 4796 Cibis
2021 4738 2309 4802 abstinent,
2342 4745 2394 4791 et
2437 4752 2603 4806 prava
2647 4744 2833 4804 agunt,
2893 4737 3165 4789 daemones
3204 4735 3417 4788 imitan-

1844 4839 1959 4895 tur,
1985 4828 2178 4898 quibus
2222 4842 2343 4882 esca
2374 4826 2607 4881 carnalis
2656 4842 2762 4879 non
2805 4835 2907 4889 est,
2955 4834 3011 4879 et
3040 4824 3275 4894 nequitia
3314 4826 3421 4893 spi-

1844 4917 2013 4972 ritalis
2042 4930 2253 4986 semper
2298 4915 2472 4969 inest:
2510 4915 2596 4969 ille
2635 4914 2777 4969 enim
2825 4915 2959 4968 bene
3006 4914 3235 4985 abstinet
3278 4930 3305 4965 a
3346 4914 3420 4967 ci-

1840 5011 1945 5074 bis,
1995 5009 2084 5078 qui
2128 5015 2183 5063 et
2220 5024 2250 5061 a
2293 5007 2509 5062 malitias
2552 5008 2759 5061 actibus
2809 5016 2864 5060 et
2910 5021 2940 5059 a
2985 5008 3166 5060 mundi
3212 5006 3420 5076 jejunat

1841 5098 2241 5153 ambitionibus.
2294 5095 2481 5150 Melius
2520 5104 2604 5150 est
2627 5109 2839 5164 quoque
2874 5094 3271 5163 przcdicationis
3298 5111 3419 5148 san-

1841 5199 1941 5244 cta:
1978 5188 2223 5243 convivio
2273 5186 2533 5239 victuram
2569 5184 2623 5238 in
2662 5192 2918 5253 perpetuo
2955 5192 3189 5237 mentem
3235 5183 3419 5237 retice—

1843 5293 1921 5340 re,
1954 5291 2114 5346 qnam
2142 5276 2384 5328 ventrem
2427 5273 2718 5329 mortiferas
2764 5274 2942 5328 carnis
2990 5273 3254 5327 deliciosis
3290 5288 3419 5341 epu-

1841 5366 1908 5419 lis
1952 5374 2216 5419 saturare.
2290 5363 2497 5432 Vigiliis
2548 5379 2675 5435 ergo
2722 5364 2935 5419 studere
2987 5373 3043 5416 et
3089 5365 3461 5443 orationibus

1842 5454 2178 5525 frequentius
2238 5454 2484 5509 insistere
2543 5454 2658 5522 ipse
2711 5453 2959 5508 Salvator
3026 5470 3138 5515 nos,
3204 5452 3415 5512 fratres,

1844 5545 2041 5606 docuit,
2093 5545 2320 5597 dicens:
2367 5542 2579 5613 I'z'gilate
2612 5545 2782 5613 itaque
2825 5546 2964 5597 οηιηὶ
3008 5555 3230 5614 tempore
3270 5562 3420 5596 oram

1843 5646 1937 5697 tes,
1976 5645 2029 5686 ut
2070 5635 2213 5702 digni
2256 5636 2548 5687 habeamini
2594 5635 2768 5703 fugere
2798 5638 2896 5689 ista
2933 5638 3105 5687 omnia
3145 5652 3261 5705 qua:
3304 5652 3424 5687 vcn-

1843 5733 1960 5776 tum
1993 5736 2128 5789 sunt,
2177 5735 2218 5776 et
2248 5734 2385 5776 stare
2429 5737 2544 5778 ante
2573 5724 2735 5790 [ilium
2777 5727 2996 5780 hominis
3031 5724 3175 5795 (Luc.
3204 5726 3334 5789 XXII;
3368 5736 3421 5780 ct
