3922 6352
462 378 522 434 91
1104 381 1163 436 Β.
1209 381 1460 436 ΒᾹΒΑΝΙ
1499 377 1719 435 MAUR!
1756 378 2051 435 AliClllEP

2158 377 2423 434 iOGUNT.
2464 378 2745 435 OPERUM
2784 378 2963 437 PARS
2996 379 3055 436 ll.
3666 386 3731 439 92

458 499 734 567 apostolus
780 497 993 563 Petrus,
1032 497 1228 553 similia
1272 514 1368 554 nos
1402 498 1720 562 exhortans,
1751 496 1881 557 dicit
1910 515 1923 548 ε
1954 492 2042 547 Vi—
2069 495 2120 553 Α
2146 505 2391 547 severare
2412 491 2739 558 contendite,
2766 501 2822 547 et
2846 492 3101 547 Dominus
3132 492 3278 560 pacis
3302 493 3406 548 crit
3435 493 3728 553 vobiscum-

458 590 618 658 gilatc
641 599 687 643 et
715 597 859 642 orate
886 597 1058 643 utnon
1092 590 1294 643 intretis
1333 591 1387 643 in
1416 590 1772 651 tcntationem,
1796 588 1921 657 quia
1947 587 2045 640 ad-

459 680 720 735 versarius
766 687 931 733 vester
967 678 1207 733 diabolus
1227 678 1477 751 tanquam
1519 678 1600 733 leo
1628 678 1836 748 rugiens
1865 677 2044 731 circuit

459 787 694 841 quarens
738 787 889 840 quem
946 770 1298 835 devoret;cui
1357 769 1576 823 resistite
1630 768 1793 839 fortes
1834 769 1889 821 in
1944 767 2049 836 ﬁde

460 860 512 933 (ι
542 859 777 931 Petr.v).
822 859 954 914 Nam
995 862 1210 929 modum
1254 860 1528 929 vigilandi,
1579 858 1755 928 qualis
1798 858 1914 913 fieri
1953 858 2048 917 de-

456 954 605 1019 beat,
633 953 973 1022 coapostolus
1007 954 1123 1023 ejus
1151 952 1349 1007 Paulus
1375 951 1527 1006 nobis
1549 951 1800 1019 ostendit,
1831 950 2046 1005 dicens:

458 1042 717 1111 Evigilate
732 1044 883 1114 justi,
913 1053 959 1095 et
992 1044 1147 1097 nolite
1172 1059 1384 1111 peccare
1419 1041 1472 1114 (1
1498 1031 1619 1097 Cor.
1650 1044 1762 1115 xv);
1794 1049 1850 1097 et
1876 1042 2001 1096 item
2032 1055 2046 1093 :

456 1131 785 1202 Abjiciamus
808 1149 928 1204 ergo
964 1149 1139 1203 opera,
1172 1132 1365 1201 inquit,
1391 1133 1745 1198 tenebrarum,
1779 1142 1830 1186 et
1860 1132 2051 1185 indua—

453 1237 573 1275 mus
615 1237 709 1275 nos
752 1237 903 1274 arma
945 1219 1098 1275 lucis.
1158 1218 1303 1275 Sicut
1342 1222 1398 1275 in
1442 1221 1525 1275 die
1563 1221 1774 1275 honeste
1813 1219 2048 1273 ambule-

454 1326 571 1363 mus
606 1308 784 1381 (Rom.
813 1308 957 1381 xm).
986 1310 1106 1381 lpse
1130 1325 1362 1380 namque
1401 1312 1538 1368 bene
1574 1310 1761 1381 vigilat
1784 1311 1895 1379 qui,
1926 1326 2049 1365 cum

452 1416 653 1470 corpus
699 1403 856 1456 sn‘um
887 1418 917 1456 a
950 1416 1138 1458 somno
1177 1388 1412 1467 cohibet,
1465 1418 1560 1457 cor
1599 1403 1652 1457 in
1698 1402 1878 1472 pravis
1910 1401 2051 1456 desi-

453 1492 622 1548 deriis
656 1493 940 1564 aggravari
987 1509 1094 1549 non
1159 1494 1441 1563 permittit,
1489 1492 1600 1547 sed‘
1628 1494 1825 1548 mentis
1865 1492 2050 1547 Oculos

454 1581 524 1636 ad
580 1589 859 1651 aspectum
907 1581 1020 1637 veri
1068 1582 1289 1638 luminis
1352 1590 1567 1652 apertos
1612 1590 1761 1637 tenet
1799 1581 2047 1651 :vigilat,

452 1671 545 1742 qui
590 1680 772 1728 servat
818 1675 1089 1743 operando
1134 1676 1277 1744 quod
1322 1674 1513 1740 credit,
1557 1673 1763 1744 vigilat,
1809 1674 1961 1743 quia
1990 1690 2049 1729 se

447 1763 683 1834 torporis
728 1771 784 1818 et
825 1764 1163 1834 negligentiae
1210 1765 1457 1820 tenebras
1503 1764 1727 1833 repellit.
1784 1764 1920 1818 Huic
1963 1778 2050 1818 er-

2147 578 2336 635 Amen.

2742 671 3028 727 HOMILIA
3066 673 3128 727 L.

2694 778 2759 817 DE
2795 778 3147 818 CONTINENTIA
3160 803 3172 817 .

2218 852 2488 907 Admonet
2514 865 2615 907 nos
2641 851 2723 905 lex
2754 853 2934 906 divina
2956 861 3010 906 et
3032 853 3367 919 exhortatur,
3391 853 3545 909 fratr.
3562 872 3587 911 s
3609 856 3736 910 cha-

2147 942 2386 1009 rissimi,
2438 952 2497 997 ut
2530 942 3022 1011 concupiscentiam
3060 942 3219 1013 hujus
3266 946 3449 1000 mundi
3496 947 3734 1001 devitan-

2149 1041 2251 1100 tes,
2284 1033 2635 1091 continentiae
2672 1032 2868 1086 salubri
2895 1047 3115 1103 cperam
3151 1035 3360 1093 demus.
3388 1050 3455 1090 ne
3488 1051 3587 1090 nos
3614 1036 3731 1090 ille-

2150 1126 2313 1180 cebra
2360 1124 2691 1194 voluptatum
2721 1138 2816 1193 per
2846 1124 2994 1177 varia
3026 1124 3188 1179 ducat
3215 1125 3480 1180 desideria
3504 1166 3519 1191 ,
3575 1134 3631 1180 et
3661 1125 3733 1179 la-

2152 1228 2291 1283 queo
2320 1214 2512 1269 mortis
2554 1214 2794 1267 irretitos
2838 1214 2891 1267 in
2942 1214 3295 1284 praecipitium
3329 1225 3384 1270 et
3419 1217 3731 1286 voraginem

2152 1305 2329 1359 tradat
2376 1302 2593 1359 inferni.
2641 1303 2905 1373 Loquitur
2947 1305 3209 1373 sapientia
3240 1306 3443 1361 homini
3473 1315 3527 1361 et
3556 1307 3688 1361 dicit
3716 1324 3730 1362 :

2152 1392 2281 1448 Post
2308 1396 2752 1465 concupiscentias
2800 1404 2918 1449 tuas
2950 1410 3053 1449 non
3078 1411 3186 1460 eas,
3215 1406 3263 1449 et
3290 1413 3322 1450 a
3356 1394 3619 1451 voluntate
3644 1406 3735 1451 tua

2151 1478 2398 1537 avertere.
2428 1481 2488 1538 Si
2507 1494 2716 1554 praestes
2747 1485 2936 1538 anima:
2972 1494 3071 1538 tua:
3095 1486 3567 1556 concupiscentiam
3593 1486 3731 1558 ejus,

2151 1573 2307 1643 faciet
2333 1584 2381 1629 te
2404 1577 2457 1643 in
2488 1568 2739 1645 gaudium
2766 1574 2990 1629 inimicis
3020 1578 3122 1630 tuis
3151 1576 3341 1647 (Eccli.
3367 1578 3521 1645 xvut)
3539 1594 3559 1642 ;
3580 1593 3733 1632 amor

2151 1667 2295 1720 enim
2349 1665 2505 1721 istius
2557 1666 2738 1720 mundi
2790 1665 2931 1734 parit
2980 1667 3313 1721 inimicitiam
3370 1668 3462 1722 Dei
3496 1685 3509 1731 ;
3539 1667 3550 1673 ’
3592 1670 3735 1722 unde

2151 1756 2408 1825 scriptum
2435 1765 2519 1811 est
2544 1772 2557 1810 :
2594 1756 2698 1822 Qui
2726 1757 2831 1812 vult
2860 1758 3059 1812 amicus
3082 1774 3190 1813 esse
3209 1759 3366 1828 hujus
3399 1759 3601 1825 swculi,
3628 1761 3733 1813 ini-

448 1869 517 1925 κο
543 1868 792 1924 magnum
827 1862 881 1908 et
907 1854 1281 1909 inmstimabile
1304 1856 1594 1923 prmmium
1623 1853 1883 1909 nummus
1922 1868 2046 1923 pro.
2076 1855 2121 1914 Β
2148 1846 2313 1899 micas
2356 1845 2451 1899 Dei
2486 1836 2825 1901 constituitur
2874 1845 3014 1913 (Jac.
3048 1848 3141 1917 tv).
3186 1848 3301 1903 Hoc
3338 1848 3481 1905 enim
3519 1859 3737 1920 aposto-

451 1944 621 2010 miSit,
658 1959 779 2001 cum
820 1944 993 1999 dixit:
1045 1944 1241 2001 Beatus
1268 1953 1344 2000 est
1389 1944 1683 1999 servus-ille
1726 1960 1879 2016 quem
1928 1961 2047 1999 cum

450 2034 648 2088 venetit
706 2034 949 2089 dominus
1005 2034 1139 2104 ejus,
1205 2035 1453 2089 invenerit
1507 2034 1821 2105 vigilantem.
1886 2034 2050 2088 Amen

448 2123 566 2178 dico
618 2123 778 2199 vobis,
840 2141 998 2195 super
1046 2126 1222 2179 omnia
1274 2124 1409 2179 bona
1465 2142 1564 2179 sua
1617 2125 1892 2179 constituet
1933 2141 2052 2177 eum

449 2213 667 2287 (Matth.
699 2214 870 2287 xxiv).
903 2214 1090 2270 Oratio
1132 2229 1260 2285 ergo
1297 2229 1415 2282 quae
1458 2212 1568 2268 Deo
1617 2211 1842 2269 oll‘ertur
1890 2212 2051 2267 debet

446 2319 568 2360 esse
598 2320 731 2375 pura
754 2312 809 2359 et
834 2319 902 2359 ex
945 2304 1145 2375 gemitu
1183 2304 1362 2359 cordis
1398 2305 1649 2374 probata,
1696 2319 1801 2358 non
1830 2304 1883 2358 in
1912 2313 2052 2357 stre-

446 2395 566 2465 pitu
619 2396 767 2464 vocis
817 2397 1143 2459 exuberans,
1201 2395 1327 2465 quia
1381 2396 1541 2449 homo
1590 2395 1733 2449 videt
1779 2396 1851 2450 iu-
1888 2394 2049 2448 facie.

448 2485 592 2541 Deus
634 2494 814 2539 autem
856 2485 1096 2540 intuetur
1131 2501 1225 2540 cor
1254 2484 1307 2555 (Ι
1339 2484 1466 2555 Reg.
1498 2484 1630 2555 xv1).
1667 2484 1731 2544 Et
1758 2483 2047 2554 quomodo,

445 2576 668 2643 fratres,
708 2592 898 2646 preces
941 2592 1067 2633 suas
1108 2576 1229 2646 quis
1258 2576 1369 2631 Deo
1397 2575 1554 2631 oti‘ert
1600 2578 1664 2629 ad
1696 2574 2046 2636 audiendum,

446 2683 586 2737 quas
635 2667 748 2736 ipse
793 2667 885 2735 qui
930 2675 985 2721 et
1012 2668 1113 2722 has
1153 2667 1282 2721 dicit
1328 2654 1432 2719 non
1484 2665 1648 2720 audit.
1697 2663 1838 2719 Proh
1863 2663 2043 2717 dolor!

448 2756 646 2827 smpius
693 2757 749 2811 in
776 2757 1023 2812 ecclesiis
1071 2756 1316 2813 videmus
1362 2755 1623 2825 quosdam
1670 2762 1792 2809 ante
1832 2769 2049 2809 sacrum

447 2848 619 2905 altare
657 2863 853 2918 corpus
891 2849 957 2903 ad
983 2849 1246 2903 orandum
1292 2848 1575 2911 inclinare,
1619 2848 1712 2903 sed
1742 2845 1911 2902 oculis
1943 2847 2050 2905 huc

447 2938 683 3007 illucque
722 2938 965 3007 vagando
1021 2938 1457 3006 circumspicere,
1510 2944 1566 2993 et
1604 2951 1711 2990 non
1762 2934 1935 2991 solum
1974 2934 2050 2989 la-

449 3034 653 3103 crymis
697 3032 905 3086 vultum
958 3046 1065 3087 non
1094 3032 1290 3103 rigare,
1327 3032 1418 3087 sed
1446 3030 1609 3086 etiam
1650 3044 1746 3083 ora
1777 3028 1831 3082 in
1877 3026 2048 3082 risum

447 3125 678 3180 solvere.
720 3122 850 3189 Quae
895 3130 979 3178 est
1022 3123 1140 3177 inec
1181 3121 1469 3198 dementia,
1499 3119 1725 3175 fratres?
1758 3118 1943 3186 utique
1971 3126 2050 3171 ta-

2153 1932 2239 1989 lus
2259 1934 2436 1990 sciens
2454 1933 2688 1990 Joannes
2714 1936 3000 2006 persuadet
3050 1937 3206 1991 nobis
3246 1946 3300 1991 et
3342 1938 3472 1993 dicit
3505 1956 3517 1991 :
3558 1938 3735 1992 Nolite

2151 2026 2364 2097 diligere
2390 2028 2639 2081 mundum
2662 2045 2822 2099 neque
2847 2044 2909 2082 ea
2933 2045 3048 2100 qutu
3076 2030 3130 2084 in
3150 2029 3343 2085 mundo
3362 2041 3505 2086 sunt.
3534 2030 3595 2085 Si
3617 2034 3733 2102 quis

2151 2115 2389 2170 dilexerit
2415 2118 2688 2182 mundum,
2721 2134 2825 2171 non
2873 2129 2949 2172 est
3002 2120 3231 2175 charitas
3260 2120 3439 2175 Patris
3490 2123 3545 2176 in
3592 2121 3688 2175 illo
3715 2140 3735 2175 :

2149 2207 2273 2278 quia
2299 2224 2447 2261 onme
2479 2207 2619 2278 quod
2668 2208 2725 2261 in
2766 2207 2963 2262 mundo
3009 2215 3102 2271 est,
3122 2211 3530 2280 concupiscentia
3559 2214 3736 2267 carnis

2150 2306 2258 2361 est,
2308 2306 2358 2351 et
2401 2297 2816 2366 concupiscentia
2871 2296 3186 2364 oculorum,
3242 2308 3288 2353 et
3326 2302 3570 2373 superbia
3618 2302 3736 2355 vitae

2153 2389 2204 2461 (1
2239 2388 2398 2442 Joan.
2423 2389 2504 2462 ιι).
2538 2388 2650 2445 [loc
2674 2398 2731 2443 et
2757 2388 3100 2459 coapostolus
3148 2389 3264 2459 ejus
3304 2389 3500 2446 Paulus
3542 2407 3735 2446 rursus

2151 2492 2334 2536 monet
2360 2488 2415 2536 et
2437 2482 2568 2536 dicit
2591 2500 2605 2535 :
2646 2480 2751 2547 Qui
2780 2491 2976 2546 emunt,
3004 2482 3079 2535 sic
3107 2483 3211 2536 sint
3232 2484 3381 2551 quasi
3420 2500 3521 2536 non
3566 2484 3735 2553 possi-

2150 2572 2357 2635 dentes;
2384 2579 2431 2624 et
2451 2571 2537 2641 qui
2562 2570 2659 2623 hoc
2682 2570 2875 2623 mundo
2904 2578 3145 2635 utuntur,
3170 2570 3319 2640 quasi
3348 2587 3449 2623 non
3477 2581 3735 2624 utantur:

2148 2663 2375 2732 praztetit
2404 2663 2543 2717 enim
2569 2662 2741 2732 ﬁgura
2768 2663 2926 2733 hujus
2973 2665 3155 2719 mundi
3184 2663 3235 2735 (1
3266 2662 3533 2737 Cor.vu).
3579 2664 3735 2722 Unde

2150 2762 2204 2806 et
2238 2755 2352 2822 ipse
2383 2753 2633 2809 Salvator
2653 2755 2708 2807 in
2734 2754 2989 2824 parabola
3036 2770 3128 2810 sua
3158 2756 3395 2811 ostendit
3413 2756 3559 2826 quod
3597 2757 3736 2811 divi-

2153 2845 2239 2899 tia:
2267 2855 2321 2898 et
2348 2844 2652 2914 voluptates
2678 2843 2860 2899 saeculi
2891 2843 3158 2911 sull‘ocant
3179 2845 3400 2899 verbum
3429 2846 3500 2899 ita
3526 2852 3587 2899 ut
3626 2861 3734 2900 non

2151 2935 2352 2991 referat
2381 2935 2648 3001 fructum;
2694 2943 2748 2989 et
2797 2936 2921 2990 alibi
2962 2936 3204 3004 praecipit
3234 2935 3455 2989 dicens:
3492 2932 3597 2998 Qui
3628 2934 3737 2988 vult

2150 3029 2323 3081 venire
2348 3037 2463 3100 post
2491 3043 2571 3080 me
2600 3067 2614 3091 ,
2659 3025 2872 3096 abneget
2902 3027 3250 3097 semetipsum,
3280 3036 3325 3079 et
3352 3024 3499 3078 tollat
3524 3042 3735 3078 crucem

2151 3134 2325 3182 suam,
2355 3127 2403 3171 et
2428 3127 2779 3187 sequaturme
2827 3114 3056 3186 (Matth.
3099 3115 3261 3186 xvr);
3301 3122 3369 3169 ‘et
3423 3114 3595 3168 item:
3631 3112 3739 3181 Qui

446 3214 515 3271 lis
542 3215 716 3272 oratio
746 3230 854 3269 non
891 3215 1058 3270 Deum
1101 3213 1300 3284 placat,
1343 3195 1438 3269 sed
1473 3210 1671 3276 irritat;
1710 3217 1765 3265 et
1792 3208 1925 3262 tales
1951 3224 2050 3261 un-
2076 3195 2120 3256 C
2154 3224 2258 3261 non
2282 3205 2667 3270 renuntiaverit,
2710 3206 2913 3275 inquit,
2953 3206 3190 3260 omnibus
3210 3221 3326 3274 qua:
3346 3204 3593 3274 possidet,
3630 3222 3737 3258 non

449 3306 517 3361 de
561 3304 845 3374 acquirere
897 3303 1183 3358 debuerint
1232 3302 1549 3365 remedium,
1594 3300 1721 3354 inde
1763 3298 1864 3355 sibi
1910 3312 2048 3368 prte-

448 3404 643 3464 parant
688 3401 1038 3469 tormentum.
1082 3391 1217 3447 Cum
1265 3406 1395 3462 ergo
1436 3390 1502 3444 ad
1540 3386 1841 3444 oralionem
1871 3388 1927 3441 in
1955 3386 2047 3443 do~

452 3502 599 3542 llltlttl
647 3486 856 3551 Domini
890 3485 1209 3550 convenitis,
1252 3483 1609 3549 dilectissimi,
1654 3489 1965 3537 reverenter
1995 3488 2052 3534 ct

451 3561 577 3633 cum
635 3577 827 3631 timore
872 3592 937 3631 ac
987 3583 1226 3631 tremore
1272 3576 1345 3630 ibi
1376 3583 1570 3641 astate,
1620 3582 1677 3629 et
1715 3572 1972 3644 quidquid
2019 3588 2050 3625 a

453 3672 566 3728 Deo
602 3673 891 3740 impetrare
938 3671 1132 3734 velitis,
1179 3686 1300 3725 cum
1340 3668 1643 3724 humilitate
1682 3662 1738 3723 et
1783 3667 1923 3722 bona
1962 3667 2048 3721 in—

456 3764 695 3819 tentione
736 3763 916 3818 cordis
966 3761 1115 3815 illum
1159 3760 1375 3831 petatis,
1424 3766 1480 3813 et
1522 3757 1755 3811 maxime
1793 3772 1858 3812 ea
1885 3756 2053 3826 petite

456 3870 579 3924 qua;
629 3853 698 3908 ad
750 3852 976 3908 salutem
1033 3851 1303 3921 pertinent
1343 3856 1621 3914 aeternam,
1673 3846 1940 3902 Caeterum
1987 3845 2054 3901 de

460 3945 550 4000 his
593 3942 950 4014 praesentibus
995 3942 1157 3997 rebus
1206 3955 1272 3994 ea
1326 3938 1661 4009 solummodo
1714 3943 1900 4007 rogate
1934 3949 2054 4004 quae

462 4035 769 4105 necessaria
819 4041 959 4097 sunt,
1012 4049 1119 4087 non
1148 4047 1268 4103 quae
1306 4032 1374 4085 ad
1414 4030 1764 4099 cupiditatem
1793 4026 1876 4082 vel
1905 4026 2055 4081 volu-

458 4135 661 4199 ptatem
693 4126 870 4180 carnis
910 4123 1175 4194 superﬂue
1202 4138 1299 4192 per
1328 4121 1594 4175 luxuriam
1626 4125 2052 4189 exaggerantur;

462 4219 562 4273 has
616 4231 804 4289 preces
855 4215 1085 4270 libenter
1128 4215 1271 4269 Deus
1322 4227 1426 4267 non
1493 4210 1708 4279 accipit,
1764 4216 1821 4264 et
1879 4208 2058 4263 taliter

463 4308 664 4379 petenti
713 4321 852 4377 saepe
882 4321 987 4361 non
1024 4305 1233 4359 annuit.
1284 4302 1436 4359 Unde
1476 4312 1531 4356 et
1564 4300 1794 4356 Iacobus
1838 4306 2056 4369 aposto-

460 4398 547 4454 his
590 4398 831 4468 increpat
878 4411 993 4459 nos,
1058 4395 1243 4450 dicens
1280 4412 1292 4447 :
1326 4390 1512 4447 Petitis
1552 4399 1601 4445 et
1648 4406 1751 4444 non
1799 4388 2055 4457 accipitis,

461 4505 521 4544 eo
543 4488 681 4558 quod
703 4486 839 4542 male
880 4486 1090 4557 petatis,
1141 4494 1196 4537 ut
1226 4484 1283 4537 in
1308 4481 1736 4552 concupiscentiis
1766 4479 1946 4534 vestris
1977 4478 2059 4531 in—

2148 3304 2312 3367 potest
2370 3310 2515 3348 meus
2562 3309 2671 3347 esse
2714 3293 2998 3364 discipulus
3046 3291 3194 3363 (Luc.
3247 3294 3377 3361 xtv).
3411 3292 3536 3347 ilice
3573 3292 3741 3362 igitur

2152 3384 2582 3449 considerantes,
2605 3382 2800 3438 fratres
2830 3384 3178 3461 charissimi,
3226 3384 3536 3454 perpendite
3564 3399 3741 3461 quan-

2154 3467 2266 3529 tum
2318 3475 2625 3556 necessaria
2670 3474 2824 3535 nobis
2890 3474 2962 3528 sit
3010 3458 3380 3539 continentia,
3434 3489 3531 3544 per
3574 3458 3742 3542 quam

2154 3564 2357 3621 Christi
2384 3563 2721 3633 discipulatui
2748 3563 2997 3634 condigni
3020 3564 3087 3617 ad
3111 3577 3331 3634 regnum
3364 3562 3592 3633 potestis
3614 3578 3741 3623 cum

2155 3657 2437 3725 eo_vcnire
2464 3664 2797 3725 perpetuum.
2823 3654 3164 3709 Continentia
3192 3668 3319 3708 vero
3365 3662 3420 3708 et
3471 3653 3744 3707 sobrietas

2157 3762 2263 3801 non
2295 3748 2347 3801 in
2377 3746 2490 3801 sola
2517 3745 2830 3816 integritate
2857 3744 3042 3798 carnis
3071 3743 3339 3811 consistit,
3367 3742 3461 3797 sed
3492 3743 3660 3797 etiam
3690 3743 3743 3796 in

2156 3838 2300 3894 cultu
2326 3838 2460 3892 etin
2485 3843 2709 3900 ornatu,
2754 3836 2864 3889 vita
2904 3834 3109 3903 pariter
3163 3840 3218 3888 et
3268 3833 3506 3887 moribus
3536 3850 3549 3884 :
3575 3832 3748 3886 debet

2156 3929 2300 3984 enim
2341 3927 2709 3996 unusquisque
2736 3925 3021 3981 continens
3050 3924 3322 3979 abstinere
3352 3937 3410 3977 se
3453 3922 3520 3997 ab
3567 3923 3749 3975 omni-

2156 4021 2257 4075 bus
2299 4018 2526 4082 illicitis;
2568 4016 2653 4072 his
2682 4026 2861 4070 autem
2897 4030 3016 4084 qua:
3046 4014 3191 4067 licita
3242 4020 3386 4076 sunt,
3419 4003 3572 4067 decet
3616 4027 3747 4066 cum

2158 4108 2419 4163 modestia
2444 4116 2499 4162 et
2531 4106 2823 4161 sobrietate
2845 4105 2921 4157 uti
2950 4121 2961 4157 :
2998 4119 3104 4157 non
3134 4103 3277 4157 enim
3303 4102 3456 4157 decet
3480 4100 3750 4157 Christia—

2159 4215 2286 4253 num
2325 4197 2506 4252 smculi
2550 4196 2713 4250 lucris
2752 4196 2989 4259 inhiare,
3048 4194 3133 4249 cui
3172 4193 3493 4263 promissum
3537 4202 3621 4247 est
3669 4209 3751 4246 reb

2161 4302 2321 4359 gnum
2338 4286 2578 4349 cteleste,
2594 4284 2687 4345 sed
2717 4300 2813 4338 suo
2841 4283 3066 4337 Domino
3086 4294 3179 4352 per
3200 4280 3587 4335 continentiam
3615 4296 3751 4335 con-

2181 4376 2319 4447 ligne
2348 4375 2552 4439 vivere,
2583 4379 2640 4426 ut
2664 4373 2834 4441 possit
2860 4386 2981 4425 cum
3024 4384 3088 4424 eo
3113 4369 3164 4422 in
3191 4378 3505 4440 perpetuum
3539 4371 3747 4437 gaude-

2161 4481 2241 4521 re.
2268 4464 2583 4521 Castitatem
2613 4462 2771 4518 debet
2797 4476 2981 4516 amare
2999 4470 3054 4514 et
3084 4460 3494 4515 fornicationem
3525 4459 3749 4529 tngere;

463 4543 686 4633 sinuatis
714 4576 855 4649 (Jac.
880 4543 981 4646 iv).
1010 4543 1217 4642 Quibus
1241 4582 1418 4628 autem
1448 4543 1700 4642 precibus
1724 4570 1864 4625 Deus
1889 4569 2059 4623 liben-
2082 4543 2135 4602 Ῐ)
2162 4571 2267 4612 non
2301 4555 2542 4609 avaritiae
2576 4554 2814 4619 studere,
2847 4552 2942 4607 sed
2974 4551 3118 4605 victu
3145 4559 3199 4605 et
3236 4551 3435 4605 vestitu
3459 4558 3754 4606 contentus

467 4679 553 4725 ter
596 4668 795 4733 faveat,
819 4666 887 4722 ab
916 4666 1033 4736 ipsa
1064 4663 1305 4719 Veritatc
1335 4662 1543 4723 discite,
1598 4662 1672 4715 ait
1702 4660 1844 4715 enim
1870 4677 1882 4713 :
1917 4656 2059 4712 Peti-

466 4768 514 4814 te
540 4767 589 4812 et
615 4756 898 4827 accipietis,
932 4766 986 4809 ut
1018 4754 1267 4826 gaudium
1283 4764 1509 4808 vestrum
1540 4752 1748 4823 plenum
1773 4752 1838 4805 sit
1866 4749 2056 4823 (Joan.

467 4849 602 4915 xvi).
654 4845 921 4901 Gaudium
981 4844 1180 4898 etenim
1247 4842 1463 4914 plenum
1524 4858 1631 4897 non
1692 4842 1744 4895 in
1786 4838 2059 4909 praesenti,

473 4940 569 4996 sed
613 4941 664 4992 in
713 4936 892 5013 futura
941 4935 1044 4990 erit
1078 4936 1205 4997 vita,
1264 4936 1365 4989 hoc
1419 4933 1521 4999 est,
1564 4933 1617 4987 in
1646 4931 1920 5003 agnitione
1965 4929 2062 4988 Dei

473 5028 736 5101 perfecta,
780 5020 997 5096 quando
1042 5024 1330 5079 infirmitas
1376 5032 1429 5079 et
1460 5024 1705 5094 angustia
1748 5022 1852 5077 erit
1894 5020 2057 5075 nulla.

472 5122 550 5176 De
588 5118 943 5191 praesentibus
991 5124 1169 5178 autem
1216 5115 1510 5171 commodis
1530 5114 1941 5188 supra'molum
1996 5126 2064 5165 ne

476 5213 647 5267 simus
695 5206 931 5273 solliciti,
984 5206 1078 5261 sed
1109 5205 1369 5259 faciamus
1413 5210 1556 5274 quod
1585 5204 1902 5258 exhortatur
1934 5201 2066 5254 Pro-

474 5304 675 5372 pheta:
715 5299 894 5364 Jacta,
930 5296 1123 5365 inquit,
1166 5295 1221 5348 in
1251 5293 1530 5348 Dominum
1568 5294 1850 5363 cogitatum
1896 5303 2067 5355 tuum,

471 5403 520 5449 et
538 5392 646 5464 ipse
660 5400 707 5444 te
720 5389 939 5443 enutriet
964 5385 1135 5459 (Psal.
1161 5386 1289 5454 LIV);
1311 5394 1364 5439 et
1380 5386 1432 5439 iu
1453 5382 1737 5452 Evangelia
1758 5384 1870 5450 ipse
1886 5382 2061 5434 Domi-

483 5499 586 5541 nus
620 5482 737 5537 ait:
790 5478 1031 5532 Primum
1068 5478 1285 5547 qurerite
1332 5484 1542 5545 regnum
1585 5474 1681 5529 Dei
1721 5485 1769 5529 et
1801 5475 2063 5544 justitiam

479 5574 617 5643 ejus,
645 5580 693 5626 et
720 5572 831 5624 lucc
861 5570 1034 5623 omnia
1056 5568 1371 5636 adjicientur
1392 5565 1532 5619 vobis
1556 5564 1768 5633 (Matth.
1789 5564 1884 5633 vt).
1918 5563 2062 5626 lltec,

482 5663 704 5727 fratres,
738 5659 921 5715 sedulo
957 5660 1099 5713 intra
1135 5657 1493 5726 vosmetipsos
1540 5657 1792 5725 cogitate,
1843 5655 1955 5708 lucc
1988 5653 2065 5706 to—

479 5755 556 5812 ris
592 5752 861 5822 operando
906 5750 1069 5822 agite,
1101 5750 1152 5802 in
1184 5748 1265 5803 his
1306 5763 1476 5817 usque
1511 5746 1575 5802 ad
1604 5746 1763 5801 tinem
1808 5746 1927 5799 vitae
1950 5760 2068 5814 per-

2163 4660 2311 4711 csse;
2344 4660 2450 4699 non
2484 4643 2785 4714 superbire,
2812 4656 2986 4711 neque
3010 4655 3227 4710 sperare
3257 4640 3310 4694 in
3348 4639 3554 4694 incerto
3603 4639 3754 4694 divi-

2166 4734 2382 4797 tiarum,
2419 4734 2511 4789 sed
2532 4732 2806 4787 humiliter
2831 4733 3029 4786 sentire
3058 4739 3113 4786 et
3136 4729 3318 4785 mundi
3340 4744 3589 4799 pompam
3610 4745 3755 4784 con-

2170 4833 2409 4879 temnere
2440 4841 2452 4877 :
2486 4838 2595 4877 non
2643 4822 2803 4876 debet
2830 4806 2948 4876 esse
2997 4820 3319 4890 vaniloquax
3364 4828 3419 4873 et
3458 4832 3754 4888 arrogans,

2171 4934 2277 4975 non
2312 4917 2562 4982 mendax,
2594 4930 2769 4984 neque
2809 4912 3121 4983 iniuriosus,
3150 4926 3252 4968 nec
3296 4910 3549 4981 bilinguis
3571 4950 3586 4976 ,
3640 4926 3755 4965 non

2167 5028 2408 5073 susurro,
2429 5024 2602 5079 neque
2631 5008 2925 5072 detractor,
2954 5005 3047 5061 sed
3074 5005 3357 5060 veritatem
3381 5004 3538 5058 debet
3558 5017 3625 5056 ex
3655 5018 3759 5057 ore

2165 5114 2220 5159 ct
2240 5104 2400 5159 corde
2420 5100 2683 5172 proferre,
2716 5099 2951 5169 linguam
2978 5112 3129 5150 suam
3176 5111 3207 5149 a
3249 5094 3584 5163 multiloquio
3611 5102 3759 5149 tem-

2166 5208 2379 5263 perare,
2411 5195 2536 5263 quia
2571 5190 2828 5257 scriptum
2862 5195 2946 5242 est
2976 5204 2990 5241 :
3022 5185 3090 5239 In
3116 5184 3444 5255 multiloquio
3478 5185 3579 5237 non
3607 5185 3757 5253 eﬂ'u-

2167 5283 2273 5355 gies
2315 5291 2583 5352 peccatum
2632 5276 2815 5347 (Prov.
2864 5276 2940 5345 x).
2982 5274 3177 5331 Oculos
3209 5282 3416 5359 contra
3451 5272 3756 5327 vanitatem

2171 5372 2441 5437 claudere,
2466 5370 2707 5424 auditum
2736 5384 2767 5421 a
2806 5366 3131 5421 scurrilitate
3167 5366 3221 5420 et
3248 5364 3499 5428 falsitate,
3522 5363 3633 5416 imo
3687 5367 3757 5417 ab

2174 5462 2319 5516 omni
2348 5460 2559 5530 eloquio
2590 5457 2747 5522 malo,
2775 5466 3041 5520 avertere,
3070 5456 3237 5510 risum
3280 5452 3550 5507 excelsum
3578 5459 3636 5505 et
3660 5468 3758 5506 cx-

2175 5545 2397 5610 cussum‘
2435 5568 2539 5607 non
2569 5565 2781 5614 amare,
2825 5556 3007 5619 guttur
3036 5556 3089 5601 ct
3115 5562 3303 5601 nasum
3342 5545 3411 5599 ad
3440 5543 3755 5598 illecebrusu

2176 5645 2407 5700 dulcium
2443 5644 2686 5709 ciborum
2713 5649 2767 5694 et
2801 5637 3044 5694 suavium
3090 5638 3313 5693 odorum
3368 5651 3471 5689 non
3518 5633 3758 5688 libent-1

2179 5738 2453 5805 adbibere,
2485 5737 2578 5792 scd
2608 5736 2776 5805 magis
2806 5734 3005 5790 bonum
3032 5740 3086 5789 ct
3136 5748 3352 5788 suavem
3388 5730 3613 5785 odorem
3639 5730 3729 5782 vir
