3922 6340
172 407 236 462 93
1113 401 1414 460 ΠΟΜΠΛᾸΞ
1458 403 1544 458 DE
1583 404 1822 460 FESTlS
1861 405 2267 468 PiirlEClPUlS.
2301 408 2456 465 ETC.
3342 412 3412 471 94

169 528 333 574 tutum
358 523 641 589 appetere,
668 533 860 574 manus
886 526 942 573 et
975 518 1139 588 pedes
1169 526 1224 573 et
1275 519 1455 573 omnia
1495 519 1735 574 membra
1765 525 1812 581 Α
1840 523 1942 609 diae
1991 524 2210 589 bonum,
2249 521 2446 595 de‘qua
2479 526 2594 595 ipse
2640 523 2887 582 Salvator
2932 527 3053 592 ait;
3084 526 3235 582 Beati
3263 531 3416 586 mise-

171 611 400 680 corporis
432 610 668 666 sollicite
689 611 977 674 custodire,
1000 625 1069 665 ne
1110 608 1239 663 ﬁant
1264 625 1414 664 arma
1442 610 1744 680 iniquitatis

169 709 399 770 peccato,
441 701 538 755 sed
580 700 750 771 magis
779 700 1017 770 potentia
1049 713 1201 753 arma
1231 699 1341 753 Deo
1370 703 1437 753 ad
1467 699 1744 753 destruen~

172 790 288 842 dum
325 787 624 858 spiritalem
660 788 958 842 inimicum.
992 785 1098 841 Cor
1117 801 1333 854 quoque
1360 785 1513 840 miles
1541 785 1743 841 Christi

168 882 317 937 debet
353 889 477 935 ante
502 880 685 935 omnia
720 872 952 934 sollicita
980 876 1223 932 custodia
1247 889 1485 938 servare,
1515 891 1583 931 ne
1604 875 1742 931 forte

171 973 290 1028 illud
316 972 578 1044 jactantia
606 969 846 1034 extollat,
883 969 964 1023 ira
1015 967 1334 1039 inﬂammet.
1368 967 1566 1020 invidia
1615 982 1739 1036 per-

169 1064 316 1127 foret,
340 1063 566 1118 avaritia
597 1063 810 1118 infestet
840 1104 856 1128 ,
902 1061 1069 1143 libido
1097 1069 1307 1125 exurat,
1341 1060 1561 1115 tristitia
1614 1075 1738 1131 grai-

168 1168 268 1213 vet.
297 1166 482 1226 torpor
507 1165 562 1211 et
590 1157 798 1226 ignavia
823 1163 1041 1219 oneret,
1082 1164 1138 1209 ct
1182 1145 1310 1208 illud
1343 1154 1483 1222 quod
1533 1154 1739 1230 eunetis

166 1247 372 1320 gravius
395 1236 499 1312 last,
531 1263 632 1318 per
676 1250 972 1301 novitatem
1025 1244 1475 1314 praesumptiones
1521 1243 1740 1297 haeresis

167 1339 384 1394 scindat.
410 1338 512 1405 Qui
561 1340 704 1395 enim
739 1339 918 1393 cordis
944 1336 1154 1392 occulta
1203 1351 1302 1406 per
1349 1334 1735 1390 continentiam

164 1428 332 1497 quieta
378 1430 598 1483 servare
627 1429 770 1482 intus
815 1427 1132 1492 contendit,
1187 1427 1370 1496 utique
1399 1434 1453 1478 et
1495 1425 1738 1479 membra

164 1520 395 1588 corporis
439 1519 651 1575 facilius
675 1527 861 1574 contra
903 1533 1097 1589 pravos
1123 1525 1275 1572 actus
1305 1516 1438 1571 foris
1459 1514 1732 1582 custodit;

163 1610 408 1680 scriptum
439 1620 523 1666 est
549 1613 693 1666 enim
722 1631 734 1664 :
775 1609 932 1665 Omni
970 1609 1207 1664 custodia
1233 1627 1381 1663 serva
1426 1625 1517 1662 cor
1563 1617 1733 1672 tuum,

162 1705 278 1772 quia
324 1719 387 1757 ex
441 1705 556 1771 ipso
600 1703 703 1756 vita
756 1703 985 1772 procedit
1033 1698 1214 1772 (Prov.
1248 1701 1356 1771 H‘);
1393 1701 1519 1755 item
1564 1700 1729 1754 alibi:

163 1791 300 1846 Mors
333 1809 481 1848 secus
512 1793 784 1846 introitum
807 1792 1160 1846 delectationis
1177 1795 1346 1860 posita
1384 1799 1498 1856 est;
1543 1800 1595 1846 et
1624 1790 1737 1845 Sal-

1841 615 2107 682 ricordcs,
2152 617 2402 687 quoniam
2438 619 2536 687 ipsi
2589 619 2997 673 misericordiam
3042 630 3418 690 consequentur

1841 704 2056 774 (Matth.
2115 706 2189 780 ν).
2246 707 2366 763 Non
2415 715 2591 776 potest
2630 719 2883 777 peccator
2937 710 3416 767 misericordiama

1839 793 1950 848 Deo
1990 811 2227 871 sperare,
2255 797 2351 868 qui
2392 797 2819 853 misericordiam
2853 816 2959 855 non
3009 799 3139 856 facit
3191 816 3415 870 peccan-

1839 885 1982 938 tibus
2011 886 2062 939 iu
2083 901 2172 952 se;
2203 901 2335 957 ergo
2359 888 2594 942 dimittat
2622 889 2780 942 homo
2829 892 3122 960 temporale
3152 892 3409 955 debitum,

1838 983 1898 1026 ut
1921 981 2206 1028 mereatur
2258 977 2495 1046 recipere
2544 977 2797 1032 axternale
2839 977 3059 1034 bonum.
3101 979 3158 1034 Si
3206 983 3414 1037 animas

1837 1070 2052 1115 nostras
2109 1061 2354 1130 cupimus
2405 1075 2747 1151 peccatorum
2798 1067 3044 1122 sordibus
3098 1071 3412 1136 emundari,

1839 1152 2267 1210 misericordiam
2288 1155 2356 1208 in
2393 1171 2494 1211 nos
2520 1158 2868 1226 peccantibus
2897 1174 3002 1214 non
3053 1177 3322 1231 negemus,
3355 1173 3412 1218 ut

1837 1240 2002 1296 indie
2052 1243 2421 1298 retributionis
2465 1247 2531 1299 ad
2569 1249 2974 1315 promerendam
3014 1249 3222 1306 Domini
3255 1254 3414 1309 mise-

1837 1323 2124 1387 ricordiam
2169 1333 2552 1390 misericordiae
2602 1339 2854 1407 operibus
2906 1340 3238 1409 adjuvemur.
3273 1344 3412 1410 Quo-

1835 1423 1998 1477 modo
2031 1424 2456 1480 misericordiam
2495 1443 2523 1479 a
2567 1427 2675 1482 Deo
2715 1439 3013 1499 exspectat,
3058 1433 3148 1500 qui
3179 1435 3413 1490 crudelis

1837 1511 1999 1569 estin
2030 1530 2320 1571 conservos
2347 1518 2516 1571 suos?
2545 1517 2602 1572 Si
2632 1520 2752 1586 quis
2773 1521 2962 1591 (cupiat
2989 1521 3156 1576 Deum
3187 1523 3286 1577 sibi
3315 1525 3413 1579 mi-

1836 1605 2022 1670 sereri,
2054 1606 2124 1660 ita
2152 1616 2209 1660 et
2235 1607 2554 1662 misereatur
2582 1608 2915 1665 debitoribus
2941 1612 3071 1667 suis.
3101 1610 3412 1668 Certissima

1837 1696 2228 1766 indulgentiam
2246 1706 2560 1767 exspectare
2589 1701 2805 1770 poterit,
2835 1703 2962 1771 quia
2990 1703 3110 1758 aliis
3140 1704 3421 1773 indulgere,

1834 1786 2003 1840 novit.
2034 1785 2117 1840 Ad
2163 1786 2543 1843 misericordia:
2571 1805 2705 1859 opus
2759 1792 2964 1860 optime
3005 1807 3105 1848 nos
3135 1794 3187 1847 in
3235 1793 3412 1848 Evan-

159 1889 305 1936 vator
334 1882 386 1937 in
417 1881 753 1954 Evargelio:
797 1881 994 1947 Bonus,
1026 1882 1236 1953 inquit,
1282 1883 1435 1937 homo
1483 1883 1546 1936 de
1598 1883 1729 1937 bono
1762 1860 1803 1918 Β
1833 1877 1973 1947 gelio
2013 1878 2272 1934 Dominus
2305 1881 2552 1949 exemplo
2595 1881 2884 1948 roboravit,
2929 1868 3017 1939 ubi
3059 1883 3138 1939 ait
3172 1900 3187 1938 :
3229 1884 3412 1942 Estote

157 1968 390 2023 thesauro
418 1971 594 2024 cordis
619 1972 701 2024 sui
743 1971 938 2041 profert
969 1973 1182 2037 bonum,
1212 1985 1258 2026 et
1296 1972 1468 2026 malus
1494 1974 1646 2026 homo
1671 1973 1733 2026 de
1819 1963 2218 2035 misericordes,
2262 1971 2397 2024 sicut
2442 1969 2815 2027 Patersvester
2851 1973 3071 2029 caelestis
3116 1977 3412 2035 misericors

156 2058 289 2112 malo
323 2061 570 2114 thesauro
600 2062 772 2115 cordis
795 2062 878 2115 sui
911 2061 1108 2132 profert
1140 2061 1336 2115 malum
1366 2061 1516 2133 (Luc.
1540 2063 1648 2133 vt);
1679 2071 1734 2117 et

157 2146 309 2202 item:
334 2148 410 2202 De
444 2151 622 2214 corde,
654 2153 748 2215 ait,
773 2161 958 2205 exeunt
986 2153 1322 2222 cogitationes
1352 2152 1527 2219 malle,
1557 2154 1729 2207 homi-

154 2239 308 2306 cidia,
331 2241 620 2305 adulteria,
649 2242 1038 2310 fornicationes,
1067 2253 1122 2296 et
1163 2243 1590 2310 cmteraﬂlatth.
1615 2242 1725 2313 xv).

153 2327 280 2382 Cum
303 2345 455 2400 ergo,
486 2331 705 2395 fratres,
733 2332 799 2386 de
819 2332 993 2386 cordis
1020 2333 1200 2402 radice
1223 2332 1431 2388 fructus
1462 2333 1576 2388 sive
1605 2333 1727 2387 boni

151 2420 261 2474 sive
285 2421 409 2474 mali
453 2431 678 2485 exeant,
710 2433 932 2476 necesse
968 2429 1053 2476 est
1101 2430 1154 2475 ut
1192 2422 1426 2491 primum
1455 2437 1550 2478 cor
1577 2438 1734 2476 mun-

152 2509 354 2575 demus,
388 2509 601 2566 deinde.
636 2513 805 2580 ipsam
850 2527 1066 2566 carnem
1106 2519 1346 2566 nostram
1379 2529 1474 2581 per
1505 2511 1725 2582 jejunia,

149 2611 202 2655 et
225 2601 453 2672 vigilias,
485 2612 537 2657 et
568 2603 805 2658 laborem
835 2605 1019 2658 utilem
1069 2605 1416 2672 castigemus,
1445 2619 1514 2658 ne
1551 2608 1729 2659 carnis

148 2689 306 2747 libido
331 2703 574 2748 mentem
601 2694 830 2748 maculet
855 2712 870 2748 :
900 2692 1125 2749 diliicile'
1145 2703 1228 2749 est
1266 2695 1411 2748 cnim
1442 2704 1500 2748 ut
1532 2695 1582 2748 in
1630 2695 1725 2749 de-

149 2780 284 2837 liciis
307 2783 557 2838 viventes
586 2786 840 2839 mundum
866 2800 961 2841 cur
987 2785 1237 2839 habeant.
1265 2786 1392 2840 Inde
1431 2786 1565 2840 dixit
1584 2787 1728 2854 Apoe-

149 2871 311 2926 stnlus
334 2871 386 2943 (Ι
419 2869 546 2927 Cor.
575 2864 691 2944 tx)-':
724 2862 933 2944 Castigo
973 2891 1160 2943 corpus
1200 2892 1370 2929 meum
1411 2885 1458 2930 et
1488 2878 1725 2930 servituti

144 2961 379 3030 subjicio,
411 2980 476 3016 ne
506 2963 662 3031 forte,
687 2980 803 3017 cum
827 2963 944 3017 aliis
970 2963 1243 3031 prwdiccm
1264 3005 1278 3028 ,
1323 2967 1432 3034 ipse
1479 2967 1724 3034 reprobus

146 3054 365 3122 eﬂiciar;
395 3063 453 3108 et
485 3055 614 3108 item
655 3052 795 3125 (Gal.
827 3052 918 3123 v):
959 3055 1063 3119 Qui
1113 3065 1288 3107 autent
1333 3065 1454 3108 sunt
1507 3052 1720 3122 Christi,

145 3159 348 3198 carnem
374 3161 531 3198 suam
567 3144 934 3212 cruciﬁxernnt
956 3162 1072 3198 cum
1099 3146 1231 3198 vit-is
1257 3155 1304 3198 et
1352 3149 1722 3214 concupiscen-

1831 2067 1926 2124 est,
1958 2059 2048 2128 qui
2075 2058 2234 2114 solem
2264 2077 2416 2114 suum
2445 2061 2575 2115 oriri
2595 2060 2721 2131 facit
2747 2079 2904 2132 super
2933 2064 3091 2118 bonos
3120 2074 3168 2119 et
3216 2066 3406 2134 malos,

1830 2157 1878 2202 et
1899 2148 2034 2218 pluit
2057 2166 2214 2218 super
2235 2151 2412 2220 justas
2438 2161 2487 2205 et
2536 2149 2758 2220 injustas
2790 2151 2940 2224 (Luc.
2968 2154 3069 2224 vr).
3096 2155 3284 2211 Omnis
3311 2159 3381 2212 tui

1830 2238 2121 2293 sericordia
2144 2237 2496 2294 facietlocum
2522 2241 2809 2310 unicuique
2834 2243 3129 2311 secundum
3157 2246 3407 2301 meritum

1829 2342 2054 2397 operum
2079 2344 2318 2400 suorum.
2353 2329 2453 2397 Qui
2484 2329 2612 2385 facit
2638 2324 3064 2387 misericordiam
3095 2334 3224 2400 Deo,
3251 2335 3410 2391 offert

1830 2415 2156 2472 sacriﬁcium
2191 2418 2324 2472 satis
2354 2417 2629 2488 placabile.
2663 2417 2720 2472 lu
2743 2418 2922 2486 judice
2953 2421 3323 2477 misericordia
3351 2435 3410 2478 et

1831 2509 2111 2579 disciplina
2143 2508 2313 2566 debet
2347 2524 2486 2574 esse,
2516 2511 2641 2579 quia
2667 2526 2772 2564 una
2797 2512 2912 2590 sine
2935 2511 3102 2567 altera
3127 2514 3264 2568 bene
3289 2530 3409 2570 esse

1829 2617 1935 2655 non
1962 2601 2174 2670 poterit.
2219 2600 2583 2673 Misericordia
2615 2601 2727 2656 sola
2760 2603 2806 2657 si
2831 2601 2992 2657 fuerit
3016 2644 3034 2670 ,
3061 2606 3404 2660 securitatem

1827 2691 1990 2746 faciet
2013 2691 2270 2762 peccandi
2294 2689 2576 2759 subjectis;
2611 2691 2824 2756 iterum,
2841 2692 2884 2745 si
2903 2692 3183 2761 disciplina
3199 2708 3409 2761 semper

1827 2781 2021 2845 aderit,
2048 2782 2284 2836 vertitur
2321 2783 2537 2836 animus
2586 2782 2946 2851 delinquentis
2985 2782 3037 2835 in
3073 2782 3404 2852 desperatio-

1827 2888 1976 2936 nem,
2001 2869 2234 2939 etjudex
2266 2887 2371 2927 non
2406 2873 2705 2927 merebitur
2732 2888 2760 2926 a
2803 2872 2912 2927 Deo
2960 2873 3401 2928 misericordiam.

1829 2963 1933 3018 Sed
1964 2965 2102 3018 banc
2144 2964 2565 3019 misericordiam
2598 2980 2628 3018 a
2662 2965 2837 3033 seipse
2880 2964 3039 3019 debet
3078 2964 3238 3020 homo
3270 2965 3402 3019 inci-

1827 3067 1958 3122 pere
1993 3071 2006 3106 :
2037 3050 2304 3122 quomOdo
2335 3054 2386 3107 in
2410 3053 2528 3108 aliis
2557 3063 2638 3108 est
2663 3055 2988 3118 misericors,
3021 3055 3111 3123 qui
3138 3056 3189 3108 in
3222 3056 3400 3124 seipse

1827 3147 2062 3202 crudelis
2096 3148 2210 3202 est?
2239 3147 2293 3200 ln
2344 3147 2524 3216 seipse
2563 3143 2797 3202 crudelis
2825 3156 2926 3205 est.
2959 3148 3046 3215 qui
3090 3147 3189 3202 sibi
3215 3163 3402 3217 perpe-

147 3235 245 3287 tiis.
272 3234 460 3289 Sobrie
496 3235 690 3304 quippe
719 3245 765 3288 et
803 3235 884 3303 pie
930 3235 1160 3288 vivamus
1203 3235 1259 3288 in
1293 3234 1389 3287 hoc
1411 3235 1604 3288 strculo
1631 3253 1725 3289 επ·
1755 3218 1798 3278 (ἶ
1831 3247 1952 3292 tuas
1973 3239 2206 3307 peccatis
2225 3238 2337 3291 suis
2359 3237 2906 3306 praeparatllaznmas.
2925 3237 3068 3291 Bene
3093 3237 3400 3292 misericors

145 3337 427 3393 spectantes
473 3325 676 3379 beatam
720 3341 892 3392 spem,
941 3335 987 3378 et
1026 3325 1304 3378 adventum
1333 3325 1516 3394 gloria:
1551 3328 1725 3396 magni

147 3414 238 3468 Dei
283 3426 331 3469 et
378 3403 690 3470 Saluatoris
723 3426 884 3468 nostri
931 3415 1057 3468 Jesu
1095 3412 1314 3479 Christi,
1341 3416 1431 3484 qui
1462 3415 1604 3468 dedit
1646 3433 1726 3471 se-

146 3504 417 3570 metipsum
445 3519 543 3572 pro
573 3503 742 3566 nobis,
768 3512 824 3555 ut
851 3520 942 3556 nos
974 3502 1243 3556 redimeret
1270 3503 1334 3556 ab
1367 3505 1508 3556 omni
1535 3505 1725 3573 iniqui-

149 3603 269 3656 tate,
292 3605 340 3648 et
373 3584 652 3647 mandaret
684 3595 782 3647 sibi
813 3593 1058 3664 populum
1083 3593 1471 3661 ncceptabilem,
1499 3603 1724 3648 sectato-

149 3698 249 3735 rem
271 3683 529 3736 bonorum
550 3699 763 3752 operum
792 3682 917 3752 (Tit.
949 3682 1009 3751 tt)
1032 3699 1046 3747 ;
1080 3681 1138 3736 ut
1155 3699 1279 3761 eum
1301 3685 1507 3738 venerit
1531 3684 1584 3737 in
1615 3698 1726 3738 ma-

144 3769 332 3839 jestate
361 3789 459 3826 sua
491 3788 613 3827 cum
657 3783 966 3826 sanctorum
1007 3772 1317 3842 angelorum
1351 3771 1606 3837 millibus,
1627 3787 1726 3842 pro

148 3862 294 3917 bouis
325 3863 604 3918 laboribus
634 3872 685 3918 et
721 3873 904 3917 sancta
928 3865 1334 3918 conversatione
1367 3864 1551 3918 reddat
1573 3863 1725 3919 nobis

147 3954 360 4021 pnemia
383 3955 513 4008 vitm
538 3963 753 4008 aeternae
779 3941 980 4024 potius,
1000 3969 1161 4022 quam
1179 3968 1274 4023 pro
1290 3953 1555 4009 desiderio
1567 3963 1621 4009 et
1636 3970 1726 4008 vo-

151 4041 348 4114 luptate
374 4045 663 4113 praesentis
686 4045 806 4098 vitae
830 4046 1126 4099 cruciatum
1161 4047 1420 4100 retribuat
1448 4047 1726 4116 sempiter-

148 4119 289 4198 num",
317 4135 411 4204 qui
434 4155 445 4187 ι
471 4135 737 4190 veraciter
763 4135 829 4190 de
851 4151 916 4190 eo
948 4137 1206 4206 scriptum
1235 4146 1319 4192 est
1353 4137 1496 4206 quod
1537 4138 1726 4192 reddat

149 4223 367 4296 singulis
397 4228 694 4281 secundum
752 4242 914 4296 opera
960 4243 1076 4292 sua,
1114 4227 1271 4283 Jesus
1299 4227 1546 4283 videlicet
1572 4228 1723 4284 Chri-

147 4329 255 4371 stus
285 4319 550 4372 Dominus
573 4327 774 4381 noster,
801 4319 894 4389 qui
921 4335 1042 4374 cum
1068 4318 1227 4374 Patre
1270 4329 1323 4374 et
1366 4319 1569 4389 Spiritu
1608 4335 1728 4376 san-

147 4416 230 4460 cto
255 4407 386 4460 vivit
411 4419 470 4460 et
506 4414 694 4477 regnat
721 4409 881 4482 Deus,
917 4423 1015 4477 per
1057 4407 1236 4464 omnia
1283 4409 1476 4465 Stccula
1505 4410 1728 4466 sarculo-

148 4511 280 4549 rum.
317 4496 514 4552 Amen.

745 4585 1021 4642 HOMlLlA
1056 4587 1140 4642 LI.

444 4691 512 4729 DE
543 4690 915 4731 HISERICOBDIA
949 4694 1018 4732 ΕΤ
1047 4694 1423 4734 ιιωυισεκτιιι.

213 4766 356 4822 Inter
386 4769 574 4821 omnia
603 4767 795 4836 quibus
825 4767 1056 4822 humana
1092 4769 1202 4823 vita
1237 4771 1457 4840 indiget,
1486 4768 1722 4823 maxime

149 4859 455 4913 necessaria
489 4866 572 4912 cst
600 4858 987 4922 misericordia,
1010 4860 1134 4927 quia
1160 4872 1362 4929 quanto
1384 4858 1622 4930 fragilior
1640 4869 1724 4915 est

149 4957 400 5017 corrupta
433 4956 645 5010 natura,
703 4955 852 5004 tanto
891 4946 1093 5014 majore
1144 4948 1343 5017 indiget
1386 4948 1719 5018 providentia

149 5035 426 5103 beneficii;
469 5046 527 5092 ct
562 5037 700 5101 ideo,
732 5035 944 5098 fratres,
977 5037 1102 5106 quia
1131 5038 1246 5092 sine
1274 5039 1375 5092 hac
1401 5039 1506 5091 vita
1541 5046 1722 5092 nostra

150 5127 448 5180 subsistere
499 5141 602 5179 non
648 5134 841 5194 potest,
897 5125 1171 5180 discamus
1200 5127 1464 5195 quomodo
1518 5128 1572 5181 in
1627 5141 1726 5179 nos

151 5217 381 5285 primum
415 5214 652 5270 divinam
681 5228 1026 5282 provocemus
1051 5214 1410 5281 clementiam,
1448 5225 1504 5268 ut
1529 5229 1723 5269 secun-

152 5310 273 5364 dum
332 5308 738 5364 multitudinem
799 5307 1198 5361 miserationum
1256 5321 1476 5360 suarum
1529 5314 1726 5360 nostra:

155 5400 384 5454 miseria:
417 5398 709 5453 subvenire
745 5397 1010 5466 dignetur,
1053 5406 1319 5466 quatenus
1349 5397 1402 5449 iu
1444 5397 1725 5465 prmsentis

155 5492 270 5544 vine
317 5503 487 5544 cursu
524 5487 754 5540 vitemus
807 5497 1002 5541 nostra:
1036 5485 1224 5539 salutis
1271 5486 1546 5549 damnum,
1585 5494 1638 5539 et
1670 5485 1724 5539 in

159 5577 332 5633 futuro
378 5577 662 5632 interitum
712 5577 977 5644 possimus
1014 5575 1241 5630 evadere
1275 5585 1611 5644 perpetuum.
1645 5574 1726 5628 Ad

158 5667 252 5723 hoc
297 5668 448 5723 enim
509 5666 919 5733 impetrandum,
975 5665 1326 5728 dilectissimi,
1381 5666 1521 5718 sicut
1574 5663 1728 5718 nobis

161 5757 438 5828 Scriptura
472 5770 629 5812 sacra
674 5756 922 5819 ostendit,
952 5755 1274 5825 pragcipuum
1312 5763 1392 5809 est
1423 5753 1725 5808 miscricor-

1749 4549 1798 4609 D

1828 3338 1930 3394 est,
1965 3331 2052 3398 qui
2087 3345 2117 3383 a
2152 3329 2330 3398 seipso
2356 3328 2565 3396 incipit,
2616 3335 2668 3382 et
2719 3341 2778 3382 se
2823 3327 3103 3397 diligenter
3144 3329 3397 3392 custodit,

1831 3435 1900 3473 ne
1942 3419 2198 3488 puniatur
2225 3434 2349 3473 cum
2379 3417 2611 3482 diabolo,
2667 3425 2719 3470 et
2743 3418 2819 3471 sic
2850 3417 2966 3471 aliis
3011 3427 3225 3486 przestet
3257 3421 3398 3488 quod

1827 3509 1928 3562 sibi
1958 3509 2157 3562 bonum
2186 3523 2306 3562 esse
2351 3508 2629 3576 prospicit.
2671 3506 2776 3561 Per
2808 3507 3187 3576 indulgentiam
3215 3519 3396 3563 autem

1827 3597 2010 3651 docuit
2050 3612 2147 3652 nos
2185 3597 2442 3652 Dominus
2482 3598 2749 3666 quomodo
2795 3598 3062 3666 possimus
3115 3599 3398 3666 impetrat-ti

1827 3689 2249 3744 misericordiam
2289 3689 2357 3742 ab
2393 3686 2510 3750 illo,
2551 3702 2668 3740 cum
2725 3688 2776 3740 in
2825 3687 3112 3755 Evangelio
3159 3688 3268 3740 ait:
3302 3688 3395 3740 Di—

1828 3774 2049 3836 mittite,
2071 3784 2118 3827 et
2140 3775 2430 3828 dimittetur
2449 3771 2591 3827 vobis
2617 3770 2766 3841 (an.
2793 3789 2841 3826 vt
2861 3791 2873 3834 ;
2896 3771 3082 3825 Matth.
3115 3769 3202 3836 v);
3229 3770 3352 3825 item
3377 3785 3392 3825 :

1826 3861 1882 3918 Si
1911 3864 2220 3917 dimiseritis
2271 3863 2564 3917 hominibus
2595 3873 2808 3930 peccata
2856 3848 3056 3927 eoruui,
3082 3863 3306 3915 dimittet
3346 3874 3393 3916 et

1825 3957 1968 4010 vobis
1989 3955 2154 4008 Pater
2183 3965 2347 4008 vester
2380 3955 2606 4008 caelestis
2628 3964 2840 4022 peccata
2871 3962 3078 4013 vestra;
3117 3952 3161 4003 si
3187 3968 3286 4004 non
3310 3954 3396 4003 di-

1825 4047 2074 4101 miseritis
2101 4045 2417 4112 hominibus,
2441 4063 2530 4099 nec
2554 4044 2713 4097 Pater
2737 4054 2900 4098 vester
2914 4045 3131 4098 cmicstis
3170 4044 3397 4096 dimittet

1828 4139 1967 4192 vobis
1995 4150 2205 4207 peccata
2246 4148 2416 4193 vestra
2461 4138 2682 4209 (Matth.
2709 4143 2808 4207 γι).
2861 4137 2981 4190 Ηωο
3016 4151 3234 4205 quoque
3277 4150 3400 4188 vera

1825 4234 2098 4287 sententia
2121 4246 2371 4294 magnam
2399 4247 2563 4292 super
2583 4247 2680 4284 nos
2697 4229 3122 4283 misericordiam
3143 4241 3298 4282 sonat
3320 4227 3402 4280 bis

1827 4314 1917 4386 qui
1961 4329 2080 4368 eam
2127 4319 2271 4367 recte
2323 4309 2620 4379 intelligere
2650 4319 2888 4380 possunt.
2917 4308 3082 4378 Igitur
3110 4324 3176 4362 ex
3206 4317 3391 4362 nostro

1820 4406 2024 4476 judicio
2047 4407 2254 4475 iudicat
2286 4421 2384 4459 nos
2424 4407 2598 4460 Deus:
2633 4404 3024 4474 quodammodo
3054 4403 3104 4456 in
3131 4409 3394 4472 potestate

1829 4505 2010 4551 nostra
2055 4506 2136 4549 est
2176 4496 2442 4564 quomodo
2463 4494 2766 4564 iudicemur
2793 4509 2820 4546 a
2846 4492 3044 4562 judice.
3088 4487 3146 4545 Si
3175 4489 3385 4543 miseri-

1825 4585 2062 4640 corditer
2082 4582 2384 4651 judicemus
2427 4583 2491 4636 de
2520 4583 2572 4635 in
2598 4597 2694 4635 nos
2729 4579 3182 4648 delinquentibus,
3221 4577 3386 4629 mise-

1825 4675 2113 4730 ricorditer
2153 4673 2360 4741 judicat
2389 4673 2530 4726 Deus
2569 4671 2636 4725 de
2663 4670 2894 4724 nobisin
2938 4682 2996 4722 se
3021 4667 3390 4737 peccantibus.

1823 4745 2170 4819 Intendainus
2195 4777 2322 4832 ergo
2371 4762 2424 4816 in
2473 4761 2772 4829 exemplum
2822 4759 2983 4824 illius,
3030 4757 3170 4813 sicut
3207 4757 3394 4810 doctor

1824 4854 2063 4925 gentium
2110 4868 2208 4908 nos
2234 4853 2526 4907 admonens
2577 4851 2653 4905 ait
2679 4847 2899 4919 (Coloss.
2929 4847 3042 4916 tu);
3077 4840 3277 4899 Donate
3298 4863 3387 4899 vo—

1825 4944 2161 5014 bismetipsis,
2193 4944 2237 4997 si
2261 4943 2375 5012 quis
2398 4943 2641 5000 adversus
2672 4939 2892 5009 aliquem
2919 4937 3068 4990 habet
3107 4935 3395 5006 querelam,

1827 5037 1962 5090 sicut
1990 5035 2130 5089 Deus
2157 5035 2208 5087 in
2243 5032 2446 5086 Christo
2471 5031 2680 5084 donarit
2712 5030 2868 5092 vobis,
2918 5029 2989 5081 ita
3014 5038 3061 5081 et
3104 5044 3190 5081 vos
3211 5026 3392 5096 facite,

1834 5125 1938 5179 hoc
1965 5132 2064 5183 est,
2097 5122 2364 5192 quomodo
2393 5121 2533 5174 Deus
2559 5119 2610 5171 in
2637 5117 2848 5172 Christo
2875 5116 3028 5171 nobis
3056 5123 3272 5185 peccata
3296 5116 3389 5167 da-

1835 5214 1997 5275 navit,
2026 5213 2103 5267 sic
2141 5212 2303 5266 etiam
2326 5224 2425 5264 nos
2449 5208 2540 5278 qui
2571 5209 2624 5260 in
2652 5221 2748 5260 nos
2775 5213 3018 5274 peccant,
3043 5203 3393 5259 dimittamus.

1833 5306 1962 5358 item
1999 5303 2122 5357 alibi
2150 5303 2288 5356 idem
2331 5299 2618 5369 Apostolus
2644 5297 2719 5350 ait
2745 5294 2915 5366 (Rom.
2944 5293 3042 5365 xu)
3069 5311 3082 5347 :
3109 5291 3261 5346 Nulli
3285 5308 3396 5345 ma-

1833 5393 1941 5447 lum
1967 5410 2059 5462 pro
2088 5391 2226 5444 malo
2273 5390 2537 5444 retldentes
2561 5404 2580 5452 ;
2601 5396 2655 5440 et
2676 5387 2860 5453 eodem
2894 5385 3009 5438 loco
3040 5399 3054 5436 :
3107 5382 3233 5438 Noli
3263 5382 3397 5436 uinci

1833 5483 2047 5543 amulo,
2087 5482 2176 5534 sed
2227 5481 2371 5534 vince
2419 5479 2472 5530 in
2523 5477 2652 5528 bono
2697 5474 2913 5527 malum.
2972 5472 3255 5527 Sciendum
3315 5482 3398 5525 est

1834 5572 2127 5628 certissime
2152 5571 2291 5639 quod
2323 5567 2681 5634 ututsqttisqtte
2710 5565 2867 5618 talem
2893 5563 3270 5633 indulgentiam
3302 5578 3394 5616 ac-

1834 5672 2084 5733 cepturus
2109 5673 2193 5714 est
2217 5675 2244 5713 a
2279 5659 2406 5723 Dcn,
2451 5657 2660 5726 qualem
2693 5664 2748 5709 et
2779 5657 2889 5724 ipse
2917 5652 3124 5707 dederit
3151 5651 3394 5720 proximo

1836 5770 1950 5809 suo.
1994 5750 2141 5804 Tene
2188 5752 2359 5804 oratio
2411 5755 2588 5801 nostra
2645 5761 2741 5814 pro
2793 5744 3024 5813 peccatis
3082 5743 3278 5796 nostris
3331 5741 3394 5796 ad
