  <div class='ocr_page' id='page_1' title='image "/cluster/home/n/w/nwhite01/storage/ocr_20150623/110/uva.x000827066/055.png"; bbox 0 0 3922 6334; ppageno 0'>
   <div class='ocr_carea' id='block_1_1' title="bbox 489 335 3749 401">
    <p class='ocr_par' dir='ltr' id='par_1_1' title="bbox 489 335 3749 401">
     <span class='ocr_line' id='line_1_1' title="bbox 489 335 3749 401; baseline 0.001 -4"><span class='ocrx_word' id='word_1_1' title='bbox 489 337 561 397; x_wconf 74' lang='lat'><strong>95</strong></span> <span class='ocrx_word' id='word_1_2' title='bbox 1123 337 1187 394; x_wconf 85' lang='lat' dir='ltr'><strong>B.</strong></span> <span class='ocrx_word' id='word_1_3' title='bbox 1228 338 1485 395; x_wconf 73' lang='lat' dir='ltr'><strong>RABAM</strong></span> <span class='ocrx_word' id='word_1_4' title='bbox 1523 339 1743 397; x_wconf 72' lang='lat' dir='ltr'><strong>MAURI</strong></span> <span class='ocrx_word' id='word_1_5' title='bbox 1779 337 2101 397; x_wconf 77' lang='lat' dir='ltr'><strong>ARCUIEP.</strong></span> <span class='ocrx_word' id='word_1_6' title='bbox 2144 335 2451 393; x_wconf 78' lang='lat' dir='ltr'><strong>MOGUNT.</strong></span> <span class='ocrx_word' id='word_1_7' title='bbox 2496 336 2781 394; x_wconf 79' lang='lat' dir='ltr'><strong>OPERUM</strong></span> <span class='ocrx_word' id='word_1_8' title='bbox 2821 337 3002 401; x_wconf 77' lang='lat' dir='ltr'><strong>PARS</strong></span> <span class='ocrx_word' id='word_1_9' title='bbox 3039 338 3099 395; x_wconf 86' lang='lat' dir='ltr'><strong>ll.</strong></span> <span class='ocrx_word' id='word_1_10' title='bbox 3682 347 3749 399; x_wconf 76' lang='grc' dir='ltr'><strong>9σί</strong></span> 
     </span>
    </p>
   </div>
   <div class='ocr_carea' id='block_1_2' title="bbox 488 448 3748 523">
    <p class='ocr_par' dir='ltr' id='par_1_2' title="bbox 488 448 3748 523">
     <span class='ocr_line' id='line_1_2' title="bbox 488 448 3748 523; baseline 0.003 -18"><span class='ocrx_word' id='word_1_11' title='bbox 488 464 649 505; x_wconf 83' lang='lat' dir='ltr'><strong>aures</strong></span> <span class='ocrx_word' id='word_1_12' title='bbox 674 448 1060 519; x_wconf 72' lang='lat' dir='ltr'><strong>omnipotentis</strong></span> <span class='ocrx_word' id='word_1_13' title='bbox 1087 449 1182 506; x_wconf 93' lang='lat' dir='ltr'><strong>Dei</strong></span> <span class='ocrx_word' id='word_1_14' title='bbox 1212 454 1319 507; x_wconf 91' lang='lat' dir='ltr'><strong>cito</strong></span> <span class='ocrx_word' id='word_1_15' title='bbox 1348 454 1645 523; x_wconf 88' lang='lat' dir='ltr'><strong>perveniet,</strong></span> <span class='ocrx_word' id='word_1_16' title='bbox 1674 455 1718 508; x_wconf 91' lang='lat' dir='ltr'><strong>si</strong></span> <span class='ocrx_word' id='word_1_17' title='bbox 1749 452 2067 522; x_wconf 83' lang='lat' dir='ltr'><strong>delinquen—</strong></span> <span class='ocrx_word' id='word_1_18' title='bbox 2093 464 2142 521; x_wconf 73' lang='grc' dir='ltr'>Α</span> <span class='ocrx_word' id='word_1_19' title='bbox 2170 456 2434 520; x_wconf 82' lang='lat' dir='ltr'><strong>praecepta</strong></span> <span class='ocrx_word' id='word_1_20' title='bbox 2459 451 2804 507; x_wconf 88' lang='lat' dir='ltr'><strong>servantibus</strong></span> <span class='ocrx_word' id='word_1_21' title='bbox 2854 454 3199 509; x_wconf 87' lang='lat' dir='ltr'><strong>custodienda</strong></span> <span class='ocrx_word' id='word_1_22' title='bbox 3228 462 3331 521; x_wconf 88' lang='lat' dir='ltr'><strong>est,</strong></span> <span class='ocrx_word' id='word_1_23' title='bbox 3362 472 3469 512; x_wconf 90' lang='lat' dir='ltr'><strong>non</strong></span> <span class='ocrx_word' id='word_1_24' title='bbox 3503 471 3628 514; x_wconf 90' lang='lat' dir='ltr'><strong>cum</strong></span> <span class='ocrx_word' id='word_1_25' title='bbox 3648 461 3748 516; x_wconf 86' lang='lat' dir='ltr'><strong>int-</strong></span> 
     </span>
    </p>
   </div>
   <div class='ocr_carea' id='block_1_3' title="bbox 489 541 2064 621">
    <p class='ocr_par' dir='ltr' id='par_1_3' title="bbox 489 541 2064 621">
     <span class='ocr_line' id='line_1_3' title="bbox 489 541 2064 621; baseline 0.001 -26"><span class='ocrx_word' id='word_1_26' title='bbox 489 541 626 608; x_wconf 75' lang='lat' dir='ltr'><strong>tium</strong></span> <span class='ocrx_word' id='word_1_27' title='bbox 672 556 861 611; x_wconf 82' lang='lat' dir='ltr'><strong>preces</strong></span> <span class='ocrx_word' id='word_1_28' title='bbox 887 542 943 597; x_wconf 92' lang='lat' dir='ltr'><strong>in</strong></span> <span class='ocrx_word' id='word_1_29' title='bbox 990 542 1191 597; x_wconf 84' lang='lat' dir='ltr'><strong>nostris</strong></span> <span class='ocrx_word' id='word_1_30' title='bbox 1216 546 1436 621; x_wconf 80' lang='lat' dir='ltr'><strong>auribus</strong></span> <span class='ocrx_word' id='word_1_31' title='bbox 1484 544 1844 617; x_wconf 86' lang='lat' dir='ltr'><strong>acceptabiles</strong></span> <span class='ocrx_word' id='word_1_32' title='bbox 1886 553 2064 600; x_wconf 85' lang='lat' dir='ltr'><strong>erunt.</strong></span> 
     </span>
    </p>
   </div>
   <div class='ocr_carea' id='block_1_4' title="bbox 487 630 2066 706">
    <p class='ocr_par' dir='ltr' id='par_1_4' title="bbox 487 630 2066 706">
     <span class='ocr_line' id='line_1_4' title="bbox 487 630 2066 706; baseline 0.002 -21"><span class='ocrx_word' id='word_1_33' title='bbox 487 630 592 696; x_wconf 84' lang='lat' dir='ltr'><strong>Qui</strong></span> <span class='ocrx_word' id='word_1_34' title='bbox 622 630 914 687; x_wconf 87' lang='lat' dir='ltr'><strong>clementer</strong></span> <span class='ocrx_word' id='word_1_35' title='bbox 945 633 1295 702; x_wconf 80' lang='lat' dir='ltr'><strong>peccantibus</strong></span> <span class='ocrx_word' id='word_1_36' title='bbox 1318 636 1597 706; x_wconf 78' lang='lat' dir='ltr'><strong>ignoscere</strong></span> <span class='ocrx_word' id='word_1_37' title='bbox 1622 635 1791 701; x_wconf 85' lang='lat' dir='ltr'><strong>novit,</strong></span> <span class='ocrx_word' id='word_1_38' title='bbox 1825 636 2066 690; x_wconf 88' lang='lat' dir='ltr'><strong>clemen-</strong></span> 
     </span>
    </p>
   </div>
   <div class='ocr_carea' id='block_1_5' title="bbox 486 712 2071 796">
    <p class='ocr_par' dir='ltr' id='par_1_5' title="bbox 486 712 2071 796">
     <span class='ocr_line' id='line_1_5' title="bbox 486 712 2071 796; baseline 0.002 -21"><span class='ocrx_word' id='word_1_39' title='bbox 486 712 622 779; x_wconf 73' lang='lat' dir='ltr'><strong>tiam</strong></span> <span class='ocrx_word' id='word_1_40' title='bbox 676 720 868 776; x_wconf 75' lang='lat' dir='ltr'><strong>divina:</strong></span> <span class='ocrx_word' id='word_1_41' title='bbox 912 722 1131 791; x_wconf 88' lang='lat' dir='ltr'><strong>pietatis</strong></span> <span class='ocrx_word' id='word_1_42' title='bbox 1181 725 1481 780; x_wconf 90' lang='lat' dir='ltr'><strong>certissime</strong></span> <span class='ocrx_word' id='word_1_43' title='bbox 1524 725 1773 796; x_wconf 81' lang='lat' dir='ltr'><strong>accipiet.</strong></span> <span class='ocrx_word' id='word_1_44' title='bbox 1819 724 1975 781; x_wconf 87' lang='lat' dir='ltr'><strong>Unde</strong></span> <span class='ocrx_word' id='word_1_45' title='bbox 2015 732 2071 781; x_wconf 90' lang='lat' dir='ltr'><strong>et</strong></span> 
     </span>
    </p>
   </div>
   <div class='ocr_carea' id='block_1_6' title="bbox 485 811 2071 883">
    <p class='ocr_par' dir='ltr' id='par_1_6' title="bbox 485 811 2071 883">
     <span class='ocr_line' id='line_1_6' title="bbox 485 811 2071 883; baseline 0.002 -18"><span class='ocrx_word' id='word_1_46' title='bbox 485 811 746 880; x_wconf 83' lang='lat' dir='ltr'><strong>scriptum</strong></span> <span class='ocrx_word' id='word_1_47' title='bbox 766 818 851 866; x_wconf 88' lang='lat' dir='ltr'><strong>est</strong></span> <span class='ocrx_word' id='word_1_48' title='bbox 878 830 891 865; x_wconf 85' lang='lat'><strong>:</strong></span> <span class='ocrx_word' id='word_1_49' title='bbox 923 811 1027 878; x_wconf 82' lang='lat' dir='ltr'><strong>Qui</strong></span> <span class='ocrx_word' id='word_1_50' title='bbox 1045 830 1239 883; x_wconf 86' lang='lat' dir='ltr'><strong>pronus</strong></span> <span class='ocrx_word' id='word_1_51' title='bbox 1263 824 1337 868; x_wconf 80' lang='lat' dir='ltr'><strong>est</strong></span> <span class='ocrx_word' id='word_1_52' title='bbox 1368 816 1437 867; x_wconf 85' lang='lat' dir='ltr'><strong>ad</strong></span> <span class='ocrx_word' id='word_1_53' title='bbox 1465 815 1898 881; x_wconf 84' lang='lat' dir='ltr'><strong>misericordiam,</strong></span> <span class='ocrx_word' id='word_1_54' title='bbox 1919 815 2071 868; x_wconf 87' lang='lat' dir='ltr'><strong>bene-</strong></span> 
     </span>
    </p>
   </div>
   <div class='ocr_carea' id='block_1_7' title="bbox 486 892 2071 975">
    <p class='ocr_par' dir='ltr' id='par_1_7' title="bbox 486 892 2071 975">
     <span class='ocr_line' id='line_1_7' title="bbox 486 892 2071 975; baseline 0.004 -23"><span class='ocrx_word' id='word_1_55' title='bbox 486 892 743 953; x_wconf 82' lang='lat' dir='ltr'><strong>dicetura</strong></span> <span class='ocrx_word' id='word_1_56' title='bbox 773 899 996 955; x_wconf 87' lang='lat' dir='ltr'><strong>Domino</strong></span> <span class='ocrx_word' id='word_1_57' title='bbox 1044 901 1229 974; x_wconf 86' lang='lat' dir='ltr'><strong>(Prov.</strong></span> <span class='ocrx_word' id='word_1_58' title='bbox 1254 905 1409 975; x_wconf 79' lang='lat' dir='ltr'><strong>xm).</strong></span> <span class='ocrx_word' id='word_1_59' title='bbox 1453 903 1544 959; x_wconf 90' lang='lat' dir='ltr'><strong>Sic</strong></span> <span class='ocrx_word' id='word_1_60' title='bbox 1590 905 1732 959; x_wconf 90' lang='lat' dir='ltr'><strong>enim</strong></span> <span class='ocrx_word' id='word_1_61' title='bbox 1778 903 2071 958; x_wconf 82' lang='lat' dir='ltr'><strong>remittitur</strong></span> 
     </span>
    </p>
   </div>
   <div class='ocr_carea' id='block_1_8' title="bbox 487 990 2071 1066">
    <p class='ocr_par' dir='ltr' id='par_1_8' title="bbox 487 990 2071 1066">
     <span class='ocr_line' id='line_1_8' title="bbox 487 990 2071 1066; baseline 0.004 -21"><span class='ocrx_word' id='word_1_62' title='bbox 487 990 645 1045; x_wconf 88' lang='lat' dir='ltr'><strong>nobis</strong></span> <span class='ocrx_word' id='word_1_63' title='bbox 677 998 737 1045; x_wconf 92' lang='lat' dir='ltr'><strong>ut</strong></span> <span class='ocrx_word' id='word_1_64' title='bbox 771 1006 870 1047; x_wconf 89' lang='lat' dir='ltr'><strong>nos</strong></span> <span class='ocrx_word' id='word_1_65' title='bbox 899 994 1270 1048; x_wconf 84' lang='lat' dir='ltr'><strong>remiserimus</strong></span> <span class='ocrx_word' id='word_1_66' title='bbox 1312 995 1394 1049; x_wconf 87' lang='lat' dir='ltr'><strong>eis</strong></span> <span class='ocrx_word' id='word_1_67' title='bbox 1424 996 1516 1066; x_wconf 89' lang='lat' dir='ltr'><strong>qui</strong></span> <span class='ocrx_word' id='word_1_68' title='bbox 1556 997 1712 1051; x_wconf 90' lang='lat' dir='ltr'><strong>nobis</strong></span> <span class='ocrx_word' id='word_1_69' title='bbox 1750 998 2071 1066; x_wconf 75' lang='lat' dir='ltr'><strong>quacunque</strong></span> 
     </span>
    </p>
   </div>
   <div class='ocr_carea' id='block_1_9' title="bbox 486 1081 2069 1155">
    <p class='ocr_par' dir='ltr' id='par_1_9' title="bbox 486 1081 2069 1155">
     <span class='ocr_line' id='line_1_9' title="bbox 486 1081 2069 1155; baseline 0.003 -20"><span class='ocrx_word' id='word_1_70' title='bbox 486 1081 821 1151; x_wconf 77' lang='lat' dir='ltr'><strong>malignitate</strong></span> <span class='ocrx_word' id='word_1_71' title='bbox 844 1091 1161 1138; x_wconf 87' lang='lat' dir='ltr'><strong>nocuerunt.</strong></span> <span class='ocrx_word' id='word_1_72' title='bbox 1181 1083 1345 1153; x_wconf 77' lang='lat' dir='ltr'><strong>Multa</strong></span> <span class='ocrx_word' id='word_1_73' title='bbox 1373 1084 1553 1155; x_wconf 83' lang='lat' dir='ltr'><strong>itaque</strong></span> <span class='ocrx_word' id='word_1_74' title='bbox 1568 1094 1691 1140; x_wconf 89' lang='lat' dir='ltr'><strong>sunt</strong></span> <span class='ocrx_word' id='word_1_75' title='bbox 1705 1099 1899 1155; x_wconf 83' lang='lat' dir='ltr'><strong>genera</strong></span> <span class='ocrx_word' id='word_1_76' title='bbox 1915 1085 2069 1139; x_wconf 86' lang='lat' dir='ltr'><strong>mise-</strong></span> 
     </span>
    </p>
   </div>
   <div class='ocr_carea' id='block_1_10' title="bbox 486 1174 2070 1249">
    <p class='ocr_par' dir='ltr' id='par_1_10' title="bbox 486 1174 2070 1249">
     <span class='ocr_line' id='line_1_10' title="bbox 486 1174 2070 1249; baseline 0.002 -22"><span class='ocrx_word' id='word_1_77' title='bbox 486 1174 779 1245; x_wconf 79' lang='lat' dir='ltr'><strong>rationum,</strong></span> <span class='ocrx_word' id='word_1_78' title='bbox 798 1189 916 1243; x_wconf 78' lang='lat' dir='ltr'><strong>qua:</strong></span> <span class='ocrx_word' id='word_1_79' title='bbox 929 1178 1051 1231; x_wconf 79' lang='lat' dir='ltr'><strong>cum</strong></span> <span class='ocrx_word' id='word_1_80' title='bbox 1068 1174 1317 1243; x_wconf 80' lang='lat' dir='ltr'><strong>facimus,</strong></span> <span class='ocrx_word' id='word_1_81' title='bbox 1335 1177 1650 1249; x_wconf 83' lang='lat' dir='ltr'><strong>adjuvamur</strong></span> <span class='ocrx_word' id='word_1_82' title='bbox 1666 1177 2070 1232; x_wconf 89' lang='lat' dir='ltr'><strong>utdimittantur</strong></span> 
     </span>
    </p>
   </div>
   <div class='ocr_carea' id='block_1_11' title="bbox 485 1272 2068 1343">
    <p class='ocr_par' dir='ltr' id='par_1_11' title="bbox 485 1272 2068 1343">
     <span class='ocr_line' id='line_1_11' title="bbox 485 1272 2068 1343; baseline 0.001 -17"><span class='ocrx_word' id='word_1_83' title='bbox 485 1272 644 1328; x_wconf 91' lang='lat' dir='ltr'><strong>nobis</strong></span> <span class='ocrx_word' id='word_1_84' title='bbox 669 1281 855 1328; x_wconf 87' lang='lat' dir='ltr'><strong>nostra</strong></span> <span class='ocrx_word' id='word_1_85' title='bbox 879 1281 1097 1343; x_wconf 87' lang='lat' dir='ltr'><strong>peccata</strong></span> <span class='ocrx_word' id='word_1_86' title='bbox 1127 1292 1141 1327; x_wconf 87' lang='lat'><strong>:</strong></span> <span class='ocrx_word' id='word_1_87' title='bbox 1168 1275 1263 1329; x_wconf 90' lang='lat' dir='ltr'><strong>sed</strong></span> <span class='ocrx_word' id='word_1_88' title='bbox 1292 1289 1356 1328; x_wconf 88' lang='lat' dir='ltr'><strong>ea</strong></span> <span class='ocrx_word' id='word_1_89' title='bbox 1387 1274 1523 1330; x_wconf 88' lang='lat' dir='ltr'><strong>nihil</strong></span> <span class='ocrx_word' id='word_1_90' title='bbox 1544 1283 1628 1329; x_wconf 92' lang='lat' dir='ltr'><strong>est</strong></span> <span class='ocrx_word' id='word_1_91' title='bbox 1654 1272 1852 1342; x_wconf 82' lang='lat' dir='ltr'><strong>majus,</strong></span> <span class='ocrx_word' id='word_1_92' title='bbox 1875 1288 1980 1343; x_wconf 91' lang='lat' dir='ltr'><strong>qua</strong></span> <span class='ocrx_word' id='word_1_93' title='bbox 2002 1289 2068 1329; x_wconf 83' lang='lat' dir='ltr'><strong>ex</strong></span> 
     </span>
    </p>
   </div>
   <div class='ocr_carea' id='block_1_12' title="bbox 486 1364 2069 1436">
    <p class='ocr_par' dir='ltr' id='par_1_12' title="bbox 486 1364 2069 1436">
     <span class='ocr_line' id='line_1_12' title="bbox 486 1364 2069 1436; baseline -0.001 -18"><span class='ocrx_word' id='word_1_94' title='bbox 486 1365 652 1419; x_wconf 87' lang='lat' dir='ltr'><strong>corde</strong></span> <span class='ocrx_word' id='word_1_95' title='bbox 678 1364 1003 1420; x_wconf 83' lang='lat' dir='ltr'><strong>dimittimus</strong></span> <span class='ocrx_word' id='word_1_96' title='bbox 1028 1366 1172 1436; x_wconf 88' lang='lat' dir='ltr'><strong>quod</strong></span> <span class='ocrx_word' id='word_1_97' title='bbox 1195 1367 1425 1435; x_wconf 87' lang='lat' dir='ltr'><strong>quisque</strong></span> <span class='ocrx_word' id='word_1_98' title='bbox 1448 1368 1730 1436; x_wconf 84' lang='lat' dir='ltr'><strong>peccavit:</strong></span> <span class='ocrx_word' id='word_1_99' title='bbox 1764 1379 1872 1420; x_wconf 90' lang='lat' dir='ltr'><strong>non</strong></span> <span class='ocrx_word' id='word_1_100' title='bbox 1896 1365 2069 1421; x_wconf 86' lang='lat' dir='ltr'><strong>solum</strong></span> 
     </span>
    </p>
   </div>
   <div class='ocr_carea' id='block_1_13' title="bbox 491 1454 2070 1527">
    <p class='ocr_par' dir='ltr' id='par_1_13' title="bbox 491 1454 2070 1527">
     <span class='ocr_line' id='line_1_13' title="bbox 491 1454 2070 1527; baseline 0.001 -17"><span class='ocrx_word' id='word_1_101' title='bbox 491 1456 639 1510; x_wconf 88' lang='lat' dir='ltr'><strong>enim</strong></span> <span class='ocrx_word' id='word_1_102' title='bbox 670 1454 764 1524; x_wconf 87' lang='lat' dir='ltr'><strong>qui</strong></span> <span class='ocrx_word' id='word_1_103' title='bbox 795 1455 887 1509; x_wconf 89' lang='lat' dir='ltr'><strong>dat</strong></span> <span class='ocrx_word' id='word_1_104' title='bbox 911 1457 1171 1527; x_wconf 78' lang='lat' dir='ltr'><strong>esurienti</strong></span> <span class='ocrx_word' id='word_1_105' title='bbox 1199 1458 1398 1521; x_wconf 89' lang='lat' dir='ltr'><strong>cibum,</strong></span> <span class='ocrx_word' id='word_1_106' title='bbox 1433 1456 1636 1526; x_wconf 66' lang='lat' dir='ltr'><strong>sitienti</strong></span> <span class='ocrx_word' id='word_1_107' title='bbox 1687 1463 1893 1525; x_wconf 90' lang='lat' dir='ltr'><strong>potum,</strong></span> <span class='ocrx_word' id='word_1_108' title='bbox 1926 1456 2070 1511; x_wconf 90' lang='lat' dir='ltr'><strong>nudo</strong></span> 
     </span>
    </p>
   </div>
   <div class='ocr_carea' id='block_1_14' title="bbox 489 1548 2068 1621">
    <p class='ocr_par' dir='ltr' id='par_1_14' title="bbox 489 1548 2068 1621">
     <span class='ocr_line' id='line_1_14' title="bbox 489 1548 2068 1621; baseline 0 -19"><span class='ocrx_word' id='word_1_109' title='bbox 489 1550 897 1615; x_wconf 81' lang='lat' dir='ltr'><strong>vestimentum,</strong></span> <span class='ocrx_word' id='word_1_110' title='bbox 927 1550 1295 1620; x_wconf 82' lang='lat' dir='ltr'><strong>peregrinanti</strong></span> <span class='ocrx_word' id='word_1_111' title='bbox 1321 1550 1635 1621; x_wconf 83' lang='lat' dir='ltr'><strong>hospitium,</strong></span> <span class='ocrx_word' id='word_1_112' title='bbox 1668 1557 1723 1605; x_wconf 89' lang='lat' dir='ltr'><strong>et</strong></span> <span class='ocrx_word' id='word_1_113' title='bbox 1745 1558 1941 1604; x_wconf 61' lang='lat' dir='ltr'><strong>caetera</strong></span> <span class='ocrx_word' id='word_1_114' title='bbox 1965 1548 2068 1602; x_wconf 59' lang='lat' dir='ltr'><strong>lino</strong></span> 
     </span>
    </p>
   </div>
   <div class='ocr_carea' id='block_1_15' title="bbox 482 1641 2066 1712">
    <p class='ocr_par' dir='ltr' id='par_1_15' title="bbox 482 1641 2066 1712">
     <span class='ocr_line' id='line_1_15' title="bbox 482 1641 2066 1712; baseline 0.001 -18"><span class='ocrx_word' id='word_1_115' title='bbox 482 1642 753 1712; x_wconf 86' lang='lat' dir='ltr'><strong>jusmodi;</strong></span> <span class='ocrx_word' id='word_1_116' title='bbox 817 1657 1001 1696; x_wconf 87' lang='lat' dir='ltr'><strong>verum</strong></span> <span class='ocrx_word' id='word_1_117' title='bbox 1058 1643 1222 1697; x_wconf 89' lang='lat' dir='ltr'><strong>etiam</strong></span> <span class='ocrx_word' id='word_1_118' title='bbox 1272 1645 1363 1711; x_wconf 89' lang='lat' dir='ltr'><strong>qui</strong></span> <span class='ocrx_word' id='word_1_119' title='bbox 1413 1644 1507 1697; x_wconf 88' lang='lat' dir='ltr'><strong>dat</strong></span> <span class='ocrx_word' id='word_1_120' title='bbox 1561 1642 1770 1696; x_wconf 85' lang='lat' dir='ltr'><strong>veniam</strong></span> <span class='ocrx_word' id='word_1_121' title='bbox 1800 1641 2066 1712; x_wconf 88' lang='lat' dir='ltr'><strong>peccanti,</strong></span> 
     </span>
    </p>
   </div>
   <div class='ocr_carea' id='block_1_16' title="bbox 486 1729 2068 1801">
    <p class='ocr_par' dir='ltr' id='par_1_16' title="bbox 486 1729 2068 1801">
     <span class='ocr_line' id='line_1_16' title="bbox 486 1729 2068 1801; baseline 0.001 -18"><span class='ocrx_word' id='word_1_122' title='bbox 486 1729 887 1800; x_wconf 84' lang='lat' dir='ltr'><strong>eleemosynam</strong></span> <span class='ocrx_word' id='word_1_123' title='bbox 922 1730 1045 1796; x_wconf 88' lang='lat' dir='ltr'><strong>dat;</strong></span> <span class='ocrx_word' id='word_1_124' title='bbox 1084 1740 1137 1786; x_wconf 87' lang='lat' dir='ltr'><strong>et</strong></span> <span class='ocrx_word' id='word_1_125' title='bbox 1162 1732 1253 1801; x_wconf 92' lang='lat' dir='ltr'><strong>qui</strong></span> <span class='ocrx_word' id='word_1_126' title='bbox 1286 1733 1536 1787; x_wconf 83' lang='lat' dir='ltr'><strong>emendat</strong></span> <span class='ocrx_word' id='word_1_127' title='bbox 1569 1730 1796 1786; x_wconf 84' lang='lat' dir='ltr'><strong>verbere</strong></span> <span class='ocrx_word' id='word_1_128' title='bbox 1830 1733 1881 1785; x_wconf 89' lang='lat' dir='ltr'><strong>in</strong></span> <span class='ocrx_word' id='word_1_129' title='bbox 1909 1745 2068 1801; x_wconf 83' lang='lat' dir='ltr'><strong>quem</strong></span> 
     </span>
    </p>
   </div>
   <div class='ocr_carea' id='block_1_17' title="bbox 2169 540 3749 615">
    <p class='ocr_par' dir='ltr' id='par_1_17' title="bbox 2169 540 3749 615">
     <span class='ocr_line' id='line_1_17' title="bbox 2169 540 3749 615; baseline 0.007 -21"><span class='ocrx_word' id='word_1_130' title='bbox 2169 540 2289 611; x_wconf 84' lang='lat' dir='ltr'><strong>quis</strong></span> <span class='ocrx_word' id='word_1_131' title='bbox 2317 550 2372 595; x_wconf 91' lang='lat' dir='ltr'><strong>et</strong></span> <span class='ocrx_word' id='word_1_132' title='bbox 2420 543 2739 610; x_wconf 81' lang='lat' dir='ltr'><strong>sceleratis,</strong></span> <span class='ocrx_word' id='word_1_133' title='bbox 2777 544 2866 614; x_wconf 86' lang='lat' dir='ltr'><strong>qui</strong></span> <span class='ocrx_word' id='word_1_134' title='bbox 2914 560 3104 615; x_wconf 87' lang='lat' dir='ltr'><strong>pacem</strong></span> <span class='ocrx_word' id='word_1_135' title='bbox 3160 546 3304 601; x_wconf 91' lang='lat' dir='ltr'><strong>inter</strong></span> <span class='ocrx_word' id='word_1_136' title='bbox 3329 563 3388 604; x_wconf 89' lang='lat' dir='ltr'><strong>se</strong></span> <span class='ocrx_word' id='word_1_137' title='bbox 3437 550 3640 604; x_wconf 82' lang='lat' dir='ltr'><strong>habent</strong></span> <span class='ocrx_word' id='word_1_138' title='bbox 3694 551 3749 605; x_wconf 89' lang='lat' dir='ltr'><strong>in</strong></span> 
     </span>
    </p>
   </div>
   <div class='ocr_carea' id='block_1_18' title="bbox 2169 630 3748 709">
    <p class='ocr_par' dir='ltr' id='par_1_18' title="bbox 2169 630 3748 709">
     <span class='ocr_line' id='line_1_18' title="bbox 2169 630 3748 709; baseline 0.006 -25"><span class='ocrx_word' id='word_1_139' title='bbox 2169 632 2406 700; x_wconf 83' lang='lat' dir='ltr'><strong>peccatis</strong></span> <span class='ocrx_word' id='word_1_140' title='bbox 2443 632 2573 687; x_wconf 85' lang='lat' dir='ltr'><strong>suis.</strong></span> <span class='ocrx_word' id='word_1_141' title='bbox 2613 630 2718 685; x_wconf 82' lang='lat' dir='ltr'><strong>Pax</strong></span> <span class='ocrx_word' id='word_1_142' title='bbox 2760 631 2959 687; x_wconf 86' lang='lat' dir='ltr'><strong>Christi</strong></span> <span class='ocrx_word' id='word_1_143' title='bbox 2996 636 3063 688; x_wconf 90' lang='lat' dir='ltr'><strong>ad</strong></span> <span class='ocrx_word' id='word_1_144' title='bbox 3105 635 3332 691; x_wconf 76' lang='lat' dir='ltr'><strong>salutem</strong></span> <span class='ocrx_word' id='word_1_145' title='bbox 3365 640 3748 709; x_wconf 81' lang='lat' dir='ltr'><strong>sempiternam</strong></span> 
     </span>
    </p>
   </div>
   <div class='ocr_carea' id='block_1_19' title="bbox 2169 719 3750 800">
    <p class='ocr_par' dir='ltr' id='par_1_19' title="bbox 2169 719 3750 800">
     <span class='ocr_line' id='line_1_19' title="bbox 2169 719 3750 800; baseline 0.008 -28"><span class='ocrx_word' id='word_1_146' title='bbox 2169 719 2401 789; x_wconf 68' lang='lat' dir='ltr'><strong>profluit,</strong></span> <span class='ocrx_word' id='word_1_147' title='bbox 2432 736 2536 791; x_wconf 83' lang='lat' dir='ltr'><strong>pax</strong></span> <span class='ocrx_word' id='word_1_148' title='bbox 2576 737 2693 791; x_wconf 67' lang='lat' dir='ltr'><strong>quae</strong></span> <span class='ocrx_word' id='word_1_149' title='bbox 2723 722 2777 776; x_wconf 90' lang='lat' dir='ltr'><strong>in</strong></span> <span class='ocrx_word' id='word_1_150' title='bbox 2808 724 3019 779; x_wconf 85' lang='lat' dir='ltr'><strong>diabolo</strong></span> <span class='ocrx_word' id='word_1_151' title='bbox 3057 734 3139 780; x_wconf 89' lang='lat' dir='ltr'><strong>est</strong></span> <span class='ocrx_word' id='word_1_152' title='bbox 3187 722 3252 781; x_wconf 88' lang='lat' dir='ltr'><strong>ad</strong></span> <span class='ocrx_word' id='word_1_153' title='bbox 3282 740 3598 799; x_wconf 82' lang='lat' dir='ltr'><strong>perpetuam</strong></span> <span class='ocrx_word' id='word_1_154' title='bbox 3628 746 3750 800; x_wconf 85' lang='lat' dir='ltr'><strong>per-</strong></span> 
     </span>
    </p>
   </div>
   <div class='ocr_carea' id='block_1_20' title="bbox 2172 812 3747 882">
    <p class='ocr_par' dir='ltr' id='par_1_20' title="bbox 2172 812 3747 882">
     <span class='ocr_line' id='line_1_20' title="bbox 2172 812 3747 882; baseline 0.006 -17"><span class='ocrx_word' id='word_1_155' title='bbox 2172 812 2316 866; x_wconf 86' lang='lat' dir='ltr'><strong>venit</strong></span> <span class='ocrx_word' id='word_1_156' title='bbox 2336 812 2714 882; x_wconf 88' lang='lat' dir='ltr'><strong>perditionem.</strong></span> <span class='ocrx_word' id='word_1_157' title='bbox 2748 813 2855 868; x_wconf 82' lang='lat' dir='ltr'><strong>Pax</strong></span> <span class='ocrx_word' id='word_1_158' title='bbox 2883 830 3003 869; x_wconf 90' lang='lat' dir='ltr'><strong>cum</strong></span> <span class='ocrx_word' id='word_1_159' title='bbox 3024 816 3179 873; x_wconf 88' lang='lat' dir='ltr'><strong>bonis</strong></span> <span class='ocrx_word' id='word_1_160' title='bbox 3200 826 3254 872; x_wconf 91' lang='lat' dir='ltr'><strong>et</strong></span> <span class='ocrx_word' id='word_1_161' title='bbox 3282 820 3479 874; x_wconf 87' lang='lat' dir='ltr'><strong>bellum</strong></span> <span class='ocrx_word' id='word_1_162' title='bbox 3503 837 3629 875; x_wconf 88' lang='lat' dir='ltr'><strong>cum</strong></span> <span class='ocrx_word' id='word_1_163' title='bbox 3664 822 3747 875; x_wconf 80' lang='lat' dir='ltr'><strong>vi-</strong></span> 
     </span>
    </p>
   </div>
   <div class='ocr_carea' id='block_1_21' title="bbox 2172 899 3749 979">
    <p class='ocr_par' dir='ltr' id='par_1_21' title="bbox 2172 899 3749 979">
     <span class='ocr_line' id='line_1_21' title="bbox 2172 899 3749 979; baseline 0.007 -27"><span class='ocrx_word' id='word_1_164' title='bbox 2172 899 2261 953; x_wconf 91' lang='lat' dir='ltr'><strong>tiis</strong></span> <span class='ocrx_word' id='word_1_165' title='bbox 2282 914 2494 971; x_wconf 84' lang='lat' dir='ltr'><strong>semper</strong></span> <span class='ocrx_word' id='word_1_166' title='bbox 2522 900 2767 979; x_wconf 87' lang='lat' dir='ltr'><strong>habenda</strong></span> <span class='ocrx_word' id='word_1_167' title='bbox 2804 912 2928 958; x_wconf 89' lang='lat' dir='ltr'><strong>est:</strong></span> <span class='ocrx_word' id='word_1_168' title='bbox 2968 905 3107 959; x_wconf 87' lang='lat' dir='ltr'><strong>mala</strong></span> <span class='ocrx_word' id='word_1_169' title='bbox 3157 907 3422 978; x_wconf 88' lang='lat' dir='ltr'><strong>siquidem</strong></span> <span class='ocrx_word' id='word_1_170' title='bbox 3467 910 3749 963; x_wconf 82' lang='lat' dir='ltr'><strong>hominum</strong></span> 
     </span>
    </p>
   </div>
   <div class='ocr_carea' id='block_1_22' title="bbox 2172 990 3746 1071">
    <p class='ocr_par' dir='ltr' id='par_1_22' title="bbox 2172 990 3746 1071">
     <span class='ocr_line' id='line_1_22' title="bbox 2172 990 3746 1071; baseline 0.004 -27"><span class='ocrx_word' id='word_1_171' title='bbox 2172 990 2479 1062; x_wconf 88' lang='lat' dir='ltr'><strong>impiorum,</strong></span> <span class='ocrx_word' id='word_1_172' title='bbox 2524 994 2649 1047; x_wconf 91' lang='lat' dir='ltr'><strong>odio</strong></span> <span class='ocrx_word' id='word_1_173' title='bbox 2698 994 2943 1050; x_wconf 87' lang='lat' dir='ltr'><strong>habenda</strong></span> <span class='ocrx_word' id='word_1_174' title='bbox 2972 1006 3130 1063; x_wconf 91' lang='lat' dir='ltr'><strong>sunt;</strong></span> <span class='ocrx_word' id='word_1_175' title='bbox 3176 1015 3298 1053; x_wconf 90' lang='lat' dir='ltr'><strong>nam</strong></span> <span class='ocrx_word' id='word_1_176' title='bbox 3338 1000 3586 1056; x_wconf 86' lang='lat' dir='ltr'><strong>homines</strong></span> <span class='ocrx_word' id='word_1_177' title='bbox 3627 1001 3746 1071; x_wconf 82' lang='lat' dir='ltr'><strong>ipsi,</strong></span> 
     </span>
    </p>
   </div>
   <div class='ocr_carea' id='block_1_23' title="bbox 2171 1080 3753 1163">
    <p class='ocr_par' dir='ltr' id='par_1_23' title="bbox 2171 1080 3753 1163">
     <span class='ocr_line' id='line_1_23' title="bbox 2171 1080 3753 1163; baseline 0.006 -29"><span class='ocrx_word' id='word_1_178' title='bbox 2171 1082 2416 1150; x_wconf 83' lang='lat' dir='ltr'><strong>quamvis</strong></span> <span class='ocrx_word' id='word_1_179' title='bbox 2446 1083 2578 1147; x_wconf 84' lang='lat' dir='ltr'><strong>mali</strong></span> <span class='ocrx_word' id='word_1_180' title='bbox 2610 1082 2721 1138; x_wconf 87' lang='lat' dir='ltr'><strong>sint</strong></span> <span class='ocrx_word' id='word_1_181' title='bbox 2743 1125 2756 1151; x_wconf 88' lang='lat'><strong>,</strong></span> <span class='ocrx_word' id='word_1_182' title='bbox 2789 1085 3003 1139; x_wconf 86' lang='lat' dir='ltr'><strong>amandi</strong></span> <span class='ocrx_word' id='word_1_183' title='bbox 3040 1094 3183 1153; x_wconf 90' lang='lat' dir='ltr'><strong>sunt,</strong></span> <span class='ocrx_word' id='word_1_184' title='bbox 3206 1080 3340 1158; x_wconf 83' lang='lat' dir='ltr'><strong>quia</strong></span> <span class='ocrx_word' id='word_1_185' title='bbox 3374 1098 3625 1163; x_wconf 84' lang='lat' dir='ltr'><strong>creatura</strong></span> <span class='ocrx_word' id='word_1_186' title='bbox 3657 1089 3753 1144; x_wconf 86' lang='lat' dir='ltr'><strong>Dei</strong></span> 
     </span>
    </p>
   </div>
   <div class='ocr_carea' id='block_1_24' title="bbox 2172 1176 3753 1244">
    <p class='ocr_par' dir='ltr' id='par_1_24' title="bbox 2172 1176 3753 1244">
     <span class='ocr_line' id='line_1_24' title="bbox 2172 1176 3753 1244; baseline 0.004 -17"><span class='ocrx_word' id='word_1_187' title='bbox 2172 1181 2296 1227; x_wconf 89' lang='lat' dir='ltr'><strong>sunt</strong></span> <span class='ocrx_word' id='word_1_188' title='bbox 2328 1191 2339 1225; x_wconf 73' lang='grc' dir='ltr'>ε</span> <span class='ocrx_word' id='word_1_189' title='bbox 2369 1188 2471 1242; x_wconf 78' lang='lat' dir='ltr'><strong>pax</strong></span> <span class='ocrx_word' id='word_1_190' title='bbox 2508 1189 2636 1229; x_wconf 86' lang='lat' dir='ltr'><strong>vero</strong></span> <span class='ocrx_word' id='word_1_191' title='bbox 2684 1190 2803 1244; x_wconf 76' lang='lat' dir='ltr'><strong>qua:</strong></span> <span class='ocrx_word' id='word_1_192' title='bbox 2831 1176 2883 1228; x_wconf 91' lang='lat' dir='ltr'><strong>in</strong></span> <span class='ocrx_word' id='word_1_193' title='bbox 2929 1177 3086 1232; x_wconf 87' lang='lat' dir='ltr'><strong>bonis</strong></span> <span class='ocrx_word' id='word_1_194' title='bbox 3124 1186 3225 1243; x_wconf 89' lang='lat' dir='ltr'><strong>est,</strong></span> <span class='ocrx_word' id='word_1_195' title='bbox 3278 1180 3622 1234; x_wconf 87' lang='lat' dir='ltr'><strong>concordiam</strong></span> <span class='ocrx_word' id='word_1_196' title='bbox 3647 1178 3753 1233; x_wconf 73' lang='lat' dir='ltr'><strong>fia-</strong></span> 
     </span>
    </p>
   </div>
   <div class='ocr_carea' id='block_1_25' title="bbox 2174 1265 3754 1340">
    <p class='ocr_par' dir='ltr' id='par_1_25' title="bbox 2174 1265 3754 1340">
     <span class='ocr_line' id='line_1_25' title="bbox 2174 1265 3754 1340; baseline 0.004 -24"><span class='ocrx_word' id='word_1_197' title='bbox 2174 1272 2314 1317; x_wconf 88' lang='lat' dir='ltr'><strong>trum</strong></span> <span class='ocrx_word' id='word_1_198' title='bbox 2352 1275 2407 1318; x_wconf 92' lang='lat' dir='ltr'><strong>et</strong></span> <span class='ocrx_word' id='word_1_199' title='bbox 2439 1265 2758 1319; x_wconf 85' lang='lat' dir='ltr'><strong>cbaritatem</strong></span> <span class='ocrx_word' id='word_1_200' title='bbox 2799 1269 3012 1336; x_wconf 86' lang='lat' dir='ltr'><strong>copulat</strong></span> <span class='ocrx_word' id='word_1_201' title='bbox 3054 1270 3439 1337; x_wconf 80' lang='lat' dir='ltr'><strong>proximorum.</strong></span> <span class='ocrx_word' id='word_1_202' title='bbox 3484 1270 3596 1323; x_wconf 76' lang='lat' dir='ltr'><strong>Pax</strong></span> <span class='ocrx_word' id='word_1_203' title='bbox 3639 1269 3754 1340; x_wconf 83' lang='lat' dir='ltr'><strong>Spi-</strong></span> 
     </span>
    </p>
   </div>
   <div class='ocr_carea' id='block_1_26' title="bbox 2171 1354 3755 1432">
    <p class='ocr_par' dir='ltr' id='par_1_26' title="bbox 2171 1354 3755 1432">
     <span class='ocr_line' id='line_1_26' title="bbox 2171 1354 3755 1432; baseline 0.006 -24"><span class='ocrx_word' id='word_1_204' title='bbox 2171 1354 2335 1409; x_wconf 86' lang='lat' dir='ltr'><strong>ritum</strong></span> <span class='ocrx_word' id='word_1_205' title='bbox 2381 1356 2477 1410; x_wconf 89' lang='lat' dir='ltr'><strong>Dei</strong></span> <span class='ocrx_word' id='word_1_206' title='bbox 2530 1355 2835 1425; x_wconf 88' lang='lat' dir='ltr'><strong>specialiter</strong></span> <span class='ocrx_word' id='word_1_207' title='bbox 2888 1368 3255 1427; x_wconf 89' lang='lat' dir='ltr'><strong>promeretur,</strong></span> <span class='ocrx_word' id='word_1_208' title='bbox 3306 1376 3410 1432; x_wconf 80' lang='lat' dir='ltr'><strong>pax</strong></span> <span class='ocrx_word' id='word_1_209' title='bbox 3446 1361 3755 1417; x_wconf 85' lang='lat' dir='ltr'><strong>dilectionis</strong></span> 
     </span>
    </p>
   </div>
   <div class='ocr_carea' id='block_1_27' title="bbox 2171 1448 3753 1523">
    <p class='ocr_par' dir='ltr' id='par_1_27' title="bbox 2171 1448 3753 1523">
     <span class='ocr_line' id='line_1_27' title="bbox 2171 1448 3753 1523; baseline 0.004 -24"><span class='ocrx_word' id='word_1_210' title='bbox 2171 1455 2347 1500; x_wconf 87' lang='lat' dir='ltr'><strong>mater</strong></span> <span class='ocrx_word' id='word_1_211' title='bbox 2378 1458 2493 1515; x_wconf 90' lang='lat' dir='ltr'><strong>est,</strong></span> <span class='ocrx_word' id='word_1_212' title='bbox 2548 1463 2653 1518; x_wconf 79' lang='lat' dir='ltr'><strong>pax</strong></span> <span class='ocrx_word' id='word_1_213' title='bbox 2702 1448 2961 1505; x_wconf 91' lang='lat' dir='ltr'><strong>indicium</strong></span> <span class='ocrx_word' id='word_1_214' title='bbox 3007 1460 3091 1505; x_wconf 89' lang='lat' dir='ltr'><strong>est</strong></span> <span class='ocrx_word' id='word_1_215' title='bbox 3140 1452 3485 1520; x_wconf 88' lang='lat' dir='ltr'><strong>sanctitatis,</strong></span> <span class='ocrx_word' id='word_1_216' title='bbox 3528 1453 3595 1508; x_wconf 92' lang='lat' dir='ltr'><strong>de</strong></span> <span class='ocrx_word' id='word_1_217' title='bbox 3649 1468 3753 1523; x_wconf 89' lang='lat' dir='ltr'><strong>qua</strong></span> 
     </span>
    </p>
   </div>
   <div class='ocr_carea' id='block_1_28' title="bbox 2173 1538 3753 1610">
    <p class='ocr_par' dir='ltr' id='par_1_28' title="bbox 2173 1538 3753 1610">
     <span class='ocr_line' id='line_1_28' title="bbox 2173 1538 3753 1610; baseline 0.003 -19"><span class='ocrx_word' id='word_1_218' title='bbox 2173 1538 2431 1593; x_wconf 84' lang='lat' dir='ltr'><strong>Dominus</strong></span> <span class='ocrx_word' id='word_1_219' title='bbox 2476 1554 2577 1609; x_wconf 89' lang='lat' dir='ltr'><strong>per</strong></span> <span class='ocrx_word' id='word_1_220' title='bbox 2628 1540 2948 1610; x_wconf 88' lang='lat' dir='ltr'><strong>prophetam</strong></span> <span class='ocrx_word' id='word_1_221' title='bbox 2995 1542 3113 1596; x_wconf 86' lang='lat' dir='ltr'><strong>ait:</strong></span> <span class='ocrx_word' id='word_1_222' title='bbox 3160 1542 3355 1597; x_wconf 83' lang='lat' dir='ltr'><strong>Pacem</strong></span> <span class='ocrx_word' id='word_1_223' title='bbox 3390 1554 3435 1598; x_wconf 89' lang='lat' dir='ltr'><strong>et</strong></span> <span class='ocrx_word' id='word_1_224' title='bbox 3480 1546 3753 1599; x_wconf 80' lang='lat' dir='ltr'><strong>veritatem</strong></span> 
     </span>
    </p>
   </div>
   <div class='ocr_carea' id='block_1_29' title="bbox 2171 1627 3757 1706">
    <p class='ocr_par' dir='ltr' id='par_1_29' title="bbox 2171 1627 3757 1706">
     <span class='ocr_line' id='line_1_29' title="bbox 2171 1627 3757 1706; baseline 0.004 -25"><span class='ocrx_word' id='word_1_225' title='bbox 2171 1628 2369 1700; x_wconf 75' lang='lat' dir='ltr'><strong>diligite</strong></span> <span class='ocrx_word' id='word_1_226' title='bbox 2386 1627 2575 1702; x_wconf 86' lang='lat' dir='ltr'><strong>(Zach.</strong></span> <span class='ocrx_word' id='word_1_227' title='bbox 2598 1630 2738 1700; x_wconf 83' lang='lat' dir='ltr'><strong>vni).</strong></span> <span class='ocrx_word' id='word_1_228' title='bbox 2764 1629 2898 1701; x_wconf 81' lang='lat' dir='ltr'><strong>Pax,</strong></span> <span class='ocrx_word' id='word_1_229' title='bbox 2923 1630 3094 1701; x_wconf 86' lang='lat' dir='ltr'><strong>plebis</strong></span> <span class='ocrx_word' id='word_1_230' title='bbox 3126 1635 3348 1702; x_wconf 83' lang='lat' dir='ltr'><strong>sanitas,</strong></span> <span class='ocrx_word' id='word_1_231' title='bbox 3378 1634 3546 1706; x_wconf 79' lang='lat' dir='ltr'><strong>gloria</strong></span> <span class='ocrx_word' id='word_1_232' title='bbox 3573 1649 3757 1691; x_wconf 88' lang='lat' dir='ltr'><strong>sacer-</strong></span> 
     </span>
    </p>
   </div>
   <div class='ocr_carea' id='block_1_30' title="bbox 2171 1721 3756 1793">
    <p class='ocr_par' dir='ltr' id='par_1_30' title="bbox 2171 1721 3756 1793">
     <span class='ocr_line' id='line_1_30' title="bbox 2171 1721 3756 1793; baseline 0.001 -17"><span class='ocrx_word' id='word_1_233' title='bbox 2171 1721 2311 1776; x_wconf 87' lang='lat' dir='ltr'><strong>dotis</strong></span> <span class='ocrx_word' id='word_1_234' title='bbox 2338 1730 2394 1777; x_wconf 90' lang='lat' dir='ltr'><strong>et</strong></span> <span class='ocrx_word' id='word_1_235' title='bbox 2415 1722 2604 1793; x_wconf 76' lang='lat' dir='ltr'><strong>patria:</strong></span> <span class='ocrx_word' id='word_1_236' title='bbox 2637 1722 2841 1789; x_wconf 67' lang='lat' dir='ltr'><strong>laetitia,</strong></span> <span class='ocrx_word' id='word_1_237' title='bbox 2871 1730 2929 1776; x_wconf 92' lang='lat' dir='ltr'><strong>et</strong></span> <span class='ocrx_word' id='word_1_238' title='bbox 2956 1730 3133 1777; x_wconf 88' lang='lat' dir='ltr'><strong>terror</strong></span> <span class='ocrx_word' id='word_1_239' title='bbox 3151 1724 3406 1779; x_wconf 82' lang='lat' dir='ltr'><strong>.hostium</strong></span> <span class='ocrx_word' id='word_1_240' title='bbox 3458 1725 3572 1780; x_wconf 89' lang='lat' dir='ltr'><strong>sive</strong></span> <span class='ocrx_word' id='word_1_241' title='bbox 3624 1724 3756 1778; x_wconf 87' lang='lat' dir='ltr'><strong>visi-</strong></span> 
     </span>
    </p>
   </div>
   <div class='ocr_carea' id='block_1_31' title="bbox 488 1811 3759 1892">
    <p class='ocr_par' dir='ltr' id='par_1_31' title="bbox 488 1811 3759 1892">
     <span class='ocr_line' id='line_1_31' title="bbox 488 1811 3759 1892; baseline -0.001 -19"><span class='ocrx_word' id='word_1_242' title='bbox 488 1811 732 1889; x_wconf 71' lang='lat' dir='ltr'><strong>potestas</strong></span> <span class='ocrx_word' id='word_1_243' title='bbox 764 1820 945 1886; x_wconf 85' lang='lat' dir='ltr'><strong>datur,</strong></span> <span class='ocrx_word' id='word_1_244' title='bbox 975 1819 1057 1875; x_wconf 93' lang='lat' dir='ltr'><strong>vel</strong></span> <span class='ocrx_word' id='word_1_245' title='bbox 1088 1818 1305 1876; x_wconf 65' lang='lat' dir='ltr'><strong>coc‘rcet</strong></span> <span class='ocrx_word' id='word_1_246' title='bbox 1351 1820 1634 1891; x_wconf 80' lang='lat' dir='ltr'><strong>disciplina</strong></span> <span class='ocrx_word' id='word_1_247' title='bbox 1665 1819 1867 1889; x_wconf 83' lang='lat' dir='ltr'><strong>aliqua,</strong></span> <span class='ocrx_word' id='word_1_248' title='bbox 1902 1829 1955 1875; x_wconf 84' lang='lat' dir='ltr'><strong>et</strong></span> <span class='ocrx_word' id='word_1_249' title='bbox 1992 1832 2071 1873; x_wconf 85' lang='lat' dir='ltr'><strong>ta-</strong></span> <span class='ocrx_word' id='word_1_250' title='bbox 2100 1834 2146 1892; x_wconf 78' lang='grc' dir='ltr'><strong>Β</strong></span> <span class='ocrx_word' id='word_1_251' title='bbox 2172 1812 2357 1868; x_wconf 90' lang='lat' dir='ltr'><strong>bilium</strong></span> <span class='ocrx_word' id='word_1_252' title='bbox 2407 1813 2521 1868; x_wconf 85' lang='lat' dir='ltr'><strong>sive</strong></span> <span class='ocrx_word' id='word_1_253' title='bbox 2564 1813 2931 1868; x_wconf 88' lang='lat' dir='ltr'><strong>invisibilium.</strong></span> <span class='ocrx_word' id='word_1_254' title='bbox 2964 1812 3225 1869; x_wconf 83' lang='lat' dir='ltr'><strong>Omnibus</strong></span> <span class='ocrx_word' id='word_1_255' title='bbox 3258 1813 3463 1869; x_wconf 90' lang='lat' dir='ltr'><strong>viribus</strong></span> <span class='ocrx_word' id='word_1_256' title='bbox 3506 1830 3615 1886; x_wconf 76' lang='lat' dir='ltr'><strong>pax</strong></span> <span class='ocrx_word' id='word_1_257' title='bbox 3674 1823 3759 1870; x_wconf 84' lang='lat' dir='ltr'><strong>est</strong></span> 
     </span>
    </p>
   </div>
   <div class='ocr_carea' id='block_1_32' title="bbox 486 1903 2072 1981">
    <p class='ocr_par' dir='ltr' id='par_1_32' title="bbox 486 1903 2072 1981">
     <span class='ocr_line' id='line_1_32' title="bbox 486 1903 2072 1981; baseline 0 -19"><span class='ocrx_word' id='word_1_258' title='bbox 486 1926 611 1963; x_wconf 89' lang='lat' dir='ltr'><strong>men</strong></span> <span class='ocrx_word' id='word_1_259' title='bbox 641 1917 923 1981; x_wconf 90' lang='lat' dir='ltr'><strong>peccatum</strong></span> <span class='ocrx_word' id='word_1_260' title='bbox 953 1909 1071 1979; x_wconf 86' lang='lat' dir='ltr'><strong>ejus</strong></span> <span class='ocrx_word' id='word_1_261' title='bbox 1103 1911 1192 1981; x_wconf 91' lang='lat' dir='ltr'><strong>qui</strong></span> <span class='ocrx_word' id='word_1_262' title='bbox 1218 1912 1284 1965; x_wconf 90' lang='lat' dir='ltr'><strong>ab</strong></span> <span class='ocrx_word' id='word_1_263' title='bbox 1314 1910 1403 1964; x_wconf 89' lang='lat' dir='ltr'><strong>illo</strong></span> <span class='ocrx_word' id='word_1_264' title='bbox 1431 1910 1588 1964; x_wconf 68' lang='lat' dir='ltr'><strong>laesus</strong></span> <span class='ocrx_word' id='word_1_265' title='bbox 1610 1918 1702 1964; x_wconf 91' lang='lat' dir='ltr'><strong>aut</strong></span> <span class='ocrx_word' id='word_1_266' title='bbox 1727 1903 1967 1965; x_wconf 80' lang='lat' dir='ltr'><strong>oti‘eusus</strong></span> <span class='ocrx_word' id='word_1_267' title='bbox 1988 1920 2072 1963; x_wconf 90' lang='lat' dir='ltr'><strong>est</strong></span> 
     </span>
    </p>
   </div>
   <div class='ocr_carea' id='block_1_33' title="bbox 487 2001 2075 2067">
    <p class='ocr_par' dir='ltr' id='par_1_33' title="bbox 487 2001 2075 2067">
     <span class='ocr_line' id='line_1_33' title="bbox 487 2001 2075 2067; baseline 0.001 -13"><span class='ocrx_word' id='word_1_268' title='bbox 487 2001 715 2055; x_wconf 83' lang='lat' dir='ltr'><strong>dimittit</strong></span> <span class='ocrx_word' id='word_1_269' title='bbox 744 2016 808 2056; x_wconf 81' lang='lat' dir='ltr'><strong>ex</strong></span> <span class='ocrx_word' id='word_1_270' title='bbox 839 2002 1023 2067; x_wconf 90' lang='lat' dir='ltr'><strong>corde,</strong></span> <span class='ocrx_word' id='word_1_271' title='bbox 1062 2002 1143 2056; x_wconf 87' lang='lat' dir='ltr'><strong>vel</strong></span> <span class='ocrx_word' id='word_1_272' title='bbox 1183 2011 1302 2056; x_wconf 89' lang='lat' dir='ltr'><strong>orat</strong></span> <span class='ocrx_word' id='word_1_273' title='bbox 1331 2011 1389 2057; x_wconf 91' lang='lat' dir='ltr'><strong>ut</strong></span> <span class='ocrx_word' id='word_1_274' title='bbox 1418 2002 1465 2056; x_wconf 89' lang='lat' dir='ltr'><strong>ei</strong></span> <span class='ocrx_word' id='word_1_275' title='bbox 1501 2002 1825 2065; x_wconf 88' lang='lat' dir='ltr'><strong>dimittatur,</strong></span> <span class='ocrx_word' id='word_1_276' title='bbox 1851 2016 1955 2056; x_wconf 90' lang='lat' dir='ltr'><strong>non</strong></span> <span class='ocrx_word' id='word_1_277' title='bbox 1989 2014 2075 2055; x_wconf 85' lang='lat' dir='ltr'><strong>so-</strong></span> 
     </span>
    </p>
   </div>
   <div class='ocr_carea' id='block_1_34' title="bbox 488 2091 2073 2162">
    <p class='ocr_par' dir='ltr' id='par_1_34' title="bbox 488 2091 2073 2162">
     <span class='ocr_line' id='line_1_34' title="bbox 488 2091 2073 2162; baseline 0 -18"><span class='ocrx_word' id='word_1_278' title='bbox 488 2091 600 2144; x_wconf 87' lang='lat' dir='ltr'><strong>lum</strong></span> <span class='ocrx_word' id='word_1_279' title='bbox 628 2091 685 2146; x_wconf 92' lang='lat' dir='ltr'><strong>in</strong></span> <span class='ocrx_word' id='word_1_280' title='bbox 713 2105 779 2146; x_wconf 89' lang='lat' dir='ltr'><strong>eo</strong></span> <span class='ocrx_word' id='word_1_281' title='bbox 815 2092 956 2160; x_wconf 88' lang='lat' dir='ltr'><strong>quod</strong></span> <span class='ocrx_word' id='word_1_282' title='bbox 985 2092 1207 2147; x_wconf 89' lang='lat' dir='ltr'><strong>dimittit</strong></span> <span class='ocrx_word' id='word_1_283' title='bbox 1254 2101 1416 2162; x_wconf 89' lang='lat' dir='ltr'><strong>atque</strong></span> <span class='ocrx_word' id='word_1_284' title='bbox 1446 2102 1584 2159; x_wconf 87' lang='lat' dir='ltr'><strong>orat,</strong></span> <span class='ocrx_word' id='word_1_285' title='bbox 1617 2107 1801 2147; x_wconf 85' lang='lat' dir='ltr'><strong>verum</strong></span> <span class='ocrx_word' id='word_1_286' title='bbox 1828 2092 1992 2146; x_wconf 87' lang='lat' dir='ltr'><strong>etiam</strong></span> <span class='ocrx_word' id='word_1_287' title='bbox 2018 2092 2073 2144; x_wconf 90' lang='lat' dir='ltr'><strong>in</strong></span> 
     </span>
    </p>
   </div>
   <div class='ocr_carea' id='block_1_35' title="bbox 491 2180 2067 2253">
    <p class='ocr_par' dir='ltr' id='par_1_35' title="bbox 491 2180 2067 2253">
     <span class='ocr_line' id='line_1_35' title="bbox 491 2180 2067 2253; baseline -0.001 -18"><span class='ocrx_word' id='word_1_288' title='bbox 491 2196 558 2235; x_wconf 89' lang='lat' dir='ltr'><strong>eo</strong></span> <span class='ocrx_word' id='word_1_289' title='bbox 581 2182 726 2251; x_wconf 90' lang='lat' dir='ltr'><strong>quod</strong></span> <span class='ocrx_word' id='word_1_290' title='bbox 746 2181 970 2251; x_wconf 88' lang='lat' dir='ltr'><strong>corripit</strong></span> <span class='ocrx_word' id='word_1_291' title='bbox 1006 2190 1060 2237; x_wconf 89' lang='lat' dir='ltr'><strong>et</strong></span> <span class='ocrx_word' id='word_1_292' title='bbox 1088 2181 1263 2250; x_wconf 79' lang='lat' dir='ltr'><strong>aliqua</strong></span> <span class='ocrx_word' id='word_1_293' title='bbox 1290 2182 1659 2236; x_wconf 86' lang='lat' dir='ltr'><strong>emendatoria</strong></span> <span class='ocrx_word' id='word_1_294' title='bbox 1682 2195 1846 2253; x_wconf 65' lang='lat' dir='ltr'><strong>poena</strong></span> <span class='ocrx_word' id='word_1_295' title='bbox 1869 2180 2067 2252; x_wconf 86' lang='lat' dir='ltr'><strong>plectit,</strong></span> 
     </span>
    </p>
   </div>
   <div class='ocr_carea' id='block_1_36' title="bbox 490 2270 2074 2342">
    <p class='ocr_par' dir='ltr' id='par_1_36' title="bbox 490 2270 2074 2342">
     <span class='ocr_line' id='line_1_36' title="bbox 490 2270 2074 2342; baseline -0.003 -15"><span class='ocrx_word' id='word_1_296' title='bbox 490 2273 889 2342; x_wconf 81' lang='lat' dir='ltr'><strong>elcemosynam</strong></span> <span class='ocrx_word' id='word_1_297' title='bbox 908 2272 1015 2335; x_wconf 90' lang='lat' dir='ltr'><strong>dat,</strong></span> <span class='ocrx_word' id='word_1_298' title='bbox 1041 2271 1166 2341; x_wconf 89' lang='lat' dir='ltr'><strong>quia</strong></span> <span class='ocrx_word' id='word_1_299' title='bbox 1181 2272 1611 2327; x_wconf 87' lang='lat' dir='ltr'><strong>miscricordiam</strong></span> <span class='ocrx_word' id='word_1_300' title='bbox 1625 2279 1868 2341; x_wconf 67' lang='lat' dir='ltr'><strong>praestat.</strong></span> <span class='ocrx_word' id='word_1_301' title='bbox 1891 2270 2074 2325; x_wconf 89' lang='lat' dir='ltr'><strong>Proin-</strong></span> 
     </span>
    </p>
   </div>
   <div class='ocr_carea' id='block_1_37' title="bbox 490 2363 2074 2429">
    <p class='ocr_par' dir='ltr' id='par_1_37' title="bbox 490 2363 2074 2429">
     <span class='ocr_line' id='line_1_37' title="bbox 490 2363 2074 2429; baseline -0.001 -10"><span class='ocrx_word' id='word_1_302' title='bbox 490 2366 577 2427; x_wconf 90' lang='lat' dir='ltr'><strong>de,</strong></span> <span class='ocrx_word' id='word_1_303' title='bbox 630 2363 845 2429; x_wconf 82' lang='lat' dir='ltr'><strong>fratres,</strong></span> <span class='ocrx_word' id='word_1_304' title='bbox 899 2363 1122 2418; x_wconf 86' lang='lat' dir='ltr'><strong>obseero</strong></span> <span class='ocrx_word' id='word_1_305' title='bbox 1163 2374 1219 2417; x_wconf 92' lang='lat' dir='ltr'><strong>ut</strong></span> <span class='ocrx_word' id='word_1_306' title='bbox 1277 2372 1401 2419; x_wconf 89' lang='lat' dir='ltr'><strong>ante</strong></span> <span class='ocrx_word' id='word_1_307' title='bbox 1452 2365 1634 2419; x_wconf 86' lang='lat' dir='ltr'><strong>omnia</strong></span> <span class='ocrx_word' id='word_1_308' title='bbox 1690 2363 2074 2419; x_wconf 71' lang='lat' dir='ltr'><strong>misericordim</strong></span> 
     </span>
    </p>
   </div>
   <div class='ocr_carea' id='block_1_38' title="bbox 490 2456 2073 2531">
    <p class='ocr_par' dir='ltr' id='par_1_38' title="bbox 490 2456 2073 2531">
     <span class='ocr_line' id='line_1_38' title="bbox 490 2456 2073 2531; baseline 0 -20"><span class='ocrx_word' id='word_1_309' title='bbox 490 2471 713 2525; x_wconf 86' lang='lat' dir='ltr'><strong>operam</strong></span> <span class='ocrx_word' id='word_1_310' title='bbox 739 2456 895 2521; x_wconf 89' lang='lat' dir='ltr'><strong>detis,</strong></span> <span class='ocrx_word' id='word_1_311' title='bbox 924 2466 978 2511; x_wconf 89' lang='lat' dir='ltr'><strong>et</strong></span> <span class='ocrx_word' id='word_1_312' title='bbox 1012 2458 1064 2509; x_wconf 93' lang='lat' dir='ltr'><strong>in</strong></span> <span class='ocrx_word' id='word_1_313' title='bbox 1096 2457 1505 2527; x_wconf 86' lang='lat' dir='ltr'><strong>quibuscunque</strong></span> <span class='ocrx_word' id='word_1_314' title='bbox 1529 2458 1771 2531; x_wconf 85' lang='lat' dir='ltr'><strong>possitis,</strong></span> <span class='ocrx_word' id='word_1_315' title='bbox 1798 2458 2073 2528; x_wconf 79' lang='lat' dir='ltr'><strong>proximos</strong></span> 
     </span>
    </p>
   </div>
   <div class='ocr_carea' id='block_1_39' title="bbox 491 2538 2074 2618">
    <p class='ocr_par' dir='ltr' id='par_1_39' title="bbox 491 2538 2074 2618">
     <span class='ocr_line' id='line_1_39' title="bbox 491 2538 2074 2618; baseline 0.001 -20"><span class='ocrx_word' id='word_1_316' title='bbox 491 2554 706 2600; x_wconf 77' lang='lat' dir='ltr'><strong>vestros</strong></span> <span class='ocrx_word' id='word_1_317' title='bbox 737 2545 1031 2614; x_wconf 68' lang='lat' dir='ltr'><strong>adiuvetis;</strong></span> <span class='ocrx_word' id='word_1_318' title='bbox 1065 2548 1131 2599; x_wconf 91' lang='lat' dir='ltr'><strong>ad</strong></span> <span class='ocrx_word' id='word_1_319' title='bbox 1162 2546 1543 2618; x_wconf 86' lang='lat' dir='ltr'><strong>indulgendum</strong></span> <span class='ocrx_word' id='word_1_320' title='bbox 1572 2538 1785 2617; x_wconf 88' lang='lat' dir='ltr'><strong>quoque</strong></span> <span class='ocrx_word' id='word_1_321' title='bbox 1814 2547 2074 2617; x_wconf 75' lang='lat' dir='ltr'><strong>proximis</strong></span> 
     </span>
    </p>
   </div>
   <div class='ocr_carea' id='block_1_40' title="bbox 489 2635 2072 2707">
    <p class='ocr_par' dir='ltr' id='par_1_40' title="bbox 489 2635 2072 2707">
     <span class='ocr_line' id='line_1_40' title="bbox 489 2635 2072 2707; baseline 0.003 -20"><span class='ocrx_word' id='word_1_322' title='bbox 489 2636 687 2691; x_wconf 86' lang='lat' dir='ltr'><strong>vestris</strong></span> <span class='ocrx_word' id='word_1_323' title='bbox 712 2635 906 2690; x_wconf 87' lang='lat' dir='ltr'><strong>delicta</strong></span> <span class='ocrx_word' id='word_1_324' title='bbox 946 2651 1131 2690; x_wconf 91' lang='lat' dir='ltr'><strong>eorum</strong></span> <span class='ocrx_word' id='word_1_325' title='bbox 1166 2638 1401 2707; x_wconf 88' lang='lat' dir='ltr'><strong>prompti</strong></span> <span class='ocrx_word' id='word_1_326' title='bbox 1429 2638 1567 2703; x_wconf 88' lang='lat' dir='ltr'><strong>sitis,</strong></span> <span class='ocrx_word' id='word_1_327' title='bbox 1623 2648 1680 2691; x_wconf 94' lang='lat' dir='ltr'><strong>ut</strong></span> <span class='ocrx_word' id='word_1_328' title='bbox 1726 2646 2072 2707; x_wconf 86' lang='lat' dir='ltr'><strong>peccatorum</strong></span> 
     </span>
    </p>
   </div>
   <div class='ocr_carea' id='block_1_41' title="bbox 490 2728 2075 2799">
    <p class='ocr_par' dir='ltr' id='par_1_41' title="bbox 490 2728 2075 2799">
     <span class='ocr_line' id='line_1_41' title="bbox 490 2728 2075 2799; baseline 0.001 -19"><span class='ocrx_word' id='word_1_329' title='bbox 490 2738 793 2781; x_wconf 82' lang='lat' dir='ltr'><strong>vestrorum</strong></span> <span class='ocrx_word' id='word_1_330' title='bbox 826 2728 1037 2781; x_wconf 86' lang='lat' dir='ltr'><strong>veniam</strong></span> <span class='ocrx_word' id='word_1_331' title='bbox 1088 2743 1187 2797; x_wconf 91' lang='lat' dir='ltr'><strong>pro</strong></span> <span class='ocrx_word' id='word_1_332' title='bbox 1228 2729 1331 2783; x_wconf 86' lang='lat' dir='ltr'><strong>hoc</strong></span> <span class='ocrx_word' id='word_1_333' title='bbox 1365 2729 1431 2782; x_wconf 88' lang='lat' dir='ltr'><strong>ab</strong></span> <span class='ocrx_word' id='word_1_334' title='bbox 1479 2730 1849 2799; x_wconf 87' lang='lat' dir='ltr'><strong>omnipotente</strong></span> <span class='ocrx_word' id='word_1_335' title='bbox 1888 2728 2075 2795; x_wconf 81' lang='lat' dir='ltr'><strong>Judice</strong></span> 
     </span>
    </p>
   </div>
   <div class='ocr_carea' id='block_1_42' title="bbox 493 2819 2075 2889">
    <p class='ocr_par' dir='ltr' id='par_1_42' title="bbox 493 2819 2075 2889">
     <span class='ocr_line' id='line_1_42' title="bbox 493 2819 2075 2889; baseline 0 -17"><span class='ocrx_word' id='word_1_336' title='bbox 493 2819 717 2889; x_wconf 85' lang='lat' dir='ltr'><strong>adipisci</strong></span> <span class='ocrx_word' id='word_1_337' title='bbox 744 2819 992 2884; x_wconf 87' lang='lat' dir='ltr'><strong>valeatis,</strong></span> <span class='ocrx_word' id='word_1_338' title='bbox 1012 2827 1067 2874; x_wconf 93' lang='lat' dir='ltr'><strong>et</strong></span> <span class='ocrx_word' id='word_1_339' title='bbox 1096 2821 1265 2874; x_wconf 83' lang='lat' dir='ltr'><strong>vitam</strong></span> <span class='ocrx_word' id='word_1_340' title='bbox 1288 2830 1545 2874; x_wconf 80' lang='lat' dir='ltr'><strong>aeternam</strong></span> <span class='ocrx_word' id='word_1_341' title='bbox 1570 2837 1694 2875; x_wconf 89' lang='lat' dir='ltr'><strong>cum</strong></span> <span class='ocrx_word' id='word_1_342' title='bbox 1725 2821 1930 2879; x_wconf 89' lang='lat' dir='ltr'><strong>sanctis</strong></span> <span class='ocrx_word' id='word_1_343' title='bbox 1958 2835 2075 2875; x_wconf 82' lang='lat' dir='ltr'><strong>om-</strong></span> 
     </span>
    </p>
   </div>
   <div class='ocr_carea' id='block_1_43' title="bbox 490 2912 2073 2983">
    <p class='ocr_par' dir='ltr' id='par_1_43' title="bbox 490 2912 2073 2983">
     <span class='ocr_line' id='line_1_43' title="bbox 490 2912 2073 2983; baseline 0.001 -18"><span class='ocrx_word' id='word_1_344' title='bbox 490 2912 651 2967; x_wconf 90' lang='lat' dir='ltr'><strong>nibus</strong></span> <span class='ocrx_word' id='word_1_345' title='bbox 679 2912 731 2965; x_wconf 92' lang='lat' dir='ltr'><strong>in</strong></span> <span class='ocrx_word' id='word_1_346' title='bbox 759 2912 966 2966; x_wconf 64' lang='lat' dir='ltr'><strong>caelesti</strong></span> <span class='ocrx_word' id='word_1_347' title='bbox 1008 2926 1173 2983; x_wconf 82' lang='lat' dir='ltr'><strong>regno</strong></span> <span class='ocrx_word' id='word_1_348' title='bbox 1209 2914 1593 2983; x_wconf 87' lang='lat' dir='ltr'><strong>perpetualitcr</strong></span> <span class='ocrx_word' id='word_1_349' title='bbox 1624 2915 1824 2969; x_wconf 88' lang='lat' dir='ltr'><strong>habere</strong></span> <span class='ocrx_word' id='word_1_350' title='bbox 1867 2928 2073 2969; x_wconf 88' lang='lat' dir='ltr'><strong>merea-</strong></span> 
     </span>
    </p>
   </div>
   <div class='ocr_carea' id='block_1_44' title="bbox 491 3001 2072 3079">
    <p class='ocr_par' dir='ltr' id='par_1_44' title="bbox 491 3001 2072 3079">
     <span class='ocr_line' id='line_1_44' title="bbox 491 3001 2072 3079; baseline 0.001 -24"><span class='ocrx_word' id='word_1_351' title='bbox 491 3001 664 3055; x_wconf 87' lang='lat' dir='ltr'><strong>mini:</strong></span> <span class='ocrx_word' id='word_1_352' title='bbox 711 3010 1005 3071; x_wconf 63' lang='lat' dir='ltr'><strong>pratstante</strong></span> <span class='ocrx_word' id='word_1_353' title='bbox 1046 3002 1273 3079; x_wconf 82' lang='lat' dir='ltr'><strong>Domino</strong></span> <span class='ocrx_word' id='word_1_354' title='bbox 1304 3016 1489 3059; x_wconf 87' lang='lat' dir='ltr'><strong>nostro</strong></span> <span class='ocrx_word' id='word_1_355' title='bbox 1538 3004 1665 3060; x_wconf 84' lang='lat' dir='ltr'><strong>Jcsu</strong></span> <span class='ocrx_word' id='word_1_356' title='bbox 1692 3006 1929 3071; x_wconf 85' lang='lat' dir='ltr'><strong>Christo,</strong></span> <span class='ocrx_word' id='word_1_357' title='bbox 1979 3005 2072 3075; x_wconf 87' lang='lat' dir='ltr'><strong>qui</strong></span> 
     </span>
    </p>
   </div>
   <div class='ocr_carea' id='block_1_45' title="bbox 491 3090 2073 3167">
    <p class='ocr_par' dir='ltr' id='par_1_45' title="bbox 491 3090 2073 3167">
     <span class='ocr_line' id='line_1_45' title="bbox 491 3090 2073 3167; baseline 0.001 -20"><span class='ocrx_word' id='word_1_358' title='bbox 491 3107 613 3147; x_wconf 86' lang='lat' dir='ltr'><strong>eum</strong></span> <span class='ocrx_word' id='word_1_359' title='bbox 637 3090 796 3145; x_wconf 88' lang='lat' dir='ltr'><strong>Patre</strong></span> <span class='ocrx_word' id='word_1_360' title='bbox 819 3100 871 3146; x_wconf 92' lang='lat' dir='ltr'><strong>et</strong></span> <span class='ocrx_word' id='word_1_361' title='bbox 902 3091 1103 3162; x_wconf 88' lang='lat' dir='ltr'><strong>Spiritu</strong></span> <span class='ocrx_word' id='word_1_362' title='bbox 1128 3102 1317 3148; x_wconf 90' lang='lat' dir='ltr'><strong>sancto</strong></span> <span class='ocrx_word' id='word_1_363' title='bbox 1343 3095 1478 3149; x_wconf 78' lang='lat' dir='ltr'><strong>vivit</strong></span> <span class='ocrx_word' id='word_1_364' title='bbox 1504 3104 1559 3149; x_wconf 90' lang='lat' dir='ltr'><strong>et</strong></span> <span class='ocrx_word' id='word_1_365' title='bbox 1591 3105 1778 3167; x_wconf 79' lang='lat' dir='ltr'><strong>regnat</strong></span> <span class='ocrx_word' id='word_1_366' title='bbox 1810 3096 1951 3151; x_wconf 87' lang='lat' dir='ltr'><strong>Deus</strong></span> <span class='ocrx_word' id='word_1_367' title='bbox 1975 3111 2073 3166; x_wconf 92' lang='lat' dir='ltr'><strong>per</strong></span> 
     </span>
    </p>
   </div>
   <div class='ocr_carea' id='block_1_46' title="bbox 484 3181 1508 3238">
    <p class='ocr_par' dir='ltr' id='par_1_46' title="bbox 484 3181 1508 3238">
     <span class='ocr_line' id='line_1_46' title="bbox 484 3181 1508 3238; baseline 0.002 -2"><span class='ocrx_word' id='word_1_368' title='bbox 484 3182 671 3236; x_wconf 66' lang='lat' dir='ltr'><strong>&quot;omnia</strong></span> <span class='ocrx_word' id='word_1_369' title='bbox 704 3183 901 3236; x_wconf 64' lang='lat' dir='ltr'><strong>saecula</strong></span> <span class='ocrx_word' id='word_1_370' title='bbox 932 3181 1270 3237; x_wconf 55' lang='lat' dir='ltr'><strong>saeculorum.</strong></span> <span class='ocrx_word' id='word_1_371' title='bbox 1312 3184 1508 3238; x_wconf 82' lang='lat' dir='ltr'><strong>Amen.</strong></span> 
     </span>
    </p>
   </div>
   <div class='ocr_carea' id='block_1_47' title="bbox 1032 3292 1510 3376">
    <p class='ocr_par' dir='ltr' id='par_1_47' title="bbox 1032 3292 1510 3376">
     <span class='ocr_line' id='line_1_47' title="bbox 1032 3292 1510 3376; baseline 0.008 -31"><span class='ocrx_word' id='word_1_372' title='bbox 1032 3368 1041 3376; x_wconf 22' lang='grc' dir='ltr'>ν</span> <span class='ocrx_word' id='word_1_373' title='bbox 1089 3292 1364 3349; x_wconf 77' lang='lat' dir='ltr'><strong>HOMILIA</strong></span> <span class='ocrx_word' id='word_1_374' title='bbox 1404 3296 1510 3349; x_wconf 85' lang='lat' dir='ltr'><strong>LII.</strong></span> 
     </span>
    </p>
   </div>
   <div class='ocr_carea' id='block_1_48' title="bbox 971 3379 1578 3421">
    <p class='ocr_par' dir='ltr' id='par_1_48' title="bbox 971 3379 1578 3421">
     <span class='ocr_line' id='line_1_48' title="bbox 971 3379 1578 3421; baseline 0.005 -3"><span class='ocrx_word' id='word_1_375' title='bbox 971 3379 1037 3418; x_wconf 79' lang='lat' dir='ltr'><strong>DE</strong></span> <span class='ocrx_word' id='word_1_376' title='bbox 1071 3382 1200 3418; x_wconf 67' lang='lat' dir='ltr'><strong>PACE</strong></span> <span class='ocrx_word' id='word_1_377' title='bbox 1223 3380 1289 3419; x_wconf 76' lang='grc' dir='ltr'><strong>ΕΤ</strong></span> <span class='ocrx_word' id='word_1_378' title='bbox 1322 3382 1578 3421; x_wconf 74' lang='lat' dir='ltr'><strong>UNITATE.</strong></span> 
     </span>
    </p>
   </div>
   <div class='ocr_carea' id='block_1_49' title="bbox 563 3454 2071 3529">
    <p class='ocr_par' dir='ltr' id='par_1_49' title="bbox 563 3454 2071 3529">
     <span class='ocr_line' id='line_1_49' title="bbox 563 3454 2071 3529; baseline 0.003 -20"><span class='ocrx_word' id='word_1_379' title='bbox 563 3454 819 3526; x_wconf 79' lang='lat' dir='ltr'><strong>Legimus</strong></span> <span class='ocrx_word' id='word_1_380' title='bbox 840 3456 891 3509; x_wconf 91' lang='lat' dir='ltr'><strong>in</strong></span> <span class='ocrx_word' id='word_1_381' title='bbox 909 3455 1220 3526; x_wconf 77' lang='lat' dir='ltr'><strong>Evangelia,</strong></span> <span class='ocrx_word' id='word_1_382' title='bbox 1238 3456 1434 3514; x_wconf 83' lang='lat' dir='ltr'><strong>fratres</strong></span> <span class='ocrx_word' id='word_1_383' title='bbox 1452 3458 1776 3527; x_wconf 81' lang='lat' dir='ltr'><strong>charissimi,</strong></span> <span class='ocrx_word' id='word_1_384' title='bbox 1792 3460 1931 3529; x_wconf 87' lang='lat' dir='ltr'><strong>quod</strong></span> <span class='ocrx_word' id='word_1_385' title='bbox 1952 3458 2071 3515; x_wconf 86' lang='lat' dir='ltr'><strong>Sal-</strong></span> 
     </span>
    </p>
   </div>
   <div class='ocr_carea' id='block_1_50' title="bbox 494 3546 2074 3620">
    <p class='ocr_par' dir='ltr' id='par_1_50' title="bbox 494 3546 2074 3620">
     <span class='ocr_line' id='line_1_50' title="bbox 494 3546 2074 3620; baseline 0.004 -21"><span class='ocrx_word' id='word_1_386' title='bbox 494 3554 651 3600; x_wconf 90' lang='lat' dir='ltr'><strong>vator</strong></span> <span class='ocrx_word' id='word_1_387' title='bbox 678 3555 733 3599; x_wconf 90' lang='lat' dir='ltr'><strong>et</strong></span> <span class='ocrx_word' id='word_1_388' title='bbox 772 3546 1030 3601; x_wconf 86' lang='lat' dir='ltr'><strong>Dominus</strong></span> <span class='ocrx_word' id='word_1_389' title='bbox 1058 3556 1242 3603; x_wconf 87' lang='lat' dir='ltr'><strong>noster</strong></span> <span class='ocrx_word' id='word_1_390' title='bbox 1268 3565 1391 3603; x_wconf 90' lang='lat' dir='ltr'><strong>cum</strong></span> <span class='ocrx_word' id='word_1_391' title='bbox 1441 3552 1899 3620; x_wconf 82' lang='lat' dir='ltr'><strong>appropinquaret</strong></span> <span class='ocrx_word' id='word_1_392' title='bbox 1951 3565 2074 3620; x_wconf 86' lang='lat' dir='ltr'><strong>pas-</strong></span> 
     </span>
    </p>
   </div>
   <div class='ocr_carea' id='block_1_51' title="bbox 493 3639 2074 3704">
    <p class='ocr_par' dir='ltr' id='par_1_51' title="bbox 493 3639 2074 3704">
     <span class='ocr_line' id='line_1_51' title="bbox 493 3639 2074 3704; baseline 0.003 -11"><span class='ocrx_word' id='word_1_393' title='bbox 493 3639 654 3704; x_wconf 91' lang='lat' dir='ltr'><strong>sioni,</strong></span> <span class='ocrx_word' id='word_1_394' title='bbox 682 3646 737 3691; x_wconf 92' lang='lat' dir='ltr'><strong>et</strong></span> <span class='ocrx_word' id='word_1_395' title='bbox 783 3640 1070 3693; x_wconf 85' lang='lat' dir='ltr'><strong>transitum</strong></span> <span class='ocrx_word' id='word_1_396' title='bbox 1108 3657 1263 3695; x_wconf 89' lang='lat' dir='ltr'><strong>suum</strong></span> <span class='ocrx_word' id='word_1_397' title='bbox 1294 3643 1358 3697; x_wconf 92' lang='lat' dir='ltr'><strong>de</strong></span> <span class='ocrx_word' id='word_1_398' title='bbox 1384 3642 1488 3696; x_wconf 89' lang='lat' dir='ltr'><strong>hoc</strong></span> <span class='ocrx_word' id='word_1_399' title='bbox 1522 3643 1722 3698; x_wconf 87' lang='lat' dir='ltr'><strong>mundo</strong></span> <span class='ocrx_word' id='word_1_400' title='bbox 1763 3643 1829 3697; x_wconf 91' lang='lat' dir='ltr'><strong>ad</strong></span> <span class='ocrx_word' id='word_1_401' title='bbox 1860 3642 2074 3697; x_wconf 88' lang='lat' dir='ltr'><strong>Patrem</strong></span> 
     </span>
    </p>
   </div>
   <div class='ocr_carea' id='block_1_52' title="bbox 492 3717 2071 3803">
    <p class='ocr_par' dir='ltr' id='par_1_52' title="bbox 492 3717 2071 3803">
     <span class='ocr_line' id='line_1_52' title="bbox 492 3717 2071 3803; baseline 0.002 -18"><span class='ocrx_word' id='word_1_402' title='bbox 492 3730 771 3799; x_wconf 89' lang='lat' dir='ltr'><strong>discipulis</strong></span> <span class='ocrx_word' id='word_1_403' title='bbox 820 3717 1163 3799; x_wconf 76' lang='lat' dir='ltr'><strong>insinuaret,</strong></span> <span class='ocrx_word' id='word_1_404' title='bbox 1195 3734 1337 3786; x_wconf 88' lang='lat' dir='ltr'><strong>inter</strong></span> <span class='ocrx_word' id='word_1_405' title='bbox 1371 3734 1473 3786; x_wconf 90' lang='lat' dir='ltr'><strong>alia</strong></span> <span class='ocrx_word' id='word_1_406' title='bbox 1530 3734 1690 3788; x_wconf 89' lang='lat' dir='ltr'><strong>verba</strong></span> <span class='ocrx_word' id='word_1_407' title='bbox 1736 3748 1855 3803; x_wconf 74' lang='lat' dir='ltr'><strong>qua:</strong></span> <span class='ocrx_word' id='word_1_408' title='bbox 1883 3734 1953 3789; x_wconf 90' lang='lat' dir='ltr'><strong>ob</strong></span> <span class='ocrx_word' id='word_1_409' title='bbox 1991 3734 2071 3788; x_wconf 91' lang='lat' dir='ltr'><strong>sui</strong></span> 
     </span>
    </p>
   </div>
   <div class='ocr_carea' id='block_1_53' title="bbox 492 3822 2071 3897">
    <p class='ocr_par' dir='ltr' id='par_1_53' title="bbox 492 3822 2071 3897">
     <span class='ocr_line' id='line_1_53' title="bbox 492 3822 2071 3897; baseline 0.001 -18"><span class='ocrx_word' id='word_1_410' title='bbox 492 3825 1064 3879; x_wconf 85' lang='lat' dir='ltr'><strong>commemorationem</strong></span> <span class='ocrx_word' id='word_1_411' title='bbox 1104 3822 1315 3880; x_wconf 86' lang='lat' dir='ltr'><strong>dilectis</strong></span> <span class='ocrx_word' id='word_1_412' title='bbox 1355 3826 1645 3880; x_wconf 87' lang='lat' dir='ltr'><strong>comitibus</strong></span> <span class='ocrx_word' id='word_1_413' title='bbox 1699 3826 1812 3881; x_wconf 89' lang='lat' dir='ltr'><strong>suis</strong></span> <span class='ocrx_word' id='word_1_414' title='bbox 1862 3828 2071 3897; x_wconf 84' lang='lat' dir='ltr'><strong>impen-</strong></span> 
     </span>
    </p>
   </div>
   <div class='ocr_carea' id='block_1_54' title="bbox 493 3913 2072 3987">
    <p class='ocr_par' dir='ltr' id='par_1_54' title="bbox 493 3913 2072 3987">
     <span class='ocr_line' id='line_1_54' title="bbox 493 3913 2072 3987; baseline 0.001 -20"><span class='ocrx_word' id='word_1_415' title='bbox 493 3913 665 3977; x_wconf 88' lang='lat' dir='ltr'><strong>derat,</strong></span> <span class='ocrx_word' id='word_1_416' title='bbox 704 3914 937 3968; x_wconf 82' lang='lat' dir='ltr'><strong>maxime</strong></span> <span class='ocrx_word' id='word_1_417' title='bbox 964 3915 1113 3983; x_wconf 87' lang='lat' dir='ltr'><strong>pacis</strong></span> <span class='ocrx_word' id='word_1_418' title='bbox 1149 3915 1349 3969; x_wconf 89' lang='lat' dir='ltr'><strong>bonum</strong></span> <span class='ocrx_word' id='word_1_419' title='bbox 1394 3926 1449 3970; x_wconf 92' lang='lat' dir='ltr'><strong>et</strong></span> <span class='ocrx_word' id='word_1_420' title='bbox 1494 3917 1736 3981; x_wconf 88' lang='lat' dir='ltr'><strong>unitatis,</strong></span> <span class='ocrx_word' id='word_1_421' title='bbox 1770 3918 1922 3985; x_wconf 88' lang='lat' dir='ltr'><strong>quasi</strong></span> <span class='ocrx_word' id='word_1_422' title='bbox 1948 3932 2072 3987; x_wconf 85' lang='lat' dir='ltr'><strong>spe-</strong></span> 
     </span>
    </p>
   </div>
   <div class='ocr_carea' id='block_1_55' title="bbox 494 4003 2073 4073">
    <p class='ocr_par' dir='ltr' id='par_1_55' title="bbox 494 4003 2073 4073">
     <span class='ocr_line' id='line_1_55' title="bbox 494 4003 2073 4073; baseline 0.001 -14"><span class='ocrx_word' id='word_1_423' title='bbox 494 4003 630 4059; x_wconf 86' lang='lat' dir='ltr'><strong>ciale</strong></span> <span class='ocrx_word' id='word_1_424' title='bbox 681 4019 913 4068; x_wconf 88' lang='lat' dir='ltr'><strong>munus,</strong></span> <span class='ocrx_word' id='word_1_425' title='bbox 968 4004 1073 4058; x_wconf 87' lang='lat' dir='ltr'><strong>illis</strong></span> <span class='ocrx_word' id='word_1_426' title='bbox 1117 4008 1551 4073; x_wconf 88' lang='lat' dir='ltr'><strong>commendarit,</strong></span> <span class='ocrx_word' id='word_1_427' title='bbox 1596 4008 1784 4062; x_wconf 89' lang='lat' dir='ltr'><strong>dicens</strong></span> <span class='ocrx_word' id='word_1_428' title='bbox 1825 4026 1837 4061; x_wconf 92' lang='lat'><strong>:</strong></span> <span class='ocrx_word' id='word_1_429' title='bbox 1878 4006 2073 4061; x_wconf 87' lang='lat' dir='ltr'><strong>Pacem</strong></span> 
     </span>
    </p>
   </div>
   <div class='ocr_carea' id='block_1_56' title="bbox 494 4092 2077 4171">
    <p class='ocr_par' dir='ltr' id='par_1_56' title="bbox 494 4092 2077 4171">
     <span class='ocr_line' id='line_1_56' title="bbox 494 4092 2077 4171; baseline 0.006 -26"><span class='ocrx_word' id='word_1_430' title='bbox 494 4108 661 4149; x_wconf 88' lang='lat' dir='ltr'><strong>meam</strong></span> <span class='ocrx_word' id='word_1_431' title='bbox 690 4092 758 4146; x_wconf 92' lang='lat' dir='ltr'><strong>do</strong></span> <span class='ocrx_word' id='word_1_432' title='bbox 789 4094 949 4159; x_wconf 88' lang='lat' dir='ltr'><strong>vobis,</strong></span> <span class='ocrx_word' id='word_1_433' title='bbox 985 4110 1165 4163; x_wconf 85' lang='lat' dir='ltr'><strong>pacem</strong></span> <span class='ocrx_word' id='word_1_434' title='bbox 1198 4094 1433 4166; x_wconf 79' lang='lat' dir='ltr'><strong>relinquo</strong></span> <span class='ocrx_word' id='word_1_435' title='bbox 1473 4098 1612 4151; x_wconf 83' lang='lat' dir='ltr'><strong>vobis</strong></span> <span class='ocrx_word' id='word_1_436' title='bbox 1646 4098 1827 4170; x_wconf 83' lang='lat' dir='ltr'><strong>(Joan.</strong></span> <span class='ocrx_word' id='word_1_437' title='bbox 1852 4098 1986 4171; x_wconf 67' lang='lat' dir='ltr'><strong>11v),</strong></span> <span class='ocrx_word' id='word_1_438' title='bbox 2009 4113 2077 4155; x_wconf 88' lang='lat' dir='ltr'><strong>ac</strong></span> 
     </span>
    </p>
   </div>
   <div class='ocr_carea' id='block_1_57' title="bbox 495 4184 2071 4259">
    <p class='ocr_par' dir='ltr' id='par_1_57' title="bbox 495 4184 2071 4259">
     <span class='ocr_line' id='line_1_57' title="bbox 495 4184 2071 4259; baseline 0.004 -21"><span class='ocrx_word' id='word_1_439' title='bbox 495 4186 541 4238; x_wconf 88' lang='lat' dir='ltr'><strong>si</strong></span> <span class='ocrx_word' id='word_1_440' title='bbox 571 4185 792 4249; x_wconf 90' lang='lat' dir='ltr'><strong>diceret,</strong></span> <span class='ocrx_word' id='word_1_441' title='bbox 822 4184 879 4238; x_wconf 89' lang='lat' dir='ltr'><strong>In</strong></span> <span class='ocrx_word' id='word_1_442' title='bbox 907 4200 1041 4254; x_wconf 87' lang='lat' dir='ltr'><strong>pace</strong></span> <span class='ocrx_word' id='word_1_443' title='bbox 1069 4201 1165 4241; x_wconf 90' lang='lat' dir='ltr'><strong>vos</strong></span> <span class='ocrx_word' id='word_1_444' title='bbox 1188 4187 1388 4251; x_wconf 86' lang='lat' dir='ltr'><strong>dimisi,</strong></span> <span class='ocrx_word' id='word_1_445' title='bbox 1418 4188 1469 4242; x_wconf 89' lang='lat' dir='ltr'><strong>in</strong></span> <span class='ocrx_word' id='word_1_446' title='bbox 1493 4204 1628 4259; x_wconf 82' lang='lat' dir='ltr'><strong>pace</strong></span> <span class='ocrx_word' id='word_1_447' title='bbox 1656 4204 1752 4244; x_wconf 87' lang='lat' dir='ltr'><strong>vos</strong></span> <span class='ocrx_word' id='word_1_448' title='bbox 1780 4190 2071 4244; x_wconf 89' lang='lat' dir='ltr'><strong>inveniam.</strong></span> 
     </span>
    </p>
   </div>
   <div class='ocr_carea' id='block_1_58' title="bbox 493 4274 2073 4347">
    <p class='ocr_par' dir='ltr' id='par_1_58' title="bbox 493 4274 2073 4347">
     <span class='ocr_line' id='line_1_58' title="bbox 493 4274 2073 4347; baseline 0.004 -19"><span class='ocrx_word' id='word_1_449' title='bbox 493 4274 849 4329; x_wconf 87' lang='lat' dir='ltr'><strong>Prollciscens</strong></span> <span class='ocrx_word' id='word_1_450' title='bbox 874 4274 1042 4329; x_wconf 91' lang='lat' dir='ltr'><strong>voluit</strong></span> <span class='ocrx_word' id='word_1_451' title='bbox 1071 4277 1201 4331; x_wconf 86' lang='lat' dir='ltr'><strong>dare</strong></span> <span class='ocrx_word' id='word_1_452' title='bbox 1236 4293 1355 4347; x_wconf 69' lang='lat' dir='ltr'><strong>qua:</strong></span> <span class='ocrx_word' id='word_1_453' title='bbox 1382 4279 1731 4334; x_wconf 87' lang='lat' dir='ltr'><strong>desiderabat</strong></span> <span class='ocrx_word' id='word_1_454' title='bbox 1768 4279 1989 4345; x_wconf 75' lang='lat' dir='ltr'><strong>rediens</strong></span> <span class='ocrx_word' id='word_1_455' title='bbox 2018 4281 2073 4335; x_wconf 91' lang='lat' dir='ltr'><strong>in</strong></span> 
     </span>
    </p>
   </div>
   <div class='ocr_carea' id='block_1_59' title="bbox 492 4363 2072 4437">
    <p class='ocr_par' dir='ltr' id='par_1_59' title="bbox 492 4363 2072 4437">
     <span class='ocr_line' id='line_1_59' title="bbox 492 4363 2072 4437; baseline 0.006 -19"><span class='ocrx_word' id='word_1_456' title='bbox 492 4365 741 4418; x_wconf 84' lang='lat' dir='ltr'><strong>omnibus</strong></span> <span class='ocrx_word' id='word_1_457' title='bbox 755 4363 997 4419; x_wconf 88' lang='lat' dir='ltr'><strong>invenire</strong></span> <span class='ocrx_word' id='word_1_458' title='bbox 1020 4382 1035 4431; x_wconf 87' lang='lat'><strong>;</strong></span> <span class='ocrx_word' id='word_1_459' title='bbox 1068 4367 1207 4421; x_wconf 84' lang='lat' dir='ltr'><strong>hanc</strong></span> <span class='ocrx_word' id='word_1_460' title='bbox 1222 4368 1333 4422; x_wconf 89' lang='lat' dir='ltr'><strong>suis</strong></span> <span class='ocrx_word' id='word_1_461' title='bbox 1353 4369 1726 4424; x_wconf 61' lang='lat' dir='ltr'><strong>haireditatem</strong></span> <span class='ocrx_word' id='word_1_462' title='bbox 1747 4369 1914 4437; x_wconf 85' lang='lat' dir='ltr'><strong>dedit,</strong></span> <span class='ocrx_word' id='word_1_463' title='bbox 1932 4372 2072 4427; x_wconf 86' lang='lat' dir='ltr'><strong>dona</strong></span> 
     </span>
    </p>
   </div>
   <div class='ocr_carea' id='block_1_60' title="bbox 492 4455 2073 4534">
    <p class='ocr_par' dir='ltr' id='par_1_60' title="bbox 492 4455 2073 4534">
     <span class='ocr_line' id='line_1_60' title="bbox 492 4455 2073 4534; baseline 0.007 -26"><span class='ocrx_word' id='word_1_464' title='bbox 492 4455 671 4509; x_wconf 89' lang='lat' dir='ltr'><strong>omnia</strong></span> <span class='ocrx_word' id='word_1_465' title='bbox 722 4471 835 4510; x_wconf 67' lang='lat' dir='ltr'><strong>sure</strong></span> <span class='ocrx_word' id='word_1_466' title='bbox 874 4456 1283 4534; x_wconf 83' lang='lat' dir='ltr'><strong>pollicitationis</strong></span> <span class='ocrx_word' id='word_1_467' title='bbox 1329 4470 1383 4515; x_wconf 92' lang='lat' dir='ltr'><strong>et</strong></span> <span class='ocrx_word' id='word_1_468' title='bbox 1409 4463 1632 4531; x_wconf 73' lang='lat' dir='ltr'><strong>pnemia</strong></span> <span class='ocrx_word' id='word_1_469' title='bbox 1673 4464 1727 4518; x_wconf 90' lang='lat' dir='ltr'><strong>in</strong></span> <span class='ocrx_word' id='word_1_470' title='bbox 1762 4464 1911 4534; x_wconf 86' lang='lat' dir='ltr'><strong>pacis</strong></span> <span class='ocrx_word' id='word_1_471' title='bbox 1941 4479 2073 4519; x_wconf 88' lang='lat' dir='ltr'><strong>con-</strong></span> 
     </span>
    </p>
   </div>
   <div class='ocr_carea' id='block_1_61' title="bbox 495 4531 2070 4620">
    <p class='ocr_par' dir='ltr' id='par_1_61' title="bbox 495 4531 2070 4620">
     <span class='ocr_line' id='line_1_61' title="bbox 495 4531 2070 4620; baseline 0.01 -23"><span class='ocrx_word' id='word_1_472' title='bbox 495 4546 797 4601; x_wconf 87' lang='lat' dir='ltr'><strong>versatione</strong></span> <span class='ocrx_word' id='word_1_473' title='bbox 824 4531 1072 4616; x_wconf 65' lang='lat' dir='ltr'><strong>promisit</strong></span> <span class='ocrx_word' id='word_1_474' title='bbox 1100 4564 1116 4603; x_wconf 88' lang='lat'><strong>:</strong></span> <span class='ocrx_word' id='word_1_475' title='bbox 1143 4559 1306 4620; x_wconf 88' lang='lat' dir='ltr'><strong>atque</strong></span> <span class='ocrx_word' id='word_1_476' title='bbox 1336 4552 1477 4617; x_wconf 88' lang='lat' dir='ltr'><strong>ideo,</strong></span> <span class='ocrx_word' id='word_1_477' title='bbox 1504 4552 1722 4619; x_wconf 73' lang='lat' dir='ltr'><strong>fratres,</strong></span> <span class='ocrx_word' id='word_1_478' title='bbox 1746 4531 1793 4610; x_wconf 80' lang='lat' dir='ltr'><strong>si</strong></span> <span class='ocrx_word' id='word_1_479' title='bbox 1824 4556 2070 4613; x_wconf 67' lang='lat' dir='ltr'><strong>haeredes</strong></span> 
     </span>
    </p>
   </div>
   <div class='ocr_carea' id='block_1_62' title="bbox 492 4636 2067 4713">
    <p class='ocr_par' dir='ltr' id='par_1_62' title="bbox 492 4636 2067 4713">
     <span class='ocr_line' id='line_1_62' title="bbox 492 4636 2067 4713; baseline 0.01 -24"><span class='ocrx_word' id='word_1_480' title='bbox 492 4636 692 4689; x_wconf 81' lang='lat' dir='ltr'><strong>Christi</strong></span> <span class='ocrx_word' id='word_1_481' title='bbox 721 4651 839 4692; x_wconf 88' lang='lat' dir='ltr'><strong>esse</strong></span> <span class='ocrx_word' id='word_1_482' title='bbox 862 4638 1123 4705; x_wconf 78' lang='lat' dir='ltr'><strong>volumus,</strong></span> <span class='ocrx_word' id='word_1_483' title='bbox 1155 4640 1207 4695; x_wconf 91' lang='lat' dir='ltr'><strong>in</strong></span> <span class='ocrx_word' id='word_1_484' title='bbox 1244 4642 1359 4711; x_wconf 85' lang='lat' dir='ltr'><strong>ejus</strong></span> <span class='ocrx_word' id='word_1_485' title='bbox 1380 4659 1510 4713; x_wconf 83' lang='lat' dir='ltr'><strong>pace</strong></span> <span class='ocrx_word' id='word_1_486' title='bbox 1544 4660 1761 4701; x_wconf 89' lang='lat' dir='ltr'><strong>manere</strong></span> <span class='ocrx_word' id='word_1_487' title='bbox 1790 4649 2067 4705; x_wconf 86' lang='lat' dir='ltr'><strong>debemus.</strong></span> 
     </span>
    </p>
   </div>
   <div class='ocr_carea' id='block_1_63' title="bbox 494 4725 2069 4805">
    <p class='ocr_par' dir='ltr' id='par_1_63' title="bbox 494 4725 2069 4805">
     <span class='ocr_line' id='line_1_63' title="bbox 494 4725 2069 4805; baseline 0.01 -26"><span class='ocrx_word' id='word_1_488' title='bbox 494 4725 689 4780; x_wconf 87' lang='lat' dir='ltr'><strong>Pacem</strong></span> <span class='ocrx_word' id='word_1_489' title='bbox 731 4728 906 4791; x_wconf 88' lang='lat' dir='ltr'><strong>nobis,</strong></span> <span class='ocrx_word' id='word_1_490' title='bbox 944 4730 1083 4783; x_wconf 88' lang='lat' dir='ltr'><strong>sicut</strong></span> <span class='ocrx_word' id='word_1_491' title='bbox 1134 4732 1389 4798; x_wconf 86' lang='lat' dir='ltr'><strong>audistis,</strong></span> <span class='ocrx_word' id='word_1_492' title='bbox 1421 4735 1670 4793; x_wconf 87' lang='lat' dir='ltr'><strong>Christus</strong></span> <span class='ocrx_word' id='word_1_493' title='bbox 1716 4738 1903 4805; x_wconf 86' lang='lat' dir='ltr'><strong>dedit;</strong></span> <span class='ocrx_word' id='word_1_494' title='bbox 1939 4755 2069 4795; x_wconf 87' lang='lat' dir='ltr'><strong>con-</strong></span> 
     </span>
    </p>
   </div>
   <div class='ocr_carea' id='block_1_64' title="bbox 492 4820 2071 4899">
    <p class='ocr_par' dir='ltr' id='par_1_64' title="bbox 492 4820 2071 4899">
     <span class='ocr_line' id='line_1_64' title="bbox 492 4820 2071 4899; baseline 0.008 -24"><span class='ocrx_word' id='word_1_495' title='bbox 492 4820 685 4875; x_wconf 87' lang='lat' dir='ltr'><strong>cordes</strong></span> <span class='ocrx_word' id='word_1_496' title='bbox 722 4829 882 4890; x_wconf 91' lang='lat' dir='ltr'><strong>atque</strong></span> <span class='ocrx_word' id='word_1_497' title='bbox 929 4826 1213 4880; x_wconf 84' lang='lat' dir='ltr'><strong>unanimes</strong></span> <span class='ocrx_word' id='word_1_498' title='bbox 1264 4842 1386 4882; x_wconf 90' lang='lat' dir='ltr'><strong>esse</strong></span> <span class='ocrx_word' id='word_1_499' title='bbox 1431 4830 1718 4899; x_wconf 69' lang='lat' dir='ltr'><strong>prtccepit,</strong></span> <span class='ocrx_word' id='word_1_500' title='bbox 1769 4831 2071 4889; x_wconf 88' lang='lat' dir='ltr'><strong>dilectionis</strong></span> 
     </span>
    </p>
   </div>
   <div class='ocr_carea' id='block_1_65' title="bbox 492 4911 2069 4989">
    <p class='ocr_par' dir='ltr' id='par_1_65' title="bbox 492 4911 2069 4989">
     <span class='ocr_line' id='line_1_65' title="bbox 492 4911 2069 4989; baseline 0.009 -26"><span class='ocrx_word' id='word_1_501' title='bbox 492 4918 548 4963; x_wconf 89' lang='lat' dir='ltr'><strong>et</strong></span> <span class='ocrx_word' id='word_1_502' title='bbox 594 4911 879 4967; x_wconf 80' lang='lat' dir='ltr'><strong>charitatis</strong></span> <span class='ocrx_word' id='word_1_503' title='bbox 951 4913 1155 4970; x_wconf 71' lang='lat' dir='ltr'><strong>fredera</strong></span> <span class='ocrx_word' id='word_1_504' title='bbox 1228 4917 1538 4988; x_wconf 87' lang='lat' dir='ltr'><strong>incorrupta</strong></span> <span class='ocrx_word' id='word_1_505' title='bbox 1593 4930 1755 4989; x_wconf 86' lang='lat' dir='ltr'><strong>atque</strong></span> <span class='ocrx_word' id='word_1_506' title='bbox 1813 4922 2069 4977; x_wconf 86' lang='lat' dir='ltr'><strong>inviolata</strong></span> 
     </span>
    </p>
   </div>
   <div class='ocr_carea' id='block_1_66' title="bbox 495 5000 2071 5074">
    <p class='ocr_par' dir='ltr' id='par_1_66' title="bbox 495 5000 2071 5074">
     <span class='ocr_line' id='line_1_66' title="bbox 495 5000 2071 5074; baseline 0.009 -20"><span class='ocrx_word' id='word_1_507' title='bbox 495 5000 797 5066; x_wconf 87' lang='lat' dir='ltr'><strong>mandavit;</strong></span> <span class='ocrx_word' id='word_1_508' title='bbox 848 5001 999 5070; x_wconf 92' lang='lat' dir='ltr'><strong>cujus</strong></span> <span class='ocrx_word' id='word_1_509' title='bbox 1022 5005 1174 5074; x_wconf 88' lang='lat' dir='ltr'><strong>pacis</strong></span> <span class='ocrx_word' id='word_1_510' title='bbox 1209 5018 1558 5074; x_wconf 87' lang='lat' dir='ltr'><strong>ornamenta,</strong></span> <span class='ocrx_word' id='word_1_511' title='bbox 1595 5010 1918 5068; x_wconf 87' lang='lat' dir='ltr'><strong>mirabiliter</strong></span> <span class='ocrx_word' id='word_1_512' title='bbox 1966 5013 2071 5069; x_wconf 89' lang='lat' dir='ltr'><strong>alio</strong></span> 
     </span>
    </p>
   </div>
   <div class='ocr_carea' id='block_1_67' title="bbox 490 5089 2072 5171">
    <p class='ocr_par' dir='ltr' id='par_1_67' title="bbox 490 5089 2072 5171">
     <span class='ocr_line' id='line_1_67' title="bbox 490 5089 2072 5171; baseline 0.009 -28"><span class='ocrx_word' id='word_1_513' title='bbox 490 5089 727 5154; x_wconf 83' lang='lat' dir='ltr'><strong>ostendit</strong></span> <span class='ocrx_word' id='word_1_514' title='bbox 756 5090 874 5145; x_wconf 89' lang='lat' dir='ltr'><strong>loco</strong></span> <span class='ocrx_word' id='word_1_515' title='bbox 895 5093 1083 5149; x_wconf 91' lang='lat' dir='ltr'><strong>dicens</strong></span> <span class='ocrx_word' id='word_1_516' title='bbox 1116 5116 1127 5147; x_wconf 68' lang='grc' dir='ltr'><strong>ς</strong></span> <span class='ocrx_word' id='word_1_517' title='bbox 1162 5095 1311 5150; x_wconf 85' lang='lat' dir='ltr'><strong>Beati</strong></span> <span class='ocrx_word' id='word_1_518' title='bbox 1327 5100 1553 5167; x_wconf 79' lang='lat' dir='ltr'><strong>paciﬁci,</strong></span> <span class='ocrx_word' id='word_1_519' title='bbox 1577 5102 1827 5169; x_wconf 83' lang='lat' dir='ltr'><strong>quoniam</strong></span> <span class='ocrx_word' id='word_1_520' title='bbox 1850 5102 1950 5171; x_wconf 76' lang='lat' dir='ltr'><strong>ﬁlii</strong></span> <span class='ocrx_word' id='word_1_521' title='bbox 1974 5104 2072 5158; x_wconf 86' lang='lat' dir='ltr'><strong>Dei</strong></span> 
     </span>
    </p>
   </div>
   <div class='ocr_carea' id='block_1_68' title="bbox 490 5176 2068 5262">
    <p class='ocr_par' dir='ltr' id='par_1_68' title="bbox 490 5176 2068 5262">
     <span class='ocr_line' id='line_1_68' title="bbox 490 5176 2068 5262; baseline 0.011 -30"><span class='ocrx_word' id='word_1_522' title='bbox 490 5176 811 5232; x_wconf 81' lang='lat' dir='ltr'><strong>vocabuntur</strong></span> <span class='ocrx_word' id='word_1_523' title='bbox 854 5182 1066 5253; x_wconf 74' lang='lat' dir='ltr'><strong>(Matth.</strong></span> <span class='ocrx_word' id='word_1_524' title='bbox 1091 5186 1164 5256; x_wconf 88' lang='lat' dir='ltr'><strong>v).</strong></span> <span class='ocrx_word' id='word_1_525' title='bbox 1202 5187 1280 5242; x_wconf 84' lang='lat' dir='ltr'><strong>En</strong></span> <span class='ocrx_word' id='word_1_526' title='bbox 1316 5190 1454 5243; x_wconf 81' lang='lat' dir='ltr'><strong>ﬁlius</strong></span> <span class='ocrx_word' id='word_1_527' title='bbox 1486 5191 1581 5244; x_wconf 87' lang='lat' dir='ltr'><strong>Dei</strong></span> <span class='ocrx_word' id='word_1_528' title='bbox 1628 5191 1821 5262; x_wconf 86' lang='lat' dir='ltr'><strong>incipit</strong></span> <span class='ocrx_word' id='word_1_529' title='bbox 1864 5197 2068 5260; x_wconf 84' lang='lat' dir='ltr'><strong>vocari,</strong></span> 
     </span>
    </p>
   </div>
   <div class='ocr_carea' id='block_1_69' title="bbox 490 5270 2069 5355">
    <p class='ocr_par' dir='ltr' id='par_1_69' title="bbox 490 5270 2069 5355">
     <span class='ocr_line' id='line_1_69' title="bbox 490 5270 2069 5355; baseline 0.011 -33"><span class='ocrx_word' id='word_1_530' title='bbox 490 5270 583 5341; x_wconf 91' lang='lat' dir='ltr'><strong>qui</strong></span> <span class='ocrx_word' id='word_1_531' title='bbox 614 5272 871 5339; x_wconf 82' lang='lat' dir='ltr'><strong>paciﬁcus</strong></span> <span class='ocrx_word' id='word_1_532' title='bbox 925 5290 1044 5331; x_wconf 91' lang='lat' dir='ltr'><strong>esse</strong></span> <span class='ocrx_word' id='word_1_533' title='bbox 1089 5277 1202 5347; x_wconf 87' lang='lat' dir='ltr'><strong>jam</strong></span> <span class='ocrx_word' id='word_1_534' title='bbox 1230 5280 1421 5347; x_wconf 76' lang='lat' dir='ltr'><strong>cmpit;</strong></span> <span class='ocrx_word' id='word_1_535' title='bbox 1465 5296 1569 5335; x_wconf 90' lang='lat' dir='ltr'><strong>non</strong></span> <span class='ocrx_word' id='word_1_536' title='bbox 1622 5283 1765 5339; x_wconf 79' lang='lat' dir='ltr'><strong>[ilius</strong></span> <span class='ocrx_word' id='word_1_537' title='bbox 1793 5284 1927 5350; x_wconf 90' lang='lat' dir='ltr'><strong>dici,</strong></span> <span class='ocrx_word' id='word_1_538' title='bbox 1978 5286 2069 5355; x_wconf 88' lang='lat' dir='ltr'><strong>qui</strong></span> 
     </span>
    </p>
   </div>
   <div class='ocr_carea' id='block_1_70' title="bbox 492 5365 2063 5442">
    <p class='ocr_par' dir='ltr' id='par_1_70' title="bbox 492 5365 2063 5442">
     <span class='ocr_line' id='line_1_70' title="bbox 492 5365 2063 5442; baseline 0.013 -28"><span class='ocrx_word' id='word_1_539' title='bbox 492 5376 684 5432; x_wconf 86' lang='lat' dir='ltr'><strong>pacem</strong></span> <span class='ocrx_word' id='word_1_540' title='bbox 739 5365 909 5425; x_wconf 83' lang='lat' dir='ltr'><strong>noluit</strong></span> <span class='ocrx_word' id='word_1_541' title='bbox 950 5370 1228 5438; x_wconf 86' lang='lat' dir='ltr'><strong>amplecti;</strong></span> <span class='ocrx_word' id='word_1_542' title='bbox 1272 5382 1429 5440; x_wconf 80' lang='lat' dir='ltr'><strong>negat</strong></span> <span class='ocrx_word' id='word_1_543' title='bbox 1478 5374 1577 5428; x_wconf 88' lang='lat' dir='ltr'><strong>sibi</strong></span> <span class='ocrx_word' id='word_1_544' title='bbox 1620 5375 1833 5431; x_wconf 84' lang='lat' dir='ltr'><strong>Patrem</strong></span> <span class='ocrx_word' id='word_1_545' title='bbox 1876 5378 2063 5442; x_wconf 90' lang='lat' dir='ltr'><strong>Deum,</strong></span> 
     </span>
    </p>
   </div>
   <div class='ocr_carea' id='block_1_71' title="bbox 491 5452 2069 5539">
    <p class='ocr_par' dir='ltr' id='par_1_71' title="bbox 491 5452 2069 5539">
     <span class='ocr_line' id='line_1_71' title="bbox 491 5452 2069 5539; baseline 0.015 -38"><span class='ocrx_word' id='word_1_546' title='bbox 491 5452 584 5518; x_wconf 86' lang='lat' dir='ltr'><strong>qui</strong></span> <span class='ocrx_word' id='word_1_547' title='bbox 610 5453 869 5520; x_wconf 81' lang='lat' dir='ltr'><strong>paciﬁcus</strong></span> <span class='ocrx_word' id='word_1_548' title='bbox 905 5471 1027 5511; x_wconf 91' lang='lat' dir='ltr'><strong>esse</strong></span> <span class='ocrx_word' id='word_1_549' title='bbox 1056 5464 1368 5517; x_wconf 86' lang='lat' dir='ltr'><strong>contemnit.</strong></span> <span class='ocrx_word' id='word_1_550' title='bbox 1402 5464 1659 5521; x_wconf 79' lang='lat' dir='ltr'><strong>Paciﬁcos</strong></span> <span class='ocrx_word' id='word_1_551' title='bbox 1698 5484 1827 5539; x_wconf 85' lang='lat' dir='ltr'><strong>ergo</strong></span> <span class='ocrx_word' id='word_1_552' title='bbox 1855 5479 2069 5538; x_wconf 87' lang='lat' dir='ltr'><strong>oportet</strong></span> 
     </span>
    </p>
   </div>
   <div class='ocr_carea' id='block_1_72' title="bbox 492 5544 2065 5628">
    <p class='ocr_par' dir='ltr' id='par_1_72' title="bbox 492 5544 2065 5628">
     <span class='ocr_line' id='line_1_72' title="bbox 492 5544 2065 5628; baseline 0.015 -35"><span class='ocrx_word' id='word_1_553' title='bbox 492 5558 611 5595; x_wconf 80' lang='lat' dir='ltr'><strong>esse</strong></span> <span class='ocrx_word' id='word_1_554' title='bbox 642 5544 735 5598; x_wconf 90' lang='lat' dir='ltr'><strong>Dei</strong></span> <span class='ocrx_word' id='word_1_555' title='bbox 767 5546 903 5602; x_wconf 73' lang='lat' dir='ltr'><strong>filios</strong></span> <span class='ocrx_word' id='word_1_556' title='bbox 942 5551 1103 5605; x_wconf 87' lang='lat' dir='ltr'><strong>corde</strong></span> <span class='ocrx_word' id='word_1_557' title='bbox 1132 5554 1318 5619; x_wconf 85' lang='lat' dir='ltr'><strong>mites,</strong></span> <span class='ocrx_word' id='word_1_558' title='bbox 1368 5570 1613 5611; x_wconf 81' lang='lat' dir='ltr'><strong>sermone</strong></span> <span class='ocrx_word' id='word_1_559' title='bbox 1643 5561 1936 5628; x_wconf 79' lang='lat' dir='ltr'><strong>simplices,</strong></span> <span class='ocrx_word' id='word_1_560' title='bbox 1984 5563 2065 5614; x_wconf 80' lang='lat' dir='ltr'><strong>af-</strong></span> 
     </span>
    </p>
   </div>
   <div class='ocr_carea' id='block_1_73' title="bbox 493 5634 2063 5710">
    <p class='ocr_par' dir='ltr' id='par_1_73' title="bbox 493 5634 2063 5710">
     <span class='ocr_line' id='line_1_73' title="bbox 493 5634 2063 5710; baseline 0.017 -27"><span class='ocrx_word' id='word_1_561' title='bbox 493 5634 724 5689; x_wconf 75' lang='lat' dir='ltr'><strong>fectione</strong></span> <span class='ocrx_word' id='word_1_562' title='bbox 772 5642 1085 5706; x_wconf 78' lang='lat' dir='ltr'><strong>concordes,</strong></span> <span class='ocrx_word' id='word_1_563' title='bbox 1138 5644 1365 5700; x_wconf 80' lang='lat' dir='ltr'><strong>ﬁdeliter</strong></span> <span class='ocrx_word' id='word_1_564' title='bbox 1405 5648 1508 5702; x_wconf 85' lang='lat' dir='ltr'><strong>sibi</strong></span> <span class='ocrx_word' id='word_1_565' title='bbox 1558 5652 1929 5709; x_wconf 88' lang='lat' dir='ltr'><strong>unanimitatis</strong></span> <span class='ocrx_word' id='word_1_566' title='bbox 1968 5672 2063 5710; x_wconf 87' lang='lat' dir='ltr'><strong>ne-</strong></span> 
     </span>
    </p>
   </div>
   <div class='ocr_carea' id='block_1_74' title="bbox 497 5721 2067 5804">
    <p class='ocr_par' dir='ltr' id='par_1_74' title="bbox 497 5721 2067 5804">
     <span class='ocr_line' id='line_1_74' title="bbox 497 5721 2067 5804; baseline 0.018 -32"><span class='ocrx_word' id='word_1_567' title='bbox 497 5721 653 5775; x_wconf 61' lang='lat' dir='ltr'><strong>xibus</strong></span> <span class='ocrx_word' id='word_1_568' title='bbox 678 5726 1027 5787; x_wconf 72' lang='lat' dir='ltr'><strong>colla-rentes.</strong></span> <span class='ocrx_word' id='word_1_569' title='bbox 1060 5733 1163 5787; x_wconf 88' lang='lat' dir='ltr'><strong>Sed</strong></span> <span class='ocrx_word' id='word_1_570' title='bbox 1210 5737 1323 5791; x_wconf 79' lang='lat' dir='ltr'><strong>luce</strong></span> <span class='ocrx_word' id='word_1_571' title='bbox 1353 5752 1453 5804; x_wconf 80' lang='lat' dir='ltr'><strong>pax</strong></span> <span class='ocrx_word' id='word_1_572' title='bbox 1493 5755 1613 5793; x_wconf 88' lang='lat' dir='ltr'><strong>cum</strong></span> <span class='ocrx_word' id='word_1_573' title='bbox 1662 5742 1815 5797; x_wconf 89' lang='lat' dir='ltr'><strong>bonis</strong></span> <span class='ocrx_word' id='word_1_574' title='bbox 1866 5753 1916 5797; x_wconf 86' lang='lat' dir='ltr'><strong>et</strong></span> <span class='ocrx_word' id='word_1_575' title='bbox 1972 5744 2067 5800; x_wconf 89' lang='lat' dir='ltr'><strong>Dei</strong></span> 
     </span>
    </p>
   </div>
   <div class='ocr_carea' id='block_1_75' title="bbox 2098 4514 2151 4574">
    <p class='ocr_par' dir='ltr' id='par_1_75' title="bbox 2098 4514 2151 4574">
     <span class='ocr_line' id='line_1_75' title="bbox 2098 4514 2151 4574; baseline 0 0"><span class='ocrx_word' id='word_1_576' title='bbox 2098 4514 2151 4574; x_wconf 92' lang='lat' dir='ltr'><strong>D</strong></span> 
     </span>
    </p>
   </div>
   <div class='ocr_carea' id='block_1_76' title="bbox 2172 1904 3758 1977">
    <p class='ocr_par' dir='ltr' id='par_1_76' title="bbox 2172 1904 3758 1977">
     <span class='ocr_line' id='line_1_76' title="bbox 2172 1904 3758 1977; baseline 0.001 -17"><span class='ocrx_word' id='word_1_577' title='bbox 2172 1904 2545 1973; x_wconf 81' lang='lat' dir='ltr'><strong>custodienda,</strong></span> <span class='ocrx_word' id='word_1_578' title='bbox 2570 1904 2784 1971; x_wconf 82' lang='lat' dir='ltr'><strong>fratres,</strong></span> <span class='ocrx_word' id='word_1_579' title='bbox 2816 1906 2946 1976; x_wconf 86' lang='lat' dir='ltr'><strong>quia</strong></span> <span class='ocrx_word' id='word_1_580' title='bbox 2973 1920 3184 1977; x_wconf 88' lang='lat' dir='ltr'><strong>semper</strong></span> <span class='ocrx_word' id='word_1_581' title='bbox 3210 1907 3264 1961; x_wconf 91' lang='lat' dir='ltr'><strong>in</strong></span> <span class='ocrx_word' id='word_1_582' title='bbox 3291 1906 3518 1962; x_wconf 89' lang='lat' dir='ltr'><strong>Domino</strong></span> <span class='ocrx_word' id='word_1_583' title='bbox 3540 1918 3758 1975; x_wconf 84' lang='lat' dir='ltr'><strong>manet,</strong></span> 
     </span>
    </p>
   </div>
   <div class='ocr_carea' id='block_1_77' title="bbox 2173 1997 3761 2070">
    <p class='ocr_par' dir='ltr' id='par_1_77' title="bbox 2173 1997 3761 2070">
     <span class='ocr_line' id='line_1_77' title="bbox 2173 1997 3761 2070; baseline 0.003 -21"><span class='ocrx_word' id='word_1_584' title='bbox 2173 1997 2263 2066; x_wconf 85' lang='lat' dir='ltr'><strong>qui</strong></span> <span class='ocrx_word' id='word_1_585' title='bbox 2294 1998 2347 2050; x_wconf 88' lang='lat' dir='ltr'><strong>in</strong></span> <span class='ocrx_word' id='word_1_586' title='bbox 2374 2011 2506 2067; x_wconf 87' lang='lat' dir='ltr'><strong>pace</strong></span> <span class='ocrx_word' id='word_1_587' title='bbox 2540 2006 2725 2061; x_wconf 86' lang='lat' dir='ltr'><strong>sancta</strong></span> <span class='ocrx_word' id='word_1_588' title='bbox 2764 2005 2948 2051; x_wconf 89' lang='lat' dir='ltr'><strong>manet</strong></span> <span class='ocrx_word' id='word_1_589' title='bbox 2977 2006 3033 2052; x_wconf 90' lang='lat' dir='ltr'><strong>et</strong></span> <span class='ocrx_word' id='word_1_590' title='bbox 3058 2013 3181 2052; x_wconf 80' lang='lat' dir='ltr'><strong>cum</strong></span> <span class='ocrx_word' id='word_1_591' title='bbox 3214 1998 3420 2053; x_wconf 85' lang='lat' dir='ltr'><strong>sanctis</strong></span> <span class='ocrx_word' id='word_1_592' title='bbox 3454 1997 3551 2070; x_wconf 80' lang='lat' dir='ltr'><strong>Dei</strong></span> <span class='ocrx_word' id='word_1_593' title='bbox 3579 2000 3761 2054; x_wconf 82' lang='lat' dir='ltr'><strong>socie-</strong></span> 
     </span>
    </p>
   </div>
   <div class='ocr_carea' id='block_1_78' title="bbox 2176 2088 3763 2160">
    <p class='ocr_par' dir='ltr' id='par_1_78' title="bbox 2176 2088 3763 2160">
     <span class='ocr_line' id='line_1_78' title="bbox 2176 2088 3763 2160; baseline 0.003 -20"><span class='ocrx_word' id='word_1_594' title='bbox 2176 2095 2338 2141; x_wconf 88' lang='lat' dir='ltr'><strong>tatem</strong></span> <span class='ocrx_word' id='word_1_595' title='bbox 2364 2088 2546 2141; x_wconf 80' lang='lat' dir='ltr'><strong>hahet.</strong></span> <span class='ocrx_word' id='word_1_596' title='bbox 2581 2088 2890 2143; x_wconf 85' lang='lat' dir='ltr'><strong>Sacerdotis</strong></span> <span class='ocrx_word' id='word_1_597' title='bbox 2915 2098 2998 2144; x_wconf 88' lang='lat' dir='ltr'><strong>est</strong></span> <span class='ocrx_word' id='word_1_598' title='bbox 3024 2089 3079 2143; x_wconf 93' lang='lat' dir='ltr'><strong>in</strong></span> <span class='ocrx_word' id='word_1_599' title='bbox 3122 2103 3259 2160; x_wconf 89' lang='lat' dir='ltr'><strong>pace</strong></span> <span class='ocrx_word' id='word_1_600' title='bbox 3287 2090 3539 2160; x_wconf 89' lang='lat' dir='ltr'><strong>populum</strong></span> <span class='ocrx_word' id='word_1_601' title='bbox 3571 2092 3763 2145; x_wconf 81' lang='lat' dir='ltr'><strong>admo-</strong></span> 
     </span>
    </p>
   </div>
   <div class='ocr_carea' id='block_1_79' title="bbox 2172 2175 3763 2248">
    <p class='ocr_par' dir='ltr' id='par_1_79' title="bbox 2172 2175 3763 2248">
     <span class='ocr_line' id='line_1_79' title="bbox 2172 2175 3763 2248; baseline 0.002 -19"><span class='ocrx_word' id='word_1_602' title='bbox 2172 2191 2303 2230; x_wconf 86' lang='lat' dir='ltr'><strong>nere</strong></span> <span class='ocrx_word' id='word_1_603' title='bbox 2329 2177 2455 2244; x_wconf 90' lang='lat' dir='ltr'><strong>quid</strong></span> <span class='ocrx_word' id='word_1_604' title='bbox 2484 2176 2674 2231; x_wconf 87' lang='lat' dir='ltr'><strong>debeat</strong></span> <span class='ocrx_word' id='word_1_605' title='bbox 2695 2192 2883 2247; x_wconf 85' lang='lat' dir='ltr'><strong>agere,</strong></span> <span class='ocrx_word' id='word_1_606' title='bbox 2915 2177 3095 2248; x_wconf 89' lang='lat' dir='ltr'><strong>populi</strong></span> <span class='ocrx_word' id='word_1_607' title='bbox 3136 2186 3220 2232; x_wconf 91' lang='lat' dir='ltr'><strong>est</strong></span> <span class='ocrx_word' id='word_1_608' title='bbox 3247 2179 3303 2232; x_wconf 92' lang='lat' dir='ltr'><strong>in</strong></span> <span class='ocrx_word' id='word_1_609' title='bbox 3336 2175 3635 2233; x_wconf 74' lang='lat' dir='ltr'><strong>humilﬂate</strong></span> <span class='ocrx_word' id='word_1_610' title='bbox 3668 2195 3763 2232; x_wconf 86' lang='lat' dir='ltr'><strong>au-</strong></span> 
     </span>
    </p>
   </div>
   <div class='ocr_carea' id='block_1_80' title="bbox 2174 2267 3762 2338">
    <p class='ocr_par' dir='ltr' id='par_1_80' title="bbox 2174 2267 3762 2338">
     <span class='ocr_line' id='line_1_80' title="bbox 2174 2267 3762 2338; baseline -0.001 -17"><span class='ocrx_word' id='word_1_611' title='bbox 2174 2267 2289 2321; x_wconf 90' lang='lat' dir='ltr'><strong>dire</strong></span> <span class='ocrx_word' id='word_1_612' title='bbox 2342 2282 2461 2335; x_wconf 73' lang='lat' dir='ltr'><strong>quae</strong></span> <span class='ocrx_word' id='word_1_613' title='bbox 2519 2276 2705 2322; x_wconf 88' lang='lat' dir='ltr'><strong>monet</strong></span> <span class='ocrx_word' id='word_1_614' title='bbox 2758 2270 3029 2323; x_wconf 83' lang='lat' dir='ltr'><strong>sacerdos.</strong></span> <span class='ocrx_word' id='word_1_615' title='bbox 3088 2267 3359 2338; x_wconf 84' lang='lat' dir='ltr'><strong>Quidquid</strong></span> <span class='ocrx_word' id='word_1_616' title='bbox 3421 2282 3526 2321; x_wconf 92' lang='lat' dir='ltr'><strong>non</strong></span> <span class='ocrx_word' id='word_1_617' title='bbox 3583 2268 3762 2333; x_wconf 82' lang='lat' dir='ltr'><strong>licet,</strong></span> 
     </span>
    </p>
   </div>
   <div class='ocr_carea' id='block_1_81' title="bbox 2172 2357 3765 2428">
    <p class='ocr_par' dir='ltr' id='par_1_81' title="bbox 2172 2357 3765 2428">
     <span class='ocr_line' id='line_1_81' title="bbox 2172 2357 3765 2428; baseline 0.001 -17"><span class='ocrx_word' id='word_1_618' title='bbox 2172 2359 2406 2427; x_wconf 88' lang='lat' dir='ltr'><strong>pastoris</strong></span> <span class='ocrx_word' id='word_1_619' title='bbox 2432 2366 2514 2412; x_wconf 85' lang='lat' dir='ltr'><strong>est</strong></span> <span class='ocrx_word' id='word_1_620' title='bbox 2546 2358 2835 2428; x_wconf 89' lang='lat' dir='ltr'><strong>pronibere</strong></span> <span class='ocrx_word' id='word_1_621' title='bbox 2864 2373 2931 2413; x_wconf 92' lang='lat' dir='ltr'><strong>ne</strong></span> <span class='ocrx_word' id='word_1_622' title='bbox 2960 2358 3049 2412; x_wconf 86' lang='lat' dir='ltr'><strong>liat</strong></span> <span class='ocrx_word' id='word_1_623' title='bbox 3074 2399 3088 2424; x_wconf 91' lang='lat'><strong>,</strong></span> <span class='ocrx_word' id='word_1_624' title='bbox 3117 2357 3289 2427; x_wconf 78' lang='lat' dir='ltr'><strong>plebis</strong></span> <span class='ocrx_word' id='word_1_625' title='bbox 3323 2369 3405 2412; x_wconf 90' lang='lat' dir='ltr'><strong>est</strong></span> <span class='ocrx_word' id='word_1_626' title='bbox 3433 2360 3625 2413; x_wconf 83' lang='lat' dir='ltr'><strong>audire</strong></span> <span class='ocrx_word' id='word_1_627' title='bbox 3646 2401 3660 2422; x_wconf 88' lang='lat'><strong>,</strong></span> <span class='ocrx_word' id='word_1_628' title='bbox 3700 2376 3765 2413; x_wconf 88' lang='lat' dir='ltr'><strong>nc</strong></span> 
     </span>
    </p>
   </div>
   <div class='ocr_carea' id='block_1_82' title="bbox 2174 2448 3761 2520">
    <p class='ocr_par' dir='ltr' id='par_1_82' title="bbox 2174 2448 3761 2520">
     <span class='ocr_line' id='line_1_82' title="bbox 2174 2448 3761 2520; baseline 0.001 -19"><span class='ocrx_word' id='word_1_629' title='bbox 2174 2450 2355 2503; x_wconf 79' lang='lat' dir='ltr'><strong>faciat.</strong></span> <span class='ocrx_word' id='word_1_630' title='bbox 2386 2448 2561 2518; x_wconf 83' lang='lat' dir='ltr'><strong>Atque</strong></span> <span class='ocrx_word' id='word_1_631' title='bbox 2596 2449 2819 2504; x_wconf 88' lang='lat' dir='ltr'><strong>unitatis</strong></span> <span class='ocrx_word' id='word_1_632' title='bbox 2846 2448 3116 2503; x_wconf 88' lang='lat' dir='ltr'><strong>vinculum</strong></span> <span class='ocrx_word' id='word_1_633' title='bbox 3145 2462 3335 2504; x_wconf 88' lang='lat' dir='ltr'><strong>omnes</strong></span> <span class='ocrx_word' id='word_1_634' title='bbox 3366 2450 3587 2516; x_wconf 87' lang='lat' dir='ltr'><strong>debent,</strong></span> <span class='ocrx_word' id='word_1_635' title='bbox 3614 2466 3761 2520; x_wconf 69' lang='lat' dir='ltr'><strong>pra--</strong></span> 
     </span>
    </p>
   </div>
   <div class='ocr_carea' id='block_1_83' title="bbox 2172 2539 3763 2613">
    <p class='ocr_par' dir='ltr' id='par_1_83' title="bbox 2172 2539 3763 2613">
     <span class='ocr_line' id='line_1_83' title="bbox 2172 2539 3763 2613; baseline 0.002 -21"><span class='ocrx_word' id='word_1_636' title='bbox 2172 2539 2265 2594; x_wconf 88' lang='lat' dir='ltr'><strong>lati</strong></span> <span class='ocrx_word' id='word_1_637' title='bbox 2298 2539 2455 2594; x_wconf 89' lang='lat' dir='ltr'><strong>simul</strong></span> <span class='ocrx_word' id='word_1_638' title='bbox 2498 2547 2554 2595; x_wconf 93' lang='lat' dir='ltr'><strong>et</strong></span> <span class='ocrx_word' id='word_1_639' title='bbox 2581 2539 2801 2605; x_wconf 89' lang='lat' dir='ltr'><strong>subditi,</strong></span> <span class='ocrx_word' id='word_1_640' title='bbox 2845 2540 2901 2595; x_wconf 86' lang='lat' dir='ltr'><strong>in</strong></span> <span class='ocrx_word' id='word_1_641' title='bbox 2926 2541 3033 2595; x_wconf 75' lang='lat' dir='ltr'><strong>dde</strong></span> <span class='ocrx_word' id='word_1_642' title='bbox 3061 2549 3114 2595; x_wconf 89' lang='lat' dir='ltr'><strong>et</strong></span> <span class='ocrx_word' id='word_1_643' title='bbox 3140 2541 3427 2597; x_wconf 88' lang='lat' dir='ltr'><strong>dilectione</strong></span> <span class='ocrx_word' id='word_1_644' title='bbox 3450 2556 3545 2613; x_wconf 91' lang='lat' dir='ltr'><strong>per</strong></span> <span class='ocrx_word' id='word_1_645' title='bbox 3575 2542 3763 2597; x_wconf 86' lang='lat' dir='ltr'><strong>omnia</strong></span> 
     </span>
    </p>
   </div>
   <div class='ocr_carea' id='block_1_84' title="bbox 2173 2632 3757 2705">
    <p class='ocr_par' dir='ltr' id='par_1_84' title="bbox 2173 2632 3757 2705">
     <span class='ocr_line' id='line_1_84' title="bbox 2173 2632 3757 2705; baseline 0.001 -19"><span class='ocrx_word' id='word_1_646' title='bbox 2173 2645 2413 2697; x_wconf 88' lang='lat' dir='ltr'><strong>servare,</strong></span> <span class='ocrx_word' id='word_1_647' title='bbox 2445 2632 2569 2701; x_wconf 90' lang='lat' dir='ltr'><strong>quia</strong></span> <span class='ocrx_word' id='word_1_648' title='bbox 2613 2632 2729 2685; x_wconf 91' lang='lat' dir='ltr'><strong>sine</strong></span> <span class='ocrx_word' id='word_1_649' title='bbox 2774 2646 2906 2701; x_wconf 90' lang='lat' dir='ltr'><strong>pace</strong></span> <span class='ocrx_word' id='word_1_650' title='bbox 2944 2646 3053 2687; x_wconf 90' lang='lat' dir='ltr'><strong>non</strong></span> <span class='ocrx_word' id='word_1_651' title='bbox 3107 2632 3399 2705; x_wconf 88' lang='lat' dir='ltr'><strong>suscipitur</strong></span> <span class='ocrx_word' id='word_1_652' title='bbox 3450 2634 3757 2688; x_wconf 87' lang='lat' dir='ltr'><strong>sacerdotis</strong></span> 
     </span>
    </p>
   </div>
   <div class='ocr_carea' id='block_1_85' title="bbox 2173 2724 3763 2797">
    <p class='ocr_par' dir='ltr' id='par_1_85' title="bbox 2173 2724 3763 2797">
     <span class='ocr_line' id='line_1_85' title="bbox 2173 2724 3763 2797; baseline 0.001 -18"><span class='ocrx_word' id='word_1_653' title='bbox 2173 2727 2349 2781; x_wconf 83' lang='lat' dir='ltr'><strong>oratio</strong></span> <span class='ocrx_word' id='word_1_654' title='bbox 2375 2740 2475 2780; x_wconf 87' lang='lat' dir='ltr'><strong>nec</strong></span> <span class='ocrx_word' id='word_1_655' title='bbox 2501 2726 2671 2795; x_wconf 88' lang='lat' dir='ltr'><strong>plebis</strong></span> <span class='ocrx_word' id='word_1_656' title='bbox 2700 2724 2919 2781; x_wconf 89' lang='lat' dir='ltr'><strong>oblatio.</strong></span> <span class='ocrx_word' id='word_1_657' title='bbox 2955 2724 3015 2780; x_wconf 86' lang='lat' dir='ltr'><strong>Si</strong></span> <span class='ocrx_word' id='word_1_658' title='bbox 3048 2741 3178 2797; x_wconf 82' lang='lat' dir='ltr'><strong>ergo</strong></span> <span class='ocrx_word' id='word_1_659' title='bbox 3211 2727 3457 2783; x_wconf 85' lang='lat' dir='ltr'><strong>volumus</strong></span> <span class='ocrx_word' id='word_1_660' title='bbox 3496 2727 3763 2782; x_wconf 81' lang='lat' dir='ltr'><strong>velociter</strong></span> 
     </span>
    </p>
   </div>
   <div class='ocr_carea' id='block_1_86' title="bbox 2175 2818 3763 2889">
    <p class='ocr_par' dir='ltr' id='par_1_86' title="bbox 2175 2818 3763 2889">
     <span class='ocr_line' id='line_1_86' title="bbox 2175 2818 3763 2889; baseline 0.002 -18"><span class='ocrx_word' id='word_1_661' title='bbox 2175 2835 2204 2871; x_wconf 91' lang='lat' dir='ltr'><strong>a</strong></span> <span class='ocrx_word' id='word_1_662' title='bbox 2233 2818 2343 2872; x_wconf 91' lang='lat' dir='ltr'><strong>Deo</strong></span> <span class='ocrx_word' id='word_1_663' title='bbox 2367 2819 2629 2883; x_wconf 80' lang='lat' dir='ltr'><strong>exaudiri,</strong></span> <span class='ocrx_word' id='word_1_664' title='bbox 2646 2827 2700 2873; x_wconf 89' lang='lat' dir='ltr'><strong>ct</strong></span> <span class='ocrx_word' id='word_1_665' title='bbox 2729 2826 3005 2889; x_wconf 79' lang='lat' dir='ltr'><strong>gratanter</strong></span> <span class='ocrx_word' id='word_1_666' title='bbox 3022 2834 3249 2874; x_wconf 90' lang='lat' dir='ltr'><strong>munera</strong></span> <span class='ocrx_word' id='word_1_667' title='bbox 3274 2828 3455 2874; x_wconf 89' lang='lat' dir='ltr'><strong>nostra</strong></span> <span class='ocrx_word' id='word_1_668' title='bbox 3486 2820 3555 2873; x_wconf 84' lang='lat' dir='ltr'><strong>ab</strong></span> <span class='ocrx_word' id='word_1_669' title='bbox 3576 2833 3640 2874; x_wconf 89' lang='lat' dir='ltr'><strong>eo</strong></span> <span class='ocrx_word' id='word_1_670' title='bbox 3669 2834 3763 2874; x_wconf 87' lang='lat' dir='ltr'><strong>ac—</strong></span> 
     </span>
    </p>
   </div>
   <div class='ocr_carea' id='block_1_87' title="bbox 2173 2910 3765 2981">
    <p class='ocr_par' dir='ltr' id='par_1_87' title="bbox 2173 2910 3765 2981">
     <span class='ocr_line' id='line_1_87' title="bbox 2173 2910 3765 2981; baseline 0.001 -17"><span class='ocrx_word' id='word_1_671' title='bbox 2173 2910 2300 2980; x_wconf 89' lang='lat' dir='ltr'><strong>cipi,</strong></span> <span class='ocrx_word' id='word_1_672' title='bbox 2331 2910 2587 2964; x_wconf 89' lang='lat' dir='ltr'><strong>debemus</strong></span> <span class='ocrx_word' id='word_1_673' title='bbox 2616 2911 2801 2979; x_wconf 89' lang='lat' dir='ltr'><strong>utique</strong></span> <span class='ocrx_word' id='word_1_674' title='bbox 2830 2911 2885 2965; x_wconf 91' lang='lat' dir='ltr'><strong>in</strong></span> <span class='ocrx_word' id='word_1_675' title='bbox 2913 2926 3047 2981; x_wconf 89' lang='lat' dir='ltr'><strong>pace</strong></span> <span class='ocrx_word' id='word_1_676' title='bbox 3073 2911 3403 2975; x_wconf 88' lang='lat' dir='ltr'><strong>conversari,</strong></span> <span class='ocrx_word' id='word_1_677' title='bbox 3432 2912 3499 2965; x_wconf 88' lang='lat' dir='ltr'><strong>de</strong></span> <span class='ocrx_word' id='word_1_678' title='bbox 3525 2925 3629 2979; x_wconf 90' lang='lat' dir='ltr'><strong>qua</strong></span> <span class='ocrx_word' id='word_1_679' title='bbox 3661 2926 3765 2966; x_wconf 89' lang='lat' dir='ltr'><strong>nos</strong></span> 
     </span>
    </p>
   </div>
   <div class='ocr_carea' id='block_1_88' title="bbox 2175 2997 3759 3071">
    <p class='ocr_par' dir='ltr' id='par_1_88' title="bbox 2175 2997 3759 3071">
     <span class='ocr_line' id='line_1_88' title="bbox 2175 2997 3759 3071; baseline 0 -18"><span class='ocrx_word' id='word_1_680' title='bbox 2175 3000 2289 3070; x_wconf 89' lang='lat' dir='ltr'><strong>ipsa</strong></span> <span class='ocrx_word' id='word_1_681' title='bbox 2318 3000 2527 3055; x_wconf 88' lang='lat' dir='ltr'><strong>Veritas</strong></span> <span class='ocrx_word' id='word_1_682' title='bbox 2552 2999 2820 3055; x_wconf 86' lang='lat' dir='ltr'><strong>instruere</strong></span> <span class='ocrx_word' id='word_1_683' title='bbox 2863 3001 3080 3071; x_wconf 77' lang='lat' dir='ltr'><strong>dignata</strong></span> <span class='ocrx_word' id='word_1_684' title='bbox 3109 3008 3193 3056; x_wconf 88' lang='lat' dir='ltr'><strong>est</strong></span> <span class='ocrx_word' id='word_1_685' title='bbox 3220 2997 3323 3056; x_wconf 57' lang='lat' dir='ltr'><strong>:‘Si</strong></span> <span class='ocrx_word' id='word_1_686' title='bbox 3353 3001 3533 3071; x_wconf 76' lang='lat' dir='ltr'><strong>o/fers,</strong></span> <span class='ocrx_word' id='word_1_687' title='bbox 3557 3001 3759 3070; x_wconf 87' lang='lat' dir='ltr'><strong>inquit,</strong></span> 
     </span>
    </p>
   </div>
   <div class='ocr_carea' id='block_1_89' title="bbox 2173 3092 3761 3163">
    <p class='ocr_par' dir='ltr' id='par_1_89' title="bbox 2173 3092 3761 3163">
     <span class='ocr_line' id='line_1_89' title="bbox 2173 3092 3761 3163; baseline 0 -19"><span class='ocrx_word' id='word_1_688' title='bbox 2173 3107 2363 3144; x_wconf 84' lang='lat' dir='ltr'><strong>munus</strong></span> <span class='ocrx_word' id='word_1_689' title='bbox 2386 3100 2533 3144; x_wconf 83' lang='lat' dir='ltr'><strong>luunt</strong></span> <span class='ocrx_word' id='word_1_690' title='bbox 2556 3100 2674 3144; x_wconf 83' lang='lat' dir='ltr'><strong>ante</strong></span> <span class='ocrx_word' id='word_1_691' title='bbox 2706 3092 2895 3163; x_wconf 78' lang='lat' dir='ltr'><strong>altare,</strong></span> <span class='ocrx_word' id='word_1_692' title='bbox 2926 3102 2973 3146; x_wconf 88' lang='lat' dir='ltr'><strong>et</strong></span> <span class='ocrx_word' id='word_1_693' title='bbox 2998 3092 3068 3146; x_wconf 92' lang='lat' dir='ltr'><strong>ibi</strong></span> <span class='ocrx_word' id='word_1_694' title='bbox 3104 3092 3405 3145; x_wconf 73' lang='lat' dir='ltr'><strong>recordatus</strong></span> <span class='ocrx_word' id='word_1_695' title='bbox 3444 3093 3609 3162; x_wconf 75' lang='lat' dir='ltr'><strong>[ueris</strong></span> <span class='ocrx_word' id='word_1_696' title='bbox 3628 3094 3761 3163; x_wconf 82' lang='lat' dir='ltr'><strong>quia</strong></span> 
     </span>
    </p>
   </div>
   <div class='ocr_carea' id='block_1_90' title="bbox 2101 3176 3763 3254">
    <p class='ocr_par' dir='ltr' id='par_1_90' title="bbox 2101 3176 3763 3254">
     <span class='ocr_line' id='line_1_90' title="bbox 2101 3176 3763 3254; baseline 0.001 -17"><span class='ocrx_word' id='word_1_697' title='bbox 2101 3176 2145 3237; x_wconf 90' lang='lat' dir='ltr'><strong>C</strong></span> <span class='ocrx_word' id='word_1_698' title='bbox 2176 3180 2345 3247; x_wconf 75' lang='lat' dir='ltr'><strong>frater</strong></span> <span class='ocrx_word' id='word_1_699' title='bbox 2378 3189 2499 3233; x_wconf 83' lang='lat' dir='ltr'><strong>tuus</strong></span> <span class='ocrx_word' id='word_1_700' title='bbox 2540 3180 2693 3235; x_wconf 81' lang='lat' dir='ltr'><strong>habet</strong></span> <span class='ocrx_word' id='word_1_701' title='bbox 2726 3180 2926 3251; x_wconf 84' lang='lat' dir='ltr'><strong>aliquid</strong></span> <span class='ocrx_word' id='word_1_702' title='bbox 2967 3182 3239 3236; x_wconf 82' lang='lat' dir='ltr'><strong>adversum</strong></span> <span class='ocrx_word' id='word_1_703' title='bbox 3281 3192 3369 3251; x_wconf 88' lang='lat' dir='ltr'><strong>te,</strong></span> <span class='ocrx_word' id='word_1_704' title='bbox 3415 3184 3644 3254; x_wconf 77' lang='lat' dir='ltr'><strong>relinque</strong></span> <span class='ocrx_word' id='word_1_705' title='bbox 3687 3185 3763 3238; x_wconf 87' lang='lat' dir='ltr'><strong>ibi</strong></span> 
     </span>
    </p>
   </div>
   <div class='ocr_carea' id='block_1_91' title="bbox 2174 3269 3763 3345">
    <p class='ocr_par' dir='ltr' id='par_1_91' title="bbox 2174 3269 3763 3345">
     <span class='ocr_line' id='line_1_91' title="bbox 2174 3269 3763 3345; baseline 0.005 -24"><span class='ocrx_word' id='word_1_706' title='bbox 2174 3284 2363 3324; x_wconf 81' lang='lat' dir='ltr'><strong>manus</strong></span> <span class='ocrx_word' id='word_1_707' title='bbox 2385 3279 2529 3322; x_wconf 88' lang='lat' dir='ltr'><strong>tuum</strong></span> <span class='ocrx_word' id='word_1_708' title='bbox 2544 3280 2666 3324; x_wconf 81' lang='lat' dir='ltr'><strong>ante</strong></span> <span class='ocrx_word' id='word_1_709' title='bbox 2681 3269 2869 3338; x_wconf 87' lang='lat' dir='ltr'><strong>altare,</strong></span> <span class='ocrx_word' id='word_1_710' title='bbox 2886 3282 2931 3325; x_wconf 84' lang='lat' dir='ltr'><strong>et</strong></span> <span class='ocrx_word' id='word_1_711' title='bbox 2956 3272 3083 3325; x_wconf 84' lang='lat' dir='ltr'><strong>vade</strong></span> <span class='ocrx_word' id='word_1_712' title='bbox 3095 3274 3240 3343; x_wconf 85' lang='lat' dir='ltr'><strong>prius</strong></span> <span class='ocrx_word' id='word_1_713' title='bbox 3262 3274 3587 3330; x_wconf 80' lang='lat' dir='ltr'><strong>reconciliari</strong></span> <span class='ocrx_word' id='word_1_714' title='bbox 3598 3276 3763 3345; x_wconf 73' lang='lat' dir='ltr'><strong>fratri</strong></span> 
     </span>
    </p>
   </div>
   <div class='ocr_carea' id='block_1_92' title="bbox 2173 3362 3756 3439">
    <p class='ocr_par' dir='ltr' id='par_1_92' title="bbox 2173 3362 3756 3439">
     <span class='ocr_line' id='line_1_92' title="bbox 2173 3362 3756 3439; baseline 0.004 -28"><span class='ocrx_word' id='word_1_715' title='bbox 2173 3368 2355 3424; x_wconf 85' lang='lat' dir='ltr'><strong>tuo,et</strong></span> <span class='ocrx_word' id='word_1_716' title='bbox 2390 3369 2514 3412; x_wconf 86' lang='lat' dir='ltr'><strong>tunc</strong></span> <span class='ocrx_word' id='word_1_717' title='bbox 2558 3363 2781 3427; x_wconf 81' lang='lat' dir='ltr'><strong>veniens,</strong></span> <span class='ocrx_word' id='word_1_718' title='bbox 2807 3362 2994 3432; x_wconf 69' lang='lat' dir='ltr'><strong>offeres</strong></span> <span class='ocrx_word' id='word_1_719' title='bbox 3023 3379 3211 3418; x_wconf 84' lang='lat' dir='ltr'><strong>munus</strong></span> <span class='ocrx_word' id='word_1_720' title='bbox 3254 3374 3400 3419; x_wconf 86' lang='lat' dir='ltr'><strong>tuum</strong></span> <span class='ocrx_word' id='word_1_721' title='bbox 3425 3364 3642 3437; x_wconf 79' lang='lat' dir='ltr'><strong>(Matth.</strong></span> <span class='ocrx_word' id='word_1_722' title='bbox 3680 3368 3756 3439; x_wconf 69' lang='grc' dir='ltr'><strong>γ),</strong></span> 
     </span>
    </p>
   </div>
   <div class='ocr_carea' id='block_1_93' title="bbox 2176 3449 3762 3520">
    <p class='ocr_par' dir='ltr' id='par_1_93' title="bbox 2176 3449 3762 3520">
     <span class='ocr_line' id='line_1_93' title="bbox 2176 3449 3762 3520; baseline 0.006 -18"><span class='ocrx_word' id='word_1_723' title='bbox 2176 3449 2312 3516; x_wconf 85' lang='lat' dir='ltr'><strong>Quia</strong></span> <span class='ocrx_word' id='word_1_724' title='bbox 2340 3465 2470 3520; x_wconf 83' lang='lat' dir='ltr'><strong>ergo</strong></span> <span class='ocrx_word' id='word_1_725' title='bbox 2518 3454 2782 3505; x_wconf 82' lang='lat' dir='ltr'><strong>unitatem</strong></span> <span class='ocrx_word' id='word_1_726' title='bbox 2826 3462 3067 3507; x_wconf 87' lang='lat' dir='ltr'><strong>nostram</strong></span> <span class='ocrx_word' id='word_1_727' title='bbox 3115 3463 3170 3509; x_wconf 91' lang='lat' dir='ltr'><strong>et</strong></span> <span class='ocrx_word' id='word_1_728' title='bbox 3219 3458 3559 3511; x_wconf 87' lang='lat' dir='ltr'><strong>concordiam</strong></span> <span class='ocrx_word' id='word_1_729' title='bbox 3613 3457 3762 3512; x_wconf 87' lang='lat' dir='ltr'><strong>Deus</strong></span> 
     </span>
    </p>
   </div>
   <div class='ocr_carea' id='block_1_94' title="bbox 2174 3541 3760 3618">
    <p class='ocr_par' dir='ltr' id='par_1_94' title="bbox 2174 3541 3760 3618">
     <span class='ocr_line' id='line_1_94' title="bbox 2174 3541 3760 3618; baseline 0.005 -23"><span class='ocrx_word' id='word_1_730' title='bbox 2174 3541 2462 3606; x_wconf 83' lang='lat' dir='ltr'><strong>desiderat,</strong></span> <span class='ocrx_word' id='word_1_731' title='bbox 2514 3544 2748 3596; x_wconf 88' lang='lat' dir='ltr'><strong>ostendit</strong></span> <span class='ocrx_word' id='word_1_732' title='bbox 2796 3542 2910 3612; x_wconf 88' lang='lat' dir='ltr'><strong>ipse</strong></span> <span class='ocrx_word' id='word_1_733' title='bbox 2940 3543 3187 3601; x_wconf 84' lang='lat' dir='ltr'><strong>Salvator</strong></span> <span class='ocrx_word' id='word_1_734' title='bbox 3237 3547 3290 3600; x_wconf 91' lang='lat' dir='ltr'><strong>in</strong></span> <span class='ocrx_word' id='word_1_735' title='bbox 3324 3547 3634 3618; x_wconf 80' lang='lat' dir='ltr'><strong>Evangelio,</strong></span> <span class='ocrx_word' id='word_1_736' title='bbox 3689 3550 3760 3603; x_wconf 86' lang='lat' dir='ltr'><strong>ad</strong></span> 
     </span>
    </p>
   </div>
   <div class='ocr_carea' id='block_1_95' title="bbox 2174 3632 3761 3707">
    <p class='ocr_par' dir='ltr' id='par_1_95' title="bbox 2174 3632 3761 3707">
     <span class='ocr_line' id='line_1_95' title="bbox 2174 3632 3761 3707; baseline 0.004 -20"><span class='ocrx_word' id='word_1_737' title='bbox 2174 3632 2393 3687; x_wconf 91' lang='lat' dir='ltr'><strong>Patrem</strong></span> <span class='ocrx_word' id='word_1_738' title='bbox 2425 3635 2500 3687; x_wconf 87' lang='lat' dir='ltr'><strong>ita</strong></span> <span class='ocrx_word' id='word_1_739' title='bbox 2538 3634 2766 3703; x_wconf 85' lang='lat' dir='ltr'><strong>loquens</strong></span> <span class='ocrx_word' id='word_1_740' title='bbox 2799 3652 2811 3687; x_wconf 92' lang='lat'><strong>:</strong></span> <span class='ocrx_word' id='word_1_741' title='bbox 2842 3634 3021 3702; x_wconf 84' lang='lat' dir='ltr'><strong>Pater,</strong></span> <span class='ocrx_word' id='word_1_742' title='bbox 3051 3636 3245 3707; x_wconf 90' lang='lat' dir='ltr'><strong>inquit,</strong></span> <span class='ocrx_word' id='word_1_743' title='bbox 3276 3648 3472 3705; x_wconf 86' lang='lat' dir='ltr'><strong>sancte,</strong></span> <span class='ocrx_word' id='word_1_744' title='bbox 3500 3655 3644 3693; x_wconf 83' lang='lat' dir='ltr'><strong>serva</strong></span> <span class='ocrx_word' id='word_1_745' title='bbox 3670 3656 3761 3695; x_wconf 85' lang='lat' dir='ltr'><strong>eos</strong></span> 
     </span>
    </p>
   </div>
   <div class='ocr_carea' id='block_1_96' title="bbox 2176 3722 3749 3804">
    <p class='ocr_par' dir='ltr' id='par_1_96' title="bbox 2176 3722 3749 3804">
     <span class='ocr_line' id='line_1_96' title="bbox 2176 3722 3749 3804; baseline 0.006 -29"><span class='ocrx_word' id='word_1_746' title='bbox 2176 3722 2227 3775; x_wconf 88' lang='lat' dir='ltr'><strong>in</strong></span> <span class='ocrx_word' id='word_1_747' title='bbox 2251 3722 2457 3776; x_wconf 82' lang='lat' dir='ltr'><strong>nomine</strong></span> <span class='ocrx_word' id='word_1_748' title='bbox 2472 3733 2584 3788; x_wconf 86' lang='lat' dir='ltr'><strong>tuo,</strong></span> <span class='ocrx_word' id='word_1_749' title='bbox 2608 3740 2734 3794; x_wconf 82' lang='lat' dir='ltr'><strong>quos</strong></span> <span class='ocrx_word' id='word_1_750' title='bbox 2758 3725 2946 3778; x_wconf 77' lang='lat' dir='ltr'><strong>dedisti</strong></span> <span class='ocrx_word' id='word_1_751' title='bbox 2972 3728 3119 3793; x_wconf 85' lang='lat' dir='ltr'><strong>mihi,</strong></span> <span class='ocrx_word' id='word_1_752' title='bbox 3144 3739 3197 3781; x_wconf 86' lang='lat' dir='ltr'><strong>ut</strong></span> <span class='ocrx_word' id='word_1_753' title='bbox 3215 3730 3316 3781; x_wconf 80' lang='lat' dir='ltr'><strong>sint</strong></span> <span class='ocrx_word' id='word_1_754' title='bbox 3348 3744 3509 3804; x_wconf 83' lang='lat' dir='ltr'><strong>unum</strong></span> <span class='ocrx_word' id='word_1_755' title='bbox 3532 3732 3667 3784; x_wconf 85' lang='lat' dir='ltr'><strong>sicut</strong></span> <span class='ocrx_word' id='word_1_756' title='bbox 3701 3741 3749 3785; x_wconf 85' lang='lat' dir='ltr'><strong>et</strong></span> 
     </span>
    </p>
   </div>
   <div class='ocr_carea' id='block_1_97' title="bbox 2176 3816 3756 3889">
    <p class='ocr_par' dir='ltr' id='par_1_97' title="bbox 2176 3816 3756 3889">
     <span class='ocr_line' id='line_1_97' title="bbox 2176 3816 3756 3889; baseline 0.006 -21"><span class='ocrx_word' id='word_1_757' title='bbox 2176 3831 2268 3869; x_wconf 76' lang='lat' dir='ltr'><strong>nos</strong></span> <span class='ocrx_word' id='word_1_758' title='bbox 2297 3816 2476 3886; x_wconf 85' lang='lat' dir='ltr'><strong>(Joan.</strong></span> <span class='ocrx_word' id='word_1_759' title='bbox 2512 3820 2665 3886; x_wconf 78' lang='lat' dir='ltr'><strong>xvn).</strong></span> <span class='ocrx_word' id='word_1_760' title='bbox 2699 3816 2848 3872; x_wconf 90' lang='lat' dir='ltr'><strong>Unde</strong></span> <span class='ocrx_word' id='word_1_761' title='bbox 2870 3827 2924 3873; x_wconf 89' lang='lat' dir='ltr'><strong>et</strong></span> <span class='ocrx_word' id='word_1_762' title='bbox 2948 3819 3237 3889; x_wconf 81' lang='lat' dir='ltr'><strong>Apostolus</strong></span> <span class='ocrx_word' id='word_1_763' title='bbox 3261 3819 3444 3875; x_wconf 78' lang='lat' dir='ltr'><strong>ﬁdeles</strong></span> <span class='ocrx_word' id='word_1_764' title='bbox 3480 3822 3756 3889; x_wconf 87' lang='lat' dir='ltr'><strong>hortatur,</strong></span> 
     </span>
    </p>
   </div>
   <div class='ocr_carea' id='block_1_98' title="bbox 2175 3907 3756 3984">
    <p class='ocr_par' dir='ltr' id='par_1_98' title="bbox 2175 3907 3756 3984">
     <span class='ocr_line' id='line_1_98' title="bbox 2175 3907 3756 3984; baseline 0.003 -23"><span class='ocrx_word' id='word_1_765' title='bbox 2175 3907 2398 3961; x_wconf 87' lang='lat' dir='ltr'><strong>dicens:</strong></span> <span class='ocrx_word' id='word_1_766' title='bbox 2433 3908 2654 3962; x_wconf 75' lang='lat' dir='ltr'><strong>Obsecro</strong></span> <span class='ocrx_word' id='word_1_767' title='bbox 2692 3926 2802 3974; x_wconf 83' lang='lat' dir='ltr'><strong>vos,</strong></span> <span class='ocrx_word' id='word_1_768' title='bbox 2837 3911 3047 3979; x_wconf 76' lang='lat' dir='ltr'><strong>fratres,</strong></span> <span class='ocrx_word' id='word_1_769' title='bbox 3084 3922 3138 3965; x_wconf 89' lang='lat' dir='ltr'><strong>ut</strong></span> <span class='ocrx_word' id='word_1_770' title='bbox 3183 3913 3405 3983; x_wconf 82' lang='lat' dir='ltr'><strong>idipsum</strong></span> <span class='ocrx_word' id='word_1_771' title='bbox 3438 3915 3683 3984; x_wconf 84' lang='lat' dir='ltr'><strong>sapiatis,</strong></span> <span class='ocrx_word' id='word_1_772' title='bbox 3710 3925 3756 3968; x_wconf 86' lang='lat' dir='ltr'><strong>et</strong></span> 
     </span>
    </p>
   </div>
   <div class='ocr_carea' id='block_1_99' title="bbox 2174 4000 3754 4076">
    <p class='ocr_par' dir='ltr' id='par_1_99' title="bbox 2174 4000 3754 4076">
     <span class='ocr_line' id='line_1_99' title="bbox 2174 4000 3754 4076; baseline 0.006 -26"><span class='ocrx_word' id='word_1_773' title='bbox 2174 4014 2337 4053; x_wconf 89' lang='lat' dir='ltr'><strong>unum</strong></span> <span class='ocrx_word' id='word_1_774' title='bbox 2373 4000 2559 4054; x_wconf 82' lang='lat' dir='ltr'><strong>dicatis</strong></span> <span class='ocrx_word' id='word_1_775' title='bbox 2600 4018 2775 4055; x_wconf 81' lang='lat' dir='ltr'><strong>onmes</strong></span> <span class='ocrx_word' id='word_1_776' title='bbox 2816 4002 3035 4074; x_wconf 82' lang='lat' dir='ltr'><strong>(Philip.</strong></span> <span class='ocrx_word' id='word_1_777' title='bbox 3068 4005 3161 4076; x_wconf 84' lang='lat' dir='ltr'><strong>tt);</strong></span> <span class='ocrx_word' id='word_1_778' title='bbox 3197 4015 3249 4059; x_wconf 91' lang='lat' dir='ltr'><strong>et</strong></span> <span class='ocrx_word' id='word_1_779' title='bbox 3284 4007 3450 4059; x_wconf 87' lang='lat' dir='ltr'><strong>item:</strong></span> <span class='ocrx_word' id='word_1_780' title='bbox 3495 4008 3617 4061; x_wconf 81' lang='lat' dir='ltr'><strong>Non</strong></span> <span class='ocrx_word' id='word_1_781' title='bbox 3665 4010 3754 4074; x_wconf 83' lang='lat' dir='ltr'><strong>sit,</strong></span> 
     </span>
    </p>
   </div>
   <div class='ocr_carea' id='block_1_100' title="bbox 2176 4090 3756 4166">
    <p class='ocr_par' dir='ltr' id='par_1_100' title="bbox 2176 4090 3756 4166">
     <span class='ocr_line' id='line_1_100' title="bbox 2176 4090 3756 4166; baseline 0.007 -24"><span class='ocrx_word' id='word_1_782' title='bbox 2176 4090 2365 4159; x_wconf 85' lang='lat' dir='ltr'><strong>inquit,</strong></span> <span class='ocrx_word' id='word_1_783' title='bbox 2392 4091 2527 4143; x_wconf 88' lang='lat' dir='ltr'><strong>inter</strong></span> <span class='ocrx_word' id='word_1_784' title='bbox 2555 4108 2639 4145; x_wconf 86' lang='lat' dir='ltr'><strong>vos</strong></span> <span class='ocrx_word' id='word_1_785' title='bbox 2672 4090 2811 4146; x_wconf 75' lang='lat' dir='ltr'><strong>zelus</strong></span> <span class='ocrx_word' id='word_1_786' title='bbox 2846 4102 2894 4145; x_wconf 87' lang='lat' dir='ltr'><strong>et</strong></span> <span class='ocrx_word' id='word_1_787' title='bbox 2917 4097 3175 4148; x_wconf 86' lang='lat' dir='ltr'><strong>contentio</strong></span> <span class='ocrx_word' id='word_1_788' title='bbox 3198 4111 3216 4149; x_wconf 87' lang='lat'><strong>:</strong></span> <span class='ocrx_word' id='word_1_789' title='bbox 3239 4096 3407 4149; x_wconf 84' lang='lat' dir='ltr'><strong>omnis</strong></span> <span class='ocrx_word' id='word_1_790' title='bbox 3431 4098 3756 4166; x_wconf 86' lang='lat' dir='ltr'><strong>amaritudo,</strong></span> 
     </span>
    </p>
   </div>
   <div class='ocr_carea' id='block_1_101' title="bbox 2174 4182 3759 4259">
    <p class='ocr_par' dir='ltr' id='par_1_101' title="bbox 2174 4182 3759 4259">
     <span class='ocr_line' id='line_1_101' title="bbox 2174 4182 3759 4259; baseline 0.006 -25"><span class='ocrx_word' id='word_1_791' title='bbox 2174 4191 2221 4235; x_wconf 84' lang='lat' dir='ltr'><strong>et</strong></span> <span class='ocrx_word' id='word_1_792' title='bbox 2247 4183 2351 4247; x_wconf 86' lang='lat' dir='ltr'><strong>ira,</strong></span> <span class='ocrx_word' id='word_1_793' title='bbox 2373 4190 2420 4235; x_wconf 85' lang='lat' dir='ltr'><strong>et</strong></span> <span class='ocrx_word' id='word_1_794' title='bbox 2444 4182 2757 4253; x_wconf 82' lang='lat' dir='ltr'><strong>indignatio,</strong></span> <span class='ocrx_word' id='word_1_795' title='bbox 2784 4193 2831 4238; x_wconf 86' lang='lat' dir='ltr'><strong>et</strong></span> <span class='ocrx_word' id='word_1_796' title='bbox 2874 4184 3090 4252; x_wconf 88' lang='lat' dir='ltr'><strong>clamor,</strong></span> <span class='ocrx_word' id='word_1_797' title='bbox 3114 4196 3162 4241; x_wconf 88' lang='lat' dir='ltr'><strong>et</strong></span> <span class='ocrx_word' id='word_1_798' title='bbox 3185 4187 3505 4259; x_wconf 81' lang='lat' dir='ltr'><strong>blasphemia</strong></span> <span class='ocrx_word' id='word_1_799' title='bbox 3533 4190 3759 4244; x_wconf 88' lang='lat' dir='ltr'><strong>tollatur</strong></span> 
     </span>
    </p>
   </div>
   <div class='ocr_carea' id='block_1_102' title="bbox 2175 4270 3757 4349">
    <p class='ocr_par' dir='ltr' id='par_1_102' title="bbox 2175 4270 3757 4349">
     <span class='ocr_line' id='line_1_102' title="bbox 2175 4270 3757 4349; baseline 0.008 -24"><span class='ocrx_word' id='word_1_800' title='bbox 2175 4287 2206 4325; x_wconf 90' lang='lat' dir='ltr'><strong>a</strong></span> <span class='ocrx_word' id='word_1_801' title='bbox 2228 4270 2393 4339; x_wconf 82' lang='lat' dir='ltr'><strong>vobis,</strong></span> <span class='ocrx_word' id='word_1_802' title='bbox 2431 4287 2549 4325; x_wconf 88' lang='lat' dir='ltr'><strong>cum</strong></span> <span class='ocrx_word' id='word_1_803' title='bbox 2592 4274 2733 4327; x_wconf 86' lang='lat' dir='ltr'><strong>omni</strong></span> <span class='ocrx_word' id='word_1_804' title='bbox 2764 4274 2969 4327; x_wconf 84' lang='lat' dir='ltr'><strong>malitia</strong></span> <span class='ocrx_word' id='word_1_805' title='bbox 3004 4275 3220 4346; x_wconf 82' lang='lat' dir='ltr'><strong>(Ephes.</strong></span> <span class='ocrx_word' id='word_1_806' title='bbox 3251 4278 3363 4349; x_wconf 85' lang='lat' dir='ltr'><strong>tv);</strong></span> <span class='ocrx_word' id='word_1_807' title='bbox 3394 4287 3449 4334; x_wconf 92' lang='lat' dir='ltr'><strong>et</strong></span> <span class='ocrx_word' id='word_1_808' title='bbox 3477 4280 3531 4334; x_wconf 89' lang='lat' dir='ltr'><strong>in</strong></span> <span class='ocrx_word' id='word_1_809' title='bbox 3561 4284 3757 4337; x_wconf 83' lang='lat' dir='ltr'><strong>eodem</strong></span> 
     </span>
    </p>
   </div>
   <div class='ocr_carea' id='block_1_103' title="bbox 2174 4360 3756 4435">
    <p class='ocr_par' dir='ltr' id='par_1_103' title="bbox 2174 4360 3756 4435">
     <span class='ocr_line' id='line_1_103' title="bbox 2174 4360 3756 4435; baseline 0.008 -20"><span class='ocrx_word' id='word_1_810' title='bbox 2174 4361 2293 4417; x_wconf 90' lang='lat' dir='ltr'><strong>loco</strong></span> <span class='ocrx_word' id='word_1_811' title='bbox 2339 4362 2416 4416; x_wconf 91' lang='lat' dir='ltr'><strong>ait</strong></span> <span class='ocrx_word' id='word_1_812' title='bbox 2447 4376 2462 4416; x_wconf 89' lang='lat'><strong>:</strong></span> <span class='ocrx_word' id='word_1_813' title='bbox 2500 4360 2824 4419; x_wconf 84' lang='lat' dir='ltr'><strong>Sustinentes</strong></span> <span class='ocrx_word' id='word_1_814' title='bbox 2863 4365 3079 4419; x_wconf 83' lang='lat' dir='ltr'><strong>invicem</strong></span> <span class='ocrx_word' id='word_1_815' title='bbox 3118 4367 3172 4419; x_wconf 88' lang='lat' dir='ltr'><strong>in</strong></span> <span class='ocrx_word' id='word_1_816' title='bbox 3212 4368 3465 4426; x_wconf 82' lang='lat' dir='ltr'><strong>charitate</strong></span> <span class='ocrx_word' id='word_1_817' title='bbox 3486 4388 3505 4435; x_wconf 87' lang='lat'><strong><em>;</em></strong></span> <span class='ocrx_word' id='word_1_818' title='bbox 3538 4371 3756 4427; x_wconf 78' lang='lat' dir='ltr'><strong>solliciti</strong></span> 
     </span>
    </p>
   </div>
   <div class='ocr_carea' id='block_1_104' title="bbox 2174 4456 3755 4535">
    <p class='ocr_par' dir='ltr' id='par_1_104' title="bbox 2174 4456 3755 4535">
     <span class='ocr_line' id='line_1_104' title="bbox 2174 4456 3755 4535; baseline 0.009 -28"><span class='ocrx_word' id='word_1_819' title='bbox 2174 4469 2380 4508; x_wconf 85' lang='lat' dir='ltr'><strong>servare</strong></span> <span class='ocrx_word' id='word_1_820' title='bbox 2402 4456 2652 4509; x_wconf 85' lang='lat' dir='ltr'><strong>unitatem</strong></span> <span class='ocrx_word' id='word_1_821' title='bbox 2666 4457 2880 4525; x_wconf 83' lang='lat' dir='ltr'><strong>spiritus</strong></span> <span class='ocrx_word' id='word_1_822' title='bbox 2895 4458 2947 4511; x_wconf 86' lang='lat' dir='ltr'><strong>in</strong></span> <span class='ocrx_word' id='word_1_823' title='bbox 2963 4458 3165 4514; x_wconf 85' lang='lat' dir='ltr'><strong>vinculo</strong></span> <span class='ocrx_word' id='word_1_824' title='bbox 3175 4462 3342 4531; x_wconf 70' lang='lat' dir='ltr'><strong>paris,</strong></span> <span class='ocrx_word' id='word_1_825' title='bbox 3366 4479 3527 4517; x_wconf 84' lang='lat' dir='ltr'><strong>unum</strong></span> <span class='ocrx_word' id='word_1_826' title='bbox 3542 4481 3755 4535; x_wconf 76' lang='lat' dir='ltr'><strong>corpus,</strong></span> 
     </span>
    </p>
   </div>
   <div class='ocr_carea' id='block_1_105' title="bbox 2174 4548 3753 4625">
    <p class='ocr_par' dir='ltr' id='par_1_105' title="bbox 2174 4548 3753 4625">
     <span class='ocr_line' id='line_1_105' title="bbox 2174 4548 3753 4625; baseline 0.008 -28"><span class='ocrx_word' id='word_1_827' title='bbox 2174 4555 2219 4598; x_wconf 90' lang='lat' dir='ltr'><strong>et</strong></span> <span class='ocrx_word' id='word_1_828' title='bbox 2249 4561 2383 4599; x_wconf 86' lang='lat' dir='ltr'><strong>unus</strong></span> <span class='ocrx_word' id='word_1_829' title='bbox 2411 4548 2647 4616; x_wconf 80' lang='lat' dir='ltr'><strong>spiritus,</strong></span> <span class='ocrx_word' id='word_1_830' title='bbox 2676 4550 2811 4603; x_wconf 88' lang='lat' dir='ltr'><strong>sicut</strong></span> <span class='ocrx_word' id='word_1_831' title='bbox 2847 4551 3017 4605; x_wconf 88' lang='lat' dir='ltr'><strong>vocati</strong></span> <span class='ocrx_word' id='word_1_832' title='bbox 3040 4554 3162 4606; x_wconf 84' lang='lat' dir='ltr'><strong>estis</strong></span> <span class='ocrx_word' id='word_1_833' title='bbox 3192 4555 3245 4607; x_wconf 84' lang='lat' dir='ltr'><strong>in</strong></span> <span class='ocrx_word' id='word_1_834' title='bbox 3267 4571 3373 4609; x_wconf 85' lang='lat' dir='ltr'><strong>una</strong></span> <span class='ocrx_word' id='word_1_835' title='bbox 3404 4572 3493 4625; x_wconf 84' lang='lat' dir='ltr'><strong>spe</strong></span> <span class='ocrx_word' id='word_1_836' title='bbox 3517 4569 3753 4610; x_wconf 76' lang='lat' dir='ltr'><strong>vocatio-</strong></span> 
     </span>
    </p>
   </div>
   <div class='ocr_carea' id='block_1_106' title="bbox 2172 4636 3755 4720">
    <p class='ocr_par' dir='ltr' id='par_1_106' title="bbox 2172 4636 3755 4720">
     <span class='ocr_line' id='line_1_106' title="bbox 2172 4636 3755 4720; baseline 0.011 -29"><span class='ocrx_word' id='word_1_837' title='bbox 2172 4636 2250 4692; x_wconf 85' lang='lat' dir='ltr'><strong>nis</strong></span> <span class='ocrx_word' id='word_1_838' title='bbox 2300 4648 2496 4692; x_wconf 76' lang='lat' dir='ltr'><strong>vcstne.</strong></span> <span class='ocrx_word' id='word_1_839' title='bbox 2545 4638 2671 4694; x_wconf 56' lang='lat' dir='ltr'><strong>Hac</strong></span> <span class='ocrx_word' id='word_1_840' title='bbox 2714 4641 2899 4710; x_wconf 86' lang='lat' dir='ltr'><strong>itaque</strong></span> <span class='ocrx_word' id='word_1_841' title='bbox 2955 4646 3285 4703; x_wconf 84' lang='lat' dir='ltr'><strong>unanimitas</strong></span> <span class='ocrx_word' id='word_1_842' title='bbox 3332 4653 3433 4705; x_wconf 90' lang='lat' dir='ltr'><strong>sub</strong></span> <span class='ocrx_word' id='word_1_843' title='bbox 3472 4650 3755 4720; x_wconf 81' lang='lat' dir='ltr'><strong>Apostolis</strong></span> 
     </span>
    </p>
   </div>
   <div class='ocr_carea' id='block_1_107' title="bbox 2171 4727 3752 4810">
    <p class='ocr_par' dir='ltr' id='par_1_107' title="bbox 2171 4727 3752 4810">
     <span class='ocr_line' id='line_1_107' title="bbox 2171 4727 3752 4810; baseline 0.012 -29"><span class='ocrx_word' id='word_1_844' title='bbox 2171 4727 2299 4783; x_wconf 92' lang='lat' dir='ltr'><strong>olim</strong></span> <span class='ocrx_word' id='word_1_845' title='bbox 2345 4728 2479 4783; x_wconf 81' lang='lat' dir='ltr'><strong>iuit:</strong></span> <span class='ocrx_word' id='word_1_846' title='bbox 2514 4730 2592 4785; x_wconf 89' lang='lat' dir='ltr'><strong>sic</strong></span> <span class='ocrx_word' id='word_1_847' title='bbox 2641 4746 2809 4789; x_wconf 88' lang='lat' dir='ltr'><strong>novus</strong></span> <span class='ocrx_word' id='word_1_848' title='bbox 2856 4735 3192 4793; x_wconf 83' lang='lat' dir='ltr'><strong>credentium</strong></span> <span class='ocrx_word' id='word_1_849' title='bbox 3246 4741 3510 4810; x_wconf 74' lang='lat' dir='ltr'><strong>populus,</strong></span> <span class='ocrx_word' id='word_1_850' title='bbox 3538 4744 3752 4802; x_wconf 89' lang='lat' dir='ltr'><strong>Domini</strong></span> 
     </span>
    </p>
   </div>
   <div class='ocr_carea' id='block_1_108' title="bbox 2171 4822 3754 4905">
    <p class='ocr_par' dir='ltr' id='par_1_108' title="bbox 2171 4822 3754 4905">
     <span class='ocr_line' id='line_1_108' title="bbox 2171 4822 3754 4905; baseline 0.011 -30"><span class='ocrx_word' id='word_1_851' title='bbox 2171 4822 2427 4876; x_wconf 87' lang='lat' dir='ltr'><strong>mandata</strong></span> <span class='ocrx_word' id='word_1_852' title='bbox 2458 4824 2796 4891; x_wconf 88' lang='lat' dir='ltr'><strong>custodiens,</strong></span> <span class='ocrx_word' id='word_1_853' title='bbox 2845 4829 3169 4885; x_wconf 75' lang='lat' dir='ltr'><strong>charitatern</strong></span> <span class='ocrx_word' id='word_1_854' title='bbox 3217 4848 3366 4887; x_wconf 90' lang='lat' dir='ltr'><strong>suam</strong></span> <span class='ocrx_word' id='word_1_855' title='bbox 3401 4836 3599 4901; x_wconf 88' lang='lat' dir='ltr'><strong>tenuit;</strong></span> <span class='ocrx_word' id='word_1_856' title='bbox 3623 4852 3754 4905; x_wconf 82' lang='lat' dir='ltr'><strong>pro-</strong></span> 
     </span>
    </p>
   </div>
   <div class='ocr_carea' id='block_1_109' title="bbox 2171 4912 3752 4987">
    <p class='ocr_par' dir='ltr' id='par_1_109' title="bbox 2171 4912 3752 4987">
     <span class='ocr_line' id='line_1_109' title="bbox 2171 4912 3752 4987; baseline 0.012 -19"><span class='ocrx_word' id='word_1_857' title='bbox 2171 4914 2264 4968; x_wconf 90' lang='lat' dir='ltr'><strong>bat</strong></span> <span class='ocrx_word' id='word_1_858' title='bbox 2321 4912 2597 4983; x_wconf 90' lang='lat' dir='ltr'><strong>Scriptura</strong></span> <span class='ocrx_word' id='word_1_859' title='bbox 2627 4956 2641 4981; x_wconf 89' lang='lat'><strong>,</strong></span> <span class='ocrx_word' id='word_1_860' title='bbox 2712 4932 2833 4987; x_wconf 61' lang='lat' dir='ltr'><strong>qua:</strong></span> <span class='ocrx_word' id='word_1_861' title='bbox 2867 4920 3040 4975; x_wconf 86' lang='lat' dir='ltr'><strong>dicit:</strong></span> <span class='ocrx_word' id='word_1_862' title='bbox 3096 4923 3274 4980; x_wconf 91' lang='lat' dir='ltr'><strong>Turba</strong></span> <span class='ocrx_word' id='word_1_863' title='bbox 3317 4935 3495 4983; x_wconf 88' lang='lat' dir='ltr'><strong>autem</strong></span> <span class='ocrx_word' id='word_1_864' title='bbox 3557 4944 3752 4987; x_wconf 84' lang='lat' dir='ltr'><strong>eorum</strong></span> 
     </span>
    </p>
   </div>
   <div class='ocr_carea' id='block_1_110' title="bbox 2174 5004 3749 5093">
    <p class='ocr_par' dir='ltr' id='par_1_110' title="bbox 2174 5004 3749 5093">
     <span class='ocr_line' id='line_1_110' title="bbox 2174 5004 3749 5093; baseline 0.012 -36"><span class='ocrx_word' id='word_1_865' title='bbox 2174 5004 2268 5068; x_wconf 82' lang='lat' dir='ltr'><strong>qui</strong></span> <span class='ocrx_word' id='word_1_866' title='bbox 2292 5005 2653 5073; x_wconf 88' lang='lat' dir='ltr'><strong>crediderant,</strong></span> <span class='ocrx_word' id='word_1_867' title='bbox 2699 5011 2877 5065; x_wconf 88' lang='lat' dir='ltr'><strong>anima</strong></span> <span class='ocrx_word' id='word_1_868' title='bbox 2906 5020 2959 5067; x_wconf 89' lang='lat' dir='ltr'><strong>et</strong></span> <span class='ocrx_word' id='word_1_869' title='bbox 2988 5025 3167 5069; x_wconf 87' lang='lat' dir='ltr'><strong>mente</strong></span> <span class='ocrx_word' id='word_1_870' title='bbox 3196 5031 3300 5070; x_wconf 89' lang='lat' dir='ltr'><strong>una</strong></span> <span class='ocrx_word' id='word_1_871' title='bbox 3350 5019 3579 5089; x_wconf 87' lang='lat' dir='ltr'><strong>agebant</strong></span> <span class='ocrx_word' id='word_1_872' title='bbox 3603 5023 3749 5093; x_wconf 83' lang='lat' dir='ltr'><strong>(Act.</strong></span> 
     </span>
    </p>
   </div>
   <div class='ocr_carea' id='block_1_111' title="bbox 2175 5098 3754 5175">
    <p class='ocr_par' dir='ltr' id='par_1_111' title="bbox 2175 5098 3754 5175">
     <span class='ocr_line' id='line_1_111' title="bbox 2175 5098 3754 5175; baseline 0.012 -26"><span class='ocrx_word' id='word_1_873' title='bbox 2175 5105 2233 5149; x_wconf 87' lang='lat' dir='ltr'><strong>tv</strong></span> <span class='ocrx_word' id='word_1_874' title='bbox 2244 5112 2293 5168; x_wconf 58' lang='lat' dir='ltr'><strong>i;</strong></span> <span class='ocrx_word' id='word_1_875' title='bbox 2329 5105 2385 5152; x_wconf 88' lang='lat' dir='ltr'><strong>et</strong></span> <span class='ocrx_word' id='word_1_876' title='bbox 2417 5098 2611 5152; x_wconf 84' lang='lat' dir='ltr'><strong>iterum</strong></span> <span class='ocrx_word' id='word_1_877' title='bbox 2639 5118 2651 5153; x_wconf 88' lang='lat'><strong>:</strong></span> <span class='ocrx_word' id='word_1_878' title='bbox 2682 5099 2750 5153; x_wconf 86' lang='lat' dir='ltr'><strong>Et</strong></span> <span class='ocrx_word' id='word_1_879' title='bbox 2784 5114 2932 5157; x_wconf 86' lang='lat' dir='ltr'><strong>erant</strong></span> <span class='ocrx_word' id='word_1_880' title='bbox 2968 5118 3350 5175; x_wconf 84' lang='lat' dir='ltr'><strong>perseverantes</strong></span> <span class='ocrx_word' id='word_1_881' title='bbox 3396 5127 3570 5165; x_wconf 83' lang='lat' dir='ltr'><strong>omnes</strong></span> <span class='ocrx_word' id='word_1_882' title='bbox 3611 5128 3754 5168; x_wconf 83' lang='lat' dir='ltr'><strong>una-</strong></span> 
     </span>
    </p>
   </div>
   <div class='ocr_carea' id='block_1_112' title="bbox 2173 5177 3753 5276">
    <p class='ocr_par' dir='ltr' id='par_1_112' title="bbox 2173 5177 3753 5276">
     <span class='ocr_line' id='line_1_112' title="bbox 2173 5177 3753 5276; baseline 0.015 -38"><span class='ocrx_word' id='word_1_883' title='bbox 2173 5191 2335 5241; x_wconf 85' lang='lat' dir='ltr'><strong>nimes</strong></span> <span class='ocrx_word' id='word_1_884' title='bbox 2376 5188 2431 5243; x_wconf 85' lang='lat' dir='ltr'><strong>in</strong></span> <span class='ocrx_word' id='word_1_885' title='bbox 2466 5190 2700 5245; x_wconf 78' lang='lat' dir='ltr'><strong>oratione</strong></span> <span class='ocrx_word' id='word_1_886' title='bbox 2738 5177 2857 5247; x_wconf 79' lang='lat' dir='ltr'><strong>cum</strong></span> <span class='ocrx_word' id='word_1_887' title='bbox 2891 5197 3214 5262; x_wconf 80' lang='lat' dir='ltr'><strong>mulieribus,</strong></span> <span class='ocrx_word' id='word_1_888' title='bbox 3258 5210 3305 5252; x_wconf 86' lang='lat' dir='ltr'><strong>et</strong></span> <span class='ocrx_word' id='word_1_889' title='bbox 3347 5201 3545 5268; x_wconf 79' lang='lat' dir='ltr'><strong>Maria,</strong></span> <span class='ocrx_word' id='word_1_890' title='bbox 3580 5218 3753 5276; x_wconf 74' lang='lat' dir='ltr'><strong>matre</strong></span> 
     </span>
    </p>
   </div>
   <div class='ocr_carea' id='block_1_113' title="bbox 2170 5282 3752 5363">
    <p class='ocr_par' dir='ltr' id='par_1_113' title="bbox 2170 5282 3752 5363">
     <span class='ocr_line' id='line_1_113' title="bbox 2170 5282 3752 5363; baseline 0.014 -27"><span class='ocrx_word' id='word_1_891' title='bbox 2170 5282 2330 5349; x_wconf 87' lang='lat' dir='ltr'><strong>.Iesu,</strong></span> <span class='ocrx_word' id='word_1_892' title='bbox 2376 5295 2421 5337; x_wconf 86' lang='lat' dir='ltr'><strong>et</strong></span> <span class='ocrx_word' id='word_1_893' title='bbox 2465 5286 2714 5355; x_wconf 81' lang='lat' dir='ltr'><strong>fratribus</strong></span> <span class='ocrx_word' id='word_1_894' title='bbox 2757 5291 2870 5361; x_wconf 84' lang='lat' dir='ltr'><strong>ejus</strong></span> <span class='ocrx_word' id='word_1_895' title='bbox 2898 5292 3033 5362; x_wconf 73' lang='lat' dir='ltr'><strong>(Act.</strong></span> <span class='ocrx_word' id='word_1_896' title='bbox 3062 5292 3215 5363; x_wconf 83' lang='lat' dir='ltr'><strong>t);et</strong></span> <span class='ocrx_word' id='word_1_897' title='bbox 3269 5297 3385 5351; x_wconf 87' lang='lat' dir='ltr'><strong>ideo</strong></span> <span class='ocrx_word' id='word_1_898' title='bbox 3441 5298 3752 5361; x_wconf 81' lang='lat' dir='ltr'><strong>ellicacibus</strong></span> 
     </span>
    </p>
   </div>
   <div class='ocr_carea' id='block_1_114' title="bbox 2172 5377 3746 5460">
    <p class='ocr_par' dir='ltr' id='par_1_114' title="bbox 2172 5377 3746 5460">
     <span class='ocr_line' id='line_1_114' title="bbox 2172 5377 3746 5460; baseline 0.014 -33"><span class='ocrx_word' id='word_1_899' title='bbox 2172 5377 2420 5445; x_wconf 84' lang='lat' dir='ltr'><strong>precibus</strong></span> <span class='ocrx_word' id='word_1_900' title='bbox 2445 5380 2691 5445; x_wconf 87' lang='lat' dir='ltr'><strong>orabant,</strong></span> <span class='ocrx_word' id='word_1_901' title='bbox 2730 5381 2851 5435; x_wconf 88' lang='lat' dir='ltr'><strong>ideo</strong></span> <span class='ocrx_word' id='word_1_902' title='bbox 2883 5382 3169 5452; x_wconf 85' lang='lat' dir='ltr'><strong>impetrare</strong></span> <span class='ocrx_word' id='word_1_903' title='bbox 3210 5401 3333 5440; x_wconf 90' lang='lat' dir='ltr'><strong>cum</strong></span> <span class='ocrx_word' id='word_1_904' title='bbox 3371 5388 3563 5442; x_wconf 75' lang='lat' dir='ltr'><strong>fiducia</strong></span> <span class='ocrx_word' id='word_1_905' title='bbox 3593 5400 3746 5460; x_wconf 87' lang='lat' dir='ltr'><strong>pote-</strong></span> 
     </span>
    </p>
   </div>
   <div class='ocr_carea' id='block_1_115' title="bbox 2174 5468 3744 5547">
    <p class='ocr_par' dir='ltr' id='par_1_115' title="bbox 2174 5468 3744 5547">
     <span class='ocr_line' id='line_1_115' title="bbox 2174 5468 3744 5547; baseline 0.013 -30"><span class='ocrx_word' id='word_1_906' title='bbox 2174 5476 2291 5519; x_wconf 89' lang='lat' dir='ltr'><strong>rant</strong></span> <span class='ocrx_word' id='word_1_907' title='bbox 2321 5468 2677 5538; x_wconf 83' lang='lat' dir='ltr'><strong>quodcunque</strong></span> <span class='ocrx_word' id='word_1_908' title='bbox 2706 5472 2771 5524; x_wconf 90' lang='lat' dir='ltr'><strong>de</strong></span> <span class='ocrx_word' id='word_1_909' title='bbox 2814 5472 2906 5526; x_wconf 87' lang='lat' dir='ltr'><strong>Dei</strong></span> <span class='ocrx_word' id='word_1_910' title='bbox 2962 5476 3335 5529; x_wconf 86' lang='lat' dir='ltr'><strong>misericordia</strong></span> <span class='ocrx_word' id='word_1_911' title='bbox 3381 5480 3744 5547; x_wconf 88' lang='lat' dir='ltr'><strong>postulabant.</strong></span> 
     </span>
    </p>
   </div>
   <div class='ocr_carea' id='block_1_116' title="bbox 2170 5565 3748 5637">
    <p class='ocr_par' dir='ltr' id='par_1_116' title="bbox 2170 5565 3748 5637">
     <span class='ocr_line' id='line_1_116' title="bbox 2170 5565 3748 5637; baseline 0.01 -20"><span class='ocrx_word' id='word_1_912' title='bbox 2170 5565 2225 5618; x_wconf 91' lang='lat' dir='ltr'><strong>lu</strong></span> <span class='ocrx_word' id='word_1_913' title='bbox 2255 5566 2405 5619; x_wconf 86' lang='lat' dir='ltr'><strong>nobis</strong></span> <span class='ocrx_word' id='word_1_914' title='bbox 2433 5582 2558 5621; x_wconf 80' lang='lat' dir='ltr'><strong>vero</strong></span> <span class='ocrx_word' id='word_1_915' title='bbox 2580 5568 2656 5620; x_wconf 89' lang='lat' dir='ltr'><strong>sic</strong></span> <span class='ocrx_word' id='word_1_916' title='bbox 2684 5569 3011 5623; x_wconf 86' lang='lat' dir='ltr'><strong>unanimitas</strong></span> <span class='ocrx_word' id='word_1_917' title='bbox 3036 5571 3297 5626; x_wconf 86' lang='lat' dir='ltr'><strong>diminuta</strong></span> <span class='ocrx_word' id='word_1_918' title='bbox 3326 5582 3428 5637; x_wconf 88' lang='lat' dir='ltr'><strong>est,</strong></span> <span class='ocrx_word' id='word_1_919' title='bbox 3459 5583 3512 5627; x_wconf 89' lang='lat' dir='ltr'><strong>ut</strong></span> <span class='ocrx_word' id='word_1_920' title='bbox 3553 5586 3607 5629; x_wconf 91' lang='lat' dir='ltr'><strong>ct</strong></span> <span class='ocrx_word' id='word_1_921' title='bbox 3633 5576 3748 5632; x_wconf 86' lang='lat' dir='ltr'><strong>lar-</strong></span> 
     </span>
    </p>
   </div>
   <div class='ocr_carea' id='block_1_117' title="bbox 2171 5657 3752 5726">
    <p class='ocr_par' dir='ltr' id='par_1_117' title="bbox 2171 5657 3752 5726">
     <span class='ocr_line' id='line_1_117' title="bbox 2171 5657 3752 5726; baseline 0.009 -18"><span class='ocrx_word' id='word_1_922' title='bbox 2171 5658 2307 5726; x_wconf 83' lang='lat' dir='ltr'><strong>gitas</strong></span> <span class='ocrx_word' id='word_1_923' title='bbox 2332 5659 2656 5726; x_wconf 87' lang='lat' dir='ltr'><strong>operationis</strong></span> <span class='ocrx_word' id='word_1_924' title='bbox 2686 5657 2915 5713; x_wconf 83' lang='lat' dir='ltr'><strong>infracta</strong></span> <span class='ocrx_word' id='word_1_925' title='bbox 2951 5662 3039 5715; x_wconf 91' lang='lat' dir='ltr'><strong>sit.</strong></span> <span class='ocrx_word' id='word_1_926' title='bbox 3076 5660 3271 5716; x_wconf 81' lang='lat' dir='ltr'><strong>Demos</strong></span> <span class='ocrx_word' id='word_1_927' title='bbox 3301 5672 3425 5716; x_wconf 86' lang='lat' dir='ltr'><strong>tunc</strong></span> <span class='ocrx_word' id='word_1_928' title='bbox 3452 5674 3504 5717; x_wconf 88' lang='lat' dir='ltr'><strong>et</strong></span> <span class='ocrx_word' id='word_1_929' title='bbox 3547 5666 3752 5726; x_wconf 76' lang='lat' dir='ltr'><strong>fundos</strong></span> 
     </span>
    </p>
   </div>
   <div class='ocr_carea' id='block_1_118' title="bbox 2170 5748 3747 5825">
    <p class='ocr_par' dir='ltr' id='par_1_118' title="bbox 2170 5748 3747 5825">
     <span class='ocr_line' id='line_1_118' title="bbox 2170 5748 3747 5825; baseline 0.01 -25"><span class='ocrx_word' id='word_1_930' title='bbox 2170 5748 2563 5815; x_wconf 86' lang='lat' dir='ltr'><strong>venundabant,</strong></span> <span class='ocrx_word' id='word_1_931' title='bbox 2616 5758 2667 5805; x_wconf 86' lang='lat' dir='ltr'><strong>et</strong></span> <span class='ocrx_word' id='word_1_932' title='bbox 2696 5750 2973 5809; x_wconf 86' lang='lat' dir='ltr'><strong>thesauros</strong></span> <span class='ocrx_word' id='word_1_933' title='bbox 3005 5752 3106 5807; x_wconf 87' lang='lat' dir='ltr'><strong>sibi</strong></span> <span class='ocrx_word' id='word_1_934' title='bbox 3133 5754 3185 5807; x_wconf 88' lang='lat' dir='ltr'><strong>in</strong></span> <span class='ocrx_word' id='word_1_935' title='bbox 3226 5755 3361 5809; x_wconf 61' lang='lat' dir='ltr'><strong>caglo</strong></span> <span class='ocrx_word' id='word_1_936' title='bbox 3399 5770 3747 5825; x_wconf 71' lang='lat' dir='ltr'><strong>reperientes,</strong></span> 
     </span>
    </p>
   </div>
  </div>
