3922 6326
166 369 225 419 ιη
1087 355 1390 415 ΙΙΟΜΠᾸᾸΞ
1436 354 1521 408 DE
1561 352 1717 407 FES']

1838 348 2243 410 ιιῐιιιεειιιυιε,
2282 347 2434 405 ETC.
2862 376 2883 397 ς
3320 340 3388 397 98

165 476 505 534 distribuenda
558 476 612 530 in
659 489 789 530 usus
828 472 1176 542 indigentium
1217 471 1393 541 pretia
1442 456 1711 536 apostolis
1740 475 1782 529 Α
1815 464 2169 517 cissitudinem
2196 463 2371 516 reddet
2398 459 2646 532 ei(Prov.
2676 457 2810 533 XIX).
2839 456 2974 512 Sunt
2998 458 3139 512 enim
3170 454 3385 527 plurimi

166 567 456 622 oll‘crebant.
490 566 558 619 At
590 579 731 619 nunc
762 564 825 617 de
865 562 1191 632 patrimonio
1229 575 1327 614 nec
1354 559 1591 613 decimas
1621 556 1715 611 da-

100 676 101 679 ‘
167 675 290 723 tuus,
311 665 501 711 etcum
526 659 757 712 vendere
782 657 967 724 jubeat
992 656 1265 716 Dominus,
1290 652 1519 705 emimus
1537 649 1715 719 potius

164 762 213 801 et
236 761 496 815 augemus.
532 744 684 801 Sicut
714 746 764 799 in
801 745 954 799 nobis
981 743 1244 797 emarcuit
1274 742 1423 812 vigor
1462 739 1608 802 fidei,
1637 735 1715 793 sic

164 835 471 890 credentium
532 835 698 889 robur
748 834 1027 906 elanguit:
1067 841 1119 888 et
1168 833 1369 887 idcirco
1414 829 1711 892 Dominus,

167 937 385 995 tempora
420 925 535 977 lucc
587 931 769 977 nostra
819 913 1248 990 respiciens,'in
1282 915 1571 987 Evangelio
1618 930 1715 970 suo

164 1016 229 1069 ait
256 1034 267 1067 :
298 1012 461 1071 Filius
482 1013 703 1068 hominis
727 1029 843 1065 cum
867 1012 1074 1074 venerit,
1110 1020 1263 1081 putas
1306 1008 1527 1061 inveniet
1558 1005 1716 1073 ﬁdem

164 1106 209 1156 in
232 1104 397 1156 terra?
421 1101 983 1175 (Luc.xvut.)Videmus
1022 1098 1136 1154 lieri
1165 1097 1305 1168 quod
1334 1096 1421 1151 ille
1444 1093 1714 1166 praedixit,

165 1193 210 1246 iu
238 1193 322 1247 Dei
345 1192 557 1257 timore,
590 1192 642 1245 in
665 1190 782 1261 lege
801 1189 1046 1261 justitite,
1074 1188 1128 1242 in
1155 1186 1464 1249 dilectione,
1505 1185 1558 1237 in
1589 1198 1715 1253 ope-

166 1298 233 1341 re,
271 1282 393 1337 lides
422 1282 564 1337 nulla
592 1288 673 1337 est
699 1300 710 1334 :
739 1294 895 1335 nemo
932 1280 1236 1334 futurorum
1265 1285 1466 1331 metum
1484 1275 1712 1345 cogitat,

161 1374 288 1428 diem
302 1373 503 1427 Domini
528 1381 583 1429 et
607 1374 741 1427 iram
755 1370 873 1437 Dei,
890 1380 944 1427 et
972 1369 1261 1425 incredulis
1276 1376 1502 1422 ventura
1518 1365 1715 1437 suppli-

161 1465 255 1526 cia,
281 1471 331 1518 et
357 1472 555 1518 statuta
583 1462 803 1533 perfidis
830 1470 1032 1517 aeterna
1056 1468 1321 1516 tormenta
1355 1472 1513 1512 nemo
1540 1457 1717 1512 consi-

162 1554 327 1619 derat;
352 1568 468 1623 qum
494 1554 755 1607 metueret
786 1550 1115 1606 conscientia
1138 1558 1324 1603 nostra
1354 1548 1401 1602 si
1432 1546 1720 1611 crederet;

161 1645 273 1712 quia
294 1659 392 1699 non
421 1645 612 1707 credit,
659 1643 876 1697 omnino
906 1657 1004 1697 nec
1049 1641 1268 1705 metuit;
1298 1639 1342 1694 si
1380 1646 1559 1693 autem
1594 1652 1712 1692 cre-

162 1735 330 1798 deret,
353 1743 405 1788 ct
434 1743 678 1800 caveret;
705 1733 748 1788 si
773 1742 1004 1797 caveret,
1036 1742 1089 1787 et
1110 1732 1382 1787 evaderet.
1401 1729 1712 1784 Excitemus

1814 554 1902 621 qui
1932 551 2130 613 nullam
2156 552 2207 605 in
2223 550 2386 622 agris,
2404 550 2601 603 nullam
2622 549 2674 601 in
2704 547 2894 617 vineis,
2920 546 3185 621 nullamin
3203 542 3388 600 smcull

1813 641 2013 697 divitiis
2025 641 2325 711 portionem
2340 638 2559 701 habent,
2574 651 2799 706 quorum
2832 634 3021 705 impiae
3041 634 3105 688 de
3130 648 3193 687 ea
3227 646 3392 709 quam

1814 730 2072 785 Dominus
2099 730 2255 784 nobis
2280 728 2424 783 dedit
2458 728 2611 795 copia
2640 727 2921 780 consulere
2950 724 3229 788 debemus,
3256 727 3393 777 utet

1816 818 1916 889 ipsi
1947 820 2224 874 nobiscum
2261 817 2371 891 Deo
2397 831 2496 884 pro
2524 824 2679 869 terrae
2712 813 3038 869 fecunditate
3067 814 3396 869 benedicant

1814 918 1869 963 et
1890 908 2162 980 gaudeant
2186 907 2585 978 possidentibus
2629 904 2793 960 fuisse
2820 907 3033 969 donata,
3075 919 3197 973 quae
3226 903 3387 956 etiam

1814 996 2141 1079 pauperibus
2185 1011 2250 1051 ac
2286 995 2588 1067 peregrinis
2629 994 2770 1048 facta
2813 993 3013 1047 fuerint
3043 993 3344 1047 communia
3371 1032 3388 1046 .

1813 1088 1939 1143 felix
1969 1087 2098 1142 illud
2117 1096 2210 1148 est
2234 1088 2504 1151 horreum,
2549 1095 2603 1141 et
2629 1086 2868 1141 omnium
2896 1082 3169 1139 fructuum
3206 1084 3389 1139 multi-

1813 1178 2099 1247 plicatione
2125 1175 2516 1255 dignissimum,
2572 1176 2638 1231 de
2666 1190 2773 1245 quo
2820 1175 3112 1238 egentium,
3163 1181 3218 1229 et
3243 1173 3390 1228 debi-

1815 1271 1965 1333 lium,
1991 1281 2045 1323 et
2078 1270 2482 1339 peregrinorum
2517 1276 2790 1344 saturatur
2825 1268 3063 1327 esuries;
3104 1280 3241 1335 quos
3269 1264 3389 1318 ideo

1814 1364 1912 1417 sub
1941 1360 2169 1418 diversis
2195 1360 2453 1414 molestiis
2471 1359 2681 1429 justitia
2710 1359 2802 1412 Dei
2842 1358 3086 1411 laborare
3115 1354 3383 1426 permisit,

1814 1460 1873 1505 ut
1893 1458 1948 1506 et
1974 1450 2204 1505 miseros
2228 1464 2326 1518 pro
2353 1448 2631 1519 patientia,
2658 1455 2714 1501 et
2730 1431 3101 1502 misericordes
3120 1446 3393 1515 pr‘obene-

1813 1540 2046 1596 volentia
2086 1548 2389 1594 coronaret.
2429 1537 2807 1593 Eliicacissima
2844 1538 2987 1591 enim
3024 1551 3122 1606 pro
3157 1534 3395 1604 peccatis

1813 1624 2122 1702 deprecatio
2147 1638 2229 1684 est
2260 1629 2314 1683 in
2361 1628 2713 1699 elecmosynis
2740 1637 2901 1697 atque
2929 1627 3172 1697 jejuniis,
3210 1633 3265 1680 et
3294 1639 3392 1679 ve-

1814 1722 2005 1777 lociter
2049 1722 2119 1777 ad
2166 1720 2373 1775 divinas
2404 1718 2715 1774 conscendit
2766 1732 2925 1773 aures
2976 1716 3171 1771 talibus
3215 1713 3391 1769 oratio

160 1835 507 1895 unsquantum
526 1816 827 1896 possumus,
847 1823 1175 1878 dilectissimi
1200 1822 1416 1885 fratres,
1441 1828 1494 1874 et
1524 1835 1714 1886 somno
1739 1804 1786 1861 Β
1814 1812 2024 1867 elevata
2072 1809 2345 1880 suﬂ‘ragiis
2370 1850 2382 1875 ,
2442 1810 2565 1877 quia
2605 1809 2743 1863 sicut
2782 1808 3037 1877 scriptum
3067 1816 3168 1871 est,
3201 1805 3392 1858 anima:

160 1917 351 1972 inertia:
371 1917 566 1970 veteris
613 1917 841 1985 abrupto
866 1955 879 1979 ,
912 1914 979 1967 ad
1009 1912 1343 1968 observanda
1389 1921 1445 1965 et
1482 1912 1713 1981 gerenda

160 2005 353 2059 Domini
405 1990 672 2075 praecepta
722 2004 1018 2074 vigilemus.
1088 2001 1305 2072 Simus
1355 2000 1486 2053 tales
1528 1999 1714 2068 quales

158 2112 265 2151 esse
297 2112 392 2151 nos
416 2098 533 2165 ipse
560 2094 814 2166 praecepit
842 2094 1024 2148 dicens
1050 2110 1061 2145 :
1094 2090 1385 2146 Sintlumbi
1410 2090 1561 2143 vestri
1582 2105 1718 2159 prte-

161 2186 303 2238 rincti
330 2196 375 2239 et
421 2185 647 2239 lucerna:
678 2183 915 2237 ardentes
960 2184 1013 2235 in
1039 2181 1278 2233 manibus
1308 2182 1516 2245 vestris,
1536 2190 1582 2232 et
1627 2196 1715 2233 vos

155 2280 335 2333 similes
355 2278 647 2334 hominibus
659 2274 1068 2347 exspectantibus
1084 2275 1350 2327 dominum
1379 2288 1530 2326 suum
1552 2288 1718 2341 quan-

154 2371 215 2423 do
244 2370 404 2423 veniat
437 2386 468 2421 a
497 2356 726 2435 nuptiis;
758 2376 833 2429 ut,
864 2381 982 2419 cum
1005 2364 1195 2418 venerit
1222 2371 1266 2417 et
1298 2362 1578 2431 pulsaverit
1602 2376 1719 2430 ape-

156 2462 281 2512 riant
303 2461 367 2512 ei.
391 2457 542 2512 Beati
569 2459 699 2513 servi
722 2457 800 2511 illi
824 2472 972 2528 quos,
1009 2472 1124 2509 cum
1156 2455 1419 2507 advenerit
1450 2452 1715 2519 dominus,

154 2553 390 2607 invenerit
446 2549 717 2620 vigilumes
768 2548 917 2621 (Luc.
957 2546 1076 2615 xu).
1128 2546 1413 2600 Acciuctos
1459 2559 1555 2598 nos
1598 2558 1717 2598 esse

153 2630 369 2711 oportet,
405 2656 470 2695 ne
494 2655 617 2695 cum
646 2638 997 2707 expeditionis
1028 2637 1142 2690 dies
1168 2626 1717 2703 venerit,'impeditos

152 2741 199 2785 et
232 2731 530 2801 impliéatos
562 2728 940 2798 apprehendat.
969 2724 1169 2779 Lueeat
1198 2723 1248 2775 in
1285 2722 1439 2777 bonis
1463 2720 1716 2789 operibus

156 2831 388 2878 nostrum
423 2821 605 2874 lumen
651 2827 705 2873 et
728 2816 949 2885 fulgeat,
993 2825 1051 2868 ιιι
1095 2812 1475 2883 ἱρειιιηηιυιιιωι
1502 2826 1601 2865 nos
1649 2809 1715 2863 ad

151 2914 314 2969 lucem
347 2912 611 2966 claritatis
640 2918 850 2963 aeterna":
881 2908 947 2961 de
984 2907 1084 2961 hac
1114 2904 1291 2958 saeculi
1330 2894 1485 2956 nocte
1521 2902 1718 2969 perdu-

151 3017 249 3070 cat,
276 3021 381 3077 quo
410 3021 534 3060 cum
568 3002 799 3065 Christo,
835 3000 925 3069 qui
954 3006 1039 3052 est
1068 3012 1206 3050 verae
1241 2995 1387 3064 pacis
1426 3002 1630 3055 auctor,
1662 3000 1715 3047 ct

153 3111 264 3149 cum
304 3095 506 3148 sanctis
546 3090 746 3160 angelis
776 3104 909 3156 ejus,
956 3094 1152 3140 aeterna
1196 3098 1323 3153 pace
1362 3090 1416 3135 et
1460 3090 1712 3151 perpetua

152 3184 399 3240 felicitate
443 3182 688 3235 fruamur
716 3172 1319 3250 :-praestante~Domino
1364 3180 1548 3225 nostro
1585 3169 1712 3223 Jesu

152 3273 375 3338 Christo,
428 3274 524 3343 qui
555 3287 676 3326 eum
728 3268 889 3323 Patre
916 3275 971 3321 et
1004 3264 1210 3334 Spiritu
1264 3272 1452 3337 sancto
1488 3264 1619 3315 vivit
1661 3268 1716 3315 et

153 3372 328 3434 regnat
353 3366 493 3420 Deus
541 3376 636 3432 per
664 3359 843 3414 omnia
891 3354 1085 3411 saecula
1131 3352 1472 3407 surculorum.
1518 3349 1710 3405 Amen.

715 3488 991 3549 UOMJLIA
1023 3486 1154 3545 Lill.

262 3630 323 3668 DE
355 3624 737 3671 ΒΕΝΙΟΝΠἊΤΕ,
763 3620 1115 3662 ΠΠΜᾹΝΙΤΔΤΕ
1137 3620 1205 3658 ΕΤ
1231 3615 1589 3656 ιςιεειιοδηιιι.

218 3746 528 3801 Audivimus
573 3739 906 3812 Apostolum,
944 3738 1137 3792 fratres
1166 3734 1490 3798 charissimi,
1541 3730 1719 3786 suavi,

154 3845 228 3890 ter
253 3835 404 3889 nobis
444 3834 751 3901 loquentem
781 3844 845 3884 ac
879 3828 1144 3884 dicentem
1171 3824 1295 3896 (Tit.
1326 3822 1717 3892 tu):Apparuit

152 3925 426 3995 benignitas
454 3933 504 3977 et
557 3920 858 3975 humanitas
910 3908 1201 3971 salvatoris
1246 3914 1408 3967 nostri
1438 3911 1568 3976 Dei,
1615 3925 1716 3964 non

149 4014 461 4084 noperibus
483 4012 733 4082 justitiw,
768 4024 885 4080 quis
910 4007 1125 4077 {scimus
1155 4020 1271 4069 nos,
1311 4000 1401 4056 sed
1429 4001 1717 4057 secundum

149 4102 557 4158 misericordiam
600 4114 749 4153 suam
784 4096 952 4152 salvos
1007 4111 1099 4149 nos
1130 4094 1283 4164 fecit,
1313 4104 1411 4161 per
1454 4089 1718 4146 lavacrum

155 4190 546 4262 regenerationis
593 4198 640 4242 et
678 4184 1025 4240 renovationis
1059 4180 1287 4253 Spiritus
1323 4180 1492 4233 sancti
1520 4216 1537 4239 ,
1566 4192 1719 4248 quem

151 4284 322 4353 eﬂ'udit
353 4284 406 4336 in
454 4296 550 4335 nos
580 4277 907 4333 abundanter
946 4290 1037 4344 per
1076 4272 1256 4328 Jesum
1296 4268 1561 4324 Christum
1593 4266 1719 4323 Sa!-

153 4386 370 4429 satorem
401 4382 670 4433 nostrum,
700 4376 755 4423 ut
772 4364 1055 4436 justi/irati
1086 4362 1253 4432 gratia
1278 4360 1464 4431 ipsius,
1490 4356 1719 4415 Itwredcs

152 4444 424 4534 efﬁciamur
461 4457 747 4515 secundum
800 4469 940 4523 spem
972 4452 1084 4506 vita:
1116 4459 1344 4505 wtcrna’.
1385 4446 1443 4501 Si
1465 4460 1601 4515 ergo
1624 4444 1719 4500 be-

154 4532 374 4621 nignitas
387 4560 443 4606 et
470 4546 780 4604 humanitas
802 4540 1098 4599 Salvatoris
1121 4538 1312 4607 nostri,
1329 4534 1492 4591 nullis
1515 4532 1717 4589 nostris

156 4643 572 4713 prmeedcntibus
598 4637 804 4692 meritis
827 4675 840 4696 ,
876 4632 1045 4705 gratis
1082 4628 1237 4685 nobis
1266 4625 1549 4690 subvenit,
1585 4638 1721 4695 quo-

156 4710 301 4787 inodo
330 4747 459 4795 nos,
493 4725 849 4788 dilectissimi,
882 4723 927 4777 si
973 4720 1089 4790 ejus
1120 4716 1271 4789 regni
1302 4714 1544 4771 haeredes
1580 4710 1736 4785 eliici

159 4822 410 4899 volumus,
465 4816 730 4891 proximis
778 4813 979 4867 nostris
1032 4807 1245 4879 pietatis
1268 4820 1433 4876 opera
1472 4817 1580 4859 non
1619 4800 1719 4855 im-

156 4890 586 4984 pendimus‘liAit
634 4908 775 4963 enim
808 4906 922 4974 ipsa
963 4901 1174 4956 Veritas
1203 4896 1383 4953 :Date
1419 4902 1467 4949 et
1506 4890 1721 4984 dabitur

156 4980 318 5065 vobis;
343 5016 591 5055 mensura
621 5014 725 5067 qua
756 4993 917 5048 mensi
966 4990 1193 5059 fueritis,
1234 4985 1536 5041 remetietur
1581 4980 1723 5036 vobis

160 5094 300 5164 (Luc.
332 5092 440 5163 vi);
476 5101 534 5146 et
558 5091 686 5142 item
720 5105 733 5140 :
768 5085 828 5140 Si
852 5083 1009 5147 enim,
1037 5078 1234 5147 inquit,
1263 5076 1319 5132 in
1350 5076 1528 5145 iniquo
1558 5087 1726 5125 mam-

163 5158 303 5237 mona
324 5158 510 5251 ﬁdeles
540 5195 641 5231 non
685 5176 826 5239 estis,
860 5170 999 5243 quod
1046 5178 1271 5224 vestrum
1301 5172 1377 5218 est
1424 5162 1540 5243 quis
1581 5158 1723 5213 dabit

158 5250 439 5339 vobis(l.uc.
456 5266 577 5335 xvi).
596 5264 864 5321 Sciendum
879 5270 950 5317 est
967 5261 1129 5324 enim,
1154 5256 1369 5319 fratres,
1398 5250 1725 5339 benignitate

160 5370 208 5413 et
236 5337 577 5414 humanitate
612 5354 766 5409 nobis
794 5363 913 5407 esse
939 5364 1074 5419 Opus
1102 5354 1161 5401 ut
1201 5346 1266 5399 de
1302 5343 1387 5397 bis
1423 5354 1542 5411 qua:
1570 5337 1723 5395 nobis

159 5452 383 5507 omlestis
430 5451 622 5505 Pater
641 5442 1062 5500 misericorditer
1094 5435 1341 5497 contulit,
1385 5447 1481 5487 nos
1514 5444 1723 5501 quoque

160 5546 285 5600 alios
309 5545 654 5615 adjuvemus,
678 5546 731 5593 et
756 5538 807 5592 in
831 5547 1151 5606 quocunque
1170 5543 1453 5601 possumus
1475 5526 1721 5594 indigen-

160 5640 291 5696 tibus
315 5618 584 5711 proximis
604 5634 800 5689 nostris
824 5631 1012 5687 solatia
1037 5629 1271 5683 tribuere
1291 5640 1395 5677 non
1428 5621 1718 5679 tardemus,

161 5730 271 5796 quia
294 5731 567 5799 feneratur
589 5723 915 5794 Domino‘qui
928 5721 1200 5773 miseretur
1210 5714 1424 5789 pauperi
1434 5722 1497 5779 ,et
1526 5710 1628 5778 ipse
1650 5708 1724 5761 vi-

1746 4492 1795 4550 D

1816 1919 1926 1957 suae
1970 1901 2225 1971 benefacit
2274 1903 2353 1955 vir
2398 1902 2693 1954 misericors
2738 1897 2918 1972 (Prov.
2945 1898 3041 1969 ιι).
3069 1898 3202 1952 Pars
3244 1896 3389 1952 enim

1817 1992 2176 2063 corporalium
2215 1990 2524 2047 facultatum
2564 2007 2684 2061 quae
2724 1990 3087 2061 indigentibus
3121 1988 3395 2041 ministra-

1818 2093 1923 2151 tur,
1956 2088 2013 2140 in’
2052 2085 2268 2140 divitias
2313 2085 2559 2155 largienti
2592 2082 2783 2138 transit
2824 2091 3068 2145 aeternas,
3098 2082 3267 2135 ita-ut
3292 2078 3397 2133 mi-

1818 2176 2169 2231 sericordiam
2192 2175 2286 2229 Dei
2317 2184 2372 2229 et
2396 2174 2779 2242 indulgentiam
2809 2160 3148 2241 peccatorum
3178 2176 3397 2223 nostro-

1818 2274 2260 2337 rum'pauperum
2288 2266 2631 2320 miseratione
2675 2274 2729 2320 et
2793 2264 3149 2334 eleemosynis
3178 2275 3394 2315 mereao

1817 2369 1937 2407 mur
1968 2371 1981 2407 :
2022 2353 2274 2422 quoniam
2304 2354 2395 2423 qui
2431 2369 2586 2408 suum
2634 2354 2697 2407 ab
2729 2344 2887 2423 inope
2916 2367 3023 2407 non
3050 2352 3244 2405 avertit
3274 2350 3386 2405 ani-

1820 2458 1989 2508 mum,
2020 2443 2129 2498 cito
2151 2444 2217 2496 ad
2248 2456 2306 2497 se
2328 2438 2544 2499 Domini
2573 2443 2837 2498 convertit
2873 2443 3140 2508 auditum,
3172 2442 3386 2496 dicente

1820 2535 2045 2590 Domino
2078 2554 2090 2589 :
2121 2534 2300 2589 Estote
2324 2550 2443 2605 ergo
2473 2536 2849 2599 misericordes,
2881 2536 3012 2589 sicut
3043 2528 3202 2588 Pater
3232 2544 3397 2588 vester

1817 2625 2111 2682 misericors
2163 2632 2240 2679 est
2281 2624 2451 2696 (Luc.
2485 2625 2607 2695 vt);
2655 2634 2749 2678 et:
2812 2617 3386 2688 Beati'misericordes,

1817 2710 2063 2783 quoniam
2109 2716 2211 2787 ipsi
2236 2715 2648 2783 misericordiam
2671 2708 3047 2787 consequentur
3068 2714 3280 2787 (Matth.
3311 2715 3388 2785 v).

1820 2802 1971 2869 Quod
2009 2818 2140 2874 ergo
2168 2805 2498 2859 reddituram
2547 2821 2605 2861 se
2638 2806 2887 2877 promisit
2922 2807 3146 2871 Veritas,
3198 2821 3390 2862 secura

1818 2894 2441 2963 cxpendet‘humanitas.
2474 2894 2739 2949 Constans
2776 2895 3252 2969 esto,‘Christiane
3286 2896 3392 2949 lar-

1820 2987 2002 3056 gitor:
2038 2987 2153 3041 daa
2193 3002 2299 3057 quo
2328 2987 2583 3055 accipias,
2632 3002 2749 3041 sere
2786 2988 2926 3056 quod
2973 2972 3164 3053 tinctas,
3202 3004 3392 3058 sparge

1818 3075 1959 3143 quod
1974 3075 2222 3148 colligas;
2250 3077 2610 3131 nolimetuere
2636 3077 3123 3145 dispendium,noli
3146 3080 3211 3133 de
3235 3080 3395 3134 dubio

1819 3167 2094 3237 suspirare
2135 3176 2397 3236 proventu
2427 3208 2441 3229 ,
2473 3169 2770 3224 substantia
2808 3181 2896 3223 tua
2937 3185 3057 3223 cum
3098 3171 3233 3225 bene
3273 3186 3396 3226 ero-

1817 3266 1996 3328 gatur,
2027 3267 2289 3328 augetur:
2322 3270 2701 3313 remunerator
2738 3268 2862 3313 tuus
2888 3260 3001 3313 VU“
3055 3269 3106 3313 te
3134 3274 3253 3315 CSSE
3277 3276 3393 3314 mli"

1817 3349 2058 3414 uilicum,
2094 3357 2149 3403 et
2186 3350 2277 3417 qui
2321 3350 2410 3403 dat
2441 3358 2498 3403 ut
2533 3332 3013 3414 habeas,tmandat
3060 3358 3118 3405 ut
3164 3350 3395 3415 tribuas,

1820 3439 2037 3494 dicens:
2069 3439 2202 3493 Date
2254 3449 2303 3494 et
2336 3439 2548 3493 dabitur
2596 3443 2736 3513 vobis
2792 3442 2942 3512 (Luc.
2981 3442 3077 3520 Vt).
3133 3442 3176 3502 0
3213 3457 3397 3515 avare,

1818 3530 1862 3588 si
1895 3545 2082 3588 aluum
2110 3526 2299 3607 diligas
2340 3531 2425 3589 vel
2464 3532 2679 3599 divitias
2727 3538 2930 3602 saeculi,
2976 3540 3039 3591 da
3075 3554 3142 3592 ne
3167 3539 3395 3607 perdas;

1818 3625 1863 3679 si
1891 3615 2211 3691 servaveris,
2241 3627 2357 3682 sine
2386 3626 2546 3701 dubio
2591 3629 2784 3696 perdes
2836 3628 2880 3682 si
2920 3630 3250 3698 erogaveris,
3279 3645 3396 3683 om-

1819 3718 1947 3771 nino
1973 3717 2198 3771 habebis
2220 3732 2311 3771 eas
2336 3717 2686 3783 aeternaliter,
2714 3720 2917 3775 dicente
2956 3722 3065 3788 ipsa
3104 3720 3342 3774 Veritate
3376 3737 3391 3773 :

1824 3806 2193 3864 Thesaurizate
2221 3810 2357 3864 vobis
2404 3813 2675 3864 thesauros
2704 3813 2759 3863 in
2798 3810 2940 3875 calo,
2974 3811 3061 3864 ubi
3102 3828 3190 3865 nec
3217 3828 3401 3881 (rrugo

1821 3914 1913 3953 nec
1953 3900 2094 3961 tinea
2140 3898 2419 3954 demolitur
2446 3939 2461 3965 ,
2520 3916 2682 3972 neque
2727 3892 2869 3970 [ures
2911 3901 3166 3970 eﬂodiunt
3214 3914 3260 3956 et
3307 3904 3396 3971 fu-

1822 3999 2045 4044 rantur:
2070 3990 2157 4043 ubi
2189 3990 2563 4068 esgthesaurus
2600 4002 2744 4056 tuus,
2792 3993 2862 4045 ibi
2900 4005 2973 4045 est
3021 4003 3067 4047 et
3110 4001 3394 4047 cor‘tuum

1824 4074 2039 4150 (Matth.
2070 4096 2153 4148 vt;
2183 4080 2310 4136 Luc.
2335 4078 2454 4152 xu).
2488 4081 2683 4151 Utique
2704 4084 2839 4137 bene
2862 4083 3233 4153 dispensantes
3262 4094 3389 4138 tem-

1822 4170 2065 4238 poralia,
2126 4170 2404 4240 acquiritis
2461 4180 2682 4226 (eterna.
2738 4170 2853 4225 Noli
2903 4172 3121 4226 tintidus
3169 4184 3288 4228 esse
3339 4174 3394 4227 in

1824 4258 2116 4329 largiendo,
2161 4276 2228 4314 ne
2280 4260 2353 4315 sis
2390 4275 2592 4331 egenus
2632 4261 2684 4314 in
2717 4262 3089 4327 retributione,
3131 4264 3254 4331 quia
3302 4264 3390 4332 qui

1824 4367 1978 4420 parce
1999 4351 2239 4423 seminat,
2263 4367 2417 4421 parce
2438 4360 2483 4404 et
2517 4362 2666 4406 metet
2707 4350 2791 4420 (11
2823 4349 2942 4405 Cor.
2970 4353 3078 4422 ix);
3101 4355 3189 4423 qui
3222 4364 3395 4408 autem

1826 4420 2150 4494 miserebitur
2171 4420 2433 4510 pauperis,
2468 4440 2643 4497 beatus
2670 4440 2764 4494 erit
2801 4436 2978 4512 (I’rov.
3012 4420 3141 4508 xiv).
3172 4442 3395 4495 Redem-

1820 4532 1927 4601 ptio
1949 4531 2129 4602 itaque
2149 4531 2340 4585 anima:
2368 4530 2692 4593 viri,divitia:
2706 4531 2819 4600 ejus
2854 4529 3034 4600 (Prov.
3052 4530 3203 4601 xui);
3230 4532 3393 4585 Itono-

1816 4631 1901 4673 rat
1920 4621 2105 4677 Deum.
2123 4621 2213 4690 qui
2232 4621 2504 4674 miseretur
2515 4621 2761 4688 pauperis
2778 4620 2961 4687 (Prov.
2977 4622 3115 4687 xw):
3140 4620 3402 4673 absconde

1817 4714 2193 4782 eleemosynam
2218 4714 2272 4766 in
2293 4714 2412 4766 sinu
2442 4713 2714 4781 pauperis.
2733 4713 2865 4785 dicit
2885 4712 3166 4780 Scriptura
3203 4711 3394 4781 (Ecclt'.

1816 4804 2041 4869 sanxi.“
2057 4806 2169 4869 ipsa
2186 4806 2355 4860 orabit
2374 4820 2467 4872 pro
2486 4817 2555 4872 te;
2574 4806 2714 4861 sicut
2729 4821 2866 4875 aqua
2882 4806 3180 4874 exstinguit
3196 4811 3394 4870 ignem.

1820 4889 1895 4943 ita
1942 4888 2281 4958 eleemosyna
2314 4896 2631 4956 peccatum;
2680 4888 2910 4939 animant
2959 4886 3266 4938 esurientem
3328 4900 3392 4937 ne

1823 4977 2134 5046 despexeris,
2169 4984 2218 5029 et
2247 4992 2310 5029 ne
2332 4990 2603 5041 θεωρεῖ-εδ
2631 4990 2909 5043 pauperem
2954 4973 3009 5026 in
3031 4974 3255 5026 clamore
3294 4990 3389 5026 suo

1827 5067 2017 5140 (Eccli.
2044 5065 2260 5138 tv).Qui
2287 5065 2479 5119 avertit
2500 5078 2684 5118 aurem
2714 5064 2782 5118 ad
2798 5063 3087 5137 clamorem
3113 5063 3388 5131 pauperis,

1826 5160 1967 5215 illius
1986 5158 2160 5214 oratio
2189 5155 2530 5213 clementiam
2560 5151 2654 5208 Dei
2698 5168 2802 5207 non
2832 5152 3128 5207 merebitur
3148 5169 3162 5215 ;
3182 5152 3250 5222 (in
3278 5152 3389 5209 vita

1827 5258 1915 5304 tua
1944 5247 2168 5304 benefac
2201 5246 2393 5301 animae
2416 5254 2543 5309 tum,
2573 5232 2939 5313 elecmoSynas
2984 5241 3121 5295 dans
3154 5242 3390 5307 miseris,

1826 5341 1948 5409 quia
1988 5336 2110 5407 pest
2136 5344 2363 5391 mortem
2394 5348 2501 5388 non
2535 5331 2757 5397 habebis
2801 5337 3123 5399 pmestatem
3173 5328 3391 5384 benefa-

1824 5429 2000 5485 ciendi
2035 5446 2048 5480 :
2077 5428 2129 5481 in
2150 5424 2409 5482 conviviis
2438 5422 2542 5476 tuis
2567 5434 2830 5490 pauperes
2854 5427 3139 5473 vescantur
3160 5425 3215 5473 et
3235 5416 3393 5473 Chri-

1826 5532 1911 5576 tus
1930 5523 1983 5575 in
2013 5519 2136 5573 illis.
2181 5516 2305 5570 Tria
2350 5522 2475 5568 sunt
2504 5526 2699 5582 genera
2756 5508 3241 5578 eleemosynarum,
3286 5523 3393 5561 una

1826 5610 2147 5682 corporalis,
2192 5609 2295 5662 hoc
2323 5615 2425 5670 est,
2457 5611 2635 5673 egenti
2662 5602 2789 5656 dare
2814 5599 3076 5669 quidquid
3118 5597 3390 5666 potueris;

1825 5707 1995 5762 altera
2024 5700 2301 5771 spiritalis,
2347 5698 2446 5751 hoc
2477 5704 2576 5761 est,
2604 5694 2871 5747 dimittere
2898 5705 2926 5742 a
2956 5703 3061 5758 quo
3089 5688 3246 5742 ltcsus
3274 5688 3390 5741 l’ueo
