3922 6352
468 329 535 385 99
1106 327 1165 383 Β.
1209 327 1461 381 ΠΑΒΑΝΙ
1500 326 1720 385 MAURI
1758 327 2078 383 ARCHIEP.
2110 326 2416 383 MOGUNT.
2454 327 2737 384 OPERUM
2778 328 2955 383 PARS
2995 329 3055 383 ll.

3634 330 3654 381 i
3670 331 3734 381 Ull

469 443 756 507 ris;tertia
775 439 1174 509 delinquentem
1204 442 1476 509 corrigere
1493 438 1879 495 cterrantesin
1904 439 2047 492 viam
2078 445 2123 501 Λ
2156 439 2291 493 alius
2314 441 2527 508 sapiens
2562 458 2573 493 :
2609 440 2836 504 Quanto,
2872 440 3062 507 inquit,
3112 439 3281 506 major
3307 456 3377 499 es,
3424 438 3649 491 humilia
3690 448 3737 490 te

466 533 724 587 reducere
744 529 1009 584 veritatis.
1043 528 1136 583 llis
1167 530 1309 582 enim
1344 530 1596 584 omnibus
1623 530 1906 599 speciebus
1933 528 2049 596 pla-

469 628 624 674 catur
652 618 816 683 Deus,
864 624 919 671 et
944 617 1054 671 vita
1096 628 1439 686 promeretur
1467 626 1694 682 aeterna,
1722 617 2053 671 assentiente

468 706 749 777 Scriptura
804 722 867 762 ac
907 706 1156 761 dicente:
1193 707 1326 761 Date
1385 708 1759 778 eleemosynam
1788 748 1802 771 ,
1848 717 1895 761 et
1940 724 2055 761 ecce

472 799 651 853 munia
668 796 868 851 munda
897 808 1017 851 sunt
1043 799 1184 852 vobis
1213 797 1739 872 (Litc.xt);etitem:
1768 797 2052 863 Dimitlite,

471 890 665 959 inquit,
698 898 744 943 et
774 889 1066 942 dimittetur
1094 890 1258 951 vobis.
1278 889 1344 944 Et
1374 890 1647 958 apostolus
1675 889 1912 961 Iacobus
1933 889 2008 942 ait
2039 907 2051 943 :

473 978 694 1033 Fratres
719 979 839 1043 mei,
862 980 908 1034 si
933 982 1048 1050 quis
1076 998 1141 1035 ea:
1184 980 1322 1034 vobis
1370 981 1621 1035 erraverit
1660 998 1693 1035 a
1732 982 1965 1045 veritate,
2008 990 2057 1033 et

473 1070 778 1123 converterit
809 1069 924 1138 quis
950 1085 1092 1133 eum,
1112 1070 1243 1123 scire
1269 1068 1414 1123 debet
1433 1070 1682 1139 quoniam
1709 1070 1800 1140 qui
1830 1070 2057 1123 converti

475 1161 652 1231 fecerit
669 1172 991 1230 peecutorem
1018 1160 1081 1214 ab
1107 1177 1282 1214 errore
1304 1161 1399 1214 via;-
1425 1175 1557 1227 sua’,
1577 1158 1798 1213 salvabit
1826 1160 2059 1212 animam

474 1251 589 1321 ejus
617 1268 649 1304 α
680 1261 862 1315 morte,
884 1260 930 1305 et
957 1248 1539 1319 operietmultitudinem
1559 1238 1887 1318 peccatorum
1912 1248 2055 1319 (Jac.

477 1340 554 1409 v).
587 1338 694 1394 Sed
718 1340 822 1393 hoc
851 1349 976 1393 tunc
997 1340 1134 1393 bene
1154 1348 1207 1393 et
1235 1338 1480 1393 ordinate
1509 1337 1588 1401 fit,
1626 1338 1671 1391 si
1693 1338 2060 1407 unusquisque

478 1444 508 1482 a
546 1429 839 1497 semetipso
862 1429 1095 1497 primum
1123 1428 1346 1497 incipiat
1386 1427 1489 1482 hoc
1526 1428 1725 1481 bonum
1756 1426 2062 1480 misericor-

478 1518 597 1581 dizc,
631 1526 686 1571 ut
708 1520 787 1573 sui
837 1520 1176 1582 niisereatur,
1204 1532 1268 1571 ne
1293 1533 1390 1587 per
1422 1524 1766 1585 peccatorum
1794 1515 2060 1569 sarcinam

479 1618 758 1678 mergatur
808 1608 862 1661 in
906 1622 1153 1676 pmnam;
1187 1608 1328 1662 unde
1364 1608 1621 1677 scriptum
1658 1614 1779 1661 est:
1812 1605 2062 1659 Miserere

475 1702 670 1772 anima:
703 1710 807 1755 tua:
833 1701 1043 1773 placens
1082 1700 1191 1754 Deo
1225 1700 1416 1772 (Eecli.
1450 1698 1613 1771 xxg);
1648 1707 1912 1768 quatenus
1938 1694 2061 1752 dum

2152 530 2208 582 in
2230 530 2488 587 omnibus,
2505 539 2551 582 et
2571 546 2744 582 eorum
2770 528 2879 581 Deo
2905 529 3127 581 invenies
3149 530 3373 596 gratiam
3407 526 3597 600 (.Eceli.
3628 526 3735 596 ut).

2153 617 2283 673 item
2314 619 2457 673 Deus
2500 633 2596 687 per
2633 603 2952 687 propheiam
2983 617 3058 670 ait
3088 636 3099 669 :
3129 618 3206 670 Ad
3244 633 3393 685 quem
3437 625 3613 669 autem
3658 632 3742 668 re-

2154 705 2393 775 spiciam,
2426 706 2528 759 nisi
2550 705 2620 758 ad
2648 705 2925 769 humilem,
2970 716 3016 758 et
3046 707 3297 775 quietum,
3342 716 3387 758 et
3433 715 3742 759 trementem

2156 796 2307 850 verba
2333 812 2449 849 mea
2480 796 2499 867 (
2526 795 2633 849 Isa.
2679 796 2856 868 ωτι).
2897 795 3211 865 Quicunque
3248 798 3464 852 humilis
3492 806 3547 851 et
3580 798 3744 866 quie-

2157 896 2373 944 tus‘non
2403 886 2594 952 fuerit,
2627 904 2731 943 non
2758 900 2937 958 potest
2962 890 3013 944 in
3044 906 3108 945 eo
3134 893 3379 945 habitare
3408 894 3583 961 gratia
3616 892 3746 962 Spi-

2158 976 2294 1031 ritus
2319 977 2511 1032 s.mcti.
2550 977 2693 1031 Deus
2731 977 2949 1033 humilis
2990 977 3165 1033 factus
3206 989 3286 1033 est
3320 989 3515 1034 nostra:
3549 981 3750 1035 salutis

2158 1082 2341 1133 causa,
2374 1066 2661 1123 erubescat
2694 1068 2856 1122 homo
2881 1068 3143 1137 superbus
3172 1083 3312 1124 esse.
3344 1068 3613 1135 Quantum
3642 1070 3749 1123 liu—

2158 1155 2384 1210 militate
2407 1147 2697 1210 inclinatur
2724 1172 2817 1212 cor
2843 1159 2909 1211 ad
2932 1157 3058 1221 ima,
3089 1167 3293 1210 tantum
3322 1158 3533 1226 prolicit
3559 1159 3613 1212 in
3642 1173 3748 1212 ex-

2160 1246 2343 1301 celso:
2378 1247 2468 1316 qui
2495 1247 2637 1301 enim
2666 1247 2883 1301 humilis
2926 1250 3049 1311 erit,
3102 1248 3425 1304 exaltabitur
3453 1250 3508 1304 in
3543 1250 3746 1320 gloria.

2143 1335 2374 1391 Primus
2420 1337 2737 1392 humilitatis
2767 1338 2967 1407 gradus
2991 1350 3092 1403 est,
3140 1341 3385 1397 veritatis
3432 1355 3748 1395 sermonem

2161 1425 2438 1505 humiliter
2487 1426 2709 1491 audire,
2764 1428 3076 1482 memoriter
3127 1430 3391 1494 retinere,
3437 1431 3750 1485 voluntarie

2161 1515 2458 1584 perlicere;
2493 1530 2611 1569 eam
2654 1514 2849 1584 quippe
2876 1532 3037 1585 quam
3082 1533 3185 1571 non
3218 1519 3421 1573 invenit
3458 1518 3744 1580 humilem,

2160 1603 2364 1657 veritas
2390 1602 2535 1675 .fugit
2560 1613 2814 1660 mentem.
2861 1606 3073 1671 Quanto
3096 1608 3215 1675 quis
3245 1608 3496 1662 humilior
3533 1609 3638 1663 erit
3680 1610 3750 1664 de

2164 1692 2366 1760 seipso,
2392 1700 2543 1747 tanto
2567 1690 2739 1759 major
2765 1694 2869 1747 erit
2896 1694 2947 1747 iu
2976 1680 3261 1762 conspectu
3297 1695 3387 1750 Dei
3424 1715 3435 1748 :
3474 1697 3747 1766 superbus

480 1793 602 1848 aliis
630 1795 869 1848 studium
894 1793 1249 1848 correctionis
1293 1792 1576 1862 impendit,
1630 1791 1743 1860 ipse
1794 1790 2058 1845 efﬁciatur
2088 1774 2132 1831 Β
2162 1798 2291 1837 Vero
2319 1793 2521 1851 quanto
2545 1783 2830 1855 gloriosior
2856 1795 3077 1856 apparet
3112 1788 3253 1841 inter
3279 1789 3542 1854 homines,
3590 1798 3747 1845 tanto

483 1884 802 1939 emendatus
839 1899 869 1937 a
888 1884 1058 1938 vitiis.
1083 1880 1155 1937 Ut
1191 1896 1319 1952 ergo
1345 1882 1461 1937 hmo
1482 1896 1642 1952 agere
1666 1880 1895 1951 pleniter
1930 1896 2058 1952 pos-

484 1972 673 2035 sinms,
718 1973 979 2033 habemus
1021 1972 1087 2026 ad
1125 1971 1229 2026 hoc
1250 1970 1443 2025 fortem
1494 1972 1793 2041 adjutorem
1837 1971 2061 2039 etpium

480 2061 817 2132 largitorem,
844 2061 1196 2116 mediatorem
1249 2059 1498 2115 videlicet
1546 2059 1639 2113 Dei
1683 2068 1737 2113 et
1784 2059 2061 2113 hominum

482 2152 765 2207 Dominum
789 2149 995 2213 Jesum,
1026 2149 1118 2218 qui
1144 2149 1278 2203 vivit
1302 2157 1355 2202 et
1392 2157 1579 2218 regnat
1605 2162 1728 2201 eum
1756 2148 1865 2202 Deo
1904 2146 2064 2201 Patre

480 2241 534 2296 in
575 2242 777 2295 unitate
820 2239 1055 2310 Spiritus
1095 2238 1268 2294 sancti
1299 2239 1462 2304 Deus,
1510 2241 1607 2307 per
1647 2238 1827 2293 omnia
1868 2238 2061 2293 saecula

480 2331 823 2387 seculorum.
850 2329 1045 2383 Amen.

1049 2405 1325 2476 HOMILIA
1363 2419 1472 2474 Liv

714 2530 780 2569 DE
820 2527 1022 2568 TIMORE
1060 2530 1147 2567 DEI
1185 2529 1253 2567 ΕΤ
1297 2528 1433 2565 VERA
1474 2528 1830 2567 ιιυλειιιτλτῐῑ.

552 2602 718 2657 David
747 2604 1005 2671 propheta
1034 2609 1087 2655 et
1113 2601 1415 2670 psalmista,
1438 2601 1554 2670 qui,
1596 2608 1732 2656 teste
1757 2602 2060 2670 Scriptura,

485 2695 781 2750 secundum
807 2708 901 2747 cor
920 2693 1129 2746 Domini
1159 2692 1382 2766 electus,
1429 2691 1556 2746 fecit
1591 2707 1780 2747 omnes
1824 2693 2065 2748 volunta-

488 2794 566 2837 tes
588 2783 723 2853 ejus,
750 2782 884 2851 ipsc,
911 2781 1104 2837 fratres
1129 2776 1453 2845 charissimi,
1478 2780 1602 2850 quid
1636 2792 1849 2837 creator
1884 2790 2065 2837 noster

484 2873 536 2925 in
570 2872 723 2926 nobis
750 2879 965 2941 appetat
993 2878 1045 2925 et
1072 2871 1260 2942 diligat
1290 2871 1523 2939 quodam
1558 2877 1677 2940 loco
1702 2872 1959 2935 ostendit,
1991 2872 2065 2925 ita

483 2963 668 3017 (licens
702 2980 714 3016 :
747 2961 876 3029 Quis
906 2963 1040 3016 sicut
1084 2962 1339 3016 Dominus
1370 2962 1509 3017 Deus
1547 2972 1721 3016 noster
1752 2966 1842 3034 qui
1862 2965 1916 3017 in
1942 2964 2064 3019 altis

482 3055 713 3121 habitat,
748 3066 796 3109 et
822 3054 1043 3109 humilia
1076 3055 1280 3125 respicit
1319 3056 1374 3109 in
1403 3054 1528 3108 (telo
1557 3065 1605 3108 et
1636 3056 1690 3108 in
1719 3065 1859 3109 terra
1889 3054 2060 3127 (Psal.

482 3162 591 3201 exn
614 3150 654 3216 ).
688 3144 743 3201 Si
768 3160 896 3218 ergo
926 3146 1182 3200 Dominus
1209 3146 1523 3209 altissimus,
1550 3144 1702 3213 cujus
1733 3147 2063 3214 excellentiae

483 3242 537 3286 et
568 3233 948 3304 magnitudinis
970 3249 1075 3288 non
1116 3244 1197 3288 est
1223 3235 1361 3298 finis,
1407 3235 1460 3289 in
1492 3236 1638 3290 omni
1670 3245 1921 3291 creatura
1942 3250 2060 3300 sua,

484 3330 538 3377 et
558 3336 619 3375 ea
649 3339 767 3392 qua:
796 3323 849 3377 in
876 3324 1140 3392 supernis,
1180 3334 1235 3378 et
1264 3340 1326 3379 ea
1363 3340 1481 3395 qua)
1513 3327 1565 3379 in
1594 3325 1793 3380 inlimis
1829 3337 1913 3382 cst
1937 3342 2065 3382 con-

484 3406 693 3479 stituta,
736 3414 789 3467 in
817 3413 1023 3483 angelis
1059 3414 1306 3470 videlicet
1338 3425 1392 3470 et
1420 3416 1760 3482 hominibus,
1790 3417 2064 3472 humilita-

483 3513 591 3558 tem
619 3504 928 3559 considerat
959 3514 1013 3559 et
1040 3505 1267 3574 probat;
1295 3517 1556 3575 quantum
1598 3521 1820 3562 necesse
1842 3515 1927 3561 est
1967 3523 2063 3561 no-

482 3597 567 3651 bis
608 3595 899 3649 humilitati
937 3610 1151 3665 semper
1193 3598 1430 3661 studere,
1468 3597 1747 3667 ipsamque
1792 3597 1845 3651 in
1884 3598 2059 3651 omni-

482 3687 584 3741 bus
620 3700 940 3742 conservare
984 3694 1043 3739 ut
1084 3685 1164 3741 sic
1203 3686 1509 3756 placeamus
1549 3687 1816 3741 conditori
1854 3695 2059 3741 nostro.

484 3774 695 3841 Quanta
728 3782 908 3829 autem
930 3775 1001 3829 sit
1025 3782 1170 3830 verae
1212 3776 1534 3831 humilitatis
1572 3776 1765 3841 virtus,
1796 3774 1953 3831 facile
1993 3792 2062 3831 ex

482 3865 662 3919 verbis
688 3865 900 3918 Domini
921 3865 1252 3935 agnoscitur,
1282 3866 1396 3935 qui,
1428 3873 1489 3919 ut
1516 3865 1821 3935 superbiam
1870 3865 2062 3920 Phari-

485 3969 715 4011 saeorum
754 3948 1057 4019 damnaret,
1091 3955 1263 4010 dixit:
1299 3954 1481 4010 Omnis
1513 3956 1601 4028 qui
1634 3972 1688 4009 se
1717 3956 1937 4021 exultat,
1968 3956 2063 4009 hu-

484 4036 805 4109 miliabitur;
838 4054 885 4099 et
910 4046 999 4116 qui
1032 4062 1083 4099 se
1104 4044 1366 4109 humiliat,
1396 4046 1714 4099 excitabitur
1735 4045 1895 4117 (Luc.
1924 4046 2059 4117 xw).

488 4134 817 4189 Humilitatis
860 4134 1056 4205 quippe
1102 4136 1351 4205 passibus
1393 4136 1461 4190 ad
1491 4135 1613 4189 εωιί
1654 4134 1888 4189 culmina
1928 4148 2062 4189 con-

487 4226 781 4287 scenditur,
810 4226 951 4295 quod
983 4226 1123 4280 Dens
1152 4215 1398 4280 excelsus
1421 4240 1526 4279 non
1549 4226 1819 4294 superbia,
1842 4224 1937 4280 sed
1960 4225 2061 4279 hu-

488 4316 716 4367 militate
748 4316 1051 4379 attingitur,
1077 4314 1141 4367 de
1166 4331 1271 4380 quo
1293 4317 1496 4371 dictum
1522 4328 1600 4373 est
1626 4337 1639 4371 :
1668 4318 1806 4373 Deus
1836 4318 2069 4384 superbis

492 4405 721 4460 resistit.
782 4403 1065 4455 humilibus
1113 4413 1285 4460 autem
1331 4406 1424 4460 dat
1473 4410 1709 4477 gratiam
1761 4410 1918 4482 (Jac.
1982 4424 2067 4471 tv;

495 4487 522 4542 1
560 4488 702 4542 Petr.
736 4486 813 4558 v.).
852 4486 1005 4544 Unde
1050 4496 1103 4544 et
1142 4491 1193 4545 in
1246 4491 1476 4551 Psalmis
1528 4498 1775 4553 dicitur:
1825 4498 2074 4551 Excelsus

490 4573 763 4637 Dominus,
796 4584 843 4628 et
870 4575 1090 4629 humilia
1124 4578 1351 4646 respicit,
1380 4589 1426 4631 et
1452 4568 1561 4632 alta
1586 4597 1617 4633 α
1638 4580 2065 4651 longecognoscit

490 4661 671 4732 (Psal.
702 4665 973 4733 cxxxvn).
1023 4664 1145 4719 Alta
1185 4667 1363 4735 posuit
1406 4682 1503 4737 pro
1534 4669 1811 4739 superbis;
1843 4673 2065 4726 humilia

492 4767 617 4806 vero
658 4755 909 4824 respicit,
937 4764 996 4809 ut
1025 4757 1262 4820 attollat;
1292 4758 1398 4812 alta
1416 4800 1429 4822 ,
1464 4760 1567 4814 hoc
1594 4770 1674 4815 est
1700 4764 1951 4831 superba,
1978 4779 2067 4818 co-

488 4842 737 4909 gnoscit,
794 4852 853 4895 ut
900 4843 1137 4909 dejiciat.
1196 4846 1499 4902 Discamus‘
1528 4850 1925 4918 humilitatem,
1972 4870 2069 4923 per

488 4947 647 4998 quam
670 4933 779 4987 Deo
804 4935 1164 5003 propinquare
1186 4937 1498 5004 poterimus,
1528 4938 1669 4992 sicut
1692 4940 1804 5007 ipse
1825 4940 1877 4992 in
1901 4941 2071 4995 Evan-

490 5022 627 5091 gelio
675 5022 1012 5076 aitzDiscite
1062 5042 1092 5076 a
1134 5041 1213 5077 me
1250 5028 1372 5094 quia
1422 5028 1560 5079 mitis
1606 5044 1722 5080 sum
1765 5038 1813 5082 et
1855 5029 2067 5084 humilis

488 5110 660 5173 corde,
686 5120 732 5162 et
761 5112 1028 5164 invenietis
1060 5114 1284 5181 requiem
1315 5114 1589 5167 animabus
1626 5116 1807 5169 vestris
1834 5115 2063 5188 (Matth.

490 5200 597 5269 XI).
642 5199 745 5253 Per
795 5200 1097 5271 superbiam
1148 5203 1410 5256 mirabilis
1451 5203 1762 5273 angelorum
1815 5214 2065 5261 creatura

489 5290 682 5343 cecidit
731 5292 795 5344 de
821 5291 978 5355 etelo,
1014 5306 1110 5360 per
1140 5292 1497 5346 humilitatem
1535 5293 1626 5345 Dei
1675 5292 1935 5364 fragilitas
1964 5296 2064 5347 hu-

492 5395 661 5433 mana:
691 5390 895 5434 naturae
933 5383 1171 5436 ascendit
1211 5383 1263 5435 in
1307 5382 1519 5437 omium.
1550 5382 1786 5437 Honesta
1812 5395 1892 5438 est
1924 5387 2067 5439 enim

492 5473 631 5527 inter
680 5473 925 5527 homines
974 5475 1294 5528 humilitatis
1336 5475 1687 5538 consuetudo,
1721 5476 1869 5529 sicut
1911 5475 2068 5529 Salo-

493 5576 616 5614 mnu
646 5562 720 5615 ait
753 5580 765 5615 :
800 5560 899 5616 Ubi
931 5564 1089 5631 fuerit
1130 5564 1391 5633 superbia,
1428 5563 1496 5616 ibi
1526 5565 1620 5616 erit
1650 5574 1695 5616 et
1724 5555 2068 5629 contumelia;

496 5651 582 5705 ubi
607 5663 778 5705 autem
802 5654 1088 5718 humilitas,
1118 5655 1188 5707 ibi
1210 5665 1257 5707 et
1284 5656 1539 5723 sapientia
1572 5655 1759 5721 (Prov.
1793 5657 1878 5725 χι)
1905 5674 1916 5724 ;
1945 5657 2067 5712 item

2162 1873 2421 1944 dejectior
2448 1873 2553 1928 erit
2581 1882 2706 1928 ante
2747 1874 2933 1928 Deum.
2968 1864 3069 1941 Qui
3096 1878 3239 1930 enim
3271 1878 3386 1931 sine
3436 1878 3749 1932 humilitate

2161 1962 2659 2033 bona-operamgit,
2710 1965 2761 2017 in
2788 1975 3003 2019 ventum
3032 1967 3313 2035 pulverem
3357 1976 3556 2036 portat.
3606 1970 3748 2024 item

2163 2047 2446 2119 Scriptura
2470 2051 2599 2104 dicit
2628 2069 2638 2102 :
2671 2050 2807 2116 Quid
2833 2054 3057 2123 superbit
3084 2067 3223 2109 terra
3246 2067 3292 2109 et
3322 2058 3488 2111 cinis?
3529 2060 3546 2127 (
3574 2057 3746 2112 Eceli.

2162 2152 2219 2191 Χ.
2250 2136 2266 2201 )
2292 2138 2417 2191 dum
2459 2149 2619 2191 vento
2665 2141 2926 2208 superbia:
2971 2142 3299 2213 dispergitur
3336 2146 3475 2213 quod
3514 2144 3744 2213 jejuniis

2162 2228 2245 2283 vel
2274 2229 2629 2299 elcemosynis
2665 2246 2992 2303 congregare
3032 2234 3260 2288 videtur.
3314 2235 3451 2300 Noli,
3489 2252 3521 2290 o
3552 2237 3745 2298 homo,

2164 2318 2217 2370 in
2247 2318 2537 2372 virtutibus
2568 2319 2785 2389 gloriari
2814 2323 2938 2386 tuis,
2971 2323 3095 2392 quia
3123 2323 3350 2378 alterum
3376 2327 3662 2381 habiturus
3689 2340 3750 2380 es

2158 2407 2411 2474 judieem,
2450 2425 2555 2463 non
2577 2411 2828 2477 teipsum,
2858 2413 2908 2466 in
2933 2410 3084 2481 cujus
3108 2423 3393 2483 conspectu
3425 2416 3738 2485 teipsum'in

2165 2498 2327 2551 corde
2353 2506 2447 2552 tuo
2477 2499 2691 2553 studeas
2720 2501 3027 2566 humiliare,
3058 2511 3321 2571 quatenus
3348 2510 3399 2558 te
3428 2504 3513 2576 ille
3531 2506 3743 2561 cxaltet

2165 2590 2219 2643 in
2255 2598 2494 2660 tempore
2521 2592 2891 2647 retributionis
2915 2609 3043 2648 sum.
3075 2595 3344 2649 Descende
3370 2604 3439 2659 ut
3456 2579 3744 2661 ascendas,

2169 2682 2451 2737 linmiliare
2485 2690 2538 2735 ut
2568 2683 2851 2750 exalteris,
2882 2700 2948 2739 ne
2975 2685 3242 2740 exaltatus
3284 2685 3616 2740 humilieris:
3653 2687 3748 2757 qui

2167 2771 2311 2827 enim
2343 2772 2441 2827 sibi
2470 2772 2591 2828 vilis
2620 2775 2830 2829 videtur
2864 2790 3001 2838 esse,
3034 2784 3157 2829 ante
3182 2776 3347 2830 Deum
3377 2776 3599 2845 pulcher
3624 2787 3743 2840 est;

2169 2864 2259 2933 qui
2304 2864 2406 2917 sibi
2444 2863 2751 2933 displicent,
2786 2865 2895 2919 Deo
2927 2865 3158 2933 placent.
3204 2865 3334 2920 Esto
3356 2866 3517 2935 igitur
3544 2881 3751 2934 parvus

2170 2954 2222 3006 in
2253 2953 2423 3007 oculis
2468 2953 2595 3017 tuis,
2634 2961 2693 3007 ut
2731 2954 2805 3009 sis
2840 2968 3063 3024 magnus
3103 2956 3158 3009 in
3196 2955 3366 3009 oculis
3415 2955 3540 3018 Dei;
3596 2963 3752 3010 tanto

2167 3040 2311 3094 enim
2338 3040 2445 3094 eris
2479 3042 2618 3110 apud
2643 3041 2810 3095 Deum
2838 3043 3145 3110 pretiosior,
3183 3052 3385 3113 quanto
3422 3041 3590 3097 fueris
3619 3054 3753 3098 ante

2166 3134 2351 3187 oculos
2397 3140 2516 3209 tuos
2565 3133 2884 3201 despectior.
2925 3133 2981 3187 ln
3030 3134 3242 3188 s’ummo
3283 3135 3486 3190 honore
3530 3150 3747 3190 summa

2168 3224 2264 3279 tibi
2288 3224 2357 3277 sit
2382 3222 2685 3287 humilitas;
2714 3223 2933 3277 honoris
2957 3223 3071 3277 laus
3092 3232 3175 3278 est
3197 3223 3513 3279 humilitatis
3536 3226 3745 3291 virtus;

2167 3315 2259 3369 sed
2306 3315 2448 3369 hanc
2493 3329 2635 3368 vera:
2676 3314 2995 3368 humilitatis
3027 3315 3273 3369 virtutem
3322 3329 3481 3370 nemo
3520 3316 3638 3370 sine
3671 3318 3742 3370 ti-

2167 3418 2315 3459 more
2342 3404 2435 3458 Dei
2466 3404 2667 3459 habere
2707 3412 2905 3472 potest,
2934 3406 3059 3474 quia
3083 3420 3267 3459 eorum
3298 3414 3486 3460 neuter
3514 3406 3633 3461 sine
3664 3408 3744 3461 al-

2167 3503 2283 3548 tero
2321 3509 2440 3548 esse
2471 3502 2667 3563 potest.
2702 3494 2838 3559 Quid
2866 3502 3047 3548 autem
3078 3493 3238 3548 timor
3266 3495 3361 3549 Dei
3393 3496 3610 3560 eiliciat,
3641 3496 3751 3551 fra-

2167 3593 2296 3648 tres,
2350 3582 2813 3638 auditezlnitium
2864 3584 3165 3652 sapientiae,
3211 3584 3367 3637 timor
3413 3584 3622 3637 Domini
3670 3596 3747 3639 est

2166 3673 2349 3747 (Psal.
2378 3673 2499 3746 ex).
2538 3673 2726 3743 Magna
2764 3682 2846 3728 est
2888 3674 3095 3727 cautela
3135 3675 3364 3743 peccati,
3411 3674 3503 3729 Dei
3530 3690 3751 3745 semper

2164 3764 2505 3835 praesentiam
2541 3764 2751 3817 timere.
2787 3762 2885 3830 Qui
2917 3762 3157 3833 perfecte
3192 3763 3359 3818 Deum
3394 3764 3567 3829 timet,
3617 3764 3748 3819 dili-

2106 3870 2114 3877 ’
2162 3862 2350 3925 genter
2381 3868 2438 3907 se
2465 3868 2496 3906 a
2521 3853 2759 3923 peccatis
2798 3852 3051 3906 custodit.
3096 3850 3328 3906 Timenti
3363 3854 3529 3907 Deum
3566 3854 3621 3907 in
3651 3869 3749 3909 no-

2165 3944 2387 3999 vissimo
2433 3943 2519 3997 die
2561 3943 2698 3997 bene
2737 3942 2863 4007 erit,
2911 3950 2967 3996 et
2992 3957 3200 3997 merces
3228 3940 3344 4010 ejus
3386 3943 3441 3997 in
3479 3951 3746 3999 :eternum

2164 4041 2462 4105 permanet.
2508 4031 2608 4099 Qui
2636 4032 2907 4087 erubescit
2940 4032 2993 4085 in
3023 4040 3311 4100 conspectu
3357 4032 3591 4086 hominis
3616 4048 3748 4101 pec-

2166 4138 2312 4187 care,
2348 4130 2552 4198 quanto
2594 4122 2765 4191 magis
2807 4121 3025 4191 dignum
3071 4130 3154 4174 est
3181 4122 3320 4189 quod
3361 4122 3645 4175 erubescat
3694 4122 3746 4175 in

2166 4221 2461 4282 conspectu
2510 4211 2603 4266 Dei
2653 4212 2991 4281 iniquitatem
3044 4226 3226 4279 agere,
3282 4212 3375 4282 qui
3421 4224 3525 4267 non
3570 4213 3748 4267 solum

2165 4319 2362 4373 opera,
2412 4304 2506 4358 sed
2564 4303 2722 4358 corda
2776 4302 3117 4357 considerat!
3164 4300 3264 4368 Qui
3312 4303 3503 4357 timore
3553 4314 3746 4359 sancto

2170 4393 2337 4449 Deum
2388 4402 2670 4455 metuunt,
2724 4393 3003 4461 inquirunt
3053 4407 3171 4460 qua:
3221 4392 3420 4461 placita
3471 4401 3596 4447 sunt
3644 4394 3745 4448 illi.

2094 4451 2143 4508 Β
2168 4487 2319 4540 Alius
2349 4494 2432 4541 est
2462 4487 2621 4539 timor
2650 4484 2880 4538 filiorum
2926 4484 3064 4538 alius
3110 4491 3195 4538 est
3240 4484 3402 4538 timor
3420 4500 3701 4539 servorum
3733 4502 3747 4539 :

2171 4580 2309 4634 servi
2358 4580 2500 4633 enim
2550 4588 2768 4648 propter
2810 4584 3075 4631 tormenta
3110 4577 3356 4633 dominos
3396 4580 3608 4642 timent,
3651 4579 3749 4635 filii

2171 4686 2297 4726 vero
2326 4680 2544 4743 propter
2571 4685 2809 4726 amorem
2855 4670 3026 4741 patris
3051 4670 3262 4726 timent.
3309 4671 3366 4727 Si
3398 4672 3488 4727 lilii
3517 4674 3609 4729 Dei
3654 4691 3749 4729 sa-

2172 4779 2311 4825 mus,
2343 4762 2629 4818 timeamus
2656 4777 2777 4816 emn
2806 4778 2873 4816 ex
2901 4762 3181 4816 charitatis
3207 4763 3507 4829 dulcedine,
3538 4781 3641 4820 non
3681 4766 3751 4820 de

2171 4853 2383 4907 timoris
2412 4853 2789 4908 amaritudine.
2818 4852 2989 4907 Homo
3016 4853 3232 4922 sapiens
3260 4854 3312 4907 in
3348 4855 3598 4911 omnibus
3620 4871 3749 4926 ope-

2170 4944 2318 4998 ribus
2357 4944 2469 4999 suis
2512 4945 2681 4997 Dcr'n
2727 4945 2951 5009 metuit,
3000 4944 3103 4999 scit
3135 4959 3176 4998 .s
3214 4959 3272 4999 se
3315 4942 3430 5011 ejus
3471 4960 3748 5014 nunquam

2173 5034 2512 5101 praesentiam
2550 5045 2787 5104 enugere
2812 5048 2991 5102 posse,
3033 5034 3169 5087 sicut
3205 5033 3487 5088 Psalmista
3531 5035 3641 5090 Deo
3668 5037 3750 5090 di.

2171 5123 2245 5175 cit
2270 5140 2281 5173 :
2317 5121 2430 5185 Quo
2453 5122 2533 5173 ibo
2558 5126 2591 5174 η
2614 5122 2802 5191 spiritu
2826 5132 2938 5186 tuo,
2968 5132 3014 5174 et
3037 5140 3067 5175 a
3094 5122 3228 5191 faeie
3255 5133 3344 5175 tua
3370 5140 3468 5193 quo
3501 5124 3704 5193 fugiant
3730 5125 3750 5163 ν

2172 5209 2343 5278 (Psal.
2374 5225 2608 5263 exxxvm
2629 5208 2669 5280 ;)
2701 5210 2826 5264 item
2849 5212 3005 5280 :quia
3035 5227 3195 5279 neque
3219 5213 3281 5263 ab
3319 5210 3547 5277 Oriente,
3583 5229 3748 5283 neque

2172 5300 2234 5352 ab
2266 5297 2560 5363 Occidente,
2581 5292 2916 5363 subauditur,
2943 5308 3087 5369 patet
3118 5302 3266 5355 locus
3286 5302 3523 5372 fugiendi
3554 5303 3746 5357 Deum.

2173 5390 2273 5456 Qui
2311 5391 2463 5445 timet
2490 5393 2656 5445 DeUm
2689 5392 2916 5461 accipiet
2957 5392 3255 5462 dpctrinam
3286 5393 3432 5461 ejus;
3465 5402 3520 5447 et
3552 5394 3644 5463 qui
3672 5396 3753 5448 vi-

2174 5481 2456 5550 gilaverint
2482 5482 2533 5533 in
2566 5482 2830 5535 mandatis
2852 5480 2988 5547 ejus,
3015 5484 3285 5536 invenient
3323 5482 3750 5536 benedictionem

2175 5570 2574 5638 sempiternam.
2611 5571 2872 5624 Timentis
2900 5571 3063 5625 Deum
3093 5571 3246 5625 beata
3290 5579 3373 5625 est
3410 5572 3611 5631 anima,
3640 5582 3696 5624 et
3724 5587 3752 5625 a

2178 5659 2472 5714 tentationc
2500 5661 2758 5715 diabolica
2807 5671 2915 5715 tuta
2946 5674 3202 5718 remanet.
3249 5663 3440 5716 Beatus
3472 5664 3627 5717 homo
3664 5664 3753 5724 qui
