  <div class='ocr_page' id='page_1' title='image "/cluster/home/n/w/nwhite01/storage/ocr_20150623/110/uva.x000827066/058.png"; bbox 0 0 3922 6334; ppageno 0'>
   <div class='ocr_carea' id='block_1_1' title="bbox 185 295 1725 359">
    <p class='ocr_par' dir='ltr' id='par_1_1' title="bbox 185 297 1725 359">
     <span class='ocr_line' id='line_1_1' title="bbox 185 297 1725 359; baseline -0.004 0"><span class='ocrx_word' id='word_1_1' title='bbox 185 303 267 359; x_wconf 72' lang='lat' dir='ltr'><strong>Illi</strong></span> <span class='ocrx_word' id='word_1_2' title='bbox 1133 297 1435 359; x_wconf 68' lang='grc' dir='ltr'><strong>ΗΟΜΠᾸᾸΞ</strong></span> <span class='ocrx_word' id='word_1_3' title='bbox 1480 298 1566 352; x_wconf 78' lang='lat' dir='ltr'><strong>DE</strong></span> <span class='ocrx_word' id='word_1_4' title='bbox 1608 298 1725 353; x_wconf 73' lang='lat' dir='ltr'><strong>FES</strong></span> 
     </span>
    </p>
   </div>
   <div class='ocr_carea' id='block_1_2' title="bbox 1828 295 2489 359">
    <p class='ocr_par' dir='ltr' id='par_1_2' title="bbox 1828 295 2489 356">
     <span class='ocr_line' id='line_1_2' title="bbox 1828 295 2489 356; baseline -0.005 -4"><span class='ocrx_word' id='word_1_5' title='bbox 1828 298 1847 352; x_wconf 75' lang='lat'><strong>5</strong></span> <span class='ocrx_word' id='word_1_6' title='bbox 1888 295 2297 356; x_wconf 59' lang='lat' dir='ltr'><strong>PRJSCIPUIS.</strong></span> <span class='ocrx_word' id='word_1_7' title='bbox 2340 295 2489 351; x_wconf 83' lang='lat' dir='ltr'><strong>ETC.</strong></span> 
     </span>
    </p>
   </div>
   <div class='ocr_carea' id='block_1_3' title="bbox 1272 408 3425 479">
    <p class='ocr_par' dir='ltr' id='par_1_3' title="bbox 1272 408 3425 479">
     <span class='ocr_line' id='line_1_3' title="bbox 1272 408 3425 479; baseline 0 -12"><span class='ocrx_word' id='word_1_8' title='bbox 1272 425 1323 467; x_wconf 84' lang='lat' dir='ltr'><strong>ct</strong></span> <span class='ocrx_word' id='word_1_9' title='bbox 1361 415 1443 468; x_wconf 79' lang='lat' dir='ltr'><strong>cui</strong></span> <span class='ocrx_word' id='word_1_10' title='bbox 1489 416 1741 467; x_wconf 79' lang='lat' dir='ltr'><strong>donatum</strong></span> <span class='ocrx_word' id='word_1_11' title='bbox 1774 422 1816 476; x_wconf 66' lang='grc' dir='ltr'>Α</span> <span class='ocrx_word' id='word_1_12' title='bbox 1848 414 2025 464; x_wconf 77' lang='lat' dir='ltr'><strong>animo</strong></span> <span class='ocrx_word' id='word_1_13' title='bbox 2054 428 2165 464; x_wconf 83' lang='lat' dir='ltr'><strong>mea</strong></span> <span class='ocrx_word' id='word_1_14' title='bbox 2208 413 2259 463; x_wconf 88' lang='lat' dir='ltr'><strong>in</strong></span> <span class='ocrx_word' id='word_1_15' title='bbox 2290 412 2425 463; x_wconf 79' lang='lat' dir='ltr'><strong>atria</strong></span> <span class='ocrx_word' id='word_1_16' title='bbox 2470 410 2692 463; x_wconf 79' lang='lat' dir='ltr'><strong>Dontini.</strong></span> <span class='ocrx_word' id='word_1_17' title='bbox 2741 408 2843 463; x_wconf 73' lang='lat' dir='ltr'><strong>Cor</strong></span> <span class='ocrx_word' id='word_1_18' title='bbox 2875 426 3040 464; x_wconf 73' lang='lat' dir='ltr'><strong>meum</strong></span> <span class='ocrx_word' id='word_1_19' title='bbox 3070 422 3113 463; x_wconf 81' lang='lat' dir='ltr'><strong>et</strong></span> <span class='ocrx_word' id='word_1_20' title='bbox 3138 428 3261 465; x_wconf 73' lang='lat' dir='ltr'><strong>caro</strong></span> <span class='ocrx_word' id='word_1_21' title='bbox 3290 429 3425 479; x_wconf 76' lang='lat' dir='ltr'><strong>mea,</strong></span> 
     </span>
    </p>
   </div>
   <div class='ocr_carea' id='block_1_4' title="bbox 174 411 1222 484">
    <p class='ocr_par' dir='ltr' id='par_1_4' title="bbox 174 411 1222 484">
     <span class='ocr_line' id='line_1_4' title="bbox 174 411 1222 484; baseline -0.001 -17"><span class='ocrx_word' id='word_1_22' title='bbox 174 430 364 482; x_wconf 50' lang='grc' dir='ltr'><strong>θέωμεν</strong></span> <span class='ocrx_word' id='word_1_23' title='bbox 390 424 461 467; x_wconf 63' lang='grc' dir='ltr'><strong>τ’δῖ</strong></span> <span class='ocrx_word' id='word_1_24' title='bbox 496 414 719 481; x_wconf 69' lang='grc' dir='ltr'><strong>ρ.ιρ·ἰ‹1ηις</strong></span> <span class='ocrx_word' id='word_1_25' title='bbox 752 411 939 484; x_wconf 62' lang='lat' dir='ltr'><strong>(Prov.</strong></span> <span class='ocrx_word' id='word_1_26' title='bbox 988 429 1151 466; x_wconf 71' lang='lat' dir='ltr'><strong>vxrur</strong></span> <span class='ocrx_word' id='word_1_27' title='bbox 1174 415 1187 479; x_wconf 96' lang='lat'>)</span> <span class='ocrx_word' id='word_1_28' title='bbox 1209 455 1222 473; x_wconf 90' lang='lat'><strong>,</strong></span> 
     </span>
    </p>
   </div>
   <div class='ocr_carea' id='block_1_5' title="bbox 181 503 1743 571">
    <p class='ocr_par' dir='ltr' id='par_1_5' title="bbox 181 503 1743 571">
     <span class='ocr_line' id='line_1_5' title="bbox 181 503 1743 571; baseline -0.001 -13"><span class='ocrx_word' id='word_1_29' title='bbox 181 516 255 558; x_wconf 75' lang='lat' dir='ltr'><strong>est</strong></span> <span class='ocrx_word' id='word_1_30' title='bbox 284 503 366 557; x_wconf 88' lang='lat' dir='ltr'><strong>Dei</strong></span> <span class='ocrx_word' id='word_1_31' title='bbox 402 503 655 557; x_wconf 85' lang='lat' dir='ltr'><strong>timorem</strong></span> <span class='ocrx_word' id='word_1_32' title='bbox 688 517 896 570; x_wconf 80' lang='lat' dir='ltr'><strong>seraper</strong></span> <span class='ocrx_word' id='word_1_33' title='bbox 923 512 1047 555; x_wconf 80' lang='lat' dir='ltr'><strong>ante</strong></span> <span class='ocrx_word' id='word_1_34' title='bbox 1072 503 1258 556; x_wconf 72' lang='lat' dir='ltr'><strong>oculos</strong></span> <span class='ocrx_word' id='word_1_35' title='bbox 1296 505 1510 557; x_wconf 83' lang='lat' dir='ltr'><strong>habere.</strong></span> <span class='ocrx_word' id='word_1_36' title='bbox 1541 504 1639 571; x_wconf 79' lang='lat' dir='ltr'><strong>Qui</strong></span> <span class='ocrx_word' id='word_1_37' title='bbox 1677 505 1743 556; x_wconf 89' lang='lat' dir='ltr'><strong>ti-</strong></span> 
     </span>
    </p>
   </div>
   <div class='ocr_carea' id='block_1_6' title="bbox 183 594 1744 663">
    <p class='ocr_par' dir='ltr' id='par_1_6' title="bbox 183 594 1744 663">
     <span class='ocr_line' id='line_1_6' title="bbox 183 594 1744 663; baseline -0.001 -16"><span class='ocrx_word' id='word_1_38' title='bbox 183 604 277 648; x_wconf 52' lang='lat' dir='ltr'><strong>uzet</strong></span> <span class='ocrx_word' id='word_1_39' title='bbox 304 594 605 656; x_wconf 87' lang='lat' dir='ltr'><strong>Dominum,</strong></span> <span class='ocrx_word' id='word_1_40' title='bbox 635 594 832 647; x_wconf 85' lang='lat' dir='ltr'><strong>recedit</strong></span> <span class='ocrx_word' id='word_1_41' title='bbox 861 594 929 647; x_wconf 87' lang='lat' dir='ltr'><strong>ab</strong></span> <span class='ocrx_word' id='word_1_42' title='bbox 962 594 1155 646; x_wconf 81' lang='lat' dir='ltr'><strong>itinere</strong></span> <span class='ocrx_word' id='word_1_43' title='bbox 1186 610 1371 663; x_wconf 85' lang='lat' dir='ltr'><strong>pravo,</strong></span> <span class='ocrx_word' id='word_1_44' title='bbox 1400 604 1453 649; x_wconf 90' lang='lat' dir='ltr'><strong>et</strong></span> <span class='ocrx_word' id='word_1_45' title='bbox 1479 596 1545 648; x_wconf 89' lang='lat' dir='ltr'><strong>ad</strong></span> <span class='ocrx_word' id='word_1_46' title='bbox 1574 595 1744 647; x_wconf 87' lang='lat' dir='ltr'><strong>virtu-</strong></span> 
     </span>
    </p>
   </div>
   <div class='ocr_carea' id='block_1_7' title="bbox 183 685 1743 755">
    <p class='ocr_par' dir='ltr' id='par_1_7' title="bbox 183 685 1743 755">
     <span class='ocr_line' id='line_1_7' title="bbox 183 685 1743 755; baseline -0.001 -15"><span class='ocrx_word' id='word_1_47' title='bbox 183 700 281 740; x_wconf 89' lang='lat' dir='ltr'><strong>tum</strong></span> <span class='ocrx_word' id='word_1_48' title='bbox 320 685 564 740; x_wconf 87' lang='lat' dir='ltr'><strong>semitam</strong></span> <span class='ocrx_word' id='word_1_49' title='bbox 599 685 713 739; x_wconf 97' lang='lat' dir='ltr'><strong>vias</strong></span> <span class='ocrx_word' id='word_1_50' title='bbox 751 700 875 739; x_wconf 90' lang='lat' dir='ltr'><strong>suas</strong></span> <span class='ocrx_word' id='word_1_51' title='bbox 918 685 1120 755; x_wconf 85' lang='lat' dir='ltr'><strong>dirigit.</strong></span> <span class='ocrx_word' id='word_1_52' title='bbox 1167 686 1352 739; x_wconf 81' lang='lat' dir='ltr'><strong>Timor</strong></span> <span class='ocrx_word' id='word_1_53' title='bbox 1394 686 1488 740; x_wconf 89' lang='lat' dir='ltr'><strong>Dei</strong></span> <span class='ocrx_word' id='word_1_54' title='bbox 1534 686 1743 754; x_wconf 89' lang='lat' dir='ltr'><strong>repellit</strong></span> 
     </span>
    </p>
   </div>
   <div class='ocr_carea' id='block_1_8' title="bbox 181 774 1741 845">
    <p class='ocr_par' dir='ltr' id='par_1_8' title="bbox 181 774 1741 845">
     <span class='ocr_line' id='line_1_8' title="bbox 181 774 1741 845; baseline 0.003 -19"><span class='ocrx_word' id='word_1_55' title='bbox 181 786 384 845; x_wconf 78' lang='lat' dir='ltr'><strong>peccata</strong></span> <span class='ocrx_word' id='word_1_56' title='bbox 416 784 467 829; x_wconf 88' lang='lat' dir='ltr'><strong>et</strong></span> <span class='ocrx_word' id='word_1_57' title='bbox 500 774 682 841; x_wconf 82' lang='lat' dir='ltr'><strong>adjicit</strong></span> <span class='ocrx_word' id='word_1_58' title='bbox 717 775 944 829; x_wconf 89' lang='lat' dir='ltr'><strong>virtutes</strong></span> <span class='ocrx_word' id='word_1_59' title='bbox 974 793 985 827; x_wconf 92' lang='lat'>:</span> <span class='ocrx_word' id='word_1_60' title='bbox 1017 776 1179 843; x_wconf 78' lang='lat' dir='ltr'><strong>timor</strong></span> <span class='ocrx_word' id='word_1_61' title='bbox 1221 784 1435 829; x_wconf 89' lang='lat' dir='ltr'><strong>cautum</strong></span> <span class='ocrx_word' id='word_1_62' title='bbox 1478 775 1605 830; x_wconf 90' lang='lat' dir='ltr'><strong>facit</strong></span> <span class='ocrx_word' id='word_1_63' title='bbox 1644 777 1741 830; x_wconf 85' lang='lat' dir='ltr'><strong>ho-</strong></span> 
     </span>
    </p>
   </div>
   <div class='ocr_carea' id='block_1_9' title="bbox 180 866 1738 935">
    <p class='ocr_par' dir='ltr' id='par_1_9' title="bbox 180 866 1738 935">
     <span class='ocr_line' id='line_1_9' title="bbox 180 866 1738 935; baseline 0.003 -16"><span class='ocrx_word' id='word_1_64' title='bbox 180 869 361 920; x_wconf 82' lang='lat' dir='ltr'><strong>minem</strong></span> <span class='ocrx_word' id='word_1_65' title='bbox 389 874 441 919; x_wconf 85' lang='lat' dir='ltr'><strong>et</strong></span> <span class='ocrx_word' id='word_1_66' title='bbox 482 866 767 921; x_wconf 83' lang='lat' dir='ltr'><strong>sollicitum</strong></span> <span class='ocrx_word' id='word_1_67' title='bbox 805 882 872 921; x_wconf 91' lang='lat' dir='ltr'><strong>ne</strong></span> <span class='ocrx_word' id='word_1_68' title='bbox 902 875 1118 935; x_wconf 79' lang='lat' dir='ltr'><strong>peccet;</strong></span> <span class='ocrx_word' id='word_1_69' title='bbox 1166 869 1256 921; x_wconf 84' lang='lat' dir='ltr'><strong>tibi</strong></span> <span class='ocrx_word' id='word_1_70' title='bbox 1294 884 1420 922; x_wconf 88' lang='lat' dir='ltr'><strong>vero</strong></span> <span class='ocrx_word' id='word_1_71' title='bbox 1459 869 1620 921; x_wconf 85' lang='lat' dir='ltr'><strong>timor</strong></span> <span class='ocrx_word' id='word_1_72' title='bbox 1648 870 1738 923; x_wconf 86' lang='lat' dir='ltr'><strong>Dei</strong></span> 
     </span>
    </p>
   </div>
   <div class='ocr_carea' id='block_1_10' title="bbox 180 957 1737 1029">
    <p class='ocr_par' dir='ltr' id='par_1_10' title="bbox 180 957 1737 1029">
     <span class='ocr_line' id='line_1_10' title="bbox 180 957 1737 1029; baseline 0.003 -19"><span class='ocrx_word' id='word_1_73' title='bbox 180 974 274 1011; x_wconf 78' lang='lat' dir='ltr'><strong>non</strong></span> <span class='ocrx_word' id='word_1_74' title='bbox 301 966 395 1019; x_wconf 86' lang='lat' dir='ltr'><strong>est,</strong></span> <span class='ocrx_word' id='word_1_75' title='bbox 423 958 493 1009; x_wconf 90' lang='lat' dir='ltr'><strong>ibi</strong></span> <span class='ocrx_word' id='word_1_76' title='bbox 518 957 797 1011; x_wconf 72' lang='lat' dir='ltr'><strong>dissolutio</strong></span> <span class='ocrx_word' id='word_1_77' title='bbox 817 958 938 1011; x_wconf 72' lang='lat' dir='ltr'><strong>vitro</strong></span> <span class='ocrx_word' id='word_1_78' title='bbox 965 967 1070 1012; x_wconf 89' lang='lat' dir='ltr'><strong>est.</strong></span> <span class='ocrx_word' id='word_1_79' title='bbox 1100 958 1209 1024; x_wconf 83' lang='lat' dir='ltr'><strong>Qui</strong></span> <span class='ocrx_word' id='word_1_80' title='bbox 1232 959 1399 1012; x_wconf 83' lang='lat' dir='ltr'><strong>Deum</strong></span> <span class='ocrx_word' id='word_1_81' title='bbox 1433 959 1482 1012; x_wconf 91' lang='lat' dir='ltr'><strong>in</strong></span> <span class='ocrx_word' id='word_1_82' title='bbox 1514 974 1737 1029; x_wconf 88' lang='lat' dir='ltr'><strong>prospe-</strong></span> 
     </span>
    </p>
   </div>
   <div class='ocr_carea' id='block_1_11' title="bbox 177 1030 1739 1120">
    <p class='ocr_par' dir='ltr' id='par_1_11' title="bbox 177 1030 1739 1120">
     <span class='ocr_line' id='line_1_11' title="bbox 177 1030 1739 1120; baseline 0 -17"><span class='ocrx_word' id='word_1_83' title='bbox 177 1052 244 1105; x_wconf 87' lang='lat' dir='ltr'><strong>ris</strong></span> <span class='ocrx_word' id='word_1_84' title='bbox 268 1065 366 1102; x_wconf 84' lang='lat' dir='ltr'><strong>non</strong></span> <span class='ocrx_word' id='word_1_85' title='bbox 396 1050 566 1111; x_wconf 80' lang='lat' dir='ltr'><strong>timet,</strong></span> <span class='ocrx_word' id='word_1_86' title='bbox 605 1051 791 1103; x_wconf 88' lang='lat' dir='ltr'><strong>timeat</strong></span> <span class='ocrx_word' id='word_1_87' title='bbox 816 1049 899 1103; x_wconf 93' lang='lat' dir='ltr'><strong>vel</strong></span> <span class='ocrx_word' id='word_1_88' title='bbox 942 1030 1005 1103; x_wconf 66' lang='lat' dir='ltr'><strong>in~</strong></span> <span class='ocrx_word' id='word_1_89' title='bbox 1026 1051 1297 1115; x_wconf 79' lang='lat' dir='ltr'><strong>adversis;</strong></span> <span class='ocrx_word' id='word_1_90' title='bbox 1326 1050 1554 1120; x_wconf 72' lang='lat' dir='ltr'><strong>refugiat</strong></span> <span class='ocrx_word' id='word_1_91' title='bbox 1584 1052 1652 1108; x_wconf 77' lang='lat' dir='ltr'><strong>ad</strong></span> <span class='ocrx_word' id='word_1_92' title='bbox 1682 1051 1739 1104; x_wconf 75' lang='grc' dir='ltr'><strong>ιι-</strong></span> 
     </span>
    </p>
   </div>
   <div class='ocr_carea' id='block_1_12' title="bbox 174 1139 1737 1211">
    <p class='ocr_par' dir='ltr' id='par_1_12' title="bbox 174 1139 1737 1211">
     <span class='ocr_line' id='line_1_12' title="bbox 174 1139 1737 1211; baseline 0.002 -19"><span class='ocrx_word' id='word_1_93' title='bbox 174 1142 293 1197; x_wconf 78' lang='lat' dir='ltr'><strong>lunt,</strong></span> <span class='ocrx_word' id='word_1_94' title='bbox 323 1140 407 1208; x_wconf 82' lang='lat' dir='ltr'><strong>qui</strong></span> <span class='ocrx_word' id='word_1_95' title='bbox 438 1139 666 1207; x_wconf 84' lang='lat' dir='ltr'><strong>ﬂagellat</strong></span> <span class='ocrx_word' id='word_1_96' title='bbox 693 1149 746 1192; x_wconf 88' lang='lat' dir='ltr'><strong>et</strong></span> <span class='ocrx_word' id='word_1_97' title='bbox 773 1150 928 1193; x_wconf 83' lang='lat' dir='ltr'><strong>sanat</strong></span> <span class='ocrx_word' id='word_1_98' title='bbox 962 1159 972 1193; x_wconf 94' lang='lat'>:</span> <span class='ocrx_word' id='word_1_99' title='bbox 1003 1139 1193 1194; x_wconf 78' lang='lat' dir='ltr'><strong>Beatus</strong></span> <span class='ocrx_word' id='word_1_100' title='bbox 1223 1142 1299 1194; x_wconf 79' lang='lat' dir='ltr'><strong>vir</strong></span> <span class='ocrx_word' id='word_1_101' title='bbox 1321 1142 1411 1211; x_wconf 86' lang='lat' dir='ltr'><strong>qui</strong></span> <span class='ocrx_word' id='word_1_102' title='bbox 1447 1143 1589 1195; x_wconf 83' lang='lat' dir='ltr'><strong>timet</strong></span> <span class='ocrx_word' id='word_1_103' title='bbox 1630 1142 1737 1195; x_wconf 89' lang='lat' dir='ltr'><strong>Do-</strong></span> 
     </span>
    </p>
   </div>
   <div class='ocr_carea' id='block_1_13' title="bbox 171 1229 1733 1303">
    <p class='ocr_par' dir='ltr' id='par_1_13' title="bbox 171 1229 1733 1303">
     <span class='ocr_line' id='line_1_13' title="bbox 171 1229 1733 1303; baseline 0.001 -20"><span class='ocrx_word' id='word_1_104' title='bbox 171 1234 375 1294; x_wconf 84' lang='lat' dir='ltr'><strong>minum,</strong></span> <span class='ocrx_word' id='word_1_105' title='bbox 426 1232 479 1283; x_wconf 85' lang='lat' dir='ltr'><strong>in</strong></span> <span class='ocrx_word' id='word_1_106' title='bbox 527 1229 789 1283; x_wconf 82' lang='lat' dir='ltr'><strong>mandatis</strong></span> <span class='ocrx_word' id='word_1_107' title='bbox 832 1231 947 1300; x_wconf 84' lang='lat' dir='ltr'><strong>ejus</strong></span> <span class='ocrx_word' id='word_1_108' title='bbox 988 1233 1128 1297; x_wconf 74' lang='lat' dir='ltr'><strong>cupit</strong></span> <span class='ocrx_word' id='word_1_109' title='bbox 1173 1233 1326 1285; x_wconf 84' lang='lat' dir='ltr'><strong>nimis</strong></span> <span class='ocrx_word' id='word_1_110' title='bbox 1357 1231 1374 1301; x_wconf 97' lang='lat'>(</span> <span class='ocrx_word' id='word_1_111' title='bbox 1404 1232 1546 1285; x_wconf 88' lang='lat' dir='ltr'><strong>Psal.</strong></span> <span class='ocrx_word' id='word_1_112' title='bbox 1596 1231 1733 1303; x_wconf 84' lang='lat' dir='ltr'><strong>cxr).</strong></span> 
     </span>
    </p>
   </div>
   <div class='ocr_carea' id='block_1_14' title="bbox 170 1321 1738 1390">
    <p class='ocr_par' dir='ltr' id='par_1_14' title="bbox 170 1321 1738 1390">
     <span class='ocr_line' id='line_1_14' title="bbox 170 1321 1738 1390; baseline 0.002 -16"><span class='ocrx_word' id='word_1_113' title='bbox 170 1323 341 1375; x_wconf 81' lang='lat' dir='ltr'><strong>&#39;l‘itnor</strong></span> <span class='ocrx_word' id='word_1_114' title='bbox 370 1321 465 1374; x_wconf 87' lang='lat' dir='ltr'><strong>Dei</strong></span> <span class='ocrx_word' id='word_1_115' title='bbox 497 1322 743 1375; x_wconf 85' lang='lat' dir='ltr'><strong>timorem</strong></span> <span class='ocrx_word' id='word_1_116' title='bbox 770 1321 990 1390; x_wconf 77' lang='lat' dir='ltr'><strong>expellit</strong></span> <span class='ocrx_word' id='word_1_117' title='bbox 1017 1323 1298 1390; x_wconf 73' lang='lat' dir='ltr'><strong>gelrcnnm,</strong></span> <span class='ocrx_word' id='word_1_118' title='bbox 1331 1323 1455 1390; x_wconf 88' lang='lat' dir='ltr'><strong>quia</strong></span> <span class='ocrx_word' id='word_1_119' title='bbox 1491 1322 1618 1377; x_wconf 80' lang='lat' dir='ltr'><strong>facit</strong></span> <span class='ocrx_word' id='word_1_120' title='bbox 1647 1322 1738 1377; x_wconf 87' lang='lat' dir='ltr'><strong>bo-</strong></span> 
     </span>
    </p>
   </div>
   <div class='ocr_carea' id='block_1_15' title="bbox 168 1412 1730 1483">
    <p class='ocr_par' dir='ltr' id='par_1_15' title="bbox 168 1412 1730 1483">
     <span class='ocr_line' id='line_1_15' title="bbox 168 1412 1730 1483; baseline 0.002 -16"><span class='ocrx_word' id='word_1_121' title='bbox 168 1415 351 1467; x_wconf 88' lang='lat' dir='ltr'><strong>tninem</strong></span> <span class='ocrx_word' id='word_1_122' title='bbox 403 1423 682 1483; x_wconf 88' lang='lat' dir='ltr'><strong>peccatum</strong></span> <span class='ocrx_word' id='word_1_123' title='bbox 728 1428 924 1469; x_wconf 85' lang='lat' dir='ltr'><strong>cavere</strong></span> <span class='ocrx_word' id='word_1_124' title='bbox 964 1422 1019 1467; x_wconf 88' lang='lat' dir='ltr'><strong>et</strong></span> <span class='ocrx_word' id='word_1_125' title='bbox 1064 1412 1287 1481; x_wconf 85' lang='lat' dir='ltr'><strong>justitiac</strong></span> <span class='ocrx_word' id='word_1_126' title='bbox 1340 1430 1504 1483; x_wconf 88' lang='lat' dir='ltr'><strong>opera</strong></span> <span class='ocrx_word' id='word_1_127' title='bbox 1551 1431 1730 1483; x_wconf 79' lang='lat' dir='ltr'><strong>agerc.</strong></span> 
     </span>
    </p>
   </div>
   <div class='ocr_carea' id='block_1_16' title="bbox 168 1506 1735 1576">
    <p class='ocr_par' dir='ltr' id='par_1_16' title="bbox 168 1506 1735 1576">
     <span class='ocr_line' id='line_1_16' title="bbox 168 1506 1735 1576; baseline 0.003 -18"><span class='ocrx_word' id='word_1_128' title='bbox 168 1507 284 1559; x_wconf 90' lang='lat' dir='ltr'><strong>Post</strong></span> <span class='ocrx_word' id='word_1_129' title='bbox 329 1508 439 1560; x_wconf 79' lang='lat' dir='ltr'><strong>lucc</strong></span> <span class='ocrx_word' id='word_1_130' title='bbox 483 1507 547 1559; x_wconf 87' lang='lat' dir='ltr'><strong>ad</strong></span> <span class='ocrx_word' id='word_1_131' title='bbox 593 1506 737 1558; x_wconf 90' lang='lat' dir='ltr'><strong>illum</strong></span> <span class='ocrx_word' id='word_1_132' title='bbox 786 1506 1067 1574; x_wconf 84' lang='lat' dir='ltr'><strong>perveniet</strong></span> <span class='ocrx_word' id='word_1_133' title='bbox 1114 1506 1361 1561; x_wconf 89' lang='lat' dir='ltr'><strong>timorem</strong></span> <span class='ocrx_word' id='word_1_134' title='bbox 1400 1508 1489 1576; x_wconf 89' lang='lat' dir='ltr'><strong>qui</strong></span> <span class='ocrx_word' id='word_1_135' title='bbox 1538 1508 1735 1562; x_wconf 91' lang='lat' dir='ltr'><strong>dicitur</strong></span> 
     </span>
    </p>
   </div>
   <div class='ocr_carea' id='block_1_17' title="bbox 166 1596 1730 1667">
    <p class='ocr_par' dir='ltr' id='par_1_17' title="bbox 166 1596 1730 1667">
     <span class='ocr_line' id='line_1_17' title="bbox 166 1596 1730 1667; baseline 0.004 -20"><span class='ocrx_word' id='word_1_136' title='bbox 166 1606 371 1650; x_wconf 83' lang='lat' dir='ltr'><strong>sanctus</strong></span> <span class='ocrx_word' id='word_1_137' title='bbox 398 1607 456 1649; x_wconf 90' lang='lat' dir='ltr'><strong>ct</strong></span> <span class='ocrx_word' id='word_1_138' title='bbox 492 1607 774 1664; x_wconf 75' lang='lat' dir='ltr'><strong>permanet</strong></span> <span class='ocrx_word' id='word_1_139' title='bbox 810 1598 861 1650; x_wconf 93' lang='lat' dir='ltr'><strong>in</strong></span> <span class='ocrx_word' id='word_1_140' title='bbox 895 1596 1145 1650; x_wconf 70' lang='lat' dir='ltr'><strong>srrculum</strong></span> <span class='ocrx_word' id='word_1_141' title='bbox 1178 1598 1358 1652; x_wconf 71' lang='grc' dir='ltr'><strong>δευουιὶ</strong></span> <span class='ocrx_word' id='word_1_142' title='bbox 1406 1599 1530 1667; x_wconf 89' lang='lat' dir='ltr'><strong>quia</strong></span> <span class='ocrx_word' id='word_1_143' title='bbox 1568 1608 1650 1653; x_wconf 90' lang='lat' dir='ltr'><strong>est</strong></span> <span class='ocrx_word' id='word_1_144' title='bbox 1679 1600 1730 1653; x_wconf 89' lang='lat' dir='ltr'><strong>in</strong></span> 
     </span>
    </p>
   </div>
   <div class='ocr_carea' id='block_1_18' title="bbox 166 1684 1731 1755">
    <p class='ocr_par' dir='ltr' id='par_1_18' title="bbox 166 1684 1731 1755">
     <span class='ocr_line' id='line_1_18' title="bbox 166 1684 1731 1755; baseline 0.006 -20"><span class='ocrx_word' id='word_1_145' title='bbox 166 1686 458 1739; x_wconf 68' lang='lat' dir='ltr'><strong>dilectione.</strong></span> <span class='ocrx_word' id='word_1_146' title='bbox 489 1684 579 1739; x_wconf 81' lang='lat' dir='ltr'><strong>Sic</strong></span> <span class='ocrx_word' id='word_1_147' title='bbox 620 1700 771 1755; x_wconf 88' lang='lat' dir='ltr'><strong>ergo,</strong></span> <span class='ocrx_word' id='word_1_148' title='bbox 798 1685 1011 1751; x_wconf 83' lang='lat' dir='ltr'><strong>fratres,</strong></span> <span class='ocrx_word' id='word_1_149' title='bbox 1039 1688 1322 1741; x_wconf 80' lang='lat' dir='ltr'><strong>timeamus</strong></span> <span class='ocrx_word' id='word_1_150' title='bbox 1359 1688 1523 1742; x_wconf 87' lang='lat' dir='ltr'><strong>Deum</strong></span> <span class='ocrx_word' id='word_1_151' title='bbox 1562 1700 1620 1743; x_wconf 87' lang='lat' dir='ltr'><strong>ttt</strong></span> <span class='ocrx_word' id='word_1_152' title='bbox 1651 1692 1731 1744; x_wconf 89' lang='lat' dir='ltr'><strong>di-</strong></span> 
     </span>
    </p>
   </div>
   <div class='ocr_carea' id='block_1_19' title="bbox 3324 297 3428 353">
    <p class='ocr_par' dir='ltr' id='par_1_19' title="bbox 3324 297 3428 353">
     <span class='ocr_line' id='line_1_19' title="bbox 3324 297 3428 353; baseline -0.01 0"><span class='ocrx_word' id='word_1_153' title='bbox 3324 297 3428 353; x_wconf 64' lang='lat' dir='ltr'><strong>illi</strong></span> 
     </span>
    </p>
   </div>
   <div class='ocr_carea' id='block_1_20' title="bbox 1846 502 3430 579">
    <p class='ocr_par' dir='ltr' id='par_1_20' title="bbox 1846 502 3430 579">
     <span class='ocr_line' id='line_1_20' title="bbox 1846 502 3430 579; baseline 0 -21"><span class='ocrx_word' id='word_1_154' title='bbox 1846 505 2230 558; x_wconf 78' lang='lat' dir='ltr'><strong>e.1:su.’tnvcruut</strong></span> <span class='ocrx_word' id='word_1_155' title='bbox 2258 505 2307 555; x_wconf 82' lang='lat' dir='ltr'><strong>in</strong></span> <span class='ocrx_word' id='word_1_156' title='bbox 2332 503 2496 556; x_wconf 84' lang='lat' dir='ltr'><strong>Deum</strong></span> <span class='ocrx_word' id='word_1_157' title='bbox 2526 505 2692 556; x_wconf 79' lang='lat' dir='ltr'><strong>riuum</strong></span> <span class='ocrx_word' id='word_1_158' title='bbox 2720 502 2887 579; x_wconf 55' lang='lat' dir='ltr'><strong>(Paul.</strong></span> <span class='ocrx_word' id='word_1_159' title='bbox 2916 510 3163 571; x_wconf 64' lang='lat' dir='ltr'><strong>LXXXIII).</strong></span> <span class='ocrx_word' id='word_1_160' title='bbox 3185 504 3430 570; x_wconf 82' lang='lat' dir='ltr'><strong>Quatuor</strong></span> 
     </span>
    </p>
   </div>
   <div class='ocr_carea' id='block_1_21' title="bbox 1847 591 3427 664">
    <p class='ocr_par' dir='ltr' id='par_1_21' title="bbox 1847 591 3427 664">
     <span class='ocr_line' id='line_1_21' title="bbox 1847 591 3427 664; baseline -0.003 -14"><span class='ocrx_word' id='word_1_161' title='bbox 1847 609 2079 664; x_wconf 88' lang='lat' dir='ltr'><strong>namque</strong></span> <span class='ocrx_word' id='word_1_162' title='bbox 2108 602 2233 649; x_wconf 91' lang='lat' dir='ltr'><strong>sunt</strong></span> <span class='ocrx_word' id='word_1_163' title='bbox 2262 594 2549 663; x_wconf 83' lang='lat' dir='ltr'><strong>qualitates</strong></span> <span class='ocrx_word' id='word_1_164' title='bbox 2573 591 2915 648; x_wconf 68' lang='lat' dir='ltr'><strong>affectiozzum</strong></span> <span class='ocrx_word' id='word_1_165' title='bbox 2947 595 3142 662; x_wconf 89' lang='lat' dir='ltr'><strong>quibus</strong></span> <span class='ocrx_word' id='word_1_166' title='bbox 3170 595 3427 663; x_wconf 84' lang='lat' dir='ltr'><strong>cogitatio</strong></span> 
     </span>
    </p>
   </div>
   <div class='ocr_carea' id='block_1_22' title="bbox 1838 685 3425 755">
    <p class='ocr_par' dir='ltr' id='par_1_22' title="bbox 1838 685 3425 755">
     <span class='ocr_line' id='line_1_22' title="bbox 1838 685 3425 755; baseline 0.001 -17"><span class='ocrx_word' id='word_1_167' title='bbox 1838 686 1967 755; x_wconf 89' lang='lat' dir='ltr'><strong>justi</strong></span> <span class='ocrx_word' id='word_1_168' title='bbox 2003 687 2159 739; x_wconf 56' lang='lat' dir='ltr'><strong>ta‘dio</strong></span> <span class='ocrx_word' id='word_1_169' title='bbox 2188 685 2388 737; x_wconf 83' lang='lat' dir='ltr'><strong>salubri</strong></span> <span class='ocrx_word' id='word_1_170' title='bbox 2429 685 2835 753; x_wconf 87' lang='lat' dir='ltr'><strong>compungitur,</strong></span> <span class='ocrx_word' id='word_1_171' title='bbox 2869 686 2970 739; x_wconf 91' lang='lat' dir='ltr'><strong>hoc</strong></span> <span class='ocrx_word' id='word_1_172' title='bbox 3008 694 3119 748; x_wconf 87' lang='lat' dir='ltr'><strong>cst,</strong></span> <span class='ocrx_word' id='word_1_173' title='bbox 3165 686 3425 740; x_wconf 84' lang='lat' dir='ltr'><strong>memoria</strong></span> 
     </span>
    </p>
   </div>
   <div class='ocr_carea' id='block_1_23' title="bbox 1843 776 3427 847">
    <p class='ocr_par' dir='ltr' id='par_1_23' title="bbox 1843 776 3427 847">
     <span class='ocr_line' id='line_1_23' title="bbox 1843 776 3427 847; baseline 0.003 -18"><span class='ocrx_word' id='word_1_174' title='bbox 1843 777 2238 845; x_wconf 70' lang='lat' dir='ltr'><strong>prmtcritortun</strong></span> <span class='ocrx_word' id='word_1_175' title='bbox 2266 776 2585 839; x_wconf 89' lang='lat' dir='ltr'><strong>facinorum,</strong></span> <span class='ocrx_word' id='word_1_176' title='bbox 2632 776 2931 831; x_wconf 84' lang='lat' dir='ltr'><strong>recordatio</strong></span> <span class='ocrx_word' id='word_1_177' title='bbox 2961 778 3265 832; x_wconf 85' lang='lat' dir='ltr'><strong>futurarum</strong></span> <span class='ocrx_word' id='word_1_178' title='bbox 3311 793 3427 847; x_wconf 76' lang='lat' dir='ltr'><strong>pa:-</strong></span> 
     </span>
    </p>
   </div>
   <div class='ocr_carea' id='block_1_24' title="bbox 1843 866 3427 935">
    <p class='ocr_par' dir='ltr' id='par_1_24' title="bbox 1843 866 3427 935">
     <span class='ocr_line' id='line_1_24' title="bbox 1843 866 3427 935; baseline 0.001 -17"><span class='ocrx_word' id='word_1_179' title='bbox 1843 882 2056 931; x_wconf 89' lang='lat' dir='ltr'><strong>trarurn,</strong></span> <span class='ocrx_word' id='word_1_180' title='bbox 2105 866 2467 920; x_wconf 65' lang='lat' dir='ltr'><strong>consideratio</strong></span> <span class='ocrx_word' id='word_1_181' title='bbox 2514 866 2964 935; x_wconf 73' lang='lat' dir='ltr'><strong>peregrinationis</strong></span> <span class='ocrx_word' id='word_1_182' title='bbox 3006 882 3116 921; x_wconf 74' lang='lat' dir='ltr'><strong>sua:</strong></span> <span class='ocrx_word' id='word_1_183' title='bbox 3166 866 3427 933; x_wconf 68' lang='lat' dir='ltr'><strong>in‘hnjus</strong></span> 
     </span>
    </p>
   </div>
   <div class='ocr_carea' id='block_1_25' title="bbox 1842 956 3423 1026">
    <p class='ocr_par' dir='ltr' id='par_1_25' title="bbox 1842 956 3423 1026">
     <span class='ocr_line' id='line_1_25' title="bbox 1842 956 3423 1026; baseline 0.004 -21"><span class='ocrx_word' id='word_1_184' title='bbox 1842 956 1964 1009; x_wconf 74' lang='lat' dir='ltr'><strong>vitze</strong></span> <span class='ocrx_word' id='word_1_185' title='bbox 2003 956 2242 1018; x_wconf 81' lang='lat' dir='ltr'><strong>miseria,</strong></span> <span class='ocrx_word' id='word_1_186' title='bbox 2275 956 2597 1008; x_wconf 78' lang='lat' dir='ltr'><strong>desiderium</strong></span> <span class='ocrx_word' id='word_1_187' title='bbox 2646 971 2891 1024; x_wconf 56' lang='lat' dir='ltr'><strong>sup-crum</strong></span> <span class='ocrx_word' id='word_1_188' title='bbox 2925 957 3129 1024; x_wconf 65' lang='lat' dir='ltr'><strong>patriae,</strong></span> <span class='ocrx_word' id='word_1_189' title='bbox 3158 966 3423 1026; x_wconf 80' lang='lat' dir='ltr'><strong>quatenus</strong></span> 
     </span>
    </p>
   </div>
   <div class='ocr_carea' id='block_1_26' title="bbox 1841 1046 3424 1117">
    <p class='ocr_par' dir='ltr' id='par_1_26' title="bbox 1841 1046 3424 1117">
     <span class='ocr_line' id='line_1_26' title="bbox 1841 1046 3424 1117; baseline 0.001 -19"><span class='ocrx_word' id='word_1_190' title='bbox 1841 1048 1907 1099; x_wconf 89' lang='lat' dir='ltr'><strong>ad</strong></span> <span class='ocrx_word' id='word_1_191' title='bbox 1954 1062 2073 1099; x_wconf 85' lang='lat' dir='ltr'><strong>eam</strong></span> <span class='ocrx_word' id='word_1_192' title='bbox 2111 1046 2435 1113; x_wconf 81' lang='lat' dir='ltr'><strong>quantocius</strong></span> <span class='ocrx_word' id='word_1_193' title='bbox 2481 1046 2657 1099; x_wconf 84' lang='lat' dir='ltr'><strong>valeat</strong></span> <span class='ocrx_word' id='word_1_194' title='bbox 2692 1048 2992 1114; x_wconf 79' lang='lat' dir='ltr'><strong>pervenire.</strong></span> <span class='ocrx_word' id='word_1_195' title='bbox 3038 1048 3262 1113; x_wconf 78' lang='lat' dir='ltr'><strong>Quando</strong></span> <span class='ocrx_word' id='word_1_196' title='bbox 3292 1063 3424 1117; x_wconf 81' lang='lat' dir='ltr'><strong>ergo</strong></span> 
     </span>
    </p>
   </div>
   <div class='ocr_carea' id='block_1_27' title="bbox 1842 1135 3426 1199">
    <p class='ocr_par' dir='ltr' id='par_1_27' title="bbox 1842 1135 3426 1199">
     <span class='ocr_line' id='line_1_27' title="bbox 1842 1135 3426 1199; baseline 0 -9"><span class='ocrx_word' id='word_1_197' title='bbox 1842 1136 1944 1190; x_wconf 87' lang='lat' dir='ltr'><strong>ista</strong></span> <span class='ocrx_word' id='word_1_198' title='bbox 1967 1136 2019 1188; x_wconf 92' lang='lat' dir='ltr'><strong>in</strong></span> <span class='ocrx_word' id='word_1_199' title='bbox 2047 1135 2211 1189; x_wconf 70' lang='lat' dir='ltr'><strong>corde</strong></span> <span class='ocrx_word' id='word_1_200' title='bbox 2255 1136 2487 1188; x_wconf 86' lang='lat' dir='ltr'><strong>hominis</strong></span> <span class='ocrx_word' id='word_1_201' title='bbox 2529 1136 2681 1199; x_wconf 84' lang='lat' dir='ltr'><strong>fiunt,</strong></span> <span class='ocrx_word' id='word_1_202' title='bbox 2730 1137 3009 1190; x_wconf 85' lang='lat' dir='ltr'><strong>sciendum</strong></span> <span class='ocrx_word' id='word_1_203' title='bbox 3036 1147 3121 1191; x_wconf 90' lang='lat' dir='ltr'><strong>est</strong></span> <span class='ocrx_word' id='word_1_204' title='bbox 3149 1145 3277 1191; x_wconf 88' lang='lat' dir='ltr'><strong>tunc</strong></span> <span class='ocrx_word' id='word_1_205' title='bbox 3305 1154 3426 1193; x_wconf 80' lang='lat' dir='ltr'><strong>esse</strong></span> 
     </span>
    </p>
   </div>
   <div class='ocr_carea' id='block_1_28' title="bbox 1840 1227 3426 1297">
    <p class='ocr_par' dir='ltr' id='par_1_28' title="bbox 1840 1227 3426 1297">
     <span class='ocr_line' id='line_1_28' title="bbox 1840 1227 3426 1297; baseline 0.001 -16"><span class='ocrx_word' id='word_1_206' title='bbox 1840 1229 2007 1281; x_wconf 82' lang='lat' dir='ltr'><strong>Deum</strong></span> <span class='ocrx_word' id='word_1_207' title='bbox 2050 1243 2146 1295; x_wconf 78' lang='lat' dir='ltr'><strong>per</strong></span> <span class='ocrx_word' id='word_1_208' title='bbox 2186 1227 2413 1296; x_wconf 78' lang='lat' dir='ltr'><strong>gratiam</strong></span> <span class='ocrx_word' id='word_1_209' title='bbox 2443 1227 2624 1280; x_wconf 88' lang='lat' dir='ltr'><strong>bumar</strong></span> <span class='ocrx_word' id='word_1_210' title='bbox 2649 1244 2679 1269; x_wconf 70' lang='grc' dir='ltr'><strong>τι</strong></span> <span class='ocrx_word' id='word_1_211' title='bbox 2705 1228 2851 1281; x_wconf 88' lang='lat' dir='ltr'><strong>cordi</strong></span> <span class='ocrx_word' id='word_1_212' title='bbox 2882 1236 3238 1297; x_wconf 71' lang='lat' dir='ltr'><strong>przesentem;</strong></span> <span class='ocrx_word' id='word_1_213' title='bbox 3282 1228 3426 1282; x_wconf 82' lang='lat' dir='ltr'><strong>unde</strong></span> 
     </span>
    </p>
   </div>
   <div class='ocr_carea' id='block_1_29' title="bbox 1838 1316 3423 1385">
    <p class='ocr_par' dir='ltr' id='par_1_29' title="bbox 1838 1316 3423 1385">
     <span class='ocr_line' id='line_1_29' title="bbox 1838 1316 3423 1385; baseline 0 -12"><span class='ocrx_word' id='word_1_214' title='bbox 1838 1327 1893 1373; x_wconf 89' lang='lat' dir='ltr'><strong>et</strong></span> <span class='ocrx_word' id='word_1_215' title='bbox 1923 1318 1974 1371; x_wconf 90' lang='lat' dir='ltr'><strong>in</strong></span> <span class='ocrx_word' id='word_1_216' title='bbox 2008 1317 2211 1385; x_wconf 86' lang='lat' dir='ltr'><strong>psalmo</strong></span> <span class='ocrx_word' id='word_1_217' title='bbox 2232 1316 2428 1369; x_wconf 79' lang='lat' dir='ltr'><strong>dicitur</strong></span> <span class='ocrx_word' id='word_1_218' title='bbox 2455 1335 2465 1368; x_wconf 93' lang='lat'>:</span> <span class='ocrx_word' id='word_1_219' title='bbox 2492 1316 2632 1370; x_wconf 82' lang='lat' dir='ltr'><strong>Deus</strong></span> <span class='ocrx_word' id='word_1_220' title='bbox 2654 1318 2812 1371; x_wconf 86' lang='lat' dir='ltr'><strong>vitam</strong></span> <span class='ocrx_word' id='word_1_221' title='bbox 2840 1334 3011 1373; x_wconf 82' lang='lat' dir='ltr'><strong>meum</strong></span> <span class='ocrx_word' id='word_1_222' title='bbox 3041 1320 3276 1372; x_wconf 82' lang='lat' dir='ltr'><strong>nuntiari</strong></span> <span class='ocrx_word' id='word_1_223' title='bbox 3296 1318 3423 1373; x_wconf 81' lang='lat' dir='ltr'><strong>tibi:</strong></span> 
     </span>
    </p>
   </div>
   <div class='ocr_carea' id='block_1_30' title="bbox 1836 1408 3424 1480">
    <p class='ocr_par' dir='ltr' id='par_1_30' title="bbox 1836 1408 3424 1480">
     <span class='ocr_line' id='line_1_30' title="bbox 1836 1408 3424 1480; baseline -0.003 -16"><span class='ocrx_word' id='word_1_224' title='bbox 1836 1409 2056 1480; x_wconf 72' lang='lat' dir='ltr'><strong>posuisti</strong></span> <span class='ocrx_word' id='word_1_225' title='bbox 2100 1408 2359 1477; x_wconf 60' lang='lat' dir='ltr'><strong>lacrgutas</strong></span> <span class='ocrx_word' id='word_1_226' title='bbox 2404 1424 2556 1460; x_wconf 69' lang='lat' dir='ltr'><strong>utens</strong></span> <span class='ocrx_word' id='word_1_227' title='bbox 2592 1408 2645 1460; x_wconf 82' lang='lat' dir='ltr'><strong>in</strong></span> <span class='ocrx_word' id='word_1_228' title='bbox 2687 1416 2969 1475; x_wconf 79' lang='lat' dir='ltr'><strong>conspectu</strong></span> <span class='ocrx_word' id='word_1_229' title='bbox 3014 1417 3135 1471; x_wconf 89' lang='lat' dir='ltr'><strong>tuo,</strong></span> <span class='ocrx_word' id='word_1_230' title='bbox 3192 1410 3323 1465; x_wconf 85' lang='lat' dir='ltr'><strong>sicut</strong></span> <span class='ocrx_word' id='word_1_231' title='bbox 3370 1409 3424 1461; x_wconf 80' lang='lat' dir='ltr'><strong>in</strong></span> 
     </span>
    </p>
   </div>
   <div class='ocr_carea' id='block_1_31' title="bbox 1837 1497 3419 1570">
    <p class='ocr_par' dir='ltr' id='par_1_31' title="bbox 1837 1497 3419 1570">
     <span class='ocr_line' id='line_1_31' title="bbox 1837 1497 3419 1570; baseline -0.001 -17"><span class='ocrx_word' id='word_1_232' title='bbox 1837 1500 2177 1570; x_wconf 81' lang='lat' dir='ltr'><strong>promissione</strong></span> <span class='ocrx_word' id='word_1_233' title='bbox 2203 1510 2294 1551; x_wconf 84' lang='lat' dir='ltr'><strong>tua</strong></span> <span class='ocrx_word' id='word_1_234' title='bbox 2337 1498 2354 1565; x_wconf 93' lang='lat'>(</span> <span class='ocrx_word' id='word_1_235' title='bbox 2388 1498 2530 1551; x_wconf 82' lang='lat' dir='ltr'><strong>Psal.</strong></span> <span class='ocrx_word' id='word_1_236' title='bbox 2560 1513 2624 1552; x_wconf 74' lang='grc' dir='ltr'><strong>ω’</strong></span> <span class='ocrx_word' id='word_1_237' title='bbox 2652 1497 2693 1569; x_wconf 93' lang='grc'><strong>).</strong></span> <span class='ocrx_word' id='word_1_238' title='bbox 2736 1498 3031 1553; x_wconf 87' lang='lat' dir='ltr'><strong>Promissio</strong></span> <span class='ocrx_word' id='word_1_239' title='bbox 3072 1498 3419 1569; x_wconf 75' lang='lat' dir='ltr'><strong>indulgeutim</strong></span> 
     </span>
    </p>
   </div>
   <div class='ocr_carea' id='block_1_32' title="bbox 1837 1576 3427 1668">
    <p class='ocr_par' dir='ltr' id='par_1_32' title="bbox 1837 1576 3427 1668">
     <span class='ocr_line' id='line_1_32' title="bbox 1837 1576 3427 1668; baseline -0.001 -23"><span class='ocrx_word' id='word_1_240' title='bbox 1837 1608 1999 1663; x_wconf 86' lang='lat' dir='ltr'><strong>quam</strong></span> <span class='ocrx_word' id='word_1_241' title='bbox 2034 1592 2297 1646; x_wconf 76' lang='lat' dir='ltr'><strong>habemus</strong></span> <span class='ocrx_word' id='word_1_242' title='bbox 2330 1608 2356 1643; x_wconf 89' lang='lat' dir='ltr'><strong>a</strong></span> <span class='ocrx_word' id='word_1_243' title='bbox 2388 1591 2516 1654; x_wconf 89' lang='lat' dir='ltr'><strong>Deo,</strong></span> <span class='ocrx_word' id='word_1_244' title='bbox 2557 1590 2826 1661; x_wconf 83' lang='lat' dir='ltr'><strong>lacrymas</strong></span> <span class='ocrx_word' id='word_1_245' title='bbox 2864 1576 3197 1661; x_wconf 71' lang='lat' dir='ltr'><strong>pmnitentia:</strong></span> <span class='ocrx_word' id='word_1_246' title='bbox 3226 1590 3427 1668; x_wconf 76' lang='lat' dir='ltr'><strong>excitat</strong></span> 
     </span>
    </p>
   </div>
   <div class='ocr_carea' id='block_1_33' title="bbox 1835 1682 3425 1738">
    <p class='ocr_par' dir='ltr' id='par_1_33' title="bbox 1835 1682 3425 1738">
     <span class='ocr_line' id='line_1_33' title="bbox 1835 1682 3425 1738; baseline -0.003 0"><span class='ocrx_word' id='word_1_247' title='bbox 1835 1683 1984 1738; x_wconf 88' lang='lat' dir='ltr'><strong>cordi</strong></span> <span class='ocrx_word' id='word_1_248' title='bbox 2028 1691 2235 1738; x_wconf 89' lang='lat' dir='ltr'><strong>nostro.</strong></span> <span class='ocrx_word' id='word_1_249' title='bbox 2279 1683 2587 1736; x_wconf 81' lang='lat' dir='ltr'><strong>Tltcsaurus</strong></span> <span class='ocrx_word' id='word_1_250' title='bbox 2614 1682 2989 1737; x_wconf 88' lang='lat' dir='ltr'><strong>desiderabilis</strong></span> <span class='ocrx_word' id='word_1_251' title='bbox 3035 1682 3086 1735; x_wconf 92' lang='lat' dir='ltr'><strong>in</strong></span> <span class='ocrx_word' id='word_1_252' title='bbox 3121 1684 3282 1735; x_wconf 89' lang='lat' dir='ltr'><strong>corde</strong></span> <span class='ocrx_word' id='word_1_253' title='bbox 3327 1682 3425 1735; x_wconf 87' lang='lat' dir='ltr'><strong>ho-</strong></span> 
     </span>
    </p>
   </div>
   <div class='ocr_carea' id='block_1_34' title="bbox 166 1770 3421 1848">
    <p class='ocr_par' dir='ltr' id='par_1_34' title="bbox 166 1770 3421 1848">
     <span class='ocr_line' id='line_1_34' title="bbox 166 1770 3421 1848; baseline -0.002 -19"><span class='ocrx_word' id='word_1_254' title='bbox 166 1776 376 1846; x_wconf 79' lang='lat' dir='ltr'><strong>liganrus</strong></span> <span class='ocrx_word' id='word_1_255' title='bbox 406 1792 529 1830; x_wconf 89' lang='lat' dir='ltr'><strong>eum</strong></span> <span class='ocrx_word' id='word_1_256' title='bbox 555 1794 568 1839; x_wconf 88' lang='lat'><strong>;</strong></span> <span class='ocrx_word' id='word_1_257' title='bbox 599 1778 724 1846; x_wconf 85' lang='lat' dir='ltr'><strong>quia</strong></span> <span class='ocrx_word' id='word_1_258' title='bbox 768 1778 995 1847; x_wconf 79' lang='lat' dir='ltr'><strong>perfecta</strong></span> <span class='ocrx_word' id='word_1_259' title='bbox 1032 1780 1261 1833; x_wconf 82' lang='lat' dir='ltr'><strong>charitas</strong></span> <span class='ocrx_word' id='word_1_260' title='bbox 1297 1781 1441 1848; x_wconf 74' lang='lat' dir='ltr'><strong>foras</strong></span> <span class='ocrx_word' id='word_1_261' title='bbox 1472 1782 1630 1834; x_wconf 72' lang='lat' dir='ltr'><strong>mitur</strong></span> <span class='ocrx_word' id='word_1_262' title='bbox 1660 1784 1730 1835; x_wconf 71' lang='grc' dir='ltr'><strong>τί..</strong></span> <span class='ocrx_word' id='word_1_263' title='bbox 1762 1770 1806 1827; x_wconf 77' lang='grc' dir='ltr'><strong>Β</strong></span> <span class='ocrx_word' id='word_1_264' title='bbox 1838 1772 2015 1834; x_wconf 91' lang='lat' dir='ltr'><strong>minis,</strong></span> <span class='ocrx_word' id='word_1_265' title='bbox 2064 1773 2494 1841; x_wconf 83' lang='lat' dir='ltr'><strong>compunctionis</strong></span> <span class='ocrx_word' id='word_1_266' title='bbox 2525 1772 2749 1827; x_wconf 86' lang='lat' dir='ltr'><strong>dulcedo</strong></span> <span class='ocrx_word' id='word_1_267' title='bbox 2782 1786 2796 1824; x_wconf 87' lang='lat'><strong>:</strong></span> <span class='ocrx_word' id='word_1_268' title='bbox 2829 1772 3008 1825; x_wconf 84' lang='lat' dir='ltr'><strong>anima</strong></span> <span class='ocrx_word' id='word_1_269' title='bbox 3040 1772 3276 1827; x_wconf 87' lang='lat' dir='ltr'><strong>hominis</strong></span> <span class='ocrx_word' id='word_1_270' title='bbox 3300 1786 3421 1840; x_wconf 75' lang='lat' dir='ltr'><strong>qua:</strong></span> 
     </span>
    </p>
   </div>
   <div class='ocr_carea' id='block_1_35' title="bbox 162 1866 1731 1939">
    <p class='ocr_par' dir='ltr' id='par_1_35' title="bbox 162 1866 1731 1939">
     <span class='ocr_line' id='line_1_35' title="bbox 162 1866 1731 1939; baseline 0.004 -20"><span class='ocrx_word' id='word_1_271' title='bbox 162 1885 343 1921; x_wconf 82' lang='lat' dir='ltr'><strong>morem</strong></span> <span class='ocrx_word' id='word_1_272' title='bbox 382 1867 441 1935; x_wconf 83' lang='grc'><strong>(1</strong></span> <span class='ocrx_word' id='word_1_273' title='bbox 474 1866 636 1921; x_wconf 80' lang='lat' dir='ltr'><strong>Jouu.</strong></span> <span class='ocrx_word' id='word_1_274' title='bbox 671 1869 755 1937; x_wconf 87' lang='lat' dir='ltr'><strong>tv)</strong></span> <span class='ocrx_word' id='word_1_275' title='bbox 788 1867 1067 1930; x_wconf 81' lang='lat' dir='ltr'><strong>servilem;</strong></span> <span class='ocrx_word' id='word_1_276' title='bbox 1098 1879 1259 1937; x_wconf 77' lang='lat' dir='ltr'><strong>atque</strong></span> <span class='ocrx_word' id='word_1_277' title='bbox 1286 1870 1357 1923; x_wconf 89' lang='lat' dir='ltr'><strong>ita</strong></span> <span class='ocrx_word' id='word_1_278' title='bbox 1388 1871 1585 1923; x_wconf 85' lang='lat' dir='ltr'><strong>habere</strong></span> <span class='ocrx_word' id='word_1_279' title='bbox 1609 1887 1731 1939; x_wconf 85' lang='lat' dir='ltr'><strong>pos-</strong></span> 
     </span>
    </p>
   </div>
   <div class='ocr_carea' id='block_1_36' title="bbox 161 1958 1729 2029">
    <p class='ocr_par' dir='ltr' id='par_1_36' title="bbox 161 1958 1729 2029">
     <span class='ocr_line' id='line_1_36' title="bbox 161 1958 1729 2029; baseline 0.002 -17"><span class='ocrx_word' id='word_1_280' title='bbox 161 1958 319 2012; x_wconf 83' lang='lat' dir='ltr'><strong>simus</strong></span> <span class='ocrx_word' id='word_1_281' title='bbox 375 1959 756 2012; x_wconf 75' lang='lat' dir='ltr'><strong>a&#39;unzlantiam</strong></span> <span class='ocrx_word' id='word_1_282' title='bbox 824 1960 1165 2021; x_wconf 85' lang='lat' dir='ltr'><strong>securitatis,</strong></span> <span class='ocrx_word' id='word_1_283' title='bbox 1210 1968 1289 2014; x_wconf 78' lang='lat' dir='ltr'><strong>‘et</strong></span> <span class='ocrx_word' id='word_1_284' title='bbox 1341 1960 1729 2029; x_wconf 85' lang='lat' dir='ltr'><strong>plenitudinem</strong></span> 
     </span>
    </p>
   </div>
   <div class='ocr_carea' id='block_1_37' title="bbox 159 2048 1731 2118">
    <p class='ocr_par' dir='ltr' id='par_1_37' title="bbox 159 2048 1731 2118">
     <span class='ocr_line' id='line_1_37' title="bbox 159 2048 1731 2118; baseline 0.004 -19"><span class='ocrx_word' id='word_1_285' title='bbox 159 2048 387 2101; x_wconf 79' lang='lat' dir='ltr'><strong>omnium</strong></span> <span class='ocrx_word' id='word_1_286' title='bbox 431 2048 717 2102; x_wconf 74' lang='lat' dir='ltr'><strong>bonorum.</strong></span> <span class='ocrx_word' id='word_1_287' title='bbox 770 2049 921 2105; x_wconf 64' lang='lat' dir='ltr'><strong>Unde</strong></span> <span class='ocrx_word' id='word_1_288' title='bbox 967 2057 1020 2103; x_wconf 58' lang='grc' dir='ltr'><strong>γι</strong></span> <span class='ocrx_word' id='word_1_289' title='bbox 1066 2050 1332 2118; x_wconf 83' lang='lat' dir='ltr'><strong>Pmpbeta</strong></span> <span class='ocrx_word' id='word_1_290' title='bbox 1391 2052 1464 2103; x_wconf 86' lang='lat' dir='ltr'><strong>ait</strong></span> <span class='ocrx_word' id='word_1_291' title='bbox 1496 2071 1505 2103; x_wconf 89' lang='lat'><strong>:</strong></span> <span class='ocrx_word' id='word_1_292' title='bbox 1536 2052 1731 2106; x_wconf 84' lang='lat' dir='ltr'><strong>Timete</strong></span> 
     </span>
    </p>
   </div>
   <div class='ocr_carea' id='block_1_38' title="bbox 158 2141 1728 2210">
    <p class='ocr_par' dir='ltr' id='par_1_38' title="bbox 158 2141 1728 2210">
     <span class='ocr_line' id='line_1_38' title="bbox 158 2141 1728 2210; baseline 0.001 -15"><span class='ocrx_word' id='word_1_293' title='bbox 158 2141 457 2203; x_wconf 85' lang='lat' dir='ltr'><strong>Dominum,</strong></span> <span class='ocrx_word' id='word_1_294' title='bbox 508 2143 887 2195; x_wconf 57' lang='lat' dir='ltr'><strong>omnes‘suncti</strong></span> <span class='ocrx_word' id='word_1_295' title='bbox 933 2142 1076 2210; x_wconf 84' lang='lat' dir='ltr'><strong>ejus,</strong></span> <span class='ocrx_word' id='word_1_296' title='bbox 1120 2147 1365 2209; x_wconf 78' lang='lat' dir='ltr'><strong>quoniam</strong></span> <span class='ocrx_word' id='word_1_297' title='bbox 1416 2144 1544 2197; x_wconf 67' lang='lat' dir='ltr'><strong>nihil</strong></span> <span class='ocrx_word' id='word_1_298' title='bbox 1588 2146 1728 2199; x_wconf 81' lang='lat' dir='ltr'><strong>deest</strong></span> 
     </span>
    </p>
   </div>
   <div class='ocr_carea' id='block_1_39' title="bbox 157 2230 1727 2301">
    <p class='ocr_par' dir='ltr' id='par_1_39' title="bbox 157 2230 1727 2301">
     <span class='ocr_line' id='line_1_39' title="bbox 157 2230 1727 2301; baseline 0.003 -19"><span class='ocrx_word' id='word_1_299' title='bbox 157 2231 455 2284; x_wconf 80' lang='lat' dir='ltr'><strong>timentibus‘</strong></span> <span class='ocrx_word' id='word_1_300' title='bbox 485 2247 623 2283; x_wconf 90' lang='lat' dir='ltr'><strong>eum.</strong></span> <span class='ocrx_word' id='word_1_301' title='bbox 673 2230 863 2284; x_wconf 82' lang='lat' dir='ltr'><strong>Dirites</strong></span> <span class='ocrx_word' id='word_1_302' title='bbox 904 2241 1151 2301; x_wconf 76' lang='lat' dir='ltr'><strong>eguerunt</strong></span> <span class='ocrx_word' id='word_1_303' title='bbox 1189 2242 1236 2285; x_wconf 87' lang='lat' dir='ltr'><strong>et</strong></span> <span class='ocrx_word' id='word_1_304' title='bbox 1286 2234 1601 2297; x_wconf 81' lang='lat' dir='ltr'><strong>esurierunt,</strong></span> <span class='ocrx_word' id='word_1_305' title='bbox 1642 2237 1727 2287; x_wconf 84' lang='lat' dir='ltr'><strong>in-</strong></span> 
     </span>
    </p>
   </div>
   <div class='ocr_carea' id='block_1_40' title="bbox 154 2322 1727 2401">
    <p class='ocr_par' dir='ltr' id='par_1_40' title="bbox 154 2322 1727 2401">
     <span class='ocr_line' id='line_1_40' title="bbox 154 2322 1727 2401; baseline 0.001 -25"><span class='ocrx_word' id='word_1_306' title='bbox 154 2325 404 2393; x_wconf 70' lang='lat' dir='ltr'><strong>quirente:</strong></span> <span class='ocrx_word' id='word_1_307' title='bbox 456 2334 626 2377; x_wconf 80' lang='lat' dir='ltr'><strong>autem</strong></span> <span class='ocrx_word' id='word_1_308' title='bbox 668 2322 943 2401; x_wconf 54' lang='lat' dir='ltr'><strong>Dominum</strong></span> <span class='ocrx_word' id='word_1_309' title='bbox 978 2340 1078 2376; x_wconf 84' lang='lat' dir='ltr'><strong>non</strong></span> <span class='ocrx_word' id='word_1_310' title='bbox 1122 2323 1358 2391; x_wconf 73' lang='lat' dir='ltr'><strong>deﬁcient</strong></span> <span class='ocrx_word' id='word_1_311' title='bbox 1404 2327 1544 2378; x_wconf 81' lang='lat' dir='ltr'><strong>omni</strong></span> <span class='ocrx_word' id='word_1_312' title='bbox 1597 2326 1727 2379; x_wconf 81' lang='lat' dir='ltr'><strong>bono</strong></span> 
     </span>
    </p>
   </div>
   <div class='ocr_carea' id='block_1_41' title="bbox 153 2416 1725 2489">
    <p class='ocr_par' dir='ltr' id='par_1_41' title="bbox 153 2416 1725 2489">
     <span class='ocr_line' id='line_1_41' title="bbox 153 2416 1725 2489; baseline 0.001 -19"><span class='ocrx_word' id='word_1_313' title='bbox 153 2416 564 2489; x_wconf 67' lang='lat' dir='ltr'><strong>(Ptol..xxxrtt).</strong></span> <span class='ocrx_word' id='word_1_314' title='bbox 590 2417 930 2487; x_wconf 85' lang='lat' dir='ltr'><strong>Quapropter</strong></span> <span class='ocrx_word' id='word_1_315' title='bbox 958 2418 1185 2471; x_wconf 81' lang='lat' dir='ltr'><strong>obsecro</strong></span> <span class='ocrx_word' id='word_1_316' title='bbox 1216 2432 1331 2481; x_wconf 83' lang='lat' dir='ltr'><strong>vos,</strong></span> <span class='ocrx_word' id='word_1_317' title='bbox 1365 2417 1725 2483; x_wconf 84' lang='lat' dir='ltr'><strong>dilectissimi,</strong></span> 
     </span>
    </p>
   </div>
   <div class='ocr_carea' id='block_1_42' title="bbox 151 2505 1727 2579">
    <p class='ocr_par' dir='ltr' id='par_1_42' title="bbox 151 2505 1727 2579">
     <span class='ocr_line' id='line_1_42' title="bbox 151 2505 1727 2579; baseline 0.003 -19"><span class='ocrx_word' id='word_1_318' title='bbox 151 2516 207 2561; x_wconf 92' lang='lat' dir='ltr'><strong>ut</strong></span> <span class='ocrx_word' id='word_1_319' title='bbox 247 2505 622 2579; x_wconf 75' lang='lat' dir='ltr'><strong>timorem&#39;Dei</strong></span> <span class='ocrx_word' id='word_1_320' title='bbox 656 2521 870 2575; x_wconf 86' lang='lat' dir='ltr'><strong>semper</strong></span> <span class='ocrx_word' id='word_1_321' title='bbox 906 2516 1029 2561; x_wconf 89' lang='lat' dir='ltr'><strong>ante</strong></span> <span class='ocrx_word' id='word_1_322' title='bbox 1072 2508 1267 2561; x_wconf 87' lang='lat' dir='ltr'><strong>mentis</strong></span> <span class='ocrx_word' id='word_1_323' title='bbox 1310 2517 1501 2563; x_wconf 55' lang='lat' dir='ltr'><strong>vestrae</strong></span> <span class='ocrx_word' id='word_1_324' title='bbox 1542 2510 1727 2564; x_wconf 87' lang='lat' dir='ltr'><strong>oculos</strong></span> 
     </span>
    </p>
   </div>
   <div class='ocr_carea' id='block_1_43' title="bbox 149 2598 1728 2668">
    <p class='ocr_par' dir='ltr' id='par_1_43' title="bbox 149 2598 1728 2668">
     <span class='ocr_line' id='line_1_43' title="bbox 149 2598 1728 2668; baseline 0 -15"><span class='ocrx_word' id='word_1_325' title='bbox 149 2599 387 2655; x_wconf 80' lang='lat' dir='ltr'><strong>habeatis</strong></span> <span class='ocrx_word' id='word_1_326' title='bbox 409 2609 465 2652; x_wconf 89' lang='lat' dir='ltr'><strong>et</strong></span> <span class='ocrx_word' id='word_1_327' title='bbox 492 2598 812 2652; x_wconf 81' lang='lat' dir='ltr'><strong>oblivionem</strong></span> <span class='ocrx_word' id='word_1_328' title='bbox 847 2606 1236 2665; x_wconf 65' lang='lat' dir='ltr'><strong>praeceptorum</strong></span> <span class='ocrx_word' id='word_1_329' title='bbox 1278 2598 1369 2651; x_wconf 85' lang='lat' dir='ltr'><strong>Dei</strong></span> <span class='ocrx_word' id='word_1_330' title='bbox 1401 2600 1620 2668; x_wconf 75' lang='lat' dir='ltr'><strong>omnino</strong></span> <span class='ocrx_word' id='word_1_331' title='bbox 1647 2599 1728 2653; x_wconf 93' lang='lat' dir='ltr'><strong>fu-</strong></span> 
     </span>
    </p>
   </div>
   <div class='ocr_carea' id='block_1_44' title="bbox 148 2676 1726 2760">
    <p class='ocr_par' dir='ltr' id='par_1_44' title="bbox 148 2676 1726 2760">
     <span class='ocr_line' id='line_1_44' title="bbox 148 2676 1726 2760; baseline 0.001 -17"><span class='ocrx_word' id='word_1_332' title='bbox 148 2691 331 2759; x_wconf 83' lang='lat' dir='ltr'><strong>giatis,</strong></span> <span class='ocrx_word' id='word_1_333' title='bbox 375 2676 612 2758; x_wconf 79' lang='lat' dir='ltr'><strong>illudque</strong></span> <span class='ocrx_word' id='word_1_334' title='bbox 658 2690 843 2744; x_wconf 82' lang='lat' dir='ltr'><strong>sedulo</strong></span> <span class='ocrx_word' id='word_1_335' title='bbox 897 2691 1146 2760; x_wconf 81' lang='lat' dir='ltr'><strong>cogitetis</strong></span> <span class='ocrx_word' id='word_1_336' title='bbox 1194 2690 1426 2759; x_wconf 82' lang='lat' dir='ltr'><strong>qualiter</strong></span> <span class='ocrx_word' id='word_1_337' title='bbox 1476 2692 1726 2744; x_wconf 86' lang='lat' dir='ltr'><strong>timentes</strong></span> 
     </span>
    </p>
   </div>
   <div class='ocr_carea' id='block_1_45' title="bbox 147 2784 1726 2853">
    <p class='ocr_par' dir='ltr' id='par_1_45' title="bbox 147 2784 1726 2853">
     <span class='ocr_line' id='line_1_45' title="bbox 147 2784 1726 2853; baseline -0.001 -15"><span class='ocrx_word' id='word_1_338' title='bbox 147 2785 306 2841; x_wconf 83' lang='lat' dir='ltr'><strong>Deum</strong></span> <span class='ocrx_word' id='word_1_339' title='bbox 342 2792 398 2837; x_wconf 89' lang='lat' dir='ltr'><strong>et</strong></span> <span class='ocrx_word' id='word_1_340' title='bbox 424 2784 695 2837; x_wconf 85' lang='lat' dir='ltr'><strong>mandatis</strong></span> <span class='ocrx_word' id='word_1_341' title='bbox 732 2784 847 2853; x_wconf 84' lang='lat' dir='ltr'><strong>ejus</strong></span> <span class='ocrx_word' id='word_1_342' title='bbox 872 2784 1187 2837; x_wconf 84' lang='lat' dir='ltr'><strong>ohedientcs</strong></span> <span class='ocrx_word' id='word_1_343' title='bbox 1222 2784 1289 2837; x_wconf 89' lang='lat' dir='ltr'><strong>ad</strong></span> <span class='ocrx_word' id='word_1_344' title='bbox 1319 2785 1484 2837; x_wconf 89' lang='lat' dir='ltr'><strong>vitam</strong></span> <span class='ocrx_word' id='word_1_345' title='bbox 1524 2786 1726 2838; x_wconf 85' lang='lat' dir='ltr'><strong>valunt</strong></span> 
     </span>
    </p>
   </div>
   <div class='ocr_carea' id='block_1_46' title="bbox 144 2875 1725 2944">
    <p class='ocr_par' dir='ltr' id='par_1_46' title="bbox 144 2875 1725 2944">
     <span class='ocr_line' id='line_1_46' title="bbox 144 2875 1725 2944; baseline 0.002 -18"><span class='ocrx_word' id='word_1_346' title='bbox 144 2882 485 2943; x_wconf 71' lang='lat' dir='ltr'><strong>perpetuam;</strong></span> <span class='ocrx_word' id='word_1_347' title='bbox 548 2882 955 2928; x_wconf 84' lang='lat' dir='ltr'><strong>contemnentes</strong></span> <span class='ocrx_word' id='word_1_348' title='bbox 1006 2888 1134 2927; x_wconf 85' lang='lat' dir='ltr'><strong>vero</strong></span> <span class='ocrx_word' id='word_1_349' title='bbox 1186 2882 1239 2927; x_wconf 83' lang='lat' dir='ltr'><strong>et</strong></span> <span class='ocrx_word' id='word_1_350' title='bbox 1292 2884 1555 2944; x_wconf 73' lang='lat' dir='ltr'><strong>przecepta</strong></span> <span class='ocrx_word' id='word_1_351' title='bbox 1608 2875 1725 2943; x_wconf 85' lang='lat' dir='ltr'><strong>ejus</strong></span> 
     </span>
    </p>
   </div>
   <div class='ocr_carea' id='block_1_47' title="bbox 143 2963 1724 3031">
    <p class='ocr_par' dir='ltr' id='par_1_47' title="bbox 143 2963 1724 3031">
     <span class='ocr_line' id='line_1_47' title="bbox 143 2963 1724 3031; baseline 0.003 -16"><span class='ocrx_word' id='word_1_352' title='bbox 143 2969 478 3031; x_wconf 83' lang='lat' dir='ltr'><strong>spernentes,</strong></span> <span class='ocrx_word' id='word_1_353' title='bbox 513 2963 563 3016; x_wconf 90' lang='lat' dir='ltr'><strong>in</strong></span> <span class='ocrx_word' id='word_1_354' title='bbox 594 2978 812 3031; x_wconf 64' lang='lat' dir='ltr'><strong>prunam</strong></span> <span class='ocrx_word' id='word_1_355' title='bbox 836 2963 989 3017; x_wconf 86' lang='lat' dir='ltr'><strong>ibunt</strong></span> <span class='ocrx_word' id='word_1_356' title='bbox 1018 2972 1302 3028; x_wconf 77' lang='lat' dir='ltr'><strong>aeternam;</strong></span> <span class='ocrx_word' id='word_1_357' title='bbox 1342 2966 1724 3019; x_wconf 82' lang='lat' dir='ltr'><strong>humilitatem-</strong></span> 
     </span>
    </p>
   </div>
   <div class='ocr_carea' id='block_1_48' title="bbox 142 3035 1723 3123">
    <p class='ocr_par' dir='ltr' id='par_1_48' title="bbox 142 3035 1723 3123">
     <span class='ocr_line' id='line_1_48' title="bbox 142 3035 1723 3123; baseline 0.004 -21"><span class='ocrx_word' id='word_1_358' title='bbox 142 3056 245 3118; x_wconf 68' lang='lat' dir='ltr'><strong>que‘</strong></span> <span class='ocrx_word' id='word_1_359' title='bbox 274 3035 464 3105; x_wconf 66' lang='lat' dir='ltr'><strong>veram</strong></span> <span class='ocrx_word' id='word_1_360' title='bbox 516 3050 567 3104; x_wconf 88' lang='lat' dir='ltr'><strong>irt</strong></span> <span class='ocrx_word' id='word_1_361' title='bbox 611 3051 774 3104; x_wconf 87' lang='lat' dir='ltr'><strong>corde</strong></span> <span class='ocrx_word' id='word_1_362' title='bbox 818 3058 996 3105; x_wconf 86' lang='lat' dir='ltr'><strong>vestro</strong></span> <span class='ocrx_word' id='word_1_363' title='bbox 1034 3054 1179 3105; x_wconf 84' lang='lat' dir='ltr'><strong>intus</strong></span> <span class='ocrx_word' id='word_1_364' title='bbox 1217 3053 1494 3118; x_wconf 76' lang='lat' dir='ltr'><strong>habeatis,</strong></span> <span class='ocrx_word' id='word_1_365' title='bbox 1537 3055 1723 3123; x_wconf 84' lang='lat' dir='ltr'><strong>sicque</strong></span> 
     </span>
    </p>
   </div>
   <div class='ocr_carea' id='block_1_49' title="bbox 1837 1861 3422 1931">
    <p class='ocr_par' dir='ltr' id='par_1_49' title="bbox 1837 1861 3422 1931">
     <span class='ocr_line' id='line_1_49' title="bbox 1837 1861 3422 1931; baseline -0.003 -14"><span class='ocrx_word' id='word_1_366' title='bbox 1837 1865 1887 1917; x_wconf 90' lang='lat' dir='ltr'><strong>in</strong></span> <span class='ocrx_word' id='word_1_367' title='bbox 1921 1864 2165 1916; x_wconf 86' lang='lat' dir='ltr'><strong>oratione</strong></span> <span class='ocrx_word' id='word_1_368' title='bbox 2207 1862 2606 1931; x_wconf 83' lang='lat' dir='ltr'><strong>compnngitur,</strong></span> <span class='ocrx_word' id='word_1_369' title='bbox 2632 1861 2788 1916; x_wconf 90' lang='lat' dir='ltr'><strong>valde</strong></span> <span class='ocrx_word' id='word_1_370' title='bbox 2826 1861 2901 1914; x_wconf 92' lang='lat' dir='ltr'><strong>illi</strong></span> <span class='ocrx_word' id='word_1_371' title='bbox 2945 1861 3155 1930; x_wconf 81' lang='lat' dir='ltr'><strong>prolicit</strong></span> <span class='ocrx_word' id='word_1_372' title='bbox 3183 1861 3249 1914; x_wconf 89' lang='lat' dir='ltr'><strong>ad</strong></span> <span class='ocrx_word' id='word_1_373' title='bbox 3278 1861 3422 1913; x_wconf 87' lang='lat' dir='ltr'><strong>salu-</strong></span> 
     </span>
    </p>
   </div>
   <div class='ocr_carea' id='block_1_50' title="bbox 1837 1950 3417 2022">
    <p class='ocr_par' dir='ltr' id='par_1_50' title="bbox 1837 1950 3417 2022">
     <span class='ocr_line' id='line_1_50' title="bbox 1837 1950 3417 2022; baseline -0.003 -12"><span class='ocrx_word' id='word_1_374' title='bbox 1837 1965 1962 2010; x_wconf 83' lang='lat' dir='ltr'><strong>tem.</strong></span> <span class='ocrx_word' id='word_1_375' title='bbox 2016 1954 2148 2008; x_wconf 87' lang='lat' dir='ltr'><strong>Cum</strong></span> <span class='ocrx_word' id='word_1_376' title='bbox 2206 1969 2302 2022; x_wconf 88' lang='lat' dir='ltr'><strong>per</strong></span> <span class='ocrx_word' id='word_1_377' title='bbox 2351 1954 2651 2007; x_wconf 86' lang='lat' dir='ltr'><strong>orationem</strong></span> <span class='ocrx_word' id='word_1_378' title='bbox 2706 1952 3050 2022; x_wconf 88' lang='lat' dir='ltr'><strong>compunctio</strong></span> <span class='ocrx_word' id='word_1_379' title='bbox 3097 1950 3417 2012; x_wconf 81' lang='lat' dir='ltr'><strong>effunditur,</strong></span> 
     </span>
    </p>
   </div>
   <div class='ocr_carea' id='block_1_51' title="bbox 1834 2041 3419 2116">
    <p class='ocr_par' dir='ltr' id='par_1_51' title="bbox 1834 2041 3419 2116">
     <span class='ocr_line' id='line_1_51' title="bbox 1834 2041 3419 2116; baseline -0.003 -16"><span class='ocrx_word' id='word_1_380' title='bbox 1834 2046 2066 2116; x_wconf 83' lang='lat' dir='ltr'><strong>Spiritus</strong></span> <span class='ocrx_word' id='word_1_381' title='bbox 2109 2045 2278 2098; x_wconf 82' lang='lat' dir='ltr'><strong>sant-ti</strong></span> <span class='ocrx_word' id='word_1_382' title='bbox 2320 2044 2662 2113; x_wconf 51' lang='lat' dir='ltr'><strong>praesentiam</strong></span> <span class='ocrx_word' id='word_1_383' title='bbox 2690 2043 2946 2097; x_wconf 83' lang='lat' dir='ltr'><strong>cordibus</strong></span> <span class='ocrx_word' id='word_1_384' title='bbox 2989 2041 3189 2096; x_wconf 88' lang='lat' dir='ltr'><strong>nostris</strong></span> <span class='ocrx_word' id='word_1_385' title='bbox 3231 2041 3419 2096; x_wconf 78' lang='lat' dir='ltr'><strong>adesse</strong></span> 
     </span>
    </p>
   </div>
   <div class='ocr_carea' id='block_1_52' title="bbox 1832 2128 3424 2196">
    <p class='ocr_par' dir='ltr' id='par_1_52' title="bbox 1832 2128 3424 2196">
     <span class='ocr_line' id='line_1_52' title="bbox 1832 2128 3424 2196; baseline -0.004 -11"><span class='ocrx_word' id='word_1_386' title='bbox 1832 2149 1936 2187; x_wconf 84' lang='lat' dir='ltr'><strong>non</strong></span> <span class='ocrx_word' id='word_1_387' title='bbox 1977 2132 2195 2186; x_wconf 85' lang='lat' dir='ltr'><strong>dubium</strong></span> <span class='ocrx_word' id='word_1_388' title='bbox 2243 2138 2321 2184; x_wconf 88' lang='lat' dir='ltr'><strong>est</strong></span> <span class='ocrx_word' id='word_1_389' title='bbox 2364 2148 2375 2182; x_wconf 91' lang='lat'><strong>:</strong></span> <span class='ocrx_word' id='word_1_390' title='bbox 2413 2130 2506 2184; x_wconf 86' lang='lat' dir='ltr'><strong>sed</strong></span> <span class='ocrx_word' id='word_1_391' title='bbox 2544 2138 2671 2184; x_wconf 81' lang='lat' dir='ltr'><strong>tunc</strong></span> <span class='ocrx_word' id='word_1_392' title='bbox 2711 2129 2941 2183; x_wconf 85' lang='lat' dir='ltr'><strong>salubris</strong></span> <span class='ocrx_word' id='word_1_393' title='bbox 2986 2136 3069 2182; x_wconf 90' lang='lat' dir='ltr'><strong>est</strong></span> <span class='ocrx_word' id='word_1_394' title='bbox 3117 2128 3230 2196; x_wconf 92' lang='lat' dir='ltr'><strong>ipsa</strong></span> <span class='ocrx_word' id='word_1_395' title='bbox 3260 2142 3424 2181; x_wconf 88' lang='lat' dir='ltr'><strong>com-</strong></span> 
     </span>
    </p>
   </div>
   <div class='ocr_carea' id='block_1_53' title="bbox 1831 2216 3417 2291">
    <p class='ocr_par' dir='ltr' id='par_1_53' title="bbox 1831 2216 3417 2291">
     <span class='ocr_line' id='line_1_53' title="bbox 1831 2216 3417 2291; baseline -0.004 -16"><span class='ocrx_word' id='word_1_396' title='bbox 1831 2223 2048 2291; x_wconf 87' lang='lat' dir='ltr'><strong>punctio</strong></span> <span class='ocrx_word' id='word_1_397' title='bbox 2076 2225 2290 2291; x_wconf 73' lang='lat' dir='ltr'><strong>quando</strong></span> <span class='ocrx_word' id='word_1_398' title='bbox 2323 2221 2590 2274; x_wconf 66' lang='lat' dir='ltr'><strong>hominem</strong></span> <span class='ocrx_word' id='word_1_399' title='bbox 2624 2227 2882 2289; x_wconf 88' lang='lat' dir='ltr'><strong>provocat</strong></span> <span class='ocrx_word' id='word_1_400' title='bbox 2921 2217 2985 2271; x_wconf 91' lang='lat' dir='ltr'><strong>ad</strong></span> <span class='ocrx_word' id='word_1_401' title='bbox 3020 2216 3417 2272; x_wconf 88' lang='lat' dir='ltr'><strong>confessionem</strong></span> 
     </span>
    </p>
   </div>
   <div class='ocr_carea' id='block_1_54' title="bbox 1830 2306 3416 2382">
    <p class='ocr_par' dir='ltr' id='par_1_54' title="bbox 1830 2306 3416 2382">
     <span class='ocr_line' id='line_1_54' title="bbox 1830 2306 3416 2382; baseline -0.004 -16"><span class='ocrx_word' id='word_1_402' title='bbox 1830 2320 2175 2382; x_wconf 85' lang='lat' dir='ltr'><strong>peccatorum</strong></span> <span class='ocrx_word' id='word_1_403' title='bbox 2214 2320 2267 2364; x_wconf 88' lang='lat' dir='ltr'><strong>et</strong></span> <span class='ocrx_word' id='word_1_404' title='bbox 2297 2311 2362 2363; x_wconf 91' lang='lat' dir='ltr'><strong>ad</strong></span> <span class='ocrx_word' id='word_1_405' title='bbox 2385 2310 2793 2363; x_wconf 80' lang='lat' dir='ltr'><strong>conversionem</strong></span> <span class='ocrx_word' id='word_1_406' title='bbox 2832 2308 3069 2362; x_wconf 83' lang='lat' dir='ltr'><strong>melioris</strong></span> <span class='ocrx_word' id='word_1_407' title='bbox 3097 2307 3240 2361; x_wconf 71' lang='lat' dir='ltr'><strong>vitm.</strong></span> <span class='ocrx_word' id='word_1_408' title='bbox 3275 2306 3416 2360; x_wconf 88' lang='lat' dir='ltr'><strong>llor-</strong></span> 
     </span>
    </p>
   </div>
   <div class='ocr_carea' id='block_1_55' title="bbox 1833 2399 3415 2471">
    <p class='ocr_par' dir='ltr' id='par_1_55' title="bbox 1833 2399 3415 2471">
     <span class='ocr_line' id='line_1_55' title="bbox 1833 2399 3415 2471; baseline -0.004 -14"><span class='ocrx_word' id='word_1_409' title='bbox 1833 2413 1976 2457; x_wconf 89' lang='lat' dir='ltr'><strong>tatur</strong></span> <span class='ocrx_word' id='word_1_410' title='bbox 2008 2404 2191 2471; x_wconf 86' lang='lat' dir='ltr'><strong>itaque</strong></span> <span class='ocrx_word' id='word_1_411' title='bbox 2229 2417 2327 2456; x_wconf 85' lang='lat' dir='ltr'><strong>nos</strong></span> <span class='ocrx_word' id='word_1_412' title='bbox 2374 2402 2571 2471; x_wconf 71' lang='lat' dir='ltr'><strong>smpius</strong></span> <span class='ocrx_word' id='word_1_413' title='bbox 2600 2408 2783 2455; x_wconf 90' lang='lat' dir='ltr'><strong>sancta</strong></span> <span class='ocrx_word' id='word_1_414' title='bbox 2818 2399 3097 2469; x_wconf 88' lang='lat' dir='ltr'><strong>Scriptura</strong></span> <span class='ocrx_word' id='word_1_415' title='bbox 3142 2400 3210 2454; x_wconf 71' lang='lat' dir='ltr'><strong>ad</strong></span> <span class='ocrx_word' id='word_1_416' title='bbox 3246 2400 3415 2454; x_wconf 87' lang='lat' dir='ltr'><strong>medi-</strong></span> 
     </span>
    </p>
   </div>
   <div class='ocr_carea' id='block_1_56' title="bbox 1829 2492 3417 2564">
    <p class='ocr_par' dir='ltr' id='par_1_56' title="bbox 1829 2492 3417 2564">
     <span class='ocr_line' id='line_1_56' title="bbox 1829 2492 3417 2564; baseline -0.003 -15"><span class='ocrx_word' id='word_1_417' title='bbox 1829 2502 2073 2551; x_wconf 71' lang='lat' dir='ltr'><strong>camenta</strong></span> <span class='ocrx_word' id='word_1_418' title='bbox 2110 2493 2295 2564; x_wconf 85' lang='lat' dir='ltr'><strong>fugere</strong></span> <span class='ocrx_word' id='word_1_419' title='bbox 2324 2492 2677 2548; x_wconf 85' lang='lat' dir='ltr'><strong>confessionis</strong></span> <span class='ocrx_word' id='word_1_420' title='bbox 2713 2508 2728 2546; x_wconf 91' lang='lat'><strong>:</strong></span> <span class='ocrx_word' id='word_1_421' title='bbox 2758 2508 2862 2547; x_wconf 90' lang='lat' dir='ltr'><strong>non</strong></span> <span class='ocrx_word' id='word_1_422' title='bbox 2908 2494 3049 2561; x_wconf 91' lang='lat' dir='ltr'><strong>quod</strong></span> <span class='ocrx_word' id='word_1_423' title='bbox 3097 2492 3237 2546; x_wconf 91' lang='lat' dir='ltr'><strong>Deus</strong></span> <span class='ocrx_word' id='word_1_424' title='bbox 3277 2492 3417 2545; x_wconf 90' lang='lat' dir='ltr'><strong>indi-</strong></span> 
     </span>
    </p>
   </div>
   <div class='ocr_carea' id='block_1_57' title="bbox 1826 2584 3418 2658">
    <p class='ocr_par' dir='ltr' id='par_1_57' title="bbox 1826 2584 3418 2658">
     <span class='ocr_line' id='line_1_57' title="bbox 1826 2584 3418 2658; baseline -0.003 -17"><span class='ocrx_word' id='word_1_425' title='bbox 1826 2596 1950 2658; x_wconf 85' lang='lat' dir='ltr'><strong>geat</strong></span> <span class='ocrx_word' id='word_1_426' title='bbox 1997 2585 2353 2642; x_wconf 84' lang='lat' dir='ltr'><strong>confessionis</strong></span> <span class='ocrx_word' id='word_1_427' title='bbox 2404 2595 2630 2649; x_wconf 74' lang='lat' dir='ltr'><strong>nostrae,</strong></span> <span class='ocrx_word' id='word_1_428' title='bbox 2687 2585 2771 2639; x_wconf 89' lang='lat' dir='ltr'><strong>cui</strong></span> <span class='ocrx_word' id='word_1_429' title='bbox 2819 2584 2999 2638; x_wconf 88' lang='lat' dir='ltr'><strong>omnia</strong></span> <span class='ocrx_word' id='word_1_430' title='bbox 3045 2592 3241 2653; x_wconf 66' lang='lat' dir='ltr'><strong>praesto</strong></span> <span class='ocrx_word' id='word_1_431' title='bbox 3290 2591 3418 2637; x_wconf 88' lang='lat' dir='ltr'><strong>sunt</strong></span> 
     </span>
    </p>
   </div>
   <div class='ocr_carea' id='block_1_58' title="bbox 1826 2672 3417 2746">
    <p class='ocr_par' dir='ltr' id='par_1_58' title="bbox 1826 2672 3417 2746">
     <span class='ocr_line' id='line_1_58' title="bbox 1826 2672 3417 2746; baseline -0.001 -18"><span class='ocrx_word' id='word_1_432' title='bbox 1826 2692 1947 2746; x_wconf 61' lang='lat' dir='ltr'><strong>quat</strong></span> <span class='ocrx_word' id='word_1_433' title='bbox 1970 2676 2290 2745; x_wconf 77' lang='lat' dir='ltr'><strong>cogitamus,</strong></span> <span class='ocrx_word' id='word_1_434' title='bbox 2324 2674 2594 2744; x_wconf 86' lang='lat' dir='ltr'><strong>loquimur</strong></span> <span class='ocrx_word' id='word_1_435' title='bbox 2616 2682 2708 2727; x_wconf 92' lang='lat' dir='ltr'><strong>aut</strong></span> <span class='ocrx_word' id='word_1_436' title='bbox 2743 2675 2953 2740; x_wconf 76' lang='lat' dir='ltr'><strong>agimus</strong></span> <span class='ocrx_word' id='word_1_437' title='bbox 2977 2691 2990 2739; x_wconf 93' lang='lat'><strong>;</strong></span> <span class='ocrx_word' id='word_1_438' title='bbox 3011 2674 3110 2727; x_wconf 83' lang='lat' dir='ltr'><strong>sed</strong></span> <span class='ocrx_word' id='word_1_439' title='bbox 3138 2688 3233 2727; x_wconf 90' lang='lat' dir='ltr'><strong>nos</strong></span> <span class='ocrx_word' id='word_1_440' title='bbox 3263 2672 3417 2727; x_wconf 85' lang='lat' dir='ltr'><strong>aliter</strong></span> 
     </span>
    </p>
   </div>
   <div class='ocr_carea' id='block_1_59' title="bbox 1827 2763 3415 2834">
    <p class='ocr_par' dir='ltr' id='par_1_59' title="bbox 1827 2763 3415 2834">
     <span class='ocr_line' id='line_1_59' title="bbox 1827 2763 3415 2834; baseline -0.003 -14"><span class='ocrx_word' id='word_1_441' title='bbox 1827 2766 1958 2820; x_wconf 71' lang='lat' dir='ltr'><strong>salvi</strong></span> <span class='ocrx_word' id='word_1_442' title='bbox 1990 2766 2105 2819; x_wconf 87' lang='lat' dir='ltr'><strong>freri</strong></span> <span class='ocrx_word' id='word_1_443' title='bbox 2133 2781 2237 2818; x_wconf 86' lang='lat' dir='ltr'><strong>non</strong></span> <span class='ocrx_word' id='word_1_444' title='bbox 2275 2779 2579 2834; x_wconf 84' lang='lat' dir='ltr'><strong>possumus,</strong></span> <span class='ocrx_word' id='word_1_445' title='bbox 2616 2764 2719 2818; x_wconf 92' lang='lat' dir='ltr'><strong>nisi</strong></span> <span class='ocrx_word' id='word_1_446' title='bbox 2759 2763 3119 2818; x_wconf 80' lang='lat' dir='ltr'><strong>conﬁteantur</strong></span> <span class='ocrx_word' id='word_1_447' title='bbox 3145 2763 3415 2832; x_wconf 72' lang='lat' dir='ltr'><strong>poeniten-</strong></span> 
     </span>
    </p>
   </div>
   <div class='ocr_carea' id='block_1_60' title="bbox 1830 2848 3411 2925">
    <p class='ocr_par' dir='ltr' id='par_1_60' title="bbox 1830 2848 3411 2925">
     <span class='ocr_line' id='line_1_60' title="bbox 1830 2848 3411 2925; baseline -0.004 -14"><span class='ocrx_word' id='word_1_448' title='bbox 1830 2867 1908 2911; x_wconf 89' lang='lat' dir='ltr'><strong>tes</strong></span> <span class='ocrx_word' id='word_1_449' title='bbox 1944 2848 2075 2925; x_wconf 55' lang='lat' dir='ltr'><strong>qua:</strong></span> <span class='ocrx_word' id='word_1_450' title='bbox 2100 2857 2586 2925; x_wconf 74' lang='lat' dir='ltr'><strong>inique&#39;gessimus</strong></span> <span class='ocrx_word' id='word_1_451' title='bbox 2628 2854 2978 2924; x_wconf 80' lang='lat' dir='ltr'><strong>negligentes.</strong></span> <span class='ocrx_word' id='word_1_452' title='bbox 3037 2854 3136 2920; x_wconf 85' lang='lat' dir='ltr'><strong>Qui</strong></span> <span class='ocrx_word' id='word_1_453' title='bbox 3174 2854 3411 2923; x_wconf 76' lang='lat' dir='ltr'><strong>seipstrnt</strong></span> 
     </span>
    </p>
   </div>
   <div class='ocr_carea' id='block_1_61' title="bbox 1826 2946 3415 3016">
    <p class='ocr_par' dir='ltr' id='par_1_61' title="bbox 1826 2946 3415 3016">
     <span class='ocr_line' id='line_1_61' title="bbox 1826 2946 3415 3016; baseline -0.001 -15"><span class='ocrx_word' id='word_1_454' title='bbox 1826 2958 2045 3002; x_wconf 84' lang='lat' dir='ltr'><strong>accusat</strong></span> <span class='ocrx_word' id='word_1_455' title='bbox 2090 2950 2141 3002; x_wconf 91' lang='lat' dir='ltr'><strong>in</strong></span> <span class='ocrx_word' id='word_1_456' title='bbox 2180 2948 2420 3016; x_wconf 87' lang='lat' dir='ltr'><strong>peccatis</strong></span> <span class='ocrx_word' id='word_1_457' title='bbox 2462 2947 2594 3009; x_wconf 86' lang='lat' dir='ltr'><strong>suis,</strong></span> <span class='ocrx_word' id='word_1_458' title='bbox 2627 2947 2770 3001; x_wconf 87' lang='lat' dir='ltr'><strong>hunc</strong></span> <span class='ocrx_word' id='word_1_459' title='bbox 2810 2946 3056 3000; x_wconf 80' lang='lat' dir='ltr'><strong>diabolus</strong></span> <span class='ocrx_word' id='word_1_460' title='bbox 3103 2962 3208 2999; x_wconf 88' lang='lat' dir='ltr'><strong>non</strong></span> <span class='ocrx_word' id='word_1_461' title='bbox 3252 2946 3415 3000; x_wconf 83' lang='lat' dir='ltr'><strong>habet</strong></span> 
     </span>
    </p>
   </div>
   <div class='ocr_carea' id='block_1_62' title="bbox 1826 3045 3416 3135">
    <p class='ocr_par' dir='ltr' id='par_1_62' title="bbox 1826 3045 3416 3135">
     <span class='ocr_line' id='line_1_62' title="bbox 1826 3045 3416 3135; baseline -0.003 -31"><span class='ocrx_word' id='word_1_462' title='bbox 1826 3051 2021 3105; x_wconf 84' lang='lat' dir='ltr'><strong>iterum</strong></span> <span class='ocrx_word' id='word_1_463' title='bbox 2054 3066 2312 3105; x_wconf 84' lang='lat' dir='ltr'><strong>accusare</strong></span> <span class='ocrx_word' id='word_1_464' title='bbox 2341 3050 2391 3103; x_wconf 93' lang='lat' dir='ltr'><strong>in</strong></span> <span class='ocrx_word' id='word_1_465' title='bbox 2432 3049 2519 3103; x_wconf 90' lang='lat' dir='ltr'><strong>dic</strong></span> <span class='ocrx_word' id='word_1_466' title='bbox 2552 3047 2741 3116; x_wconf 74' lang='lat' dir='ltr'><strong>iudicii</strong></span> <span class='ocrx_word' id='word_1_467' title='bbox 2766 3066 2787 3135; x_wconf 38' lang='grc' dir='ltr'><strong>,ε</strong></span> <span class='ocrx_word' id='word_1_468' title='bbox 2812 3048 2856 3103; x_wconf 92' lang='lat' dir='ltr'><strong>si</strong></span> <span class='ocrx_word' id='word_1_469' title='bbox 2910 3056 3087 3101; x_wconf 85' lang='lat' dir='ltr'><strong>tamen</strong></span> <span class='ocrx_word' id='word_1_470' title='bbox 3127 3045 3416 3101; x_wconf 87' lang='lat' dir='ltr'><strong>confitetur</strong></span> 
     </span>
    </p>
   </div>
   <div class='ocr_carea' id='block_1_63' title="bbox 140 3112 3413 3220">
    <p class='ocr_par' dir='ltr' id='par_1_63' title="bbox 140 3112 3413 3220">
     <span class='ocr_line' id='line_1_63' title="bbox 140 3112 3413 3220; baseline 0.002 -24"><span class='ocrx_word' id='word_1_471' title='bbox 140 3153 254 3205; x_wconf 67' lang='lat' dir='ltr'><strong>eam</strong></span> <span class='ocrx_word' id='word_1_472' title='bbox 287 3157 393 3195; x_wconf 88' lang='lat' dir='ltr'><strong>non</strong></span> <span class='ocrx_word' id='word_1_473' title='bbox 428 3134 551 3195; x_wconf 79' lang='lat' dir='ltr'><strong>flete</strong></span> <span class='ocrx_word' id='word_1_474' title='bbox 592 3141 831 3195; x_wconf 89' lang='lat' dir='ltr'><strong>moribus</strong></span> <span class='ocrx_word' id='word_1_475' title='bbox 857 3156 1039 3195; x_wconf 87' lang='lat' dir='ltr'><strong>coram</strong></span> <span class='ocrx_word' id='word_1_476' title='bbox 1084 3143 1345 3212; x_wconf 77' lang='lat' dir='ltr'><strong>proximis</strong></span> <span class='ocrx_word' id='word_1_477' title='bbox 1373 3145 1568 3199; x_wconf 89' lang='lat' dir='ltr'><strong>vestris</strong></span> <span class='ocrx_word' id='word_1_478' title='bbox 1597 3146 1723 3199; x_wconf 84' lang='lat' dir='ltr'><strong>iusi-</strong></span> <span class='ocrx_word' id='word_1_479' title='bbox 1751 3112 1795 3173; x_wconf 66' lang='grc' dir='ltr'>Ο</span> <span class='ocrx_word' id='word_1_480' title='bbox 1820 3150 2171 3220; x_wconf 58' lang='lat' dir='ltr'><strong>paenitendo,</strong></span> <span class='ocrx_word' id='word_1_481' title='bbox 2208 3149 2362 3204; x_wconf 88' lang='lat' dir='ltr'><strong>diluit</strong></span> <span class='ocrx_word' id='word_1_482' title='bbox 2401 3164 2526 3218; x_wconf 67' lang='lat' dir='ltr'><strong>qua:</strong></span> <span class='ocrx_word' id='word_1_483' title='bbox 2574 3147 2717 3212; x_wconf 87' lang='lat' dir='ltr'><strong>fecit,</strong></span> <span class='ocrx_word' id='word_1_484' title='bbox 2766 3120 2880 3203; x_wconf 42' lang='lat' dir='ltr'><strong>.nec</strong></span> <span class='ocrx_word' id='word_1_485' title='bbox 2932 3149 3129 3203; x_wconf 87' lang='lat' dir='ltr'><strong>iterum</strong></span> <span class='ocrx_word' id='word_1_486' title='bbox 3187 3156 3413 3203; x_wconf 78' lang='lat' dir='ltr'><strong>renovnt</strong></span> 
     </span>
    </p>
   </div>
   <div class='ocr_carea' id='block_1_64' title="bbox 136 3231 1727 3306">
    <p class='ocr_par' dir='ltr' id='par_1_64' title="bbox 136 3231 1727 3306">
     <span class='ocr_line' id='line_1_64' title="bbox 136 3231 1727 3306; baseline 0.005 -23"><span class='ocrx_word' id='word_1_487' title='bbox 136 3231 335 3295; x_wconf 71' lang='lat' dir='ltr'><strong>tutetis,</strong></span> <span class='ocrx_word' id='word_1_488' title='bbox 365 3234 429 3284; x_wconf 84' lang='lat' dir='ltr'><strong>ut</strong></span> <span class='ocrx_word' id='word_1_489' title='bbox 460 3231 583 3299; x_wconf 87' lang='lat' dir='ltr'><strong>ipsi,</strong></span> <span class='ocrx_word' id='word_1_490' title='bbox 617 3232 772 3285; x_wconf 85' lang='lat' dir='ltr'><strong>bonis</strong></span> <span class='ocrx_word' id='word_1_491' title='bbox 798 3232 1058 3302; x_wconf 84' lang='lat' dir='ltr'><strong>exemplis</strong></span> <span class='ocrx_word' id='word_1_492' title='bbox 1088 3234 1281 3299; x_wconf 75' lang='lat' dir='ltr'><strong>vestris</strong></span> <span class='ocrx_word' id='word_1_493' title='bbox 1310 3234 1582 3297; x_wconf 88' lang='lat' dir='ltr'><strong>instructi,</strong></span> <span class='ocrx_word' id='word_1_494' title='bbox 1616 3237 1727 3306; x_wconf 87' lang='lat' dir='ltr'><strong>glo-</strong></span> 
     </span>
    </p>
   </div>
   <div class='ocr_carea' id='block_1_65' title="bbox 140 3318 1723 3383">
    <p class='ocr_par' dir='ltr' id='par_1_65' title="bbox 140 3318 1723 3383">
     <span class='ocr_line' id='line_1_65' title="bbox 140 3318 1723 3383; baseline 0.004 -11"><span class='ocrx_word' id='word_1_495' title='bbox 140 3318 345 3374; x_wconf 79' lang='lat' dir='ltr'><strong>rificent</strong></span> <span class='ocrx_word' id='word_1_496' title='bbox 398 3321 590 3383; x_wconf 82' lang='lat' dir='ltr'><strong>Deum,</strong></span> <span class='ocrx_word' id='word_1_497' title='bbox 641 3330 693 3374; x_wconf 89' lang='lat' dir='ltr'><strong>et</strong></span> <span class='ocrx_word' id='word_1_498' title='bbox 730 3320 1005 3379; x_wconf 77' lang='lat' dir='ltr'><strong>vobiscum</strong></span> <span class='ocrx_word' id='word_1_499' title='bbox 1038 3330 1298 3375; x_wconf 62' lang='lat' dir='ltr'><strong>aeternam</strong></span> <span class='ocrx_word' id='word_1_500' title='bbox 1344 3322 1395 3375; x_wconf 89' lang='lat' dir='ltr'><strong>in</strong></span> <span class='ocrx_word' id='word_1_501' title='bbox 1426 3324 1579 3377; x_wconf 74' lang='lat' dir='ltr'><strong>caelis</strong></span> <span class='ocrx_word' id='word_1_502' title='bbox 1607 3335 1723 3378; x_wconf 91' lang='lat' dir='ltr'><strong>stu—</strong></span> 
     </span>
    </p>
   </div>
   <div class='ocr_carea' id='block_1_66' title="bbox 141 3410 1725 3481">
    <p class='ocr_par' dir='ltr' id='par_1_66' title="bbox 141 3410 1725 3481">
     <span class='ocr_line' id='line_1_66' title="bbox 141 3410 1725 3481; baseline 0.004 -19"><span class='ocrx_word' id='word_1_503' title='bbox 141 3410 297 3463; x_wconf 87' lang='lat' dir='ltr'><strong>deant</strong></span> <span class='ocrx_word' id='word_1_504' title='bbox 346 3411 627 3479; x_wconf 74' lang='lat' dir='ltr'><strong>percipere</strong></span> <span class='ocrx_word' id='word_1_505' title='bbox 679 3412 1167 3465; x_wconf 78' lang='lat' dir='ltr'><strong>rcmunerationem</strong></span> <span class='ocrx_word' id='word_1_506' title='bbox 1210 3430 1221 3464; x_wconf 93' lang='lat'>:</span> <span class='ocrx_word' id='word_1_507' title='bbox 1268 3424 1562 3481; x_wconf 62' lang='lat' dir='ltr'><strong>praestante</strong></span> <span class='ocrx_word' id='word_1_508' title='bbox 1621 3416 1725 3469; x_wconf 89' lang='lat' dir='ltr'><strong>Do-</strong></span> 
     </span>
    </p>
   </div>
   <div class='ocr_carea' id='block_1_67' title="bbox 141 3502 1722 3575">
    <p class='ocr_par' dir='ltr' id='par_1_67' title="bbox 141 3502 1722 3575">
     <span class='ocr_line' id='line_1_67' title="bbox 141 3502 1722 3575; baseline 0.003 -19"><span class='ocrx_word' id='word_1_509' title='bbox 141 3504 283 3557; x_wconf 89' lang='lat' dir='ltr'><strong>mino</strong></span> <span class='ocrx_word' id='word_1_510' title='bbox 316 3512 503 3557; x_wconf 88' lang='lat' dir='ltr'><strong>nostro</strong></span> <span class='ocrx_word' id='word_1_511' title='bbox 538 3502 662 3557; x_wconf 72' lang='lat' dir='ltr'><strong>Jcsu</strong></span> <span class='ocrx_word' id='word_1_512' title='bbox 700 3503 938 3566; x_wconf 86' lang='lat' dir='ltr'><strong>Christo,</strong></span> <span class='ocrx_word' id='word_1_513' title='bbox 964 3506 1055 3572; x_wconf 89' lang='lat' dir='ltr'><strong>qui</strong></span> <span class='ocrx_word' id='word_1_514' title='bbox 1084 3520 1205 3558; x_wconf 83' lang='lat' dir='ltr'><strong>cum</strong></span> <span class='ocrx_word' id='word_1_515' title='bbox 1247 3504 1406 3559; x_wconf 83' lang='lat' dir='ltr'><strong>Patre</strong></span> <span class='ocrx_word' id='word_1_516' title='bbox 1434 3514 1489 3560; x_wconf 90' lang='lat' dir='ltr'><strong>et</strong></span> <span class='ocrx_word' id='word_1_517' title='bbox 1519 3504 1722 3575; x_wconf 88' lang='lat' dir='ltr'><strong>Spiritu</strong></span> 
     </span>
    </p>
   </div>
   <div class='ocr_carea' id='block_1_68' title="bbox 140 3595 1721 3666">
    <p class='ocr_par' dir='ltr' id='par_1_68' title="bbox 140 3595 1721 3666">
     <span class='ocr_line' id='line_1_68' title="bbox 140 3595 1721 3666; baseline 0.004 -19"><span class='ocrx_word' id='word_1_518' title='bbox 140 3602 323 3648; x_wconf 87' lang='lat' dir='ltr'><strong>sancto</strong></span> <span class='ocrx_word' id='word_1_519' title='bbox 353 3595 487 3647; x_wconf 75' lang='lat' dir='ltr'><strong>vivit</strong></span> <span class='ocrx_word' id='word_1_520' title='bbox 516 3605 571 3648; x_wconf 87' lang='lat' dir='ltr'><strong>ct</strong></span> <span class='ocrx_word' id='word_1_521' title='bbox 613 3597 803 3666; x_wconf 80' lang='lat' dir='ltr'><strong>regnat</strong></span> <span class='ocrx_word' id='word_1_522' title='bbox 849 3597 1009 3660; x_wconf 86' lang='lat' dir='ltr'><strong>Deus,</strong></span> <span class='ocrx_word' id='word_1_523' title='bbox 1044 3612 1140 3666; x_wconf 86' lang='lat' dir='ltr'><strong>per</strong></span> <span class='ocrx_word' id='word_1_524' title='bbox 1166 3598 1347 3652; x_wconf 91' lang='lat' dir='ltr'><strong>omnia</strong></span> <span class='ocrx_word' id='word_1_525' title='bbox 1390 3598 1580 3652; x_wconf 67' lang='lat' dir='ltr'><strong>ssccula</strong></span> <span class='ocrx_word' id='word_1_526' title='bbox 1619 3614 1721 3653; x_wconf 63' lang='lat' dir='ltr'><strong>sae-</strong></span> 
     </span>
    </p>
   </div>
   <div class='ocr_carea' id='block_1_69' title="bbox 139 3687 626 3742">
    <p class='ocr_par' dir='ltr' id='par_1_69' title="bbox 139 3687 626 3742">
     <span class='ocr_line' id='line_1_69' title="bbox 139 3687 626 3742; baseline -0.004 -1"><span class='ocrx_word' id='word_1_527' title='bbox 139 3687 400 3742; x_wconf 72' lang='lat' dir='ltr'><strong>culorum.</strong></span> <span class='ocrx_word' id='word_1_528' title='bbox 432 3687 626 3742; x_wconf 82' lang='lat' dir='ltr'><strong>Amen.</strong></span> 
     </span>
    </p>
   </div>
   <div class='ocr_carea' id='block_1_70' title="bbox 709 3800 1155 3858">
    <p class='ocr_par' dir='ltr' id='par_1_70' title="bbox 709 3800 1155 3858">
     <span class='ocr_line' id='line_1_70' title="bbox 709 3800 1155 3858; baseline 0.002 -4"><span class='ocrx_word' id='word_1_529' title='bbox 709 3800 988 3858; x_wconf 75' lang='lat' dir='ltr'><strong>HOMILIA</strong></span> <span class='ocrx_word' id='word_1_530' title='bbox 1044 3801 1155 3856; x_wconf 85' lang='lat' dir='ltr'><strong>LV.</strong></span> 
     </span>
    </p>
   </div>
   <div class='ocr_carea' id='block_1_71' title="bbox 140 3908 1719 3957">
    <p class='ocr_par' dir='ltr' id='par_1_71' title="bbox 140 3908 1719 3957">
     <span class='ocr_line' id='line_1_71' title="bbox 140 3908 1719 3957; baseline 0.001 -11"><span class='ocrx_word' id='word_1_531' title='bbox 140 3909 199 3947; x_wconf 80' lang='lat' dir='ltr'><strong>DE</strong></span> <span class='ocrx_word' id='word_1_532' title='bbox 237 3908 592 3949; x_wconf 68' lang='lat' dir='ltr'><strong>CONFESSIONE</strong></span> <span class='ocrx_word' id='word_1_533' title='bbox 631 3910 695 3949; x_wconf 72' lang='lat' dir='ltr'><strong>AC</strong></span> <span class='ocrx_word' id='word_1_534' title='bbox 726 3910 1073 3949; x_wconf 63' lang='lat' dir='ltr'><strong>MNITENTIA</strong></span> <span class='ocrx_word' id='word_1_535' title='bbox 1109 3910 1283 3957; x_wconf 76' lang='lat' dir='ltr'><strong>ATQUE</strong></span> <span class='ocrx_word' id='word_1_536' title='bbox 1314 3908 1719 3950; x_wconf 64' lang='lat' dir='ltr'><strong>COMPUNCTIONE</strong></span> 
     </span>
    </p>
   </div>
   <div class='ocr_carea' id='block_1_72' title="bbox 829 3980 1035 4019">
    <p class='ocr_par' dir='ltr' id='par_1_72' title="bbox 829 3980 1035 4019">
     <span class='ocr_line' id='line_1_72' title="bbox 829 3980 1035 4019; baseline -0.015 0"><span class='ocrx_word' id='word_1_537' title='bbox 829 3980 1035 4019; x_wconf 77' lang='lat' dir='ltr'><strong>CORDIS.</strong></span> 
     </span>
    </p>
   </div>
   <div class='ocr_carea' id='block_1_73' title="bbox 204 4054 1720 4125">
    <p class='ocr_par' dir='ltr' id='par_1_73' title="bbox 204 4054 1720 4125">
     <span class='ocr_line' id='line_1_73' title="bbox 204 4054 1720 4125; baseline -0.002 -12"><span class='ocrx_word' id='word_1_538' title='bbox 204 4058 567 4114; x_wconf 88' lang='lat' dir='ltr'><strong>Considerare</strong></span> <span class='ocrx_word' id='word_1_539' title='bbox 605 4073 702 4112; x_wconf 90' lang='lat' dir='ltr'><strong>nos</strong></span> <span class='ocrx_word' id='word_1_540' title='bbox 729 4064 960 4125; x_wconf 86' lang='lat' dir='ltr'><strong>oportet,</strong></span> <span class='ocrx_word' id='word_1_541' title='bbox 998 4054 1193 4113; x_wconf 87' lang='lat' dir='ltr'><strong>fratres</strong></span> <span class='ocrx_word' id='word_1_542' title='bbox 1237 4055 1561 4119; x_wconf 88' lang='lat' dir='ltr'><strong>charissimi,</strong></span> <span class='ocrx_word' id='word_1_543' title='bbox 1592 4056 1720 4123; x_wconf 87' lang='lat' dir='ltr'><strong>quid</strong></span> 
     </span>
    </p>
   </div>
   <div class='ocr_carea' id='block_1_74' title="bbox 138 4143 1721 4217">
    <p class='ocr_par' dir='ltr' id='par_1_74' title="bbox 138 4143 1721 4217">
     <span class='ocr_line' id='line_1_74' title="bbox 138 4143 1721 4217; baseline -0.001 -18"><span class='ocrx_word' id='word_1_544' title='bbox 138 4149 287 4202; x_wconf 87' lang='lat' dir='ltr'><strong>nobis</strong></span> <span class='ocrx_word' id='word_1_545' title='bbox 309 4148 594 4217; x_wconf 87' lang='lat' dir='ltr'><strong>Scriptura</strong></span> <span class='ocrx_word' id='word_1_546' title='bbox 621 4160 775 4200; x_wconf 86' lang='lat' dir='ltr'><strong>sacra</strong></span> <span class='ocrx_word' id='word_1_547' title='bbox 796 4144 1036 4210; x_wconf 86' lang='lat' dir='ltr'><strong>insinuet</strong></span> <span class='ocrx_word' id='word_1_548' title='bbox 1058 4143 1387 4208; x_wconf 83' lang='lat' dir='ltr'><strong>faciendum,</strong></span> <span class='ocrx_word' id='word_1_549' title='bbox 1415 4159 1523 4211; x_wconf 93' lang='lat' dir='ltr'><strong>quo</strong></span> <span class='ocrx_word' id='word_1_550' title='bbox 1551 4144 1721 4213; x_wconf 89' lang='lat' dir='ltr'><strong>possi-</strong></span> 
     </span>
    </p>
   </div>
   <div class='ocr_carea' id='block_1_75' title="bbox 138 4227 1720 4311">
    <p class='ocr_par' dir='ltr' id='par_1_75' title="bbox 138 4227 1720 4311">
     <span class='ocr_line' id='line_1_75' title="bbox 138 4227 1720 4311; baseline -0.004 -17"><span class='ocrx_word' id='word_1_551' title='bbox 138 4256 251 4295; x_wconf 87' lang='lat' dir='ltr'><strong>mus</strong></span> <span class='ocrx_word' id='word_1_552' title='bbox 274 4241 537 4311; x_wconf 75' lang='lat' dir='ltr'><strong>gebenna:</strong></span> <span class='ocrx_word' id='word_1_553' title='bbox 566 4237 807 4292; x_wconf 81' lang='lat' dir='ltr'><strong>devitarc</strong></span> <span class='ocrx_word' id='word_1_554' title='bbox 834 4244 1159 4290; x_wconf 87' lang='lat' dir='ltr'><strong>tormentum</strong></span> <span class='ocrx_word' id='word_1_555' title='bbox 1184 4246 1237 4288; x_wconf 89' lang='lat' dir='ltr'><strong>et</strong></span> <span class='ocrx_word' id='word_1_556' title='bbox 1258 4236 1323 4289; x_wconf 88' lang='lat' dir='ltr'><strong>ad</strong></span> <span class='ocrx_word' id='word_1_557' title='bbox 1358 4227 1576 4289; x_wconf 70' lang='lat' dir='ltr'><strong>émleste</strong></span> <span class='ocrx_word' id='word_1_558' title='bbox 1597 4249 1720 4303; x_wconf 90' lang='lat' dir='ltr'><strong>per-</strong></span> 
     </span>
    </p>
   </div>
   <div class='ocr_carea' id='block_1_76' title="bbox 137 4325 1719 4401">
    <p class='ocr_par' dir='ltr' id='par_1_76' title="bbox 137 4325 1719 4401">
     <span class='ocr_line' id='line_1_76' title="bbox 137 4325 1719 4401; baseline 0 -22"><span class='ocrx_word' id='word_1_559' title='bbox 137 4332 317 4385; x_wconf 82' lang='lat' dir='ltr'><strong>venire</strong></span> <span class='ocrx_word' id='word_1_560' title='bbox 367 4328 653 4401; x_wconf 87' lang='lat' dir='ltr'><strong>gaudium,</strong></span> <span class='ocrx_word' id='word_1_561' title='bbox 716 4325 946 4395; x_wconf 85' lang='lat' dir='ltr'><strong>qualiter</strong></span> <span class='ocrx_word' id='word_1_562' title='bbox 992 4326 1187 4379; x_wconf 87' lang='lat' dir='ltr'><strong>bonum</strong></span> <span class='ocrx_word' id='word_1_563' title='bbox 1240 4326 1380 4393; x_wconf 71' lang='lat' dir='ltr'><strong>quod</strong></span> <span class='ocrx_word' id='word_1_564' title='bbox 1429 4334 1719 4394; x_wconf 87' lang='lat' dir='ltr'><strong>peccantes</strong></span> 
     </span>
    </p>
   </div>
   <div class='ocr_carea' id='block_1_77' title="bbox 135 4416 1792 4513">
    <p class='ocr_par' dir='ltr' id='par_1_77' title="bbox 135 4416 1792 4513">
     <span class='ocr_line' id='line_1_77' title="bbox 135 4416 1792 4513; baseline -0.002 -37"><span class='ocrx_word' id='word_1_565' title='bbox 135 4422 493 4491; x_wconf 82' lang='lat' dir='ltr'><strong>perdidimus,</strong></span> <span class='ocrx_word' id='word_1_566' title='bbox 538 4420 864 4488; x_wconf 70' lang='lat' dir='ltr'><strong>pmnitentes</strong></span> <span class='ocrx_word' id='word_1_567' title='bbox 894 4432 1275 4499; x_wconf 82' lang='lat' dir='ltr'><strong>recuperemus</strong></span> <span class='ocrx_word' id='word_1_568' title='bbox 1309 4434 1323 4469; x_wconf 87' lang='lat'><strong>:</strong></span> <span class='ocrx_word' id='word_1_569' title='bbox 1357 4416 1500 4485; x_wconf 87' lang='lat' dir='ltr'><strong>quod</strong></span> <span class='ocrx_word' id='word_1_570' title='bbox 1532 4416 1716 4485; x_wconf 87' lang='lat' dir='ltr'><strong>utique</strong></span> <span class='ocrx_word' id='word_1_571' title='bbox 1748 4457 1792 4513; x_wconf 70' lang='grc' dir='ltr'>υ</span> 
     </span>
    </p>
   </div>
   <div class='ocr_carea' id='block_1_78' title="bbox 137 4494 1716 4579">
    <p class='ocr_par' dir='ltr' id='par_1_78' title="bbox 137 4494 1716 4579">
     <span class='ocr_line' id='line_1_78' title="bbox 137 4494 1716 4579; baseline -0.003 -11"><span class='ocrx_word' id='word_1_572' title='bbox 137 4531 238 4568; x_wconf 91' lang='lat' dir='ltr'><strong>non</strong></span> <span class='ocrx_word' id='word_1_573' title='bbox 284 4515 448 4568; x_wconf 86' lang='lat' dir='ltr'><strong>aliter</strong></span> <span class='ocrx_word' id='word_1_574' title='bbox 486 4512 546 4565; x_wconf 88' lang='lat' dir='ltr'><strong>fit</strong></span> <span class='ocrx_word' id='word_1_575' title='bbox 602 4510 705 4564; x_wconf 86' lang='lat' dir='ltr'><strong>nisi</strong></span> <span class='ocrx_word' id='word_1_576' title='bbox 750 4526 845 4579; x_wconf 82' lang='lat' dir='ltr'><strong>per</strong></span> <span class='ocrx_word' id='word_1_577' title='bbox 864 4494 1133 4564; x_wconf 82' lang='lat' dir='ltr'><strong>salubrem</strong></span> <span class='ocrx_word' id='word_1_578' title='bbox 1165 4514 1629 4579; x_wconf 86' lang='lat' dir='ltr'><strong>compunctionem</strong></span> <span class='ocrx_word' id='word_1_579' title='bbox 1660 4518 1716 4563; x_wconf 85' lang='lat' dir='ltr'><strong>et</strong></span> 
     </span>
    </p>
   </div>
   <div class='ocr_carea' id='block_1_79' title="bbox 136 4599 1709 4670">
    <p class='ocr_par' dir='ltr' id='par_1_79' title="bbox 136 4599 1709 4670">
     <span class='ocr_line' id='line_1_79' title="bbox 136 4599 1709 4670; baseline -0.002 -14"><span class='ocrx_word' id='word_1_580' title='bbox 136 4621 315 4660; x_wconf 80' lang='lat' dir='ltr'><strong>veram</strong></span> <span class='ocrx_word' id='word_1_581' title='bbox 360 4601 779 4658; x_wconf 87' lang='lat' dir='ltr'><strong>confessionem.</strong></span> <span class='ocrx_word' id='word_1_582' title='bbox 826 4599 1180 4669; x_wconf 90' lang='lat' dir='ltr'><strong>Compunetio</strong></span> <span class='ocrx_word' id='word_1_583' title='bbox 1220 4599 1381 4670; x_wconf 82' lang='lat' dir='ltr'><strong>igitur</strong></span> <span class='ocrx_word' id='word_1_584' title='bbox 1428 4600 1607 4655; x_wconf 85' lang='lat' dir='ltr'><strong>cordis</strong></span> <span class='ocrx_word' id='word_1_585' title='bbox 1646 4616 1709 4653; x_wconf 86' lang='lat' dir='ltr'><strong>ex</strong></span> 
     </span>
    </p>
   </div>
   <div class='ocr_carea' id='block_1_80' title="bbox 135 4694 1715 4762">
    <p class='ocr_par' dir='ltr' id='par_1_80' title="bbox 135 4694 1715 4762">
     <span class='ocr_line' id='line_1_80' title="bbox 135 4694 1715 4762; baseline -0.004 -9"><span class='ocrx_word' id='word_1_586' title='bbox 135 4698 459 4753; x_wconf 80' lang='lat' dir='ltr'><strong>humilitatis</strong></span> <span class='ocrx_word' id='word_1_587' title='bbox 506 4696 707 4749; x_wconf 88' lang='lat' dir='ltr'><strong>virtute</strong></span> <span class='ocrx_word' id='word_1_588' title='bbox 735 4694 997 4755; x_wconf 86' lang='lat' dir='ltr'><strong>nascitur,</strong></span> <span class='ocrx_word' id='word_1_589' title='bbox 1030 4694 1094 4747; x_wconf 87' lang='lat' dir='ltr'><strong>de</strong></span> <span class='ocrx_word' id='word_1_590' title='bbox 1135 4694 1546 4762; x_wconf 89' lang='lat' dir='ltr'><strong>compttnctione</strong></span> <span class='ocrx_word' id='word_1_591' title='bbox 1588 4706 1715 4746; x_wconf 90' lang='lat' dir='ltr'><strong>con-</strong></span> 
     </span>
    </p>
   </div>
   <div class='ocr_carea' id='block_1_81' title="bbox 137 4783 1717 4859">
    <p class='ocr_par' dir='ltr' id='par_1_81' title="bbox 137 4783 1717 4859">
     <span class='ocr_line' id='line_1_81' title="bbox 137 4783 1717 4859; baseline -0.003 -17"><span class='ocrx_word' id='word_1_592' title='bbox 137 4788 296 4844; x_wconf 89' lang='lat' dir='ltr'><strong>fessio</strong></span> <span class='ocrx_word' id='word_1_593' title='bbox 347 4796 717 4859; x_wconf 87' lang='lat' dir='ltr'><strong>peccatorum,</strong></span> <span class='ocrx_word' id='word_1_594' title='bbox 766 4785 831 4839; x_wconf 90' lang='lat' dir='ltr'><strong>de</strong></span> <span class='ocrx_word' id='word_1_595' title='bbox 874 4783 1212 4839; x_wconf 83' lang='lat' dir='ltr'><strong>confessione</strong></span> <span class='ocrx_word' id='word_1_596' title='bbox 1264 4784 1599 4854; x_wconf 78' lang='lat' dir='ltr'><strong>pamitentia,</strong></span> <span class='ocrx_word' id='word_1_597' title='bbox 1651 4785 1717 4839; x_wconf 90' lang='lat' dir='ltr'><strong>de</strong></span> 
     </span>
    </p>
   </div>
   <div class='ocr_carea' id='block_1_82' title="bbox 134 4872 1729 4949">
    <p class='ocr_par' dir='ltr' id='par_1_82' title="bbox 134 4872 1729 4949">
     <span class='ocr_line' id='line_1_82' title="bbox 134 4872 1729 4949; baseline -0.006 -15"><span class='ocrx_word' id='word_1_598' title='bbox 134 4878 453 4949; x_wconf 77' lang='lat' dir='ltr'><strong>pmnitentia</strong></span> <span class='ocrx_word' id='word_1_599' title='bbox 504 4891 630 4930; x_wconf 89' lang='lat' dir='ltr'><strong>vera</strong></span> <span class='ocrx_word' id='word_1_600' title='bbox 675 4874 954 4945; x_wconf 86' lang='lat' dir='ltr'><strong>proveniet</strong></span> <span class='ocrx_word' id='word_1_601' title='bbox 1005 4873 1319 4928; x_wconf 89' lang='lat' dir='ltr'><strong>delictorum</strong></span> <span class='ocrx_word' id='word_1_602' title='bbox 1364 4872 1729 4942; x_wconf 32' lang='lat' dir='ltr'><strong>indulgentia.“</strong></span> 
     </span>
    </p>
   </div>
   <div class='ocr_carea' id='block_1_83' title="bbox 134 4964 1715 5039">
    <p class='ocr_par' dir='ltr' id='par_1_83' title="bbox 134 4964 1715 5039">
     <span class='ocr_line' id='line_1_83' title="bbox 134 4964 1715 5039; baseline -0.003 -14"><span class='ocrx_word' id='word_1_603' title='bbox 134 4970 492 5039; x_wconf 79' lang='lat' dir='ltr'><strong>Compunetio</strong></span> <span class='ocrx_word' id='word_1_604' title='bbox 527 4966 708 5021; x_wconf 83' lang='lat' dir='ltr'><strong>cordis</strong></span> <span class='ocrx_word' id='word_1_605' title='bbox 737 4974 819 5021; x_wconf 91' lang='lat' dir='ltr'><strong>est</strong></span> <span class='ocrx_word' id='word_1_606' title='bbox 851 4964 1129 5020; x_wconf 86' lang='lat' dir='ltr'><strong>humilitas</strong></span> <span class='ocrx_word' id='word_1_607' title='bbox 1162 4966 1359 5019; x_wconf 86' lang='lat' dir='ltr'><strong>mentis</strong></span> <span class='ocrx_word' id='word_1_608' title='bbox 1393 4976 1515 5020; x_wconf 78' lang='lat' dir='ltr'><strong>etim</strong></span> <span class='ocrx_word' id='word_1_609' title='bbox 1544 4965 1715 5035; x_wconf 23' lang='lat' dir='ltr'><strong>lacry-r</strong></span> 
     </span>
    </p>
   </div>
   <div class='ocr_carea' id='block_1_84' title="bbox 134 5054 1713 5125">
    <p class='ocr_par' dir='ltr' id='par_1_84' title="bbox 134 5054 1713 5125">
     <span class='ocr_line' id='line_1_84' title="bbox 134 5054 1713 5125; baseline -0.004 -11"><span class='ocrx_word' id='word_1_610' title='bbox 134 5062 235 5115; x_wconf 88' lang='lat' dir='ltr'><strong>mis</strong></span> <span class='ocrx_word' id='word_1_611' title='bbox 280 5069 339 5113; x_wconf 89' lang='lat' dir='ltr'><strong>et</strong></span> <span class='ocrx_word' id='word_1_612' title='bbox 379 5058 755 5113; x_wconf 85' lang='lat' dir='ltr'><strong>recordatione</strong></span> <span class='ocrx_word' id='word_1_613' title='bbox 803 5063 1149 5125; x_wconf 88' lang='lat' dir='ltr'><strong>peccatorum</strong></span> <span class='ocrx_word' id='word_1_614' title='bbox 1194 5064 1249 5108; x_wconf 93' lang='lat' dir='ltr'><strong>et</strong></span> <span class='ocrx_word' id='word_1_615' title='bbox 1282 5056 1478 5110; x_wconf 87' lang='lat' dir='ltr'><strong>timore</strong></span> <span class='ocrx_word' id='word_1_616' title='bbox 1505 5054 1713 5123; x_wconf 88' lang='lat' dir='ltr'><strong>judicii.</strong></span> 
     </span>
    </p>
   </div>
   <div class='ocr_carea' id='block_1_85' title="bbox 134 5145 1717 5219">
    <p class='ocr_par' dir='ltr' id='par_1_85' title="bbox 134 5145 1717 5219">
     <span class='ocr_line' id='line_1_85' title="bbox 134 5145 1717 5219; baseline -0.001 -18"><span class='ocrx_word' id='word_1_617' title='bbox 134 5149 209 5202; x_wconf 72' lang='lat' dir='ltr'><strong>Ex</strong></span> <span class='ocrx_word' id='word_1_618' title='bbox 240 5150 463 5219; x_wconf 87' lang='lat' dir='ltr'><strong>gemino</strong></span> <span class='ocrx_word' id='word_1_619' title='bbox 507 5146 651 5201; x_wconf 88' lang='lat' dir='ltr'><strong>fonte</strong></span> <span class='ocrx_word' id='word_1_620' title='bbox 684 5146 1115 5216; x_wconf 88' lang='lat' dir='ltr'><strong>compunctionis</strong></span> <span class='ocrx_word' id='word_1_621' title='bbox 1152 5146 1326 5199; x_wconf 87' lang='lat' dir='ltr'><strong>solent</strong></span> <span class='ocrx_word' id='word_1_622' title='bbox 1354 5146 1617 5216; x_wconf 84' lang='lat' dir='ltr'><strong>proﬂuere</strong></span> <span class='ocrx_word' id='word_1_623' title='bbox 1640 5145 1717 5200; x_wconf 87' lang='lat' dir='ltr'><strong>la-</strong></span> 
     </span>
    </p>
   </div>
   <div class='ocr_carea' id='block_1_86' title="bbox 132 5234 1716 5307">
    <p class='ocr_par' dir='ltr' id='par_1_86' title="bbox 132 5234 1716 5307">
     <span class='ocr_line' id='line_1_86' title="bbox 132 5234 1716 5307; baseline 0 -17"><span class='ocrx_word' id='word_1_624' title='bbox 132 5251 351 5307; x_wconf 70' lang='lat' dir='ltr'><strong>crymae,</strong></span> <span class='ocrx_word' id='word_1_625' title='bbox 387 5237 491 5289; x_wconf 89' lang='lat' dir='ltr'><strong>hoc</strong></span> <span class='ocrx_word' id='word_1_626' title='bbox 520 5243 624 5299; x_wconf 88' lang='lat' dir='ltr'><strong>est,</strong></span> <span class='ocrx_word' id='word_1_627' title='bbox 654 5244 746 5289; x_wconf 89' lang='lat' dir='ltr'><strong>aut</strong></span> <span class='ocrx_word' id='word_1_628' title='bbox 769 5234 896 5289; x_wconf 90' lang='lat' dir='ltr'><strong>dum</strong></span> <span class='ocrx_word' id='word_1_629' title='bbox 929 5250 1081 5290; x_wconf 88' lang='lat' dir='ltr'><strong>mens</strong></span> <span class='ocrx_word' id='word_1_630' title='bbox 1101 5250 1323 5303; x_wconf 90' lang='lat' dir='ltr'><strong>operum</strong></span> <span class='ocrx_word' id='word_1_631' title='bbox 1352 5252 1569 5291; x_wconf 91' lang='lat' dir='ltr'><strong>suorum</strong></span> <span class='ocrx_word' id='word_1_632' title='bbox 1603 5238 1716 5291; x_wconf 87' lang='lat' dir='ltr'><strong>dili-</strong></span> 
     </span>
    </p>
   </div>
   <div class='ocr_carea' id='block_1_87' title="bbox 133 5325 1714 5395">
    <p class='ocr_par' dir='ltr' id='par_1_87' title="bbox 133 5325 1714 5395">
     <span class='ocr_line' id='line_1_87' title="bbox 133 5325 1714 5395; baseline 0.003 -16"><span class='ocrx_word' id='word_1_633' title='bbox 133 5329 350 5395; x_wconf 79' lang='lat' dir='ltr'><strong>gentius</strong></span> <span class='ocrx_word' id='word_1_634' title='bbox 384 5327 520 5380; x_wconf 86' lang='lat' dir='ltr'><strong>mala</strong></span> <span class='ocrx_word' id='word_1_635' title='bbox 553 5325 886 5388; x_wconf 86' lang='lat' dir='ltr'><strong>considerat,</strong></span> <span class='ocrx_word' id='word_1_636' title='bbox 930 5335 1021 5380; x_wconf 89' lang='lat' dir='ltr'><strong>aut</strong></span> <span class='ocrx_word' id='word_1_637' title='bbox 1046 5327 1169 5380; x_wconf 90' lang='lat' dir='ltr'><strong>dum</strong></span> <span class='ocrx_word' id='word_1_638' title='bbox 1198 5326 1463 5381; x_wconf 88' lang='lat' dir='ltr'><strong>desiderio</strong></span> <span class='ocrx_word' id='word_1_639' title='bbox 1498 5337 1714 5383; x_wconf 67' lang='lat' dir='ltr'><strong>aeterna:</strong></span> 
     </span>
    </p>
   </div>
   <div class='ocr_carea' id='block_1_88' title="bbox 134 5415 1715 5486">
    <p class='ocr_par' dir='ltr' id='par_1_88' title="bbox 134 5415 1715 5486">
     <span class='ocr_line' id='line_1_88' title="bbox 134 5415 1715 5486; baseline 0.001 -17"><span class='ocrx_word' id='word_1_640' title='bbox 134 5420 255 5472; x_wconf 65' lang='lat' dir='ltr'><strong>vita:</strong></span> <span class='ocrx_word' id='word_1_641' title='bbox 290 5419 554 5485; x_wconf 88' lang='lat' dir='ltr'><strong>suspirat.</strong></span> <span class='ocrx_word' id='word_1_642' title='bbox 598 5415 748 5472; x_wconf 86' lang='lat' dir='ltr'><strong>Unde</strong></span> <span class='ocrx_word' id='word_1_643' title='bbox 789 5425 844 5471; x_wconf 91' lang='lat' dir='ltr'><strong>et</strong></span> <span class='ocrx_word' id='word_1_644' title='bbox 880 5416 1144 5486; x_wconf 82' lang='lat' dir='ltr'><strong>Propheta</strong></span> <span class='ocrx_word' id='word_1_645' title='bbox 1182 5417 1291 5471; x_wconf 87' lang='lat' dir='ltr'><strong>ait:</strong></span> <span class='ocrx_word' id='word_1_646' title='bbox 1322 5417 1497 5471; x_wconf 81' lang='lat' dir='ltr'><strong>Sitivit</strong></span> <span class='ocrx_word' id='word_1_647' title='bbox 1538 5420 1715 5471; x_wconf 80' lang='lat' dir='ltr'><strong>animo</strong></span> 
     </span>
    </p>
   </div>
   <div class='ocr_carea' id='block_1_89' title="bbox 133 5506 1715 5577">
    <p class='ocr_par' dir='ltr' id='par_1_89' title="bbox 133 5506 1715 5577">
     <span class='ocr_line' id='line_1_89' title="bbox 133 5506 1715 5577; baseline 0 -17"><span class='ocrx_word' id='word_1_648' title='bbox 133 5525 246 5560; x_wconf 74' lang='lat' dir='ltr'><strong>mea</strong></span> <span class='ocrx_word' id='word_1_649' title='bbox 288 5508 361 5561; x_wconf 80' lang='lat' dir='ltr'><strong>ad</strong></span> <span class='ocrx_word' id='word_1_650' title='bbox 402 5506 571 5559; x_wconf 83' lang='lat' dir='ltr'><strong>Deum</strong></span> <span class='ocrx_word' id='word_1_651' title='bbox 621 5507 814 5572; x_wconf 81' lang='lat' dir='ltr'><strong>vivunt,</strong></span> <span class='ocrx_word' id='word_1_652' title='bbox 858 5509 1068 5577; x_wconf 85' lang='lat' dir='ltr'><strong>quando</strong></span> <span class='ocrx_word' id='word_1_653' title='bbox 1115 5507 1317 5560; x_wconf 80' lang='lat' dir='ltr'><strong>veniam</strong></span> <span class='ocrx_word' id='word_1_654' title='bbox 1364 5518 1418 5560; x_wconf 80' lang='lat' dir='ltr'><strong>et</strong></span> <span class='ocrx_word' id='word_1_655' title='bbox 1458 5509 1715 5577; x_wconf 80' lang='lat' dir='ltr'><strong>apparebo</strong></span> 
     </span>
    </p>
   </div>
   <div class='ocr_carea' id='block_1_90' title="bbox 134 5598 1716 5669">
    <p class='ocr_par' dir='ltr' id='par_1_90' title="bbox 134 5598 1716 5669">
     <span class='ocr_line' id='line_1_90' title="bbox 134 5598 1716 5669; baseline 0.002 -18"><span class='ocrx_word' id='word_1_656' title='bbox 134 5610 251 5654; x_wconf 80' lang='lat' dir='ltr'><strong>ante</strong></span> <span class='ocrx_word' id='word_1_657' title='bbox 274 5599 471 5669; x_wconf 78' lang='lat' dir='ltr'><strong>faciem</strong></span> <span class='ocrx_word' id='word_1_658' title='bbox 497 5598 633 5651; x_wconf 86' lang='lat' dir='ltr'><strong>Dei?</strong></span> <span class='ocrx_word' id='word_1_659' title='bbox 652 5598 861 5667; x_wconf 79' lang='lat' dir='ltr'><strong>fuerunt</strong></span> <span class='ocrx_word' id='word_1_660' title='bbox 887 5601 1013 5653; x_wconf 76' lang='lat' dir='ltr'><strong>mihi</strong></span> <span class='ocrx_word' id='word_1_661' title='bbox 1036 5599 1279 5669; x_wconf 76' lang='lat' dir='ltr'><strong>lacryma:</strong></span> <span class='ocrx_word' id='word_1_662' title='bbox 1301 5616 1426 5653; x_wconf 85' lang='lat' dir='ltr'><strong>mea:</strong></span> <span class='ocrx_word' id='word_1_663' title='bbox 1451 5616 1609 5669; x_wconf 80' lang='lat' dir='ltr'><strong>panes</strong></span> <span class='ocrx_word' id='word_1_664' title='bbox 1632 5601 1716 5655; x_wconf 78' lang='lat' dir='ltr'><strong>die</strong></span> 
     </span>
    </p>
   </div>
   <div class='ocr_carea' id='block_1_91' title="bbox 128 5690 1712 5763">
    <p class='ocr_par' dir='ltr' id='par_1_91' title="bbox 128 5690 1712 5763">
     <span class='ocr_line' id='line_1_91' title="bbox 128 5690 1712 5763; baseline 0.004 -22"><span class='ocrx_word' id='word_1_665' title='bbox 128 5703 345 5746; x_wconf 80' lang='lat' dir='ltr'><strong>acnocte</strong></span> <span class='ocrx_word' id='word_1_666' title='bbox 370 5691 389 5763; x_wconf 93' lang='lat'><strong>(</strong></span> <span class='ocrx_word' id='word_1_667' title='bbox 416 5690 565 5745; x_wconf 82' lang='lat' dir='ltr'><strong>Psal.</strong></span> <span class='ocrx_word' id='word_1_668' title='bbox 606 5691 763 5761; x_wconf 80' lang='lat' dir='ltr'><strong>xu);</strong></span> <span class='ocrx_word' id='word_1_669' title='bbox 798 5693 923 5746; x_wconf 87' lang='lat' dir='ltr'><strong>item</strong></span> <span class='ocrx_word' id='word_1_670' title='bbox 959 5710 971 5744; x_wconf 87' lang='lat'><strong>:</strong></span> <span class='ocrx_word' id='word_1_671' title='bbox 1025 5691 1236 5763; x_wconf 84' lang='lat' dir='ltr'><strong>Concup</strong></span> <span class='ocrx_word' id='word_1_672' title='bbox 1262 5694 1375 5746; x_wconf 81' lang='lat' dir='ltr'><strong>iscit</strong></span> <span class='ocrx_word' id='word_1_673' title='bbox 1428 5701 1476 5748; x_wconf 85' lang='lat' dir='ltr'><strong>et</strong></span> <span class='ocrx_word' id='word_1_674' title='bbox 1528 5694 1712 5762; x_wconf 76' lang='lat' dir='ltr'><strong>defecit</strong></span> 
     </span>
    </p>
   </div>
   <div class='ocr_carea' id='block_1_92' title="bbox 1828 3238 3405 3311">
    <p class='ocr_par' dir='ltr' id='par_1_92' title="bbox 1828 3238 3405 3311">
     <span class='ocr_line' id='line_1_92' title="bbox 1828 3238 3405 3311; baseline -0.003 -17"><span class='ocrx_word' id='word_1_675' title='bbox 1828 3258 1945 3311; x_wconf 71' lang='lat' dir='ltr'><strong>qua&#39;</strong></span> <span class='ocrx_word' id='word_1_676' title='bbox 1976 3242 2103 3311; x_wconf 84' lang='lat' dir='ltr'><strong>egit.</strong></span> <span class='ocrx_word' id='word_1_677' title='bbox 2132 3241 2465 3309; x_wconf 81' lang='lat' dir='ltr'><strong>Conﬁtemini</strong></span> <span class='ocrx_word' id='word_1_678' title='bbox 2487 3281 2501 3305; x_wconf 92' lang='lat'><strong>,</strong></span> <span class='ocrx_word' id='word_1_679' title='bbox 2554 3240 2683 3295; x_wconf 89' lang='lat' dir='ltr'><strong>dicit</strong></span> <span class='ocrx_word' id='word_1_680' title='bbox 2720 3240 2954 3295; x_wconf 83' lang='lat' dir='ltr'><strong>Jacobus</strong></span> <span class='ocrx_word' id='word_1_681' title='bbox 2993 3239 3285 3310; x_wconf 86' lang='lat' dir='ltr'><strong>apostolus,</strong></span> <span class='ocrx_word' id='word_1_682' title='bbox 3325 3238 3405 3291; x_wconf 88' lang='lat' dir='ltr'><strong>al-</strong></span> 
     </span>
    </p>
   </div>
   <div class='ocr_carea' id='block_1_93' title="bbox 1826 3328 3413 3403">
    <p class='ocr_par' dir='ltr' id='par_1_93' title="bbox 1826 3328 3413 3403">
     <span class='ocr_line' id='line_1_93' title="bbox 1826 3328 3413 3403; baseline -0.003 -16"><span class='ocrx_word' id='word_1_683' title='bbox 1826 3344 2081 3387; x_wconf 85' lang='lat' dir='ltr'><strong>terutrum</strong></span> <span class='ocrx_word' id='word_1_684' title='bbox 2101 3342 2313 3403; x_wconf 84' lang='lat' dir='ltr'><strong>peccata</strong></span> <span class='ocrx_word' id='word_1_685' title='bbox 2342 3342 2530 3395; x_wconf 83' lang='lat' dir='ltr'><strong>vestra,</strong></span> <span class='ocrx_word' id='word_1_686' title='bbox 2564 3342 2611 3385; x_wconf 89' lang='lat' dir='ltr'><strong>et</strong></span> <span class='ocrx_word' id='word_1_687' title='bbox 2633 3342 2776 3385; x_wconf 87' lang='lat' dir='ltr'><strong>orate</strong></span> <span class='ocrx_word' id='word_1_688' title='bbox 2810 3348 2904 3401; x_wconf 82' lang='lat' dir='ltr'><strong>pro</strong></span> <span class='ocrx_word' id='word_1_689' title='bbox 2926 3333 3140 3385; x_wconf 80' lang='lat' dir='ltr'><strong>invicem</strong></span> <span class='ocrx_word' id='word_1_690' title='bbox 3168 3340 3220 3382; x_wconf 84' lang='lat' dir='ltr'><strong>ut</strong></span> <span class='ocrx_word' id='word_1_691' title='bbox 3243 3328 3413 3383; x_wconf 69' lang='lat' dir='ltr'><strong>salte—</strong></span> 
     </span>
    </p>
   </div>
   <div class='ocr_carea' id='block_1_94' title="bbox 1824 3421 3415 3499">
    <p class='ocr_par' dir='ltr' id='par_1_94' title="bbox 1824 3421 3415 3499">
     <span class='ocr_line' id='line_1_94' title="bbox 1824 3421 3415 3499; baseline -0.003 -20"><span class='ocrx_word' id='word_1_692' title='bbox 1824 3429 1952 3480; x_wconf 86' lang='lat' dir='ltr'><strong>mini</strong></span> <span class='ocrx_word' id='word_1_693' title='bbox 1990 3426 2142 3499; x_wconf 83' lang='lat' dir='ltr'><strong>(Jac.</strong></span> <span class='ocrx_word' id='word_1_694' title='bbox 2172 3426 2269 3497; x_wconf 88' lang='lat' dir='ltr'><strong>v);</strong></span> <span class='ocrx_word' id='word_1_695' title='bbox 2316 3428 2443 3480; x_wconf 88' lang='lat' dir='ltr'><strong>item</strong></span> <span class='ocrx_word' id='word_1_696' title='bbox 2482 3426 2666 3480; x_wconf 89' lang='lat' dir='ltr'><strong>beatus</strong></span> <span class='ocrx_word' id='word_1_697' title='bbox 2704 3425 2901 3479; x_wconf 89' lang='lat' dir='ltr'><strong>Paulus</strong></span> <span class='ocrx_word' id='word_1_698' title='bbox 2947 3424 3224 3495; x_wconf 88' lang='lat' dir='ltr'><strong>apostolus</strong></span> <span class='ocrx_word' id='word_1_699' title='bbox 3265 3442 3277 3477; x_wconf 88' lang='lat'>:</span> <span class='ocrx_word' id='word_1_700' title='bbox 3310 3421 3415 3477; x_wconf 83' lang='lat' dir='ltr'><strong>Ore</strong></span> 
     </span>
    </p>
   </div>
   <div class='ocr_carea' id='block_1_95' title="bbox 1825 3513 3408 3585">
    <p class='ocr_par' dir='ltr' id='par_1_95' title="bbox 1825 3513 3408 3585">
     <span class='ocr_line' id='line_1_95' title="bbox 1825 3513 3408 3585; baseline -0.002 -14"><span class='ocrx_word' id='word_1_701' title='bbox 1825 3528 2019 3581; x_wconf 81' lang='lat' dir='ltr'><strong>autent,</strong></span> <span class='ocrx_word' id='word_1_702' title='bbox 2062 3517 2254 3585; x_wconf 84' lang='lat' dir='ltr'><strong>inquit,</strong></span> <span class='ocrx_word' id='word_1_703' title='bbox 2296 3516 2551 3585; x_wconf 80' lang='lat' dir='ltr'><strong>confessio</strong></span> <span class='ocrx_word' id='word_1_704' title='bbox 2596 3516 2654 3583; x_wconf 75' lang='lat' dir='ltr'><strong>ﬁt</strong></span> <span class='ocrx_word' id='word_1_705' title='bbox 2694 3516 2763 3569; x_wconf 87' lang='lat' dir='ltr'><strong>ad</strong></span> <span class='ocrx_word' id='word_1_706' title='bbox 2804 3515 3026 3569; x_wconf 82' lang='lat' dir='ltr'><strong>salutent</strong></span> <span class='ocrx_word' id='word_1_707' title='bbox 3064 3514 3251 3585; x_wconf 84' lang='lat' dir='ltr'><strong>(Rom.</strong></span> <span class='ocrx_word' id='word_1_708' title='bbox 3292 3513 3408 3584; x_wconf 82' lang='lat' dir='ltr'><strong>x);</strong></span> 
     </span>
    </p>
   </div>
   <div class='ocr_carea' id='block_1_96' title="bbox 1825 3604 3409 3675">
    <p class='ocr_par' dir='ltr' id='par_1_96' title="bbox 1825 3604 3409 3675">
     <span class='ocr_line' id='line_1_96' title="bbox 1825 3604 3409 3675; baseline -0.002 -12"><span class='ocrx_word' id='word_1_709' title='bbox 1825 3610 1917 3664; x_wconf 91' lang='lat' dir='ltr'><strong>sed</strong></span> <span class='ocrx_word' id='word_1_710' title='bbox 1954 3616 2007 3664; x_wconf 89' lang='lat' dir='ltr'><strong>et</strong></span> <span class='ocrx_word' id='word_1_711' title='bbox 2051 3608 2303 3663; x_wconf 88' lang='lat' dir='ltr'><strong>Salomon</strong></span> <span class='ocrx_word' id='word_1_712' title='bbox 2335 3608 2400 3663; x_wconf 91' lang='lat' dir='ltr'><strong>de</strong></span> <span class='ocrx_word' id='word_1_713' title='bbox 2438 3608 2779 3663; x_wconf 87' lang='lat' dir='ltr'><strong>confessione</strong></span> <span class='ocrx_word' id='word_1_714' title='bbox 2828 3618 3175 3675; x_wconf 86' lang='lat' dir='ltr'><strong>peccatorum</strong></span> <span class='ocrx_word' id='word_1_715' title='bbox 3228 3604 3362 3659; x_wconf 76' lang='lat' dir='ltr'><strong>dixit</strong></span> <span class='ocrx_word' id='word_1_716' title='bbox 3394 3621 3409 3660; x_wconf 89' lang='lat'><strong>:</strong></span> 
     </span>
    </p>
   </div>
   <div class='ocr_carea' id='block_1_97' title="bbox 1827 3694 3406 3765">
    <p class='ocr_par' dir='ltr' id='par_1_97' title="bbox 1827 3694 3406 3765">
     <span class='ocr_line' id='line_1_97' title="bbox 1827 3694 3406 3765; baseline -0.004 -14"><span class='ocrx_word' id='word_1_717' title='bbox 1827 3698 1930 3763; x_wconf 85' lang='lat' dir='ltr'><strong>Qui</strong></span> <span class='ocrx_word' id='word_1_718' title='bbox 1973 3698 2240 3751; x_wconf 85' lang='lat' dir='ltr'><strong>abscondit</strong></span> <span class='ocrx_word' id='word_1_719' title='bbox 2275 3696 2470 3750; x_wconf 85' lang='lat' dir='ltr'><strong>scelera</strong></span> <span class='ocrx_word' id='word_1_720' title='bbox 2507 3714 2603 3751; x_wconf 84' lang='lat' dir='ltr'><strong>sua</strong></span> <span class='ocrx_word' id='word_1_721' title='bbox 2638 3713 2740 3749; x_wconf 87' lang='lat' dir='ltr'><strong>non</strong></span> <span class='ocrx_word' id='word_1_722' title='bbox 2772 3696 3027 3765; x_wconf 80' lang='lat' dir='ltr'><strong>dirigetur</strong></span> <span class='ocrx_word' id='word_1_723' title='bbox 3053 3710 3071 3747; x_wconf 92' lang='lat'><strong><em>:</em></strong></span> <span class='ocrx_word' id='word_1_724' title='bbox 3102 3694 3191 3765; x_wconf 80' lang='lat' dir='ltr'><strong>qui</strong></span> <span class='ocrx_word' id='word_1_725' title='bbox 3230 3702 3406 3746; x_wconf 85' lang='lat' dir='ltr'><strong>autem</strong></span> 
     </span>
    </p>
   </div>
   <div class='ocr_carea' id='block_1_98' title="bbox 1826 3786 3410 3859">
    <p class='ocr_par' dir='ltr' id='par_1_98' title="bbox 1826 3786 3410 3859">
     <span class='ocr_line' id='line_1_98' title="bbox 1826 3786 3410 3859; baseline -0.004 -16"><span class='ocrx_word' id='word_1_726' title='bbox 1826 3790 2088 3859; x_wconf 73' lang='lat' dir='ltr'><strong>confessus</strong></span> <span class='ocrx_word' id='word_1_727' title='bbox 2116 3788 2294 3857; x_wconf 81' lang='lat' dir='ltr'><strong>fuerit,</strong></span> <span class='ocrx_word' id='word_1_728' title='bbox 2317 3798 2365 3841; x_wconf 90' lang='lat' dir='ltr'><strong>et</strong></span> <span class='ocrx_word' id='word_1_729' title='bbox 2394 3786 2657 3858; x_wconf 75' lang='lat' dir='ltr'><strong>reliquerit</strong></span> <span class='ocrx_word' id='word_1_730' title='bbox 2680 3803 2762 3851; x_wconf 88' lang='lat' dir='ltr'><strong>ea,</strong></span> <span class='ocrx_word' id='word_1_731' title='bbox 2788 3786 3203 3839; x_wconf 86' lang='lat' dir='ltr'><strong>misericordium</strong></span> <span class='ocrx_word' id='word_1_732' title='bbox 3229 3800 3410 3838; x_wconf 83' lang='lat' dir='ltr'><strong>conse-</strong></span> 
     </span>
    </p>
   </div>
   <div class='ocr_carea' id='block_1_99' title="bbox 1820 3870 3412 3949">
    <p class='ocr_par' dir='ltr' id='par_1_99' title="bbox 1820 3870 3412 3949">
     <span class='ocr_line' id='line_1_99' title="bbox 1820 3870 3412 3949; baseline -0.004 -17"><span class='ocrx_word' id='word_1_733' title='bbox 1820 3890 2009 3949; x_wconf 87' lang='lat' dir='ltr'><strong>quetur</strong></span> <span class='ocrx_word' id='word_1_734' title='bbox 2037 3882 2055 3947; x_wconf 83' lang='grc'>(</span> <span class='ocrx_word' id='word_1_735' title='bbox 2081 3875 2239 3930; x_wconf 84' lang='lat' dir='ltr'><strong>Prov.</strong></span> <span class='ocrx_word' id='word_1_736' title='bbox 2280 3874 2500 3945; x_wconf 77' lang='lat' dir='ltr'><strong>xxvrtr).</strong></span> <span class='ocrx_word' id='word_1_737' title='bbox 2534 3874 2783 3945; x_wconf 78' lang='lat' dir='ltr'><strong>Magnum</strong></span> <span class='ocrx_word' id='word_1_738' title='bbox 2812 3882 2917 3936; x_wconf 91' lang='lat' dir='ltr'><strong>est,</strong></span> <span class='ocrx_word' id='word_1_739' title='bbox 2964 3871 3185 3935; x_wconf 80' lang='lat' dir='ltr'><strong>fratres,</strong></span> <span class='ocrx_word' id='word_1_740' title='bbox 3222 3870 3412 3926; x_wconf 87' lang='lat' dir='ltr'><strong>salutis</strong></span> 
     </span>
    </p>
   </div>
   <div class='ocr_carea' id='block_1_100' title="bbox 1822 3965 3402 4036">
    <p class='ocr_par' dir='ltr' id='par_1_100' title="bbox 1822 3965 3402 4036">
     <span class='ocr_line' id='line_1_100' title="bbox 1822 3965 3402 4036; baseline -0.005 -10"><span class='ocrx_word' id='word_1_741' title='bbox 1822 3972 2296 4033; x_wconf 79' lang='lat' dir='ltr'><strong>medicamentum,</strong></span> <span class='ocrx_word' id='word_1_742' title='bbox 2348 3982 2456 4021; x_wconf 91' lang='lat' dir='ltr'><strong>non</strong></span> <span class='ocrx_word' id='word_1_743' title='bbox 2504 3968 2702 4022; x_wconf 86' lang='lat' dir='ltr'><strong>iterare</strong></span> <span class='ocrx_word' id='word_1_744' title='bbox 2742 3981 2862 4034; x_wconf 77' lang='lat' dir='ltr'><strong>quae</strong></span> <span class='ocrx_word' id='word_1_745' title='bbox 2912 3965 3075 4035; x_wconf 87' lang='lat' dir='ltr'><strong>impie</strong></span> <span class='ocrx_word' id='word_1_746' title='bbox 3115 3965 3402 4036; x_wconf 83' lang='lat' dir='ltr'><strong>gessimus,</strong></span> 
     </span>
    </p>
   </div>
   <div class='ocr_carea' id='block_1_101' title="bbox 1822 4056 3402 4130">
    <p class='ocr_par' dir='ltr' id='par_1_101' title="bbox 1822 4056 3402 4130">
     <span class='ocr_line' id='line_1_101' title="bbox 1822 4056 3402 4130; baseline -0.003 -15"><span class='ocrx_word' id='word_1_747' title='bbox 1822 4077 1922 4117; x_wconf 88' lang='lat' dir='ltr'><strong>nec</strong></span> <span class='ocrx_word' id='word_1_748' title='bbox 1967 4061 2203 4130; x_wconf 89' lang='lat' dir='ltr'><strong>priorem</strong></span> <span class='ocrx_word' id='word_1_749' title='bbox 2230 4059 2539 4113; x_wconf 88' lang='lat' dir='ltr'><strong>cicatricem</strong></span> <span class='ocrx_word' id='word_1_750' title='bbox 2576 4057 2856 4111; x_wconf 89' lang='lat' dir='ltr'><strong>vulnerum</strong></span> <span class='ocrx_word' id='word_1_751' title='bbox 2892 4056 3230 4119; x_wconf 88' lang='lat' dir='ltr'><strong>resauciare;</strong></span> <span class='ocrx_word' id='word_1_752' title='bbox 3260 4056 3402 4110; x_wconf 86' lang='lat' dir='ltr'><strong>unde</strong></span> 
     </span>
    </p>
   </div>
   <div class='ocr_carea' id='block_1_102' title="bbox 1821 4145 3408 4220">
    <p class='ocr_par' dir='ltr' id='par_1_102' title="bbox 1821 4145 3408 4220">
     <span class='ocr_line' id='line_1_102' title="bbox 1821 4145 3408 4220; baseline -0.005 -12"><span class='ocrx_word' id='word_1_753' title='bbox 1821 4153 1952 4208; x_wconf 92' lang='lat' dir='ltr'><strong>dicit</strong></span> <span class='ocrx_word' id='word_1_754' title='bbox 1995 4150 2231 4205; x_wconf 76' lang='lat' dir='ltr'><strong>Joannes</strong></span> <span class='ocrx_word' id='word_1_755' title='bbox 2276 4149 2603 4220; x_wconf 73' lang='lat' dir='ltr'><strong>evangelista</strong></span> <span class='ocrx_word' id='word_1_756' title='bbox 2642 4166 2653 4201; x_wconf 90' lang='lat'>:</span> <span class='ocrx_word' id='word_1_757' title='bbox 2705 4145 2762 4202; x_wconf 89' lang='lat' dir='ltr'><strong>Si</strong></span> <span class='ocrx_word' id='word_1_758' title='bbox 2812 4148 3147 4214; x_wconf 78' lang='lat' dir='ltr'><strong>conﬁteamut</strong></span> <span class='ocrx_word' id='word_1_759' title='bbox 3191 4156 3408 4213; x_wconf 80' lang='lat' dir='ltr'><strong>peccata</strong></span> 
     </span>
    </p>
   </div>
   <div class='ocr_carea' id='block_1_103' title="bbox 1820 4236 3408 4310">
    <p class='ocr_par' dir='ltr' id='par_1_103' title="bbox 1820 4236 3408 4310">
     <span class='ocr_line' id='line_1_103' title="bbox 1820 4236 3408 4310; baseline -0.005 -11"><span class='ocrx_word' id='word_1_760' title='bbox 1820 4252 2022 4307; x_wconf 87' lang='lat' dir='ltr'><strong>nostra,</strong></span> <span class='ocrx_word' id='word_1_761' title='bbox 2060 4241 2232 4310; x_wconf 79' lang='lat' dir='ltr'><strong>ﬁdelis</strong></span> <span class='ocrx_word' id='word_1_762' title='bbox 2275 4250 2346 4294; x_wconf 92' lang='lat' dir='ltr'><strong>est</strong></span> <span class='ocrx_word' id='word_1_763' title='bbox 2398 4240 2539 4293; x_wconf 86' lang='lat' dir='ltr'><strong>Deus</strong></span> <span class='ocrx_word' id='word_1_764' title='bbox 2577 4248 2625 4293; x_wconf 91' lang='lat' dir='ltr'><strong>et</strong></span> <span class='ocrx_word' id='word_1_765' title='bbox 2653 4240 2833 4309; x_wconf 83' lang='lat' dir='ltr'><strong>justus</strong></span> <span class='ocrx_word' id='word_1_766' title='bbox 2884 4247 2935 4289; x_wconf 89' lang='lat' dir='ltr'><strong>ut</strong></span> <span class='ocrx_word' id='word_1_767' title='bbox 2979 4237 3207 4290; x_wconf 83' lang='lat' dir='ltr'><strong>remittat</strong></span> <span class='ocrx_word' id='word_1_768' title='bbox 3260 4236 3408 4292; x_wconf 76' lang='lat' dir='ltr'><strong>nobis</strong></span> 
     </span>
    </p>
   </div>
   <div class='ocr_carea' id='block_1_104' title="bbox 1818 4326 3400 4403">
    <p class='ocr_par' dir='ltr' id='par_1_104' title="bbox 1818 4326 3400 4403">
     <span class='ocr_line' id='line_1_104' title="bbox 1818 4326 3400 4403; baseline -0.003 -17"><span class='ocrx_word' id='word_1_769' title='bbox 1818 4342 2051 4403; x_wconf 87' lang='lat' dir='ltr'><strong>peccata,</strong></span> <span class='ocrx_word' id='word_1_770' title='bbox 2078 4342 2125 4385; x_wconf 85' lang='lat' dir='ltr'><strong>et</strong></span> <span class='ocrx_word' id='word_1_771' title='bbox 2148 4331 2360 4385; x_wconf 76' lang='lat' dir='ltr'><strong>munde:</strong></span> <span class='ocrx_word' id='word_1_772' title='bbox 2385 4348 2477 4389; x_wconf 83' lang='lat' dir='ltr'><strong>nos</strong></span> <span class='ocrx_word' id='word_1_773' title='bbox 2500 4330 2563 4385; x_wconf 85' lang='lat' dir='ltr'><strong>ab</strong></span> <span class='ocrx_word' id='word_1_774' title='bbox 2590 4330 2730 4383; x_wconf 88' lang='lat' dir='ltr'><strong>omni</strong></span> <span class='ocrx_word' id='word_1_775' title='bbox 2753 4329 3026 4399; x_wconf 83' lang='lat' dir='ltr'><strong>iniquitate</strong></span> <span class='ocrx_word' id='word_1_776' title='bbox 3052 4328 3102 4399; x_wconf 86' lang='grc' dir='ltr'><strong>(Ι</strong></span> <span class='ocrx_word' id='word_1_777' title='bbox 3132 4326 3292 4383; x_wconf 84' lang='grc' dir='ltr'><em>Ιοαη.</em></span> <span class='ocrx_word' id='word_1_778' title='bbox 3325 4329 3363 4400; x_wconf 85' lang='grc' dir='ltr'><strong>ι)</strong></span> <span class='ocrx_word' id='word_1_779' title='bbox 3386 4347 3400 4394; x_wconf 88' lang='lat'><strong>;</strong></span> 
     </span>
    </p>
   </div>
   <div class='ocr_carea' id='block_1_105' title="bbox 1820 4418 3403 4487">
    <p class='ocr_par' dir='ltr' id='par_1_105' title="bbox 1820 4418 3403 4487">
     <span class='ocr_line' id='line_1_105' title="bbox 1820 4418 3403 4487; baseline -0.004 -11"><span class='ocrx_word' id='word_1_780' title='bbox 1820 4423 2070 4476; x_wconf 87' lang='lat' dir='ltr'><strong>similiter</strong></span> <span class='ocrx_word' id='word_1_781' title='bbox 2096 4431 2151 4476; x_wconf 88' lang='lat' dir='ltr'><strong>et</strong></span> <span class='ocrx_word' id='word_1_782' title='bbox 2176 4421 2461 4475; x_wconf 80' lang='lat' dir='ltr'><strong>Psalutista</strong></span> <span class='ocrx_word' id='word_1_783' title='bbox 2506 4422 2581 4475; x_wconf 87' lang='lat' dir='ltr'><strong>ait</strong></span> <span class='ocrx_word' id='word_1_784' title='bbox 2610 4438 2622 4473; x_wconf 88' lang='lat'><strong>:</strong></span> <span class='ocrx_word' id='word_1_785' title='bbox 2662 4420 2783 4473; x_wconf 70' lang='lat' dir='ltr'><strong>Dixi</strong></span> <span class='ocrx_word' id='word_1_786' title='bbox 2818 4418 3100 4487; x_wconf 76' lang='lat' dir='ltr'><strong>conﬁtebor</strong></span> <span class='ocrx_word' id='word_1_787' title='bbox 3127 4419 3403 4471; x_wconf 84' lang='lat' dir='ltr'><strong>adversum</strong></span> 
     </span>
    </p>
   </div>
   <div class='ocr_carea' id='block_1_106' title="bbox 1821 4509 3407 4583">
    <p class='ocr_par' dir='ltr' id='par_1_106' title="bbox 1821 4509 3407 4583">
     <span class='ocr_line' id='line_1_106' title="bbox 1821 4509 3407 4583; baseline -0.004 -15"><span class='ocrx_word' id='word_1_788' title='bbox 1821 4531 1902 4568; x_wconf 84' lang='lat' dir='ltr'><strong>me</strong></span> <span class='ocrx_word' id='word_1_789' title='bbox 1932 4514 2245 4583; x_wconf 83' lang='lat' dir='ltr'><strong>injustitiant</strong></span> <span class='ocrx_word' id='word_1_790' title='bbox 2286 4530 2449 4566; x_wconf 82' lang='lat' dir='ltr'><strong>nteant</strong></span> <span class='ocrx_word' id='word_1_791' title='bbox 2484 4512 2739 4573; x_wconf 85' lang='lat' dir='ltr'><strong>Domino,</strong></span> <span class='ocrx_word' id='word_1_792' title='bbox 2782 4520 2828 4563; x_wconf 88' lang='lat' dir='ltr'><strong>et</strong></span> <span class='ocrx_word' id='word_1_793' title='bbox 2867 4521 2923 4562; x_wconf 86' lang='lat' dir='ltr'><strong>tu</strong></span> <span class='ocrx_word' id='word_1_794' title='bbox 2956 4509 3194 4563; x_wconf 79' lang='lat' dir='ltr'><strong>remisisti</strong></span> <span class='ocrx_word' id='word_1_795' title='bbox 3224 4509 3407 4577; x_wconf 76' lang='lat' dir='ltr'><strong>impie-</strong></span> 
     </span>
    </p>
   </div>
   <div class='ocr_carea' id='block_1_107' title="bbox 1820 4598 3405 4671">
    <p class='ocr_par' dir='ltr' id='par_1_107' title="bbox 1820 4598 3405 4671">
     <span class='ocr_line' id='line_1_107' title="bbox 1820 4598 3405 4671; baseline -0.001 -16"><span class='ocrx_word' id='word_1_796' title='bbox 1820 4613 1979 4656; x_wconf 83' lang='lat' dir='ltr'><strong>tatem</strong></span> <span class='ocrx_word' id='word_1_797' title='bbox 2019 4604 2215 4671; x_wconf 75' lang='lat' dir='ltr'><strong>peccati</strong></span> <span class='ocrx_word' id='word_1_798' title='bbox 2260 4603 2360 4654; x_wconf 87' lang='lat' dir='ltr'><strong>ntei</strong></span> <span class='ocrx_word' id='word_1_799' title='bbox 2406 4599 2597 4671; x_wconf 88' lang='lat' dir='ltr'><strong>(Psal.</strong></span> <span class='ocrx_word' id='word_1_800' title='bbox 2632 4600 2814 4671; x_wconf 76' lang='lat' dir='ltr'><strong>xxxr).</strong></span> <span class='ocrx_word' id='word_1_801' title='bbox 2861 4600 3059 4654; x_wconf 81' lang='lat' dir='ltr'><strong>Vivens</strong></span> <span class='ocrx_word' id='word_1_802' title='bbox 3085 4598 3405 4653; x_wconf 80' lang='lat' dir='ltr'><strong>confiteatur</strong></span> 
     </span>
    </p>
   </div>
   <div class='ocr_carea' id='block_1_108' title="bbox 1822 4688 3503 4765">
    <p class='ocr_par' dir='ltr' id='par_1_108' title="bbox 1822 4688 3503 4765">
     <span class='ocr_line' id='line_1_108' title="bbox 1822 4688 3503 4765; baseline -0.001 -23"><span class='ocrx_word' id='word_1_803' title='bbox 1822 4701 2075 4759; x_wconf 90' lang='lat' dir='ltr'><strong>peccator</strong></span> <span class='ocrx_word' id='word_1_804' title='bbox 2103 4706 2221 4758; x_wconf 75' lang='lat' dir='ltr'><strong>qua:</strong></span> <span class='ocrx_word' id='word_1_805' title='bbox 2252 4689 2397 4754; x_wconf 88' lang='lat' dir='ltr'><strong>fecit,</strong></span> <span class='ocrx_word' id='word_1_806' title='bbox 2427 4691 2553 4759; x_wconf 90' lang='lat' dir='ltr'><strong>quia</strong></span> <span class='ocrx_word' id='word_1_807' title='bbox 2582 4705 2688 4743; x_wconf 88' lang='lat' dir='ltr'><strong>non</strong></span> <span class='ocrx_word' id='word_1_808' title='bbox 2714 4699 2797 4744; x_wconf 90' lang='lat' dir='ltr'><strong>est</strong></span> <span class='ocrx_word' id='word_1_809' title='bbox 2831 4688 3106 4743; x_wconf 87' lang='lat' dir='ltr'><strong>fructuosa</strong></span> <span class='ocrx_word' id='word_1_810' title='bbox 3132 4688 3403 4743; x_wconf 88' lang='lat' dir='ltr'><strong>confessio</strong></span> <span class='ocrx_word' id='word_1_811' title='bbox 3490 4756 3503 4765; x_wconf 26' lang='grc' dir='ltr'>Χ</span> 
     </span>
    </p>
   </div>
   <div class='ocr_carea' id='block_1_109' title="bbox 1823 4780 3398 4850">
    <p class='ocr_par' dir='ltr' id='par_1_109' title="bbox 1823 4780 3398 4850">
     <span class='ocr_line' id='line_1_109' title="bbox 1823 4780 3398 4850; baseline 0 -16"><span class='ocrx_word' id='word_1_812' title='bbox 1823 4782 1963 4849; x_wconf 91' lang='lat' dir='ltr'><strong>apud</strong></span> <span class='ocrx_word' id='word_1_813' title='bbox 1990 4781 2208 4843; x_wconf 88' lang='lat' dir='ltr'><strong>inferos,</strong></span> <span class='ocrx_word' id='word_1_814' title='bbox 2244 4797 2341 4835; x_wconf 87' lang='lat' dir='ltr'><strong>nec</strong></span> <span class='ocrx_word' id='word_1_815' title='bbox 2364 4781 2678 4850; x_wconf 77' lang='lat' dir='ltr'><strong>pmuiteutia</strong></span> <span class='ocrx_word' id='word_1_816' title='bbox 2707 4780 2773 4834; x_wconf 88' lang='lat' dir='ltr'><strong>ad</strong></span> <span class='ocrx_word' id='word_1_817' title='bbox 2805 4780 3031 4834; x_wconf 74' lang='lat' dir='ltr'><strong>salutem</strong></span> <span class='ocrx_word' id='word_1_818' title='bbox 3070 4780 3357 4849; x_wconf 71' lang='lat' dir='ltr'><strong>proficiens</strong></span> <span class='ocrx_word' id='word_1_819' title='bbox 3386 4799 3398 4834; x_wconf 91' lang='lat'><strong>:</strong></span> 
     </span>
    </p>
   </div>
   <div class='ocr_carea' id='block_1_110' title="bbox 1824 4873 3402 4941">
    <p class='ocr_par' dir='ltr' id='par_1_110' title="bbox 1824 4873 3402 4941">
     <span class='ocr_line' id='line_1_110' title="bbox 1824 4873 3402 4941; baseline 0.001 -15"><span class='ocrx_word' id='word_1_820' title='bbox 1824 4888 1949 4926; x_wconf 90' lang='lat' dir='ltr'><strong>ecce</strong></span> <span class='ocrx_word' id='word_1_821' title='bbox 1968 4888 2109 4926; x_wconf 90' lang='lat' dir='ltr'><strong>nunc</strong></span> <span class='ocrx_word' id='word_1_822' title='bbox 2142 4881 2349 4941; x_wconf 83' lang='lat' dir='ltr'><strong>tempus</strong></span> <span class='ocrx_word' id='word_1_823' title='bbox 2376 4873 2585 4936; x_wconf 89' lang='lat' dir='ltr'><strong>salutis,</strong></span> <span class='ocrx_word' id='word_1_824' title='bbox 2609 4888 2733 4927; x_wconf 87' lang='lat' dir='ltr'><strong>ecce</strong></span> <span class='ocrx_word' id='word_1_825' title='bbox 2760 4888 2901 4926; x_wconf 90' lang='lat' dir='ltr'><strong>nunc</strong></span> <span class='ocrx_word' id='word_1_826' title='bbox 2925 4880 3132 4941; x_wconf 88' lang='lat' dir='ltr'><strong>tempus</strong></span> <span class='ocrx_word' id='word_1_827' title='bbox 3156 4884 3402 4941; x_wconf 86' lang='lat' dir='ltr'><strong>accepta—</strong></span> 
     </span>
    </p>
   </div>
   <div class='ocr_carea' id='block_1_111' title="bbox 1822 4963 3402 5037">
    <p class='ocr_par' dir='ltr' id='par_1_111' title="bbox 1822 4963 3402 5037">
     <span class='ocr_line' id='line_1_111' title="bbox 1822 4963 3402 5037; baseline 0 -19"><span class='ocrx_word' id='word_1_828' title='bbox 1822 4964 1929 5018; x_wconf 88' lang='lat' dir='ltr'><strong>bile</strong></span> <span class='ocrx_word' id='word_1_829' title='bbox 1959 4964 2086 5017; x_wconf 85' lang='lat' dir='ltr'><strong>Deo.</strong></span> <span class='ocrx_word' id='word_1_830' title='bbox 2118 4963 2353 5033; x_wconf 83' lang='lat' dir='ltr'><strong>Tempus</strong></span> <span class='ocrx_word' id='word_1_831' title='bbox 2396 4974 2475 5017; x_wconf 90' lang='lat' dir='ltr'><strong>est</strong></span> <span class='ocrx_word' id='word_1_832' title='bbox 2526 4978 2669 5018; x_wconf 89' lang='lat' dir='ltr'><strong>nunc</strong></span> <span class='ocrx_word' id='word_1_833' title='bbox 2713 4963 3045 5037; x_wconf 84' lang='lat' dir='ltr'><strong>remissionis</strong></span> <span class='ocrx_word' id='word_1_834' title='bbox 3093 4964 3402 5031; x_wconf 81' lang='lat' dir='ltr'><strong>poenitenti-</strong></span> 
     </span>
    </p>
   </div>
   <div class='ocr_carea' id='block_1_112' title="bbox 1824 5053 3401 5124">
    <p class='ocr_par' dir='ltr' id='par_1_112' title="bbox 1824 5053 3401 5124">
     <span class='ocr_line' id='line_1_112' title="bbox 1824 5053 3401 5124; baseline 0.003 -20"><span class='ocrx_word' id='word_1_835' title='bbox 1824 5054 1943 5117; x_wconf 88' lang='lat' dir='ltr'><strong>bus,</strong></span> <span class='ocrx_word' id='word_1_836' title='bbox 1986 5053 2077 5107; x_wconf 76' lang='lat' dir='ltr'><strong>sed</strong></span> <span class='ocrx_word' id='word_1_837' title='bbox 2127 5062 2338 5122; x_wconf 89' lang='lat' dir='ltr'><strong>tempus</strong></span> <span class='ocrx_word' id='word_1_838' title='bbox 2371 5054 2471 5107; x_wconf 89' lang='lat' dir='ltr'><strong>erit</strong></span> <span class='ocrx_word' id='word_1_839' title='bbox 2510 5063 2633 5122; x_wconf 90' lang='lat' dir='ltr'><strong>post</strong></span> <span class='ocrx_word' id='word_1_840' title='bbox 2675 5062 2899 5107; x_wconf 85' lang='lat' dir='ltr'><strong>mortem</strong></span> <span class='ocrx_word' id='word_1_841' title='bbox 2939 5053 3187 5107; x_wconf 63' lang='lat' dir='ltr'><strong>vinrlictzc</strong></span> <span class='ocrx_word' id='word_1_842' title='bbox 3230 5056 3401 5124; x_wconf 80' lang='lat' dir='ltr'><strong>negli-</strong></span> 
     </span>
    </p>
   </div>
   <div class='ocr_carea' id='block_1_113' title="bbox 1822 5147 3398 5218">
    <p class='ocr_par' dir='ltr' id='par_1_113' title="bbox 1822 5147 3398 5218">
     <span class='ocr_line' id='line_1_113' title="bbox 1822 5147 3398 5218; baseline 0.001 -18"><span class='ocrx_word' id='word_1_843' title='bbox 1822 5147 2073 5215; x_wconf 83' lang='lat' dir='ltr'><strong>gentibus</strong></span> <span class='ocrx_word' id='word_1_844' title='bbox 2109 5147 2354 5200; x_wconf 83' lang='lat' dir='ltr'><strong>confitcri</strong></span> <span class='ocrx_word' id='word_1_845' title='bbox 2407 5148 2610 5202; x_wconf 85' lang='lat' dir='ltr'><strong>scelera</strong></span> <span class='ocrx_word' id='word_1_846' title='bbox 2657 5162 2751 5201; x_wconf 91' lang='lat' dir='ltr'><strong>sua</strong></span> <span class='ocrx_word' id='word_1_847' title='bbox 2789 5165 2801 5199; x_wconf 90' lang='lat'><strong>:</strong></span> <span class='ocrx_word' id='word_1_848' title='bbox 2834 5162 3021 5200; x_wconf 91' lang='lat' dir='ltr'><strong>omnes</strong></span> <span class='ocrx_word' id='word_1_849' title='bbox 3063 5148 3204 5200; x_wconf 89' lang='lat' dir='ltr'><strong>enim</strong></span> <span class='ocrx_word' id='word_1_850' title='bbox 3250 5148 3398 5218; x_wconf 90' lang='lat' dir='ltr'><strong>impii</strong></span> 
     </span>
    </p>
   </div>
   <div class='ocr_carea' id='block_1_114' title="bbox 1821 5238 3397 5306">
    <p class='ocr_par' dir='ltr' id='par_1_114' title="bbox 1821 5238 3397 5306">
     <span class='ocr_line' id='line_1_114' title="bbox 1821 5238 3397 5306; baseline 0.002 -18"><span class='ocrx_word' id='word_1_851' title='bbox 1821 5252 2058 5289; x_wconf 89' lang='lat' dir='ltr'><strong>amaram</strong></span> <span class='ocrx_word' id='word_1_852' title='bbox 2089 5238 2139 5291; x_wconf 91' lang='lat' dir='ltr'><strong>in</strong></span> <span class='ocrx_word' id='word_1_853' title='bbox 2171 5239 2451 5293; x_wconf 77' lang='lat' dir='ltr'><strong>tormentis</strong></span> <span class='ocrx_word' id='word_1_854' title='bbox 2486 5239 2853 5306; x_wconf 71' lang='lat' dir='ltr'><strong>paenitentiam</strong></span> <span class='ocrx_word' id='word_1_855' title='bbox 2891 5238 3119 5301; x_wconf 86' lang='lat' dir='ltr'><strong>habent,</strong></span> <span class='ocrx_word' id='word_1_856' title='bbox 3170 5238 3262 5291; x_wconf 87' lang='lat' dir='ltr'><strong>sed</strong></span> <span class='ocrx_word' id='word_1_857' title='bbox 3291 5253 3397 5291; x_wconf 90' lang='lat' dir='ltr'><strong>non</strong></span> 
     </span>
    </p>
   </div>
   <div class='ocr_carea' id='block_1_115' title="bbox 1808 5328 3399 5399">
    <p class='ocr_par' dir='ltr' id='par_1_115' title="bbox 1808 5328 3399 5399">
     <span class='ocr_line' id='line_1_115' title="bbox 1808 5328 3399 5399; baseline -0.001 -18"><span class='ocrx_word' id='word_1_858' title='bbox 1808 5328 2033 5397; x_wconf 81' lang='lat' dir='ltr'><strong>proficit</strong></span> <span class='ocrx_word' id='word_1_859' title='bbox 2082 5330 2160 5385; x_wconf 85' lang='lat' dir='ltr'><strong>eis</strong></span> <span class='ocrx_word' id='word_1_860' title='bbox 2208 5331 2521 5399; x_wconf 73' lang='lat' dir='ltr'><strong>pmnitcutia</strong></span> <span class='ocrx_word' id='word_1_861' title='bbox 2564 5331 2629 5385; x_wconf 90' lang='lat' dir='ltr'><strong>ad</strong></span> <span class='ocrx_word' id='word_1_862' title='bbox 2683 5329 3095 5395; x_wconf 81' lang='lat' dir='ltr'><strong>remissionem,</strong></span> <span class='ocrx_word' id='word_1_863' title='bbox 3137 5330 3229 5383; x_wconf 90' lang='lat' dir='ltr'><strong>sed</strong></span> <span class='ocrx_word' id='word_1_864' title='bbox 3271 5344 3399 5383; x_wconf 84' lang='lat' dir='ltr'><strong>con-</strong></span> 
     </span>
    </p>
   </div>
   <div class='ocr_carea' id='block_1_116' title="bbox 1817 5418 3397 5491">
    <p class='ocr_par' dir='ltr' id='par_1_116' title="bbox 1817 5418 3397 5491">
     <span class='ocr_line' id='line_1_116' title="bbox 1817 5418 3397 5491; baseline 0 -18"><span class='ocrx_word' id='word_1_865' title='bbox 1817 5418 2044 5473; x_wconf 72' lang='lat' dir='ltr'><strong>scientia</strong></span> <span class='ocrx_word' id='word_1_866' title='bbox 2078 5430 2291 5491; x_wconf 83' lang='lat' dir='ltr'><strong>torquet</strong></span> <span class='ocrx_word' id='word_1_867' title='bbox 2331 5436 2425 5476; x_wconf 81' lang='lat' dir='ltr'><strong>cus</strong></span> <span class='ocrx_word' id='word_1_868' title='bbox 2464 5423 2528 5477; x_wconf 86' lang='lat' dir='ltr'><strong>ad</strong></span> <span class='ocrx_word' id='word_1_869' title='bbox 2569 5430 2913 5491; x_wconf 80' lang='lat' dir='ltr'><strong>augmentum</strong></span> <span class='ocrx_word' id='word_1_870' title='bbox 2955 5434 3236 5489; x_wconf 71' lang='lat' dir='ltr'><strong>poenarum</strong></span> <span class='ocrx_word' id='word_1_871' title='bbox 3276 5435 3397 5489; x_wconf 65' lang='lat' dir='ltr'><strong>qua”:</strong></span> 
     </span>
    </p>
   </div>
   <div class='ocr_carea' id='block_1_117' title="bbox 1816 5512 3395 5582">
    <p class='ocr_par' dir='ltr' id='par_1_117' title="bbox 1816 5512 3395 5582">
     <span class='ocr_line' id='line_1_117' title="bbox 1816 5512 3395 5582; baseline 0.001 -19"><span class='ocrx_word' id='word_1_872' title='bbox 1816 5513 2114 5579; x_wconf 86' lang='lat' dir='ltr'><strong>patiuntur.</strong></span> <span class='ocrx_word' id='word_1_873' title='bbox 2160 5512 2452 5567; x_wconf 88' lang='lat' dir='ltr'><strong>Potuerunt</strong></span> <span class='ocrx_word' id='word_1_874' title='bbox 2491 5514 2591 5567; x_wconf 91' lang='lat' dir='ltr'><strong>sibi</strong></span> <span class='ocrx_word' id='word_1_875' title='bbox 2630 5529 2727 5582; x_wconf 88' lang='lat' dir='ltr'><strong>per</strong></span> <span class='ocrx_word' id='word_1_876' title='bbox 2764 5512 3155 5568; x_wconf 75' lang='lat' dir='ltr'><strong>confessionem</strong></span> <span class='ocrx_word' id='word_1_877' title='bbox 3192 5528 3395 5581; x_wconf 68' lang='lat' dir='ltr'><strong>prtcca-</strong></span> 
     </span>
    </p>
   </div>
   <div class='ocr_carea' id='block_1_118' title="bbox 1819 5602 3381 5672">
    <p class='ocr_par' dir='ltr' id='par_1_118' title="bbox 1819 5602 3381 5672">
     <span class='ocr_line' id='line_1_118' title="bbox 1819 5602 3381 5672; baseline -0.002 -19"><span class='ocrx_word' id='word_1_878' title='bbox 1819 5618 1943 5657; x_wconf 85' lang='lat' dir='ltr'><strong>vere</strong></span> <span class='ocrx_word' id='word_1_879' title='bbox 1993 5612 2381 5659; x_wconf 88' lang='lat' dir='ltr'><strong>tormentorum</strong></span> <span class='ocrx_word' id='word_1_880' title='bbox 2436 5604 2847 5665; x_wconf 87' lang='lat' dir='ltr'><strong>immanitatem,</strong></span> <span class='ocrx_word' id='word_1_881' title='bbox 2890 5612 2942 5657; x_wconf 90' lang='lat' dir='ltr'><strong>et</strong></span> <span class='ocrx_word' id='word_1_882' title='bbox 2996 5602 3381 5672; x_wconf 67' lang='lat' dir='ltr'><strong>neglexerunt:</strong></span> 
     </span>
    </p>
   </div>
   <div class='ocr_carea' id='block_1_119' title="bbox 1819 5693 3392 5763">
    <p class='ocr_par' dir='ltr' id='par_1_119' title="bbox 1819 5693 3392 5763">
     <span class='ocr_line' id='line_1_119' title="bbox 1819 5693 3392 5763; baseline -0.001 -16"><span class='ocrx_word' id='word_1_883' title='bbox 1819 5696 1889 5747; x_wconf 86' lang='lat' dir='ltr'><strong>ita</strong></span> <span class='ocrx_word' id='word_1_884' title='bbox 1923 5696 2059 5748; x_wconf 89' lang='lat' dir='ltr'><strong>sicut</strong></span> <span class='ocrx_word' id='word_1_885' title='bbox 2092 5694 2233 5748; x_wconf 86' lang='lat' dir='ltr'><strong>foras</strong></span> <span class='ocrx_word' id='word_1_886' title='bbox 2262 5693 2511 5759; x_wconf 82' lang='lat' dir='ltr'><strong>ﬂammis,</strong></span> <span class='ocrx_word' id='word_1_887' title='bbox 2545 5695 2615 5747; x_wconf 91' lang='lat' dir='ltr'><strong>ita</strong></span> <span class='ocrx_word' id='word_1_888' title='bbox 2646 5694 2787 5748; x_wconf 88' lang='lat' dir='ltr'><strong>intus</strong></span> <span class='ocrx_word' id='word_1_889' title='bbox 2820 5694 3149 5748; x_wconf 85' lang='lat' dir='ltr'><strong>conscientia</strong></span> <span class='ocrx_word' id='word_1_890' title='bbox 3180 5694 3392 5763; x_wconf 75' lang='lat' dir='ltr'><strong>propria</strong></span> 
     </span>
    </p>
   </div>
  </div>
