3922 6348
464 354 568 413 105

1094 348 1157 404 Β.
1199 347 1452 404 ΒΛΒΑΝΙ
1492 348 1710 405 ΜΑΗΒΙ
1750 347 2063 403 ARCHIEP.

2166 346 2418 405 OGUNT.
2459 342 2743 404 OPERUM
2782 344 2959 399 PARS
2991 344 3053 399 Il.

3627 343 3729 401 ΚΜ

461 475 800 542 torquentur.
827 464 1110 535 Quomodo
1144 471 1322 533 putest
1353 463 1593 518 medicus
1628 460 1821 529 vulnus
1850 476 2044 516 sanare
2073 470 2120 525 Α
2150 461 2331 516 tentia:
2352 467 2505 533 patet
2541 459 2785 524 libertas,
2833 466 2953 527 post
2982 466 3207 511 mortem
3233 471 3391 524 vero,
3420 458 3565 512 nulla
3604 475 3730 515 cor-

461 561 609 631 qnod
636 566 870 642 aegrotus
896 554 1184 612 ostendere
1223 554 1528 608 erubescit?
1570 554 1711 608 Deus
1741 552 1885 605 enim
1918 567 2047 607 con-

466 649 755 705 fessionem
786 652 1028 701 nostram
1058 644 1352 706 desiderat,
1382 656 1439 695 ut
1463 643 1664 713 justam
1693 641 1889 695 habeat
1913 657 2045 696 eau-

468 755 584 795 sam
630 735 962 809 ignoscendi.
1020 734 1120 801 Qui
1160 742 1381 803 peccata
1424 748 1517 787 sua
1557 733 1794 789 occultat
1831 743 1888 787 et
1924 747 2050 787 eru-

467 827 641 884 bescit
681 825 969 881 salubriter
994 822 1263 887 conﬂteri,
1293 824 1483 885 Deum,
1517 836 1678 891 quem
1721 830 1916 878 testem
1954 823 2050 876 ha—

470 919 578 981 bet,
625 917 821 971 iterum
847 913 1066 969 habebit
1091 928 1213 967 eum
1245 912 1496 975 ultorem.
1526 911 1741 983 Optime
1763 928 1821 968 se
1843 912 2051 981 judicat

467 1012 630 1066 homo
668 1009 725 1064 in
762 1008 864 1062 hac
887 1007 1015 1068 vita,
1053 1020 1126 1059 ne
1159 1004 1432 1075 iudicetur
1468 1020 1501 1059 a
1545 1005 1656 1060 Deo
1702 1003 2051 1058 damnatione

469 1109 745 1173 perpetua.
771 1098 1048 1169 Duplieem
1074 1096 1276 1151 habere
1302 1095 1462 1150 debet
1490 1094 1671 1151 ﬂetum
1699 1096 1753 1149 in
1781 1095 2053 1165 pteniten-

470 1194 544 1247 tia
577 1192 754 1247 omnis
792 1197 1069 1261 peccator,
1115 1188 1229 1242 sive
1251 1187 1387 1257 quia,
1406 1200 1506 1258 per
1537 1186 1920 1259 negligentiam
1950 1185 2052 1240 bo-

469 1299 597 1338 num
643 1298 748 1337 non
786 1281 935 1345 fecit,
978 1294 1070 1334 seu
1100 1278 1226 1353 quia
1256 1278 1459 1333 malum
1495 1292 1592 1347 per
1619 1277 1897 1332 audaciam
1928 1291 2052 1347 pcr—

468 1377 720 1449 petravit.
758 1373 1037 1432 Confessio
1070 1371 1357 1444 iustiﬁcat,
1390 1369 1662 1427 confessio
1690 1369 1901 1423 veniam
1929 1382 2046 1437 pee-

469 1470 610 1525 catis
651 1469 834 1524 donat.
878 1464 1068 1520 Omnis
1095 1477 1219 1533 spes
1248 1462 1420 1517 veniae
1461 1460 1517 1516 in
1550 1459 1888 1516 confessione
1914 1473 2052 1513 con-

470 1562 633 1625 sistit,
667 1557 936 1616 confessio
965 1570 1102 1625 opus
1126 1565 1209 1609 est
1231 1551 1634 1615 misericordiae,
1665 1550 1811 1605 salus
1838 1548 2051 1620 aegroti.

468 1654 687 1709 unicum
719 1662 805 1707 est
828 1649 1032 1705 viribus
1064 1645 1266 1702 nostris
1297 1644 1748 1698 medicamentum
1781 1639 2050 1709 poeniten-

471 1745 602 1811 tiae;
666 1740 819 1810 cujus
873 1739 985 1808 ipse
1038 1735 1290 1791 Salvator
1337 1733 1391 1787 iu
1448 1730 1740 1803 Evangelio
1792 1730 2051 1783 virtutem

2150 552 2406 607 rectionis
2449 560 2533 607 cst
2554 550 2795 606 licentia.
2824 549 2902 603 Ac
2927 548 3068 612 ideo,
3120 546 3337 613 fratres,
3390 564 3498 604 non
3532 551 3732 620 perda-

2146 659 2267 697 mus
2306 642 2461 701 uobis
2499 650 2709 712 tempus
2752 640 3037 704 indultum,
3093 640 3211 704 scd,
3239 648 3499 710 quantum
3537 658 3739 712 possu-

2147 747 2290 798 mus,
2343 748 2441 802 per
2473 732 2567 786 Dei
2619 730 3041 785 misericordiam
3089 729 3415 795 laboremus,
3463 741 3524 787 ut
3568 733 3735 788 modo

2146 838 2244 893 per
2268 822 2422 876 ﬂetus
2442 830 2498 876 ct
2524 821 2753 892 gemitus
2796 819 2955 888 digne
2981 820 3296 888 paenitentia
3322 821 3581 890 pristinas
3609 838 3731 878 sor—

2152 913 2247 967 des
2295 914 2647 982 peccatorum
2708 908 2983 972 lavantes,
3049 908 3232 962 mundi
3288 916 3344 961 et
3397 923 3623 979 corpore
3680 918 3737 965 et

2149 999 2329 1054 anima
2362 1000 2415 1053 in
2452 1000 2537 1055 die
2565 997 2776 1053 Domini
2809 997 3036 1051 inveniri
3079 1012 3386 1052 mereamur
3412 999 3480 1053 ab
3505 1000 3620 1069 ipso
3636 1000 3734 1069 ju-

2148 1090 2272 1148 dice
2298 1090 2551 1147 vivorum
2565 1098 2619 1145 et
2642 1098 3001 1155 mortuorum,
3025 1090 3115 1158 qui
3149 1090 3280 1145 vivit
3307 1098 3363 1145 et
3391 1103 3580 1163 regnat
3608 1111 3737 1149 cum

2150 1180 2316 1238 Patre
2355 1170 2410 1235 et
2440 1179 2861 1251 Spiritu‘sancto
2885 1178 3029 1235 Deus
3068 1194 3166 1249 per
3197 1181 3375 1237 omnia
3412 1183 3605 1237 saecula
3634 1199 3740 1239 sa:-

2151 1271 2417 1327 culorum.
2446 1271 2635 1325 Amen.

2716 1356 2997 1414 HOMILIA
3028 1357 3159 1412 LVI.

2206 1466 2274 1505 DE
2312 1462 2415 1505 ποι(
2452 1464 2739 1507 TARDANDO
2776 1463 3041 1504 CONVEI‘I'I
3066 1466 3099 1504 Α
3124 1462 3375 1529 Ρεοςλτιε
3411 1467 3479 1505 ΑΙ)
3517 1467 3686 1506 πειτα.

2223 1559 2475 1631 Legimus
2513 1574 2644 1629 ergo
2688 1557 3026 1628 Apostolum,
3061 1557 3259 1613 fratres
3282 1559 3602 1623 eharissimi,
3649 1562 3738 1616 di-

2154 1660 2363 1707 centem
2392 1649 2987 1719 ικρτιωεαηφιεῖοήρῑα
3024 1658 3168 1713 sunt,
3196 1650 3266 1703 ad
3293 1660 3521 1704 nostram
3546 1652 3744 1706 doctri-

2156 1757 2276 1796 nam
2307 1741 2499 1809 scripta
2531 1749 2674 1805 sunt,
2698 1748 2754 1792 ut
2782 1755 2875 1809 per
2900 1739 3205 1808 patientiam
3240 1748 3289 1793 et
3327 1739 3742 1819 cansolationem

474 1802 708 1891 ostendit
729 1802 921 1886 dicen-8
955 1846 969 1881 ε
999 1824 1366 1881 Ρωηὶιθηείαπι
1405 1822 1569 1894 ασίιθ,
1610 1802 2051 1891 καρρτορὲηιῖιιαυὶι
2082 1802 2128 1862 Β
2159 1802 2556 1901 δεήριιινέιηιιη
2601 1802 2740 1899 spem
2767 1802 3070 1883 habeamus.
3116 1828 3253 1883 Ecce
3275 1829 3327 1882 in
3360 1824 3555 1891 litteris
3600 1808 3743 1885 drivi-

470 1926 609 1979 enim
636 1934 849 1992 regnum
874 1916 1152 1978 caelorum;
1181 1921 1237 1969 et
1258 1912 1495 1969 Joannes
1525 1911 1765 1981 Baptista
1797 1927 1811 1962 ς
1849 1906 2049 1972 Facite,

475 2018 573 2082 ait,
604 2016 803 2085 fructus
834 2011 1018 2081 dignos
1060 2000 1411 2081 paenitentiae.
1438 2004 1672 2058 Fructus
1714 2003 1906 2072 dignus
1932 2014 2050 2070 pte-

475 2106 713 2163 nitentize
746 2110 829 2158 est
858 2107 1131 2157 transacta
1164 2098 1293 2153 ﬂere
1341 2106 1557 2168 peccata
1578 2135 1593 2161 ,
1633 2105 1701 2175 et
1723 2094 1913 2149 eadem
1955 2093 2054 2147 ite-

477 2213 597 2254 rum
631 2211 737 2251 non
782 2208 963 2265 agere,
1006 2191 1147 2261 sicut
1184 2188 1464 2259 Scriptura
1506 2188 1582 2241 ait
1618 2205 1630 2240 :
1668 2186 1790 2239 Non
1828 2183 2053 2253 adjiciat

472 2296 741 2361 peccatum
791 2299 946 2352 super
986 2291 1275 2352 peccatum,
1316 2286 1365 2333 et
1409 2278 1603 2331 dicas:
1636 2274 1906 2329 Miseratio
1960 2271 2053 2327 Dei

474 2395 666 2449 magna
695 2384 790 2441 est,
821 2372 1087 2445 quomodo
1118 2367 1486 2425 misericdrdia
1518 2376 1573 2421 et
1600 2366 1682 2419 ira
1714 2365 1780 2420 ah
1814 2363 1906 2418 illo
1936 2361 2055 2451 est?

481 2470 781 2536 Lavmnint',
822 2466 1006 2522 mundi
1043 2473 1227 2530 estote,
1271 2462 1399 2517 dicit
1440 2460 1701 2517 Dominus
1727 2473 1825 2529 per
1860 2456 2053 2512 Isaiam

476 2565 817 2637 prophetam.
864 2559 1102 2614 Lavatur
1144 2556 1327 2625 itaque
1378 2561 1433 2609 et
1476 2552 1707 2607 mundus
1749 2557 1833 2605 est
1871 2548 1967 2619 qui
2003 2556 2056 2603 et

479 2654 751 2725 praeterita
776 2650 1002 2723 plangit,
1024 2654 1078 2703 et
1103 2646 1299 2701 iterum
1334 2642 1511 2697 ﬂenda
1552 2656 1659 2696 non
1686 2637 2058 2703 admittit;‘la—

481 2756 640 2799 vatur
668 2752 722 2797 et
763 2755 867 2795 non
915 2748 999 2793 est
1034 2736 1265 2791 mundus
1303 2733 1397 2803 qui
1436 2732 1639 2801 plangit
1678 2729 1829 2799 quod
1869 2727 2056 2800 gessit,

481 2831 832 2895 ncc‘descrit,
874 2836 928 2884 et
956 2834 1075 2898 post
1093 2826 1365 2896 lacrymas
1394 2823 1509 2877 haec
1552 2835 1671 2890 quae
1700 2818 1923 2873 ﬂeverat
1966 2831 2057 2875 ιθ-

485 2924 637 2994 petit.
684 2922 759 2975 De
789 2920 871 2975 his
898 2917 989 2996 qui
1016 2923 1139 2986 post
1165 2914 1432 2984 lacrymas
1461 2910 1528 2964 ad
1556 2908 1749 2964 delicta
1778 2913 2061 2963 revertun-

483 3027 572 3071 tur
595 3014 795 3083 priora,
832 3009 1022 3063 heatus
1063 3006 1253 3060 Petrus
1289 3002 1602 3058 terribiliter
1635 3000 1709 3055 ait
1738 2998 1939 3055 :Canis
1972 3013 2059 3055 re-

485 3103 711 3160 vertitur
742 3100 807 3156 ad
836 3097 1095 3157 vomitum
1120 3108 1295 3151 suum.
1330 3090 1470 3158 Fili,
1501 3090 1744 3162 peccasti,
1778 3090 1974 3145 dicitur
2003 3089 2057 3144 in

487 3196 768 3263 Scriptum
795 3198 1005 3253 sancta,
1034 3203 1094 3241 ne
1120 3183 1344 3255 adjicias
1377 3184 1600 3247 iterum;
1627 3180 1715 3236 sed
1746 3181 1809 3234 de
1827 3179 2058 3250 pristinis
2086 3151 2131 3214 (ἶ

484 3289 762 3357 deprecare
800 3291 854 3335 ut
894 3279 1229 3334 reinittantnr
1270 3274 1383 3329 tibi.
1425 3272 1751 3327 Ptenitentia
1798 3286 1922 3326 vera
1954 3286 2061 3327 non

489 3388 754 3431 annorum
785 3383 1008 3424 numero
1030 3374 1302 3432 censetur,
1340 3365 1434 3419 sed
1468 3361 1835 3419 amaritudine
1858 3360 2058 3426 animi;

488 3466 632 3520 unde
686 3458 875 3521 beatus
925 3459 1114 3515 Petrus
1154 3472 1280 3512 mox
1322 3472 1353 3510 a
1404 3446 1631 3511 Domino
1676 3452 2064 3524 indulgentiam

490 3555 735 3627 recepit,
796 3552 919 3622 quia
971 3548 1310 3603 amarissime
1354 3545 1502 3601 ﬂevit
1553 3540 1707 3600 trina:
1766 3543 2067 3615 negationis

487 3646 725 3716 culpam.
754 3641 1079 3697 Pmnitentia
1131 3653 1292 3708 quam
1318 3633 1729 3709 jussitlForte,
1780 3642 2066 3705 quantum-

494 3732 810 3805 vislexigui
843 3728 1119 3799 temporis,
1160 3726 1203 3782 si
1248 3727 1438 3780 intima
1482 3726 1661 3781 cordis
1706 3722 2068 3779 amaritudine

492 3826 691 3897 agitur,
723 3836 829 3877 non
860 3819 1153 3890 deepieitur
1194 3817 1333 3886 apud
1366 3815 1567 3884 justum
1596 3813 1831 3883 iudicem
1876 3812 2064 3877 Deum,

490 3918 587 3989 qui
611 3916 791 3972 cordis
833 3920 1040 3969 secreta
1079 3910 1402 3965 considerat.
1450 3906 1566 3978 Non
1596 3905 1738 3961 enim
1777 3904 2066 3975 longitudi-

498 4022 620 4063 nem
649 4002 908 4073 temporis
951 4009 1157 4055 tantum
1190 3998 1415 4069 requirit
1440 3998 1611 4060 Deus,
1654 4004 1922 4066 quantum
1944 3992 2070 4047 affe-

497 4107 645 4154 ctum
700 4091 1027 4152 sinceritatis
1071 4089 1387 4160 pmnitenlis
1430 4095 1639 4159 pensat.
1689 4087 1790 4152 Qui
1832 4084 1974 4140 enim
2014 4084 2068 4140 in

497 4190 773 4243 Christum
819 4192 930 4239 tota
963 4190 1142 4237 mente
1176 4178 1417 4246 conlidit,
1461 4177 1625 4234 etiam
1660 4177 1705 4231 si
1747 4174 1929 4229 multis
1958 4189 2070 4228 mo-

501 4276 674 4334 riatu‘r
708 4274 969 4345 peccatis,
1024 4272 1126 4326 title
1173 4286 1266 4324 sua
1304 4269 1433 4324 vivit
1475 4269 1863 4323 in’mternum.
1921 4263 2072 4319 Sicut

503 4373 620 4439 ipse
643 4365 900 4423 Dominus
926 4364 977 4418 in
997 4361 1285 4432 Evangelio
1302 4362 1374 4414 ait
1400 4378 1411 4411 :
1437 4378 1455 4409 ι
1488 4358 1597 4430 Ego
1613 4372 1728 4411 sum
1750 4358 2071 4411 resurrectio

503 4472 559 4513 et
583 4459 691 4512 vita
726 4457 856 4524 :qui
904 4455 1077 4509 credit
1105 4454 1159 4506 in
1199 4466 1302 4515 mc,
1358 4450 1569 4506 etiamsi
1600 4459 1843 4503 mortuus
1888 4446 2066 4511 fuerit,

504 4555 682 4617 vivet;
712 4559 768 4607 et
788 4549 963 4605 omnis
993 4547 1081 4616 qui
1117 4546 1249 4601 vivit
1282 4554 1339 4599 ct
1367 4542 1538 4600 credit
1567 4541 1621 4595 in
1650 4555 1758 4606 me,
1804 4554 1912 4594 non
1954 4552 2071 4593 mo-

513 4644 686 4696 rietur
725 4641 781 4695 in
829 4648 1089 4693 a‘ternum
1120 4654 1137 4690 :
1175 4654 1196 4689 ι
1223 4635 1291 4690 de
1317 4641 1492 4689 morte
1534 4630 1731 4685 animae
1772 4630 1925 4696 dixit,
1956 4646 2076 4699 qua:

505 4742 726 4802 propter
770 4740 1115 4799 peccatorum
1160 4724 1531 4798 aegritudinem
1574 4722 1755 4778 evenit
1790 4722 1885 4776 illi.
1936 4721 2079 4776 Deus

507 4830 702 4876 natura
738 4819 1047 4873 misericors
1075 4823 1188 4879 est,
1214 4823 1436 4884 paratus
1458 4820 1543 4869 est
1563 4812 1771 4868 salvare
1798 4826 1894 4882 per
1919 4813 2081 4867 mise-

509 4912 801 4967 ricordiam
841 4924 975 4978 quos
1019 4923 1124 4962 non
1170 4906 1350 4962 evenit
1396 4904 1603 4960 salvare
1638 4918 1737 4974 per
1767 4903 2032 4971 justitiam
2057 4898 2077 4957 ἐ

511 5005 605 5074 qui
636 5003 750 5057 vult
769 5017 956 5057 omnes
982 5000 1226 5055 homines
1254 4998 1430 5054 salvos
1471 4996 1586 5053 ﬂeri
1613 5006 1668 5052 ct
1696 4998 1963 5050 neminem
1990 5012 2085 5065 pe-

512 5095 655 5157 rire;
690 5092 780 5161 qui
805 5106 901 5161 per
928 5091 1240 5159 prophetam
1275 5091 1349 5141 ait
1378 5106 1390 5140 :
1418 5088 1473 5141 in
1501 5102 1819 5157 quacunque
1846 5087 1932 5150 die
1958 5103 2084 5142 con-

514 5201 702 5240 versus
725 5184 885 5238 fuerit
915 5191 1189 5252 peccator,
1219 5181 1329 5234 vita
1367 5180 1509 5233 vivet
1552 5188 1606 5234 et
1653 5195 1759 5233 non
1803 5180 2079 5233 morietur.

513 5274 772 5341 Quamvis
802 5273 1027 5342 quisque
1057 5272 1128 5325 sit
1161 5279 1413 5339 peccator
1447 5278 1503 5324 et
1534 5269 1748 5339 impius,
1786 5269 1831 5322 si
1871 5268 1937 5322 ad
1966 5283 2082 5336 po:—

516 5364 798 5419 nitentiam
848 5370 1215 5425 convertatur,
1265 5358 1521 5427 consequi
1556 5374 1613 5414 se
1658 5373 1817 5429 posse
1855 5374 1951 5428 per
1988 5359 2083 5412 Dei

516 5453 944 5508 misericordiam
978 5467 1083 5505 non
1118 5449 1345 5503 dubitet.
1378 5447 1433 5501 ln
1469 5450 1571 5503 hoc
1600 5449 1793 5503 saeculo
1819 5450 2085 5518 poeniten-

514 5543 644 5597 tiam
697 5542 1019 5597 facientibus
1066 5540 1311 5594 subvenit
1350 5539 1519 5603 Dens;
1573 5540 1625 5591 in
1680 5537 1857 5593 futuro
1907 5549 2082 5593 autem

515 5631 830 5701 pccnitentia
876 5647 984 5685 non
1030 5628 1263 5698 proﬁcit,
1324 5629 1415 5682 sed
1466 5627 1726 5682 rationem
1778 5638 2083 5682 nostrorum

515 5738 739 5790 operum
771 5722 1028 5778 reddituri
1070 5735 1272 5776 sumus.
1311 5717 1365 5770 In
1408 5719 1505 5772 hac
1533 5717 1635 5771 vita
1674 5727 1876 5771 tantum
1918 5719 2083 5787 pleni-

2155 1922 2303 1977 nitus
2339 1920 2618 1991 inspiratis
2645 1922 2915 1991 reperitur
2948 1921 3206 1992 scriptum
3238 1939 3251 1975 :
3287 1919 3425 1987 Fili,
3470 1939 3534 1976 ne
3562 1922 3745 1977 tarda

2151 2014 2379 2069 conuerti
2402 2015 2472 2069 ad
2497 2013 2805 2081 Dominum,
2843 2014 2968 2084 quia
2998 2015 3165 2069 nescis
3190 2015 3317 2085 quid
3348 2014 3529 2085 futura
3565 2016 3743 2081 ραύαι

2152 2103 2298 2169 dies;
2357 2118 2480 2157 nam
2539 2096 2633 2174 q'ui
2688 2105 2867 2159 tardat
2914 2105 3196 2169 converti,
3248 2104 3547 2174 periculum
3602 2104 3744 2159 facit

2154 2192 2349 2247 anima:
2369 2208 2500 2259 suae,
2522 2192 2649 2264 quia
2679 2208 2827 2249 mors
2854 2208 2957 2249 non
2982 2193 3188 2259 tardat;
3218 2209 3337 2264 quae
3363 2193 3406 2249 si
3433 2195 3745 2266 tardantem

2155 2284 2399 2339 converti
2428 2282 2689 2349 inveniat,
2721 2284 2791 2339 ad
2822 2292 3088 2340 tormenta
3123 2284 3343 2340 deducit
3374 2300 3518 2340 eum.
3550 2285 3744 2341 Disso-

2152 2371 2288 2440 luta,
2334 2370 2557 2439 fratres,
2590 2380 2645 2430 et
2671 2372 2973 2443 periculosa
3008 2373 3303 2446 paralytica
3343 2375 3596 2445 cogitatio
3632 2385 3741 2442 est,

2154 2465 2223 2520 de
2277 2464 2517 2521 crastina
2576 2465 2816 2537 cogitare
2864 2463 3282 2530 conversione,
3314 2472 3371 2521 et
3421 2466 3745 2522 hodiernam

2153 2556 2443 2628 negligere.
2474 2554 2623 2626 Quid,
2640 2566 2717 2623 tu,
2744 2564 3030 2630 peccator,
3059 2556 3298 2613 converti
3327 2557 3659 2622 dissimulas,
3692 2565 3749 2614 et

2156 2663 2263 2704 non
2314 2648 2511 2703 metuis
2541 2664 2607 2705 ne
2651 2649 2749 2704 tibi
2791 2663 2935 2705 mors
2975 2649 3257 2718 repentina
3308 2648 3570 2719 subripiat
3598 2649 3748 2704 diem

2154 2735 2564 2793 conversionis?
2598 2750 2778 2794 nonne
2820 2737 3069 2793 homines
3108 2738 3287 2793 subito
3320 2729 3675 2792 moriuntur?
3702 2738 3747 2793 si

2156 2828 2357 2883 bonum
2385 2835 2467 2882 est
2494 2834 2716 2896 peccata
2748 2827 3041 2893 dimittere,
3081 2836 3135 2882 et
3183 2829 3250 2883 ad
3281 2828 3448 2883 Deum
3477 2830 3747 2893 converti,

2160 2915 2269 2971 cito
2296 2914 2423 2969 ﬁat:
2448 2907 2592 2972 Deus
2610 2913 2709 2971 tibi
2727 2914 2997 2986 promittit
3016 2917 3385 2973 remissionem
3414 2919 3752 2974 convcrtenti

2162 3022 2191 3061 a
2219 3008 2477 3077 peccatis,
2507 3006 2856 3063 securitatem
2879 3006 2978 3063 tibi
3001 3024 3109 3064 non
3130 3011 3376 3081 promisit
3400 3011 3490 3069 diu
3508 3012 3748 3069 vivendi.

2160 3094 2284 3150 Ideo
2331 3103 2618 3151 convertat
2662 3111 2725 3151 se
2753 3097 2913 3152 citius
2955 3099 3334 3171 unusquisque
3358 3102 3424 3155 ad
3471 3102 3665 3166 Deum,
3698 3114 3755 3159 et

2161 3204 2286 3244 omn
2314 3189 2582 3244 invenerit
2625 3176 2772 3254 eum,
2804 3189 3143 3260 derelinquat
3170 3191 3364 3263 impius
3398 3193 3539 3249 viam
3570 3210 3751 3261 suam,

2161 3288 2219 3336 et
2247 3281 2329 3335 vir
2353 3280 2572 3351 iniquus
2591 3280 2948 3359 cogitationes
2977 3296 3120 3348 suas,
3159 3288 3214 3337 et
3245 3281 3585 3359 miserebitur
3608 3284 3753 3353 eius,

2163 3371 2417 3441 quoniam
2450 3369 2651 3427 multus
2674 3357 2850 3427 estad
2876 3370 3283 3443 ignoscendum.
3336 3372 3392 3427 Si
3423 3357 3554 3443 ergo
3582 3375 3754 3429 intra-

2163 3463 2303 3518 verit
2352 3458 2532 3518 subito
2566 3461 2684 3519 dies
2726 3473 3038 3528 extremus,
3082 3464 3225 3533 perit
3251 3464 3469 3531 dilatio,
3502 3474 3559 3520 et
3584 3473 3759 3521 restat

2164 3554 2478 3619 damnatio;
2529 3552 2708 3623 perire
2733 3567 2839 3608 non
2881 3554 2978 3620 vis,
3011 3554 3127 3609 redi
3169 3554 3236 3609 ad
3279 3555 3447 3610 Deum
3474 3563 3530 3610 et
3557 3556 3753 3622 vives;

2164 3644 2272 3699 noli
2302 3645 2586 3714 desperare
2609 3643 2677 3700 de
2702 3644 2855 3698 venia
2886 3656 3252 3714 peccatorum,
3287 3661 3388 3702 nec
3411 3647 3477 3701 de
3498 3648 3611 3701 vita
3631 3648 3758 3703 lon-

2166 3733 2333 3803 giore‘
2364 3733 2656 3788 conﬁdere.
2718 3731 3045 3789 Convertere
3076 3749 3230 3806 ergo
3278 3744 3333 3791 et
3378 3736 3758 3806 pcenitentiam

2167 3837 2283 3893 age.
2319 3821 2474 3887 Cras,
2516 3823 2744 3892 inquies,
2804 3832 3154 3890 convertam;
3198 3839 3365 3894 quare
3410 3841 3517 3880 non
3557 3828 3759 3883 hodie?

2167 3912 2345 3969 Dicis:
2377 3912 2515 3979 Quid
2538 3913 2769 3979 maliest
2791 3914 2837 3968 si
2862 3909 2986 3968 c‘ras
3009 3914 3224 3970 dicam?
3255 3915 3569 3985 Respondeo
3586 3934 3598 3969 :
3616 3916 3759 3984 Quid

2168 4002 2317 4067 mali,
2348 4003 2393 4057 si
2424 3999 2811 4058 hodie‘iForte
2861 4002 3034 4058 dicis:
3087 4004 3270 4075 Longa
3318 4005 3421 4059 erit
3448 4006 3556 4060 vita
3613 4023 3756 4061 mea.

2169 4095 2393 4150 Dicam:
2448 4096 2491 4149 si
2523 4095 2677 4164 longa
2712 4095 2855 4161 erit,
2903 4096 3041 4150 bona
3087 4098 3196 4162 sit;
3241 4096 3285 4151 si
3314 4098 3516 4161 brevis,
3559 4109 3614 4153 et
3641 4101 3758 4171 ipsa

2172 4190 2308 4242 bona
2338 4186 2440 4251 sit;
2479 4187 2571 4241 sed
2614 4187 2734 4256 quis
2777 4188 2912 4242 ferat
2947 4188 3145 4243 malum
3176 4188 3426 4258 longum?
3466 4190 3761 4245 Prandium

2164 4280 2386 4349 longum
2438 4293 2543 4332 non
2572 4278 2656 4333 vis
2691 4277 2891 4334 habere
2943 4280 3139 4333 malum
3167 4318 3182 4345 ,
3236 4290 3291 4334 et
3334 4281 3501 4335 vitam
3544 4264 3762 4351 longam

2171 4370 2252 4424 vis
2286 4370 2488 4424 habere
2530 4369 2765 4424 malam?
2805 4370 2995 4425 Villam
3028 4372 3179 4433 emis,
3218 4373 3761 4437 brmamdesideras;

2176 4473 2399 4513 uxorem
2445 4459 2527 4514 vis
2554 4458 2783 4524 dueere,
2825 4460 3021 4515 bonam
3047 4461 3281 4529 quaeris;
3314 4462 3449 4516 filios
3478 4464 3625 4517 nasci
3657 4465 3764 4528 vis,

2179 4551 2348 4604 bonos
2377 4558 2565 4619 optas;
2616 4557 2671 4604 et
2714 4560 2773 4604 ut
2802 4551 2913 4621 jam
2955 4550 3023 4604 de
3058 4552 3219 4605 rebus
3248 4552 3525 4609 vilissimis
3550 4553 3763 4622 loquar,

2177 4640 2377 4710 caligas
2402 4641 2537 4695 emis
2558 4679 2570 4702 ,
2606 4648 2661 4695 et
2699 4655 2805 4695 non
2832 4641 2914 4695 vis
2945 4639 3147 4703 malas,
3177 4650 3236 4695 et
3278 4640 3442 4696 vitam
3467 4656 3619 4697 amas
3640 4660 3734 4697 tua
3753 4676 3765 4684 -

2181 4731 2332 4784 lam?
2360 4729 2497 4796 Quid
2527 4738 2579 4785 te
2602 4728 2824 4785 offendit
2845 4731 2955 4807 vita
2994 4739 3107 4797 tua,
3139 4746 3298 4799 quam
3332 4731 3503 4785 solam
3538 4735 3620 4787 vis
3645 4750 3769 4787 ma-

2184 4822 2322 4885 lam,
2353 4829 2413 4874 ut
2440 4821 2583 4876 inter
2609 4820 2791 4875 omnia
2831 4820 2969 4875 bona
3009 4828 3099 4875 tua
3142 4820 3287 4876 solus
3324 4823 3400 4877 sis
3436 4821 3647 4877 malus?
3686 4825 3769 4878 Ne

2185 4913 2357 4967 .ardes
2383 4913 2607 4966 converti
2646 4911 2714 4965 ad
2750 4912 3052 4978 Dominum,
3102 4922 3150 4965 et
3180 4928 3242 4966 ne
3267 4913 3481 4982 differas
3509 4915 3572 4967 de
3601 4916 3687 4967 die
3715 4918 3769 4969 in

2185 5002 2324 5056 diem
2358 5000 2546 5075 (Eccli.
2578 5000 2652 5073 v).
2692 5002 2864 5058 Verba
2900 5002 2994 5056 Dei
3040 5010 3192 5070 sunt,
3244 5017 3349 5057 non
3389 5017 3545 5058 mea:
3600 5018 3710 5057 non
3738 5022 3768 5057 a

2187 5107 2273 5146 me
2316 5093 2430 5145 haec
2460 5091 2685 5155 audisti,
2741 5091 2835 5147 sed
2876 5106 2976 5163 ego
3023 5100 3198 5147 tecum
3245 5094 3403 5148 audio
3443 5110 3471 5147 a
3513 5092 3767 5150 Domino.

2186 5179 2346 5235 Forte
2376 5182 2699 5251 respondes:
2734 5180 2887 5246 Cras,
2914 5195 3054 5235 cras.
3093 5181 3136 5237 Ο
3166 5198 3268 5237 vox
3289 5184 3528 5238 corvina.
3557 5183 3772 5240 Corvus

2186 5286 2292 5324 non
2325 5271 2461 5324 redit
2490 5270 2557 5322 ad
2586 5284 2789 5335 arcam,
2815 5269 3059 5324 columba
3081 5271 3239 5325 redit.
3283 5270 3341 5325 Si
3371 5261 3500 5343 ergo
3526 5280 3654 5326 tune
3688 5278 3773 5328 vis

2178 5359 2555 5427 paenitentiam
2589 5373 2747 5428 agere
2787 5360 3001 5427 quando
3029 5375 3255 5429 peccare
3283 5377 3389 5415 non
3424 5372 3597 5431 potes,
3636 5378 3772 5432 pec—

2186 5456 2305 5502 cata
2340 5457 2392 5502 te
2426 5448 2764 5511 dimiserunt,
2802 5464 2906 5502 non
2938 5458 2990 5501 tu
3021 5449 3130 5502 illa.
3181 5448 3325 5505 Satis
3357 5450 3566 5505 alienus
3594 5467 3622 5504 a
3665 5452 3775 5507 title

2186 5547 2287 5601 est,
2318 5554 2406 5605 qui
2441 5537 2509 5589 ad
2533 5538 2791 5605 agendam
2822 5539 3192 5606 paenitentiam
3224 5547 3435 5608 tempus
3474 5544 3779 5597 senectutis

2186 5635 2483 5694 exspectat.
2534 5626 2876 5680 Metuendum
2926 5634 3128 5692 estne,
3179 5629 3304 5681 dum
3347 5637 3531 5697 sperat
3561 5630 3781 5686 miseri-

2188 5718 2448 5773 cordiam.
2502 5716 2705 5771 incidat
2726 5703 2797 5769 in
2827 5714 3105 5782 judicium.
3149 5716 3329 5785 Neque
3362 5719 3507 5771 enim
3534 5727 3667 5775 tunc
3691 5735 3785 5777 ve-
