3922 6378
1051 428 1357 488 ηουιιιιιιε
1394 426 1484 484 DE
1520 426 1706 482 FESTI

1810 421 2215 489 PRxEClPUlS,
2255 421 2409 478 ETC.
3262 416 3362 474 106

2333 529 2614 588 HOMlLlA
2650 529 2807 586 LVII.

1918 641 1984 680 ως
2011 638 2332 680 υοειτειειτυ
2364 639 2526 677 HUNDI
2550 637 2621 677 ΕΤ
2655 637 2719 676 οε
2742 635 2958 678 ΡΙΒΙῙΟ
2989 633 3225 678 ητυιο.

1851 715 2118 771 Admonet
2148 727 2267 776 nos,
2290 711 2630 777 eharissimi,
2662 711 2852 766 beatus
2881 701 3118 765 Joannes
3160 716 3372 778 aposto-

1785 806 1891 872 lus,
1921 812 1978 862 et
2010 803 2077 859 ad
2118 810 2490 870 contemptum
2518 801 2845 856 caduearum
2880 813 3061 854 rerum
3092 806 3373 869 provocat,

1785 899 2008 954 dicens:
2040 893 2218 950 Nolite
2256 893 2475 964 diligere
2522 892 2796 955 mundum,
2852 907 3015 962 neque
3058 907 3122 946 ea
3167 905 3285 961 qua:
3319 889 3374 944 itt

1786 985 1982 1042 mundo
2009 993 2130 1039 sunt
2154 997 2173 1036 :
2197 983 2453 1054 quoniam
2481 982 2708 1036 mundus
2736 983 2923 1040 transit
2943 991 2991 1036 et
3012 981 3375 1050 concupiscen—

1787 1076 1862 1129 tia
1884 1074 2019 1145 ejus.
2069 1072 2172 1139 Qui
2215 1082 2386 1127 atttem
2437 1072 2565 1142 facit
2593 1071 2910 1125 voluntatem
2941 1070 3035 1125 Dei
3054 1112 3068 1135 ,
3098 1080 3273 1125 manet
3318 1070 3374 1123 in

1788 1174 2042 1220 trientem
2067 1161 2118 1234 (I
2139 1161 2306 1216 Joan;
2335 1160 2418 1231 tt).
2448 1160 2711 1216 Similiter
2734 1169 2791 1216 et
2812 1159 3004 1216 beatus
3032 1160 3230 1215 Paulus
3251 1175 3378 1229 apo-

1790 1264 1982 1328 stolus,
2005 1263 2249 1318 scribens
2280 1264 2346 1316 ad
2374 1261 2737 1326 Timotheum,
2766 1276 2866 1316 nos
2889 1260 3160 1315 instruens
3187 1259 3375 1313 docet:

1793 1359 2046 1429 Pra‘ct'pe,
2102 1357 2299 1428 inquit,
2327 1347 2580 1410 divitibus
2619 1356 2805 1409 mundi
2833 1355 2992 1425 hujus
3022 1370 3128 1408 non
3164 1353 3382 1423 superbe

123 1451 374 1507 versionis
419 1451 761 1520 accepimus:
805 1459 860 1504 et
901 1459 1078 1504 tanten
1123 1449 1264 1503 mala
1301 1465 1421 1520 quae
1469 1449 1694 1504 fecimus
1791 1462 1996 1517 sapere,
2048 1461 2213 1516 neque
2241 1459 2452 1514 sperare
2499 1444 2555 1497 in
2593 1443 2790 1498 incerto
2832 1443 3163 1507 diuitiarum,
3206 1440 3296 1495 sed
3327 1443 3382 1496 in

124 1541 242 1598 flere
269 1557 598 1598 recusamus.
645 1539 761 1595 Non
793 1541 968 1596 solum
1015 1541 1305 1596 commissa
1347 1555 1452 1594 non
1485 1539 1691 1610 plangi-
1793 1538 1902 1591 Deo
1940 1537 2074 1603 vivo,
2125 1537 2216 1608 qui
2259 1543 2477 1606 prastat
2536 1534 2683 1588 nobis
2725 1534 2900 1588 omnia
2933 1533 3265 1587 abundanter
3312 1531 3382 1585 ad

124 1647 233 1685 mus
258 1670 273 1695 ,
321 1631 410 1685 sed
462 1630 626 1684 etiam
677 1644 797 1698 qtt.c
839 1629 1174 1694 debeantur,
1212 1643 1489 1700 augemus.
1541 1629 1610 1682 At
1647 1629 1693 1683 si
1794 1626 2094 1696 fruendum.
2135 1625 2239 1694 Qui
2272 1626 2468 1681 divites
2496 1635 2628 1681 sunt
2669 1625 2724 1680 in
2751 1625 3006 1696 operibus
3033 1626 3182 1689 suis,
3226 1623 3385 1680 facile

122 1719 287 1786 aliqua
313 1733 408 1772 nos
436 1719 700 1789 :egritutlo
742 1719 1040 1788 corripiat,
1083 1719 1128 1773 si
1177 1717 1330 1790 signa
1360 1717 1693 1788 :rgt-itudinis
1795 1722 2074 1785 tribuant,
2127 1720 2532 1776 communicent
2589 1735 2712 1776 cum
2762 1721 2846 1775 his
2888 1721 2980 1791 qui
3025 1736 3131 1776 non
3161 1721 3383 1784 habent,

123 1809 340 1872 vicinam
379 1818 610 1862 mortem
642 1809 984 1871 denuntient,
1027 1809 1272 1863 inducias
1307 1809 1518 1863 vivendi
1544 1824 1692 1877 qzne-
1797 1810 2168 1865 thesaurizcnt
2201 1809 2304 1866 sibi
2335 1810 2742 1865 fundamentum
2790 1809 2990 1864 bonum
3036 1809 3091 1863 in
3120 1808 3382 1872 futurum,

121 1897 280 1954 rimus
306 1908 364 1953 ut
390 1907 611 1970 peccata
644 1906 840 1953 nostra
862 1898 1194 1955 defleamus:
1229 1909 1285 1954 et
1309 1914 1403 1955 eas
1429 1915 1552 1954 cum
1583 1915 1693 1952 ma—
1725 1897 1766 1955 Β
1797 1909 1852 1953 ut
1879 1899 2268 1970 apprehenderat
2305 1915 2478 1954 veram
2510 1899 2668 1953 vitam
2699 1896 2749 1970 (ι
2784 1897 2918 1952 Tim.
2950 1897 3048 1968 vt).
3084 1897 3384 1960 Attentlite,

118 1999 218 2052 gno
242 1996 386 2046 :estu,
399 1988 654 2043 desiderii
671 1988 944 2058 petimus,
971 2002 1107 2056 quas
1134 1996 1384 2058 acceptas
1419 1988 1580 2044 modo
1601 2004 1697 2058 pro
1799 1987 2016 2052 fratres,
2050 1996 2105 2044 et
2131 1988 2365 2044 sollicite
2386 2004 2508 2058 qttze
2536 1989 2791 2043 dicuntur
2817 1997 3044 2058 pensato
3067 2004 3081 2041 :
3107 2003 3232 2041 nam
3261 2001 3389 2042 cum

117 2078 277 2133 nihilo
305 2081 584 2135 habemus.
617 2079 912 2135 Pensemus
933 2095 1098 2144 nunc,
1144 2079 1501 2143 dilectissimi,
1539 2095 1701 2150 super
1799 2080 2057 2137 divitibus
2095 2079 2411 2151 praecipitur
2439 2088 2497 2134 ut
2527 2077 2898 2134 thesaurizent
2942 2077 3046 2133 sibi
3071 2074 3390 2132 fundamen-

117 2183 212 2221 nos
231 2168 448 2224 divitias
482 2165 777 2224 conditoris
813 2168 1026 2233 nostri;
1071 2183 1296 2238 peccare
1321 2184 1419 2224 nos
1446 2169 1612 2234 vidit,
1647 2175 1701 2223 et
1800 2178 1913 2224 tum
1943 2169 2142 2225 bonum
2185 2170 2238 2224 in
2276 2157 2518 2224 futurum
2554 2177 2616 2224 ut
2651 2167 3058 2238 apprehendant
3094 2182 3277 2222 veram
3307 2167 3388 2222 vi-

135 443 224 500 105

129 558 254 611 niam
275 550 534 614 inveniet,
562 548 652 619 qui
681 545 816 602 male
843 551 1026 616 aptum
1052 542 1221 597 venim
1251 550 1462 610 tempus
1500 537 1676 610 pcrdi-
1707 547 1752 604 Α

131 647 216 702 dit.
241 643 310 700 lbi
328 641 438 710 jam
473 655 506 694 a
535 639 644 694 Deo
667 651 771 691 non
806 643 986 706 potest
1006 632 1206 688 mereri
1233 632 1377 702 quod
1405 631 1558 700 petit,
1589 628 1684 699 qui

130 737 209 792 hic
230 734 386 790 noluit
411 731 602 786 audire
629 728 767 799 quod
804 725 987 798 jussit.
1032 722 1134 791 Qui
1167 732 1378 793 tempus
1412 721 1684 791 peniten-

133 827 210 881 tia:
233 826 404 879 datum
435 819 680 892 negligit,
711 817 910 874 frustra
936 823 1059 870 ante
1083 813 1315 870 tribunal
1344 812 1543 868 Christi
1567 825 1688 882 pre-

129 931 210 970 ces
231 911 462 968 effundit.
521 909 799 965 Festinare
823 907 982 962 debet
1010 906 1378 976 unusquisque
1419 914 1686 968 nostrum,

131 1003 328 1067 fratres,
358 999 424 1055 ad
445 1002 614 1055 Deum
638 996 996 1053 comet-tendo
1025 997 1150 1051 dum
1166 1003 1372 1068 potest,
1402 1010 1469 1050 ne
1493 994 1536 1048 si
1563 996 1687 1050 dum

126 1101 288 1163 potest
325 1090 586 1156 noluerit,
639 1089 860 1143 omnino
905 1102 1029 1141 cum
1062 1086 1266 1140 intrare
1309 1085 1560 1150 voluerit,
1584 1098 1688 1139 non

127 1185 298 1256 possit.
351 1183 579 1252 Semper
620 1195 748 1248 ergo
777 1189 1076 1235 extremum
1109 1179 1250 1233 diem
1291 1178 1548 1233 debemus
1578 1192 1690 1232 mc—

127 1284 283 1338 tuere,
333 1287 494 1342 quem
530 1286 805 1340 nunquam
850 1285 1135 1340 possumus
1183 1269 1495 1338 przevi-Jcre.
1551 1269 1691 1325 Ecce

127 1380 257 1418 nunc
275 1363 446 1432 ipsum
481 1361 621 1415 diem
653 1361 704 1414 in
736 1375 842 1430 quo
868 1359 1160 1429 loquimur,
1197 1361 1263 1414 ad
1295 1360 1539 1415 inducias
1565 1373 1692 1414 con-

113 2258 366 2326 pertulit;
406 2259 501 2329 qui
549 2275 649 2313 nos
697 2265 823 2312 ante
872 2257 1088 2327 culpant
1134 2272 1361 2328 peccare
1403 2258 1696 2328 prohibuit,

114 2350 272 2403 etiam
304 2356 427 2417 post
459 2347 670 2418 culpam
715 2357 1032 2419 exspectare
1082 2349 1151 2403 ad
1188 2347 1398 2403 veniam
1428 2363 1533 2402 non
1560 2348 1701 2404 desi-

113 2442 239 2496 st'.t;
283 2453 415 2494 ecce
441 2437 556 2508 ipse
584 2453 702 2503 nos,
727 2452 886 2506 quem
913 2437 1272 2506 despeximus,
1307 2447 1492 2502 vocat;
1525 2437 1701 2490 aversi

115 2525 297 2580 abillo
344 2543 556 2593 sumus,
587 2536 644 2582 et
681 2535 856 2582 tamen
913 2543 1019 2582 non
1066 2528 1345 2582 avertitur.
1402 2527 1554 2583 Unde
1607 2542 1704 2596 per

109 2615 299 2670 Isaiam
325 2617 556 2672 dicitur:
589 2617 658 2671 Et
681 2628 831 2672 erunt
859 2618 998 2672 'ocnlt'
1027 2620 1104 2672 tui
1126 2607 1372 2689 uidentes
1411 2630 1701 2690 μηνί-θρισ-

110 2721 218 2760 rem
244 2717 420 2771 tuum,
471 2717 519 2762 et
567 2725 721 2762 aures
757 2718 861 2762 tua:
890 2709 1102 2763 audient
1134 2726 1306 2764 vocent
1353 2720 1466 2782 post
1495 2721 1700 2781 tergunt

106 2801 368 2852 monentis
395 2798 531 2871 (lsa.
562 2799 713 2870 xxx).
743 2799 906 2868 Quasi
939 2801 995 2855 in
1031 2800 1222 2856 faciem
1267 2802 1428 2866 homo
1464 2803 1704 2868 monitus

107 2897 212 2955 est,
241 2890 466 2960 quando
494 2890 561 2944 ad
583 2889 852 2958 justitiam
882 2891 1132 2947 conditus
1177 2901 1442 2962 prznccpta
1485 2892 1708 2947 rectitu-

107 2978 252 3036 dinis
275 2983 528 3052 accepit;
561 2983 656 3038 sed
679 2999 803 3038 cum
825 2983 938 3038 haec
970 2983 1157 3038 eadem
1186 2991 1454 3058 prmeepta
1477 2993 1710 3039 contem-

105 3071 234 3140 psit,
271 3073 437 3142 qttasi
468 3072 736 3128 conditori
771 3088 868 3128 suo
910 3073 1129 3127 dorsum
1167 3073 1362 3129 mentis
1412 3073 1463 3126 in
1512 3072 1707 3129 facim

105 3161 272 3218 dedit.
310 3163 426 3220 Sed
452 3179 582 3220 ecce
613 3164 789 3221 adhuc
831 3176 954 3234 post
996 3175 1206 3236 tergum
1237 3166 1483 3236 sequitur
1505 3174 1562 3222 et
1588 3182 1705 3222 mo-

1803 2269 1933 2322 tam,
1961 2261 2080 2314 sine
2110 2258 2283 2314 dubio.
2306 2259 2409 2314 ista
2444 2257 2574 2313 falsa
2627 2258 2737 2312 vita
2762 2267 2867 2314 est.
2905 2257 2992 2322 Et
3011 2257 3247 2312 maxime
3289 2257 3391 2312 hoc

1799 2352 1996 2407 divites
2023 2350 2212 2406 audire
2240 2351 2458 2415 debent,
2486 2365 2624 2420 quos
2646 2349 2865 2420 quando
2889 2363 3152 2421 pauperes
3178 2349 3394 2404 intuen-

1805 2451 1893 2496 tur
1940 2451 2306 2507 murmurant,
2346 2449 2588 2511 gemunt,
2620 2439 2858 2495 laudanti
2895 2440 3158 2504 invident,
3187 2439 3394 2509 aequari

1805 2532 1939 2588 Vrlle
1959 2539 2170 2603 optant,
2199 2531 2439 2602 impares
2461 2545 2522 2585 se
2543 2528 2746 2596 dolent,
2803 2537 2858 2583 et
2887 2527 3030 2583 inter
3048 2527 3236 2582 laudes
3259 2526 3390 2581 divi-

1805 2633 1938 2686 tum,
1968 2624 2072 2678 hoc
2101 2622 2418 2692 plerumque
2456 2621 2661 2686 dicunt,
2705 2619 2816 2691 Soli
2861 2624 2988 2674 sunt
3012 2619 3098 2675 isti
3123 2659 3140 2685 ,
3172 2619 3260 2674 isti
3287 2619 3392 2674 soli

1807 2716 2010 2769 vivunt.
2056 2712 2284 2782 Propter
2312 2696 2428 2767 [nec
2451 2726 2583 2782 ergo
2618 2711 2787 2766 verba
2811 2709 3007 2779 quibus
3034 2709 3282 2764 homines
3308 2716 3390 2765 tc-

1807 2821 1940 2861 mtes
1986 2804 2246 2859 divitibus
2296 2800 2586 2857 adulantur
2609 2836 2630 2866 ,-
2651 2801 2779 2870 quia
2811 2800 2910 2870 ipsi
2941 2799 3146 2863 vivunt,
3201 2813 3270 2853 ne
3311 2799 3398 2854 his

1808 2895 2140 2951 adulantium
2183 2892 2354 2950 inflati
2403 2892 2584 2948 verbis
2607 2903 2636 2956 ,‘
2660 2898 2852 2962 putent
2896 2904 2956 2945 se
3001 2904 3136 2945 vere
3173 2889 3393 2944 vivere:

1812 2984 2067 3056 l’ra‘cipe,
2092 2983 2287 3054 inquit,
2315 2983 2562 3037 divitibus
2604 2981 2765 3050 hujus
2801 2980 2986 3034 mundi
3030 2995 3134 3033 nos
3179 2979 3399 3050 superbe

1810 3091 2014 3147 sapere,
2049 3090 2212 3145 neque
2259 3089 2470 3144 sperare
2511 3058 2818 3129 iniecerit),
2847 3070 3177 3136 divitiarum,
3229 3070 3320 3124 sed
3345 3071 3400 3124 in

1812 3165 1922 3218 Deo
1967 3167 2098 3229 vivo,
2143 3166 2260 3232 qui,
2283 3171 2499 3234 pra'stat
2551 3161 2697 3228 nobis
2747 3177 2926 3216 omitte
2971 3162 3312 3216 abundanter
3327 3163 3398 3215 ad

105 3259 196 3305 net
223 3269 239 3318 ;
276 3253 415 3322 quia
435 3252 550 3322 jam
587 3262 644 3308 et
691 3269 724 3308 a
756 3255 912 3310 nobis
945 3264 1287 3326 contemptus
1307 3265 1410 3322 est,
1443 3266 1499 3314 et
1527 3267 1706 3312 tamen
1735 3257 1780 3320 C
1814 3258 2117 3329 fruendum.
2159 3257 2366 3312 Divites
2386 3256 2512 3335 sint,
2541 3255 2784 3315 sedvulti?
2814 3255 2874 3310 In
2894 3256 3170 3324 operibus,
3201 3257 3398 3326 inquit,

104 3357 206 3398 nos
230 3344 420 3400 adhuc
449 3359 644 3400 vocare
675 3360 781 3401 non
805 3355 1001 3401 cessat.
1039 3346 1203 3414 Quasi
1234 3348 1454 3404 dorsum
1477 3349 1526 3405 ei
1553 3349 1608 3404 in
1635 3349 1711 3405 fa-

104 3434 245 3488 ciem
268 3433 550 3500 dedimus,
582 3435 734 3506 cujus
761 3435 926 3491 verba
954 3434 1302 3507 despicimus,
1330 3438 1484 3507 cuius
1508 3455 1712 3511 praece-

103 3531 197 3593 pta
233 3523 560 3581 calcamus:
605 3525 700 3580 sed
749 3533 900 3580 stans
945 3534 1070 3596 post
1115 3535 1322 3598 tergum
1351 3544 1450 3584 nos
1491 3544 1710 3587 aversos

103 3623 370 3681 revocat;
423 3615 597 3686 quiet
638 3615 783 3671 videt
807 3614 950 3685 quod
977 3616 1290 3687 despicitur,
1324 3629 1381 3673 et
1405 3628 1583 3676 tamen
1613 3634 1711 3690 per

103 3716 383 3777 prteeepta
415 3707 634 3774 clamat,
680 3723 776 3778 per
794 3708 1108 3779 patientiam
1139 3719 1434 3780 exspectat.
1481 3709 1711 3776 Pensate

100 3815 260 3871 ergo,
290 3799 502 3868 fratres
526 3800 856 3866 charissimi,
890 3800 933 3856 si
959 3800 1181 3857 cuilibet
1201 3810 1439 3858 vestrum
1468 3802 1706 3872 loquenti

105 3888 353 3946 famulus
393 3905 528 3945 suus
557 3890 737 3945 subito
763 3891 1086 3961 superbiret,
1121 3899 1268 3964 terga
1294 3893 1349 3946 in
1375 3891 1566 3948 faciem
1594 3893 1714 3948 mit-

103 3989 270 4048 teret,
285 3980 541 4051 nunquid
570 3996 679 4036 non
707 3989 1050 4052 contemptus
1072 3982 1322 4037 dominus
1339 4023 1354 4047 ,
1381 3980 1498 4050 eius
1525 3997 1714 4052 super-

100 4071 251 4127 biam
287 4071 536 4130 feriret?
580 4071 798 4127 vulnera
829 4072 1089 4129 districta:
1115 4073 1598 4129 animadversionis
1632 4073 1715 4128 in-

97 4159 361 4235 digeret?
394 4163 537 4220 Ecce
563 4178 661 4219 nos
685 4162 962 4235 peccando
988 4164 1192 4220 auctori
1220 4173 1422 4229 nostro,
1479 4173 1629 4236 terga
1658 4165 1713 4220 in

101 4252 306 4309 faciem
339 4252 617 4319 dedimus,
640 4262 696 4309 et
719 4262 896 4308 tamen
924 4254 1277 4309 sustinemur.
1301 4253 1545 4325 Superbe
1565 4269 1717 4310 aver-

97 4360 192 4402 sos
232 4345 484 4417 benigne
519 4353 737 4400 revocat
771 4363 785 4398 :
839 4353 896 4400 et
930 4345 1024 4415 qui
1073 4343 1235 4400 ferire
1278 4361 1378 4402 nos
1402 4355 1718 4402 aversantes

97 4437 309 4506 potuit,
343 4445 410 4491 ut
435 4443 774 4491 revertamur
809 4449 1034 4490 munera
1057 4435 1342 4504 promittit.
1375 4434 1571 4500 Tanta,
1613 4436 1714 4491 ob-

1812 3341 2008 3404 bonis:
2047 3347 2202 3403 facile
2245 3346 2678 3416 tribuant,,qttia
2723 3361 2830 3401 non
2865 3347 3096 3416 perdunt
3131 3348 3274 3417 quod
3302 3349 3400 3402 tri—

1811 3440 2024 3505 buunt;
2068 3439 2476 3498 communicent
2529 3452 2652 3492 cum
2681 3437 2766 3492 his
2803 3437 2895 3506 qui
2939 3437 3310 3501 noulhabent,
3347 3447 3405 3493 et

1810 3546 1886 3586 ex.
1901 3531 2004 3586 hoc
2031 3530 2398 3586 thesaurizcnt
2425 3529 2530 3584 sibi
2570 3528 2982 3582 fundamentum
3014 3529 3211 3582 bonum
3243 3529 3295 3584 in
3320 3527 3405 3582 fu-

1811 3635 1993 3680 turum
2021 3633 2082 3677 ut
2117 3621 2526 3694 apprehendaot
2551 3633 2739 3675 veram
2760 3619 2948 3685 vitam,
2979 3635 3088 3674 non
3109 3621 3407 3675 assentien-

1810 3727 1893 3773 tcs
1921 3717 2296 3780 adulantibus,
2332 3715 2427 3786 qui
2463 3714 2654 3770 dicunt
2679 3714 2896 3784 vivere;
2940 3722 2995 3770 et
3025 3714 3171 3771 solos
3195 3714 3400 3770 vivere.

1813 3805 1935 3862 Vita
1969 3807 2069 3863 ista
2110 3821 2336 3863 somnus
2374 3814 2480 3870 est,
2520 3805 2722 3862 divitia:
2749 3805 2873 3861 istae
2909 3805 3058 3864 velut
3085 3807 3140 3861 in
3177 3807 3406 3863 somniis

1811 3898 2003 3954 fluunt.
2055 3897 2198 3953 Audi
2223 3895 2524 3967 psalmum,
2584 3911 2619 3952 ο
2662 3897 2811 3952 dives
2837 3896 3221 3968 pauperritne:
3257 3895 3400 3951 Dor-

1809 3990 2034 4043 tuierttnt
2078 4003 2322 4042 somnum
2367 4002 2523 4042 sum
2547 4027 2564 4052 ,
2605 3994 2656 4041 at
2708 3984 2840 4041 nihil
2877 3987 3185 4042 invenerunt
3224 4002 3404 4042 omnes

1812 4077 1912 4131 viri
1952 4077 2260 4132 diuitiarum
2304 4075 2366 4130 itt‘
2411 4075 2655 4130 mnibus
2702 4075 2823 4130 suis.
2853 4073 3028 4146 (Paci.
3067 4075 3252 4148 ex“).
3290 4076 3407 4131 Ali-

1814 4165 2029 4235 quando
2061 4171 2118 4220 et
2151 4163 2435 4226 mendicus
2469 4163 2526 4220 ia
2593 4170 2740 4218 terra
2784 4161 2997 4234 iacens,
3046 4162 3248 4234 frigore
3297 4173 3407 4220 tre-

1815 4270 1992 4322 mens,
2028 4261 2325 4324 occupatus
2373 4261 2553 4308 tamen
2582 4266 2797 4319 somno,
2831 4252 3116 4308 thesauros
3145 4253 3402 4320 somniat,

1814 4347 2107 4420 etgaudet,
2133 4355 2192 4402 et
2227 4346 2472 4418 superbit
2513 4346 2574 4405 in
2616 4345 2960 4411 somniis,et
3012 4360 3200 4417 parem
3243 4362 3402 4403 suum

1816 4453 2114 4510 pannosum
2150 4453 2258 4492 non
2299 4437 2556 4508 dignatur
2591 4451 2932 4508 agnoscere:
2971 4447 3028 4493 et
3067 4437 3239 4494 donec
3281 4439 3407 4494 dor-

94 4546 283 4597 secro,
327 4529 636 4585 conditoris
657 4527 827 4583 nostri
858 4527 1227 4582 misericordia
1256 4527 1510 4582 duritiam
1533 4537 1716 4583 reatus
1819 4530 1935 4593 mit,
1971 4527 2124 4583 dives
2157 4535 2259 4584 est.
2292 4525 2427 4582 Cum
2465 4539 2598 4597 ergo
2627 4526 2934 4596 vigilaverit
2955 4568 2970 4593 ,
3026 4528 3236 4584 invenit
3261 4530 3406 4599 quod

96 4622 281 4677 nostri
307 4620 579 4684 emolliat,
601 4627 655 4673 et
683 4618 845 4673 homo
865 4617 957 4687 qui
981 4617 1180 4672 malum
1221 4619 1362 4688 quod
1393 4617 1522 4674 fecit
1553 4635 1714 4688 espc-
1743 4602 1792 4661 Ῑ)
1820 4619 2012 4674 falsum
2031 4617 2336 4689 gaudebat;
2377 4631 2502 4672 cum
2537 4615 2896 4687 evigilaverit.
2921 4617 3126 4672 invenit
3145 4617 3289 4688 quod
3318 4633 3408 4674 vc-

95 4711 196 4767 rirt'
227 4724 545 4783 percussus
573 4718 805 4778 poterat,
835 4709 1380 4779 saltemexspectatus
1407 4711 1710 4766 erubescat.

94 4801 331 4856 llabete
364 4814 514 4870 ergo,
545 4797 745 4854 fratres
785 4799 914 4863 mei,
954 4800 1201 4855 fiduciam
1239 4800 1306 4854 de
1340 4800 1714 4856 misericordia

93 4891 427 4946 conditoris
477 4889 669 4951 nostri,
714 4889 949 4959 cogitate
1001 4905 1120 4959 qua:
1170 4889 1378 4956 facitis,
1424 4890 1718 4961 recogitate

90 4997 226 5050 qum
249 4979 498 5044 fecistis,
531 4973 833 5048 largitatem
857 4993 1103 5047 superna:
1128 4979 1346 5049 pietatis
1374 4980 1617 5050 aspicite,
1663 4990 1720 5035 et

91 5073 167 5127 ad
198 5069 632 5126 misericordem
652 5068 912 5138 iudicem,
934 5067 1060 5123 dum
1075 5071 1250 5125 adhuc
1269 5079 1563 5139 exspectat,
1595 5085 1716 5124 cum

93 5163 388 5235 laet-ymis
421 5163 641 5216 venite:
673 5159 1076 5216 considerantes
1111 5174 1343 5228 namque
1378 5159 1516 5228 quod
1539 5159 1718 5229 justus

94 5256 196 5318 sit,
257 5261 501 5323 peccata
529 5259 713 5306 vestra
744 5249 908 5306 nolite
949 5250 1257 5320 negligere;
1308 5251 1718 5306 considerantes

89 5358 239 5397 vero
269 5341 429 5411 quod
452 5340 574 5408 pius
609 5339 720 5403 sit,
770 5338 936 5393 nolite
979 5339 1288 5410 desperare.
1329 5339 1541 5394 Ptuzhet
1574 5342 1715 5409 apud

86 5430 292 5485 Deum
349 5428 558 5484 homini
591 5428 843 5482 fiduciam
893 5429 1034 5483 Deus
1063 5431 1246 5492 homo,
1278 5437 1360 5483 est
1397 5431 1562 5499 nobis
1595 5445 1718 5499 spes

89 5535 322 5592 magna
370 5517 788 5587 pmnitcutibus,
847 5519 973 5593 quia
1013 5517 1304 5572 advocatus
1331 5528 1516 5575 noster
1543 5519 1717 5574 factus

96 5618 189 5666 est
209 5608 408 5678 inde:
437 5615 647 5673 noster,
695 5609 788 5677 qui
815 5609 949 5663 vivit
998 5619 1053 5664 et
1088 5616 1276 5679 regnat
1308 5612 1429 5663 eum
1476 5610 1636 5664 Patre
1665 5611 1715 5664 in

93 5702 337 5756 unitate
377 5696 611 5769 Spiritus
649 5699 822 5755 sancti
847 5699 1013 5767 Deus,
1059 5715 1158 5771 per
1181 5700 1360 5769 omnia
1401 5701 1594 5757 sa‘cula

90 5796 400 5849 mulorum.
435 5793 630 5845 Amen.

459 5884 734 5944 Parnm.
781 5885 903 5951 CX.

1824 4729 1942 4765 rum
1973 4711 2170 4766 doleat.
2215 4709 2378 4764 Dives
2410 4723 2544 4778 ergo
2581 4708 2822 4763 moriens
2850 4708 3042 4763 similis
3068 4718 3152 4765 est
3183 4710 3408 4780 pauperi

1823 4802 2083 4873 \igiltlﬂll,
2123 4800 2215 4870 qui
2243 4799 2530 4855 thesauros
2564 4798 2785 4853 videbat
2814 4800 2869 4853 in
2927 4801 3151 4856 somnis.
3196 4799 3334 4854 Nam
3352 4809 3410 4855 ct

1824 4895 2145 4948 induebatur
2170 4906 2412 4962 purpura
2437 4899 2495 4946 ct
2514 4891 2678 4961 bysso
2700 4891 2919 4960 quidam
2951 4891 3135 4958 dives,
3172 4908 3274 4948 nec
3311 4908 3410 4949 no-

1827 4984 2100 5046 minatus,
2128 4997 2228 5036 nec
2251 4981 2632 5046 nominandus,
2673 4990 3017 5051 contemptor
3052 4985 3304 5054 pauperis
3325 4983 3411 5053 ja-

1821 5078 1995 5133 centis
2041 5083 2169 5131 ante
2209 5075 2431 5146 januam
2469 5090 2644 5130 suam.
2701 5074 3029 5131 lnduebatur
3075 5091 3310 5147 purpura
3353 5086 3412 5133 et

1818 5167 1999 5238 bysso,
2029 5167 2170 5221 sicut
2203 5165 2573 5236 evangelicum
2593 5166 2969 5233 testimonium
2989 5176 3106 5233 est;
3144 5177 3202 5224 et
3220 5169 3409 5239 epula-

1819 5257 1979 5310 batur
2012 5256 2254 5325 quotidic
2293 5255 2595 5325 splendide.
2642 5256 2885 5312 Mortuus
2905 5267 3018 5323 est,
3039 5257 3282 5328 sepultus
3300 5270 3406 5326 est,

1821 5346 2128 5417 evigilavit,
2166 5354 2222 5400 ct
2269 5360 2327 5401 se
2354 5347 2409 5402 in
2435 5344 2671 5400 flammis
2709 5345 2936 5402 invenii.
2985 5347 3253 5404 Dortnivit
3278 5365 3410 5420 ergo

1823 5450 2071 5490 somnum
2097 5451 2277 5498 suum,
2303 5443 2360 5491 ct
2379 5435 2513 5489 nihil
2545 5436 2749 5491 invenit
2774 5435 2861 5490 ille
2874 5435 3192 5491 divitiarum
3223 5438 3274 5493 in
3301 5453 3404 5492 ma-

1824 5527 1982 5579 nibus
2003 5525 2136 5589 suis,
2167 5527 2294 5594 quia
2327 5526 2462 5580 nihil
2499 5525 2627 5580 boni
2653 5526 2765 5596 egit
2793 5526 3043 5581 manibus
3090 5528 3224 5582 suis.
3276 5526 3381 5582 Pro

1823 5627 1946 5687 pter
1975 5617 2141 5672 vitam
2162 5631 2292 5687 ergo
2312 5625 2628 5685 quzeruntur
2654 5616 2879 5681 divitiae,
2919 5633 3026 5672 non
3049 5617 3160 5671 vita
3190 5629 3412 5688 propter

1823 5706 2060 5760 divitias.
2107 5707 2281 5773 Quam
2321 5707 2474 5762 utulti
2514 5722 2638 5762 cum
2682 5708 2796 5762 suis
2832 5708 3073 5763 hostibus
3093 5710 3232 5778 parti
3261 5719 3410 5776 sunt,

1828 5806 1885 5850 ut
1922 5806 2091 5852 totum
2119 5797 2389 5865 tollerent,
2420 5807 2476 5854 et
2496 5798 2660 5853 vitam
2683 5798 3082 5867 relinquerent!
3118 5810 3408 5869 quantuma

2935 5889 2968 5946 lt
