3922 6336
532 386 632 439 ἔ(ἓῖ

1173 385 1232 440 Β.
1275 387 1529 443 IIABANI
1567 388 1787 445 MAURI
1828 387 2152 445 ARCIIIEP.
2197 388 2510 447 MOGUNT.
2548 391 2835 449 OPEIIUM
2875 391 3054 448 PARS
3090 390 3151 446 Il.

3724 384 3818 448 I03

528 516 739 569 cunque
789 498 1090 553 habuerunt
1118 539 1134 561 ,
1188 500 1323 553 tanti
1377 500 1544 553 vitam
1595 508 1883 555 emerunt:
1934 501 2121 570 quanti
2152 504 2198 564 Λ
2228 515 2379 573 ergo,
2413 503 2609 560 fratres
2634 506 2963 571 charissimi,
3012 519 3135 559 esse
3164 504 3360 560 divites
3384 505 3584 575 cupitis
3608 544 3627 562 .
3667 520 3817 563 veras

526 591 887 663 comparanda
914 600 995 644 est
1018 591 1127 645 vita
1166 598 1389 653 :eterna,
1418 591 1463 645 si
1496 600 1608 645 tam
1641 593 1877 662 pretiosa
1907 593 2118 647 estvita

527 688 770 756 peritura
800 684 812 736 !
867 682 942 736 Da
970 682 1191 737 Gltristo
1216 682 1419 752 aliquid
1451 692 1507 737 ut
1539 684 1687 738 vivas
1714 684 1928 747 beatus,
1970 683 2016 737 si
2044 691 2125 737 to—

529 786 639 831 tum
669 776 764 830 das
803 775 944 830 hosti
989 775 1213 829 utvivas
1254 775 1553 829 mendicus.
1604 776 1681 829 Ex
1712 776 1819 829 vita
1861 784 1950 829 tua
1992 787 2126 830 tem-

526 866 697 936 porali
723 907 739 931 ,
779 882 940 936 quam
990 873 1102 920 toto
1138 866 1314 936 pretio
1355 866 1598 932 redimis,
1650 866 1893 936 appende
1938 866 2124 936 quanti

526 959 704 1013 valeat
726 968 951 1020 interna,
984 973 1147 1026 quam
1182 957 1445 1028 ncgligis:
1489 966 1547 1011 ιιι
1572 958 1722 1013 vivas
1760 958 1950 1013 diebus
1993 972 2128 1028 pau-

526 1050 624 1114 eis,
648 1050 748 1103 etsi
790 1049 855 1102 ad
882 1057 1222 1103 senectutem
1246 1058 1605 1118 perventurus
1625 1050 1700 1103 sis
1723 1066 1737 1113 ;
1762 1064 1955 1103 omnes
1979 1049 2125 1102 enim

526 1141 642 1193 dies
682 1140 913 1194 hominis
948 1140 1016 1194 ab
1046 1138 1273 1193 infantia
1317 1154 1489 1209 usque
1536 1140 1603 1192 ad
1631 1148 1938 1205 senectam,
1969 1139 2128 1209 pauci

524 1231 642 1285 dies
666 1240 813 1293 sunt,
843 1240 897 1285 et
931 1230 976 1285 si
1012 1231 1125 1300 ipse
1151 1230 1322 1284 Adam
1364 1230 1525 1283 hodie
1562 1241 1898 1293 moreretur,
1928 1245 2130 1299 paucos

528 1324 643 1377 dies
666 1322 896 1386 vixerat,
921 1322 1045 1390 quia
1072 1335 1263 1375 omnes
1302 1319 1516 1374 ﬁnierat
1541 1338 1553 1373 :
1588 1334 1792 1389 paucos
1822 1336 1951 1390 ergo
1990 1320 2128 1386 dies,

531 1426 584 1467 et
615 1415 712 1467 hos
751 1412 1071 1477 laboriosos,
1126 1412 1179 1465 in
1208 1420 1359 1466 tanta
1394 1412 1599 1481 inopia,
1633 1413 1778 1466 inter
1803 1420 1981 1466 tantas
2009 1421 2128 1466 ten-

529 1506 783 1571 tationes,
827 1505 1069 1569 redimis,
1101 1504 1290 1574 quanti
1332 1504 1465 1557 nihil
1501 1505 1701 1559 habere
1724 1506 1806 1560 vis
1839 1514 1897 1572 ut
1929 1506 2131 1561 habeas

530 1606 614 1659 te;
650 1597 811 1651 hodie
839 1596 1171 1665 redemptus,
1220 1610 1345 1650 cras
1369 1593 1509 1651 forte
1539 1597 1875 1663 moriturus;
1912 1597 1981 1651 ab
2026 1598 2131 1653 isto

529 1688 808 1751 dimissus,
860 1685 1001 1741 forte
1051 1688 1119 1741 ab
1152 1685 1259 1742 alio
1305 1685 1678 1742 trucidandus.
1720 1685 1765 1743 Ο
1815 1688 1978 1742 homo
2007 1704 2131 1743 cor-

527 1795 658 1847 pore
702 1777 950 1849 fragilis,
1006 1785 1251 1846 tempore
1300 1777 1595 1842 mutabilis,
1646 1785 1821 1832 morte
1855 1777 2125 1843 solubilis,

530 1884 754 1938 pressus
800 1867 1059 1923 oneribus
1086 1907 1102 1933 ,
1156 1866 1415 1937 fatigatus
1459 1866 1913 1923 sollicitudinibus
1939 1910 1954 1935 ,
2006 1870 2132 1925 audi
2163 1857 2209 1916 Β

532 1959 817 2014 consilium
851 1973 1032 2013 meum
1060 1974 1072 2011 :
1129 1957 1330 2013 Releva
1359 1966 1413 2011 te
1436 1957 1615 2013 dando
1639 1960 1968 2029 pauperibus
1993 1960 2137 2030 quod

529 2047 811 2118 acquisisti
840 2047 1120 2103 laboribus
1150 2063 1165 2109 ;
1214 2047 1282 2101 da
1318 2063 1425 2100 non
1460 2047 1683 2102 babenti
1725 2048 1961 2117 aliquid,
2008 2051 2135 2119 quia

529 2150 581 2194 et
611 2149 666 2194 tu
702 2154 809 2193 non
834 2139 1004 2194 habes
1034 2138 1239 2209 aliquid
1265 2154 1279 2191 :
1330 2154 1606 2208 nunquam
1628 2142 1776 2195 enim
1798 2142 1967 2196 vitam
1983 2151 2137 2197 aeter-

532 2246 655 2285 nam
694 2230 898 2295 habes;
937 2230 1005 2284 da
1034 2244 1164 2300 ergo
1200 2243 1264 2283 ex
1294 2243 1362 2284 eo
1397 2230 1543 2299 quod
1587 2231 1775 2296 habes,
1803 2240 1865 2285 ut
1894 2233 2135 2303 accipias

530 2323 674 2390 quod
708 2338 815 2377 non
868 2322 1057 2377 habes.
1100 2320 1287 2376 Pulsat
1349 2321 1633 2377 mendicus
1672 2321 1909 2391 januam‘
1939 2332 2129 2390 tuam;

530 2415 713 2483 pulsas
750 2423 805 2469 tu
827 2413 1055 2483 januam
1105 2413 1319 2468 Domini
1349 2414 1450 2468 tui.
1495 2413 1611 2469 IIoc
1656 2414 1787 2470 facit
1831 2417 1972 2471 Deus
2007 2431 2129 2470 cum

534 2506 783 2560 mendico
811 2519 910 2559 suo
935 2504 1081 2575 quod
1108 2504 1244 2559 facis
1271 2512 1326 2558 tu
1357 2518 1481 2559 eum
1523 2513 1615 2561 tuo
1642 2523 1655 2558 :
1686 2506 1752 2560 da
1782 2520 1931 2578 ergo,
1963 2514 2017 2561 et
2047 2507 2133 2561 da-

533 2600 678 2653 bitur
727 2597 843 2652 tibi.
903 2595 961 2651 Si
1014 2597 1292 2661 nolueris,
1340 2604 1397 2651 tu
1438 2598 1689 2652 videris:
1736 2598 1938 2653 clamat
1984 2599 2132 2653 enim

532 2704 756 2758 pauper,
786 2695 840 2742 et
880 2686 1013 2743 dicit
1042 2686 1161 2752 tibi,
1194 2686 1327 2742 Peto
1354 2701 1574 2757 panem,
1602 2696 1658 2743 et
1687 2704 1795 2742 non
1827 2689 1961 2745 das:
1992 2689 2133 2759 petis

533 2783 722 2846 vitam,
761 2789 817 2836 et
846 2795 956 2835 non
986 2778 1231 2849 accipis;
1273 2778 1555 2833 videamus
1586 2779 1708 2848 quis
1739 2789 1982 2833 nostrum
2014 2795 2131 2833 ma-

529 2878 647 2941 jore
669 2873 866 2927 damno
892 2869 1124 2936 laboret,
1168 2885 1270 2941 ego
1300 2869 1393 2940 qui
1427 2868 1652 2925 fraudor
1680 2868 1941 2934 buccella,
1976 2886 2044 2925 an
2076 2880 2133 2924 tu

533 2964 623 3032 qui
644 2960 880 3033 privaris
904 2959 1016 3015 vita
1038 2968 1242 3015 :etcrna
1267 2974 1285 3014 :
1328 2975 1431 3030 ego
1457 2962 1548 3030 qui
1580 2962 1817 3031 castigor
1847 2962 1900 3015 in
1924 2972 2130 3025 ventre,

532 3071 601 3110 an
631 3064 686 3111 tu
704 3054 796 3125 qui
826 3061 1006 3108 mente
1032 3069 1047 3118 ;
1081 3053 1147 3106 ad
1172 3061 1508 3122 postremum
1537 3067 1636 3122 ego
1651 3054 1744 3122 qui
1773 3056 1939 3107 ardeo
1970 3052 2131 3120 fame,

531 3163 599 3201 an
632 3154 686 3200 tu
717 3145 812 3215 qui
841 3144 1151 3201 exurendus
1193 3157 1254 3197 es
1282 3143 1437 3213 igne,
1486 3151 1542 3197 et
1582 3141 1815 3198 ﬂammis
1852 3143 2131 3198 vivacibus

2228 592 2443 648 divitias
2471 603 2671 650 amate.
2724 595 2780 650 Si
2810 595 3021 650 culmen
3049 596 3163 651 veri
3196 596 3417 651 honoris
3444 596 3711 667 quteritis,
3755 601 3814 652 a-l

2225 697 2447 752 regnum
2493 684 2710 740 caeleste
2744 687 2967 741 tendite.
2997 686 3052 741 Si
3085 687 3310 758 gloriam
3338 689 3660 759 dignitatum
3706 690 3819 744 dili-

2225 774 2369 842 gitis,
2400 777 2450 829 in
2484 775 2575 829 illa
2616 791 2850 845 superna
2881 777 3199 845 angelorum
3244 779 3395 833 curia
3430 780 3631 835 ascribi
3676 778 3813 833 festi.

2226 874 2370 918 nate.
2406 864 2578 921 Verba
2601 867 2693 921 Dei
2716 882 2835 937 quae
2865 883 2997 923 aure
3018 869 3315 939 percipitis,
3346 879 3527 924 mente
3571 869 3811 929 retinete,

2226 963 2281 1008 et
2309 957 2561 1024 operibus
2593 957 2680 1011 illa
2713 958 2938 1028 implere
2966 961 3216 1030 satagite.
3267 960 3405 1014 Ecce
3433 962 3629 1015 transit
3665 976 3811 1015 omne

2229 1047 2368 1115 quod
2399 1047 2453 1102 itt
2480 1050 2680 1104 mundo
2699 1049 2880 1118 agitis,
2910 1057 2965 1103 et
2992 1049 3058 1104 ad
3086 1049 3671 1118 cxtremumjndiciutn
3707 1052 3817 1106 sino

2229 1137 2339 1191 ulla
2370 1139 2643 1208 manentis
2693 1138 3106 1210 interpositione
3151 1141 3395 1210 quotidie
3441 1142 3688 1197 volentes
3729 1156 3819 1196 no-

2230 1228 2508 1300 lentesque
2555 1231 2881 1301 properatis.
2931 1232 3041 1287 Cur
3077 1248 3208 1303 ergo
3237 1241 3452 1287 amatur
3491 1234 3635 1302 quod
3667 1233 3821 1289 relin-

2238 1319 2466 1389 quitur?
2496 1318 2604 1375 Cur
2633 1320 2762 1375 illud
2791 1320 3079 1392 negligitur
3108 1338 3215 1393 quo
3255 1324 3607 1393 pervenitur?
3636 1325 3821 1382 Amata

2231 1413 2500 1480 cmlestia,
2532 1412 2767 1485 respuite
2798 1420 3042 1480 terrena,
3072 1417 3298 1485 quaerite
3321 1426 3544 1481 aeterna,
3578 1416 3821 1489 negligite

2232 1503 2569 1576 temporalia,
2622 1511 2681 1558 ut
2707 1519 2828 1559 cum
2875 1504 2967 1560 illo
2996 1506 3216 1575 possitis
3256 1515 3575 1576 perpetuum
3604 1523 3820 1579 regnum

2233 1601 2441 1658 tenere,
2474 1595 2564 1664 qui
2594 1595 2730 1651 vivit
2778 1602 2835 1650 et
2871 1601 3061 1666 regnat
3105 1610 3229 1649 cum
3260 1596 3369 1650 Deo
3402 1594 3564 1649 Patre
3614 1595 3670 1649 iu
3714 1595 3823 1650 uni-

2233 1693 2345 1739 tate
2384 1684 2618 1754 Spiritus
2645 1686 2822 1741 sancti
2856 1685 3017 1752 Deus,
3040 1700 3139 1755 per
3164 1685 3347 1740 omnia
3372 1684 3570 1741 smcula
3600 1686 3820 1741 saeculo-

2233 1792 2377 1832 rum.
2408 1776 2608 1833 Amen.

2779 1867 3055 1924 HOMILIA
3092 1866 3272 1923 LVIII.

2236 1972 2302 2012 DE
2341 1972 2503 2013 ιιιεπ
2535 1972 2828 2015 «ιυιιιωιωο
2874 1974 2945 2013 ET
2995 1973 3176 2014 FALSIS
3222 1973 3477 2013 TESTIBUS
3527 1973 3633 2015 NON
3682 1975 3821 2016 ηει-

2913 2044 3139 2084 PIENDIS.

2305 2142 2625 2197 Audivimus
2652 2142 2938 2197 Dominum
2972 2143 3025 2197 in
3052 2144 3362 2213 Evangelio,
3394 2142 3592 2198 fratres
3625 2144 3826 2199 charis—

2234 2233 2375 2298 simi,
2408 2233 2809 2303 praecipientem
2833 2242 2994 2302 atque
3024 2235 3292 2289 dicentem
3322 2253 3336 2288 :
3369 2233 3545 2290 Nolite
3562 2235 3823 2306 judicare.

2233 2332 2288 2377 et
2327 2337 2432 2377 non
2472 2322 2888 2391 judicabimini;
2943 2323 3108 2379 nolite
3157 2325 3528 2380 condemnare
3556 2368 3571 2391 ,
3629 2336 3685 2381 et
3725 2344 3826 2381 non

2233 2414 2745 2469 eondemnabimini.
2783 2414 2840 2467 In
2877 2431 2984 2483 quo
3036 2415 3178 2469 enim
3202 2416 3407 2486 judicio
3428 2415 3826 2485 judicaveritis,

2226 2503 2561 2573 judicabitur
2588 2504 2654 2557 de
2684 2504 2833 2559 vobis
2864 2504 3080 2575 (Matth.
3119 2505 3250 2575 vn).
3295 2507 3351 2560 In
3378 2492 3622 2575 quonon
3653 2508 3828 2577 probi-

2234 2598 2351 2652 buit
2372 2594 2560 2665 judicii
2592 2597 2928 2652 sanctionem
2954 2639 2969 2662 ,
3019 2600 3111 2653 sed
3152 2600 3390 2655 ostendit
3432 2599 3716 2668 judicandi
3749 2618 3830 2657 ra-

2236 2688 2457 2743 tionem.
2482 2686 2824 2758 Compescuit
2852 2689 3230 2759 pertinaciam,
3260 2698 3317 2745 et
3341 2690 3823 2760 docuitjustitiam.

2233 2781 2323 2835 Ait
2351 2780 2493 2837 enim
2526 2783 2639 2851 ipse
2662 2780 2787 2835 alibi
2814 2799 2828 2835 :
2858 2780 3070 2836 Justum
3092 2780 3356 2849 judicium
3382 2781 3825 2856 jttdicatc(loan.

2235 2874 2355 2944 vn).
2406 2873 2473 2928 Et
2497 2874 2552 2927 in
2577 2873 2757 2943 Lege:
2791 2871 2961 2938 Juste,
2990 2873 3184 2943 inquit,
3215 2874 3357 2944 quod
3377 2872 3587 2941 justum
3617 2883 3703 2928 est
3741 2889 3827 2928 ex-

2235 2965 2501 3033 sequaris.
2535 2962 2724 3019 Omnis
2755 2964 2899 3017 enim
2929 2964 3021 3032 qui
3052 2973 3200 3018 recte
3232 2973 3289 3018 et
3310 2963 3702 3034 justejudicat,
3726 2974 3828 3019 sta-

2236 3062 2405 3110 teram
2437 3055 2488 3109 in
2514 3070 2675 3108 manu
2710 3063 2901 3124 gestat.
2942 3054 2997 3107 In
3025 3063 3253 3123 utroque
3273 3069 3439 3124 penso
3459 3055 3733 3125 justitiam
3779 3065 3829 3109 et

2236 3145 2663 3202 misericordiam
2694 3154 2895 3217 portat,
2925 3144 3018 3199 sed
3054 3160 3153 3215 pro
3179 3144 3390 3213 justitia
3417 3147 3597 3199 rediit
3623 3146 3828 3215 peccati

532 3240 960 3310 mancipandus?
991 3239 1084 3293 llis
1113 3238 1294 3294 verbis
1321 3239 1595 3308 pauperis,
1623 3240 1805 3295 nescio
1833 3252 2012 3295 utrum
2045 3256 2131 3295 re-
2160 3210 2204 3272 Ο
2236 3238 2555 3292 sententiam
2590 3254 2604 3291 :
2657 3251 2754 3305 pro
2813 3237 3187 3291 misericordia
3253 3245 3520 3305 temperat
3570 3249 3825 3305 pinnam;

531 3334 796 3401 spondere
818 3331 1017 3403 poterit
1053 3331 1303 3400 superbia
1354 3331 1556 3385 divitis.
1592 3330 1772 3396 Omni,
1806 3333 1980 3403 inquit
2022 3334 2130 3387 Do-

533 3426 731 3489 minus,
754 3424 944 3494 petenti
966 3434 1014 3477 te
1039 3422 1143 3476 da:
1175 3422 1218 3476 si
1249 3422 1420 3487 omni,
1449 3432 1652 3491 quanto
1684 3425 1855 3495 magis
1881 3440 2049 3495 egeno
2079 3434 2135 3478 et

534 3516 751 3579 misero,
810 3511 965 3582 cujus
1022 3512 1222 3567 macies
1268 3520 1323 3566 et
1373 3512 1548 3581 pallor
1590 3513 1935 3577 mendicant;
1977 3514 2133 3581 cujus

533 3608 711 3676 lingua
750 3612 911 3668 tacet,
968 3602 1189 3673 squalor
1234 3612 1286 3657 et
1331 3603 1565 3674 gemitus
1613 3602 2009 3674 cleemosynam
2044 3620 2134 3673 pe-

533 3706 672 3750 tunt.
723 3696 864 3751 Audi
921 3710 1053 3763 ergo
1082 3709 1197 3760 me,
1250 3709 1284 3748 ο
1315 3695 1486 3760 dives,
1538 3705 1594 3749 et
1636 3696 1922 3750 consilium
1954 3711 2132 3750 meum

530 3789 741 3857 placeat
774 3786 892 3851 tibi,
922 3794 1143 3855 peccata
1173 3793 1262 3837 tua
1289 3784 1649 3853 eleemosyuis
1670 3784 1892 3848 redime,
1921 3785 2028 3839 noli
2059 3786 2135 3838 in-

533 3876 791 3931 cumbere
820 3889 993 3939 auro;
1042 3874 1217 3927 nudus
1251 3874 1408 3927 existi
1454 3874 1521 3927 de
1564 3880 1754 3926 ventre
1784 3873 1977 3928 matris
2006 3883 2129 3938 tum,

536 3968 711 4022 nudus
742 3980 802 4022 es
821 3966 1098 4021 rediturus
1135 3965 1190 4019 in
1222 3972 1457 4030 terram;
1488 3974 1543 4018 et
1570 3965 1615 4018 si
1644 3964 1816 4020 nudus
1842 3980 1903 4020 es
1929 3967 2132 4021 reditu-

535 4072 627 4109 rus
655 4057 706 4109 in
739 4065 961 4118 terram,
995 4054 1081 4109 cui
1111 4069 1409 4124 congregas
1436 4069 1599 4124 super
1630 4058 1871 4111 terram?
1892 4054 2066 4110 Credo
2088 4056 2132 4109 si

535 4149 735 4217 aliquid
769 4156 948 4203 tecum
994 4157 1212 4217 portare
1243 4161 1449 4215 posses,
1506 4148 1660 4202 vivos
1691 4148 1939 4202 homines
1968 4148 2132 4201 devo-

536 4257 733 4297 rasses.
782 4242 921 4296 Ecce
966 4241 1139 4293 nudus
1189 4240 1535 4311 regredieris,
1570 4255 1668 4294 cur
1697 4255 1804 4293 non
1842 4240 2130 4310 pecuniam

534 4334 616 4386 vel
649 4334 782 4386 bene
808 4330 893 4385 vel
935 4329 1074 4384 male
1119 4339 1503 4399 congregatum
1552 4330 1811 4399 largiris?
1860 4330 2133 4386 Ptmmitte

534 4438 640 4489 quo
670 4421 847 4474 iturus
888 4433 967 4482 es,
997 4418 1085 4474 fac
1112 4419 1494 4474 translationes
1530 4436 1712 4474 rerum
1744 4421 2131 4490 periturarum,

535 4523 592 4567 ut
635 4513 920 4583 pervenias
969 4513 1035 4566 ad
1076 4527 1299 4582 regnum
1328 4511 1609 4567 malorum.
1658 4512 1714 4566 Si
1754 4513 1897 4567 enim
1928 4513 2130 4567 homini

538 4604 700 4659 alicui
732 4604 919 4659 decem
976 4604 1177 4657 solidos
1220 4602 1413 4667 dares,
1444 4620 1542 4673 pro
1565 4604 1763 4673 quibus
1793 4604 1887 4657 tibi
1916 4614 2129 4657 centum

536 4695 879 4764 postmodum
940 4695 1227 4759 redderet,
1280 4702 1540 4763 quantum
1590 4695 1886 4763 gauderes,
1930 4705 2133 4765 quanta

537 4785 702 4838 animi
746 4784 932 4839 lzetitia
961 4772 1292 4839 exsultare‘sl
1334 4783 1390 4838 Si
1417 4798 1546 4853 ergo
1573 4784 1752 4839 usuris
1793 4786 2015 4854 gaudes,
2058 4785 2136 4840 fe-

538 4891 668 4930 nera
700 4876 929 4931 Domino
960 4886 1073 4940 tuo,
1118 4878 1294 4930 tribue
1326 4875 1433 4930 Deo
1463 4884 1553 4929 tuo
1586 4876 1650 4929 dc
1696 4892 1793 4930 suo
1825 4895 1837 4929 :
1874 4877 2132 4947 multipli-

535 4980 659 5025 cato
682 4969 827 5023 enim
865 4968 1067 5033 fenore,
1097 4969 1285 5023 reddet
1319 4970 1434 5023 tibi.
1490 4968 1580 5022 Vis
1609 4984 1769 5023 nosse
1803 4984 1965 5038 quam
1994 4969 2133 5023 mul-

540 5061 795 5131 tipliciter
825 5062 1013 5115 reddet
1044 5062 1182 5117 tibi?
1210 5062 1312 5115 Pro
1343 5061 1607 5125 buccella,
1634 5078 1729 5131 pro
1760 5077 1998 5126 nummo,
2030 5078 2129 5131 pro

538 5155 718 5208 tunica
742 5195 754 5218 ,
790 5156 993 5222 accipis
1040 5154 1203 5208 vitam
1237 5163 1495 5208 aeternam
1519 5196 1534 5218 ,
1584 5169 1806 5223 regnum
1843 5155 2127 5219 cvrlorum,

541 5246 925 5303 beatitudinem
950 5247 1067 5300 sine
1098 5246 1219 5299 line.
1239 5244 1493 5314 Appeude
1516 5260 1638 5299 cum
1672 5244 1909 5299 buccella
1937 5254 2023 5298 tua
2055 5245 2133 5298 vi-

541 5347 649 5391 tam
682 5346 963 5399 mter-nam,
1018 5336 1235 5390 divitias
1284 5334 1659 5403 sempiternas,
1704 5333 1845 5387 nulla
1873 5343 2129 5387 estcom-

540 5428 786 5493 paratio;
817 5428 914 5478 das
964 5425 1109 5479 enim
1143 5434 1365 5486 terram,
1420 5431 1477 5477 ct
1502 5423 1698 5493 recipis
1740 5439 1863 5476 cum
1891 5423 1978 5491 qui
2010 5422 2135 5476 fecit

540 5518 734 5575 malum
758 5526 812 5572 ct
841 5527 1062 5571 terram.
1092 5515 1212 5584 Ipse
1241 5516 1384 5569 enim
1415 5514 1696 5583 prmmium
1726 5525 1992 5576 nostrum,
2020 5515 2135 5569 sine

539 5624 648 5679 quo
671 5609 820 5663 dives
845 5608 1132 5670 mendicat,
1163 5614 1217 5659 et
1249 5621 1371 5658 cum
1404 5620 1511 5674 quo
1533 5619 1741 5674 pauper
1766 5605 2136 5673 copiosissime

540 5700 692 5753 dives
716 5706 817 5751 est.
851 5697 988 5763 Quid
1020 5697 1162 5751 enim
1201 5694 1361 5748 habet
1398 5694 1572 5757 dives,
1603 5693 1649 5746 si
1684 5694 1851 5748 Deum
1892 5710 1998 5747 non
2044 5693 2134 5745 ha-

542 5787 673 5843 bet?
723 5786 859 5854 Quid
893 5802 995 5841 non
1054 5786 1214 5840 habet
1244 5798 1486 5854 pauper,
1534 5782 1580 5837 si
1627 5782 1792 5839 Deum
1830 5783 2029 5838 habet?
2075 5780 2133 5838 Si

2233 3328 2479 3397 quaedam
2511 3342 2639 3381 vero
2662 3335 2787 3381 sunt
2816 3341 2845 3377 a
2873 3326 3054 3395 judice
3080 3326 3223 3379 bono
3247 3339 3345 3395 per
3372 3324 3685 3393 aequitatem
3718 3340 3831 3381 cor-

2236 3421 2475 3490 rigentia,
2529 3419 2771 3488 qmedam
2827 3417 3007 3485 itaque
3044 3431 3143 3486 per
3184 3415 3613 3470 misericordiam
3656 3413 3830 3469 indui-

2234 3512 2426 3580 gcuda.
2458 3507 2587 3563 Sine
2610 3522 2961 3577 pcrsonarum
2986 3507 3301 3576 acceptione
3329 3506 3529 3560 debent
3558 3521 3680 3560 esse
3695 3504 3832 3573 judi«

2233 3600 2315 3653 cia
2344 3618 2357 3654 :
2420 3598 2551 3652 nihil
2582 3599 2725 3651 enim
2755 3596 2991 3664 iniquius
3019 3604 3103 3651 est
3127 3611 3289 3664 quam
3332 3611 3556 3650 munera
3584 3595 3831 3666 accipere

2235 3692 2287 3745 in
2312 3691 2551 3759 judiciis,
2581 3690 2705 3759 quia
2737 3702 2958 3742 munera
2981 3695 3251 3741 excmcant
3275 3686 3618 3755 prudentium
3642 3686 3831 3752 corda,

2234 3791 2289 3836 et
2330 3783 2648 3835 subvertunt
2695 3778 2855 3833 verba
2899 3778 3173 3846 justorum
3222 3777 3400 3847 (Deut.
3436 3774 3570 3843 xvi).
3621 3776 3680 3829 ln
3725 3791 3831 3845 quo

2235 3875 2377 3929 enim
2401 3872 2625 3944 judicio,
2658 3871 2788 3925 dicit
2816 3870 3096 3933 Dominus,
3135 3868 3465 3938 judicabitis,
3495 3867 3832 3938 judicabitur

2235 3961 2302 4015 de
2329 3958 2501 4015 vobis.
2556 3950 2895 4025 Quapropter
2932 3953 3096 4021 judex
3144 3952 3575 4022 Deumjudicem
3618 3953 3827 4012 timeat.

2236 4065 2304 4105 ne
2343 4048 2479 4103 forte
2500 4062 2566 4101 eo
2599 4045 2879 4113 judicaute
2908 4045 3021 4114 ipse
3048 4044 3353 4097 damnetur.
3389 4042 3488 4110 Qui
3517 4045 3833 4099 innec-entes

2236 4142 2457 4195 damnat
2484 4138 2566 4192 vel
2611 4138 2807 4207 impios
2822 4136 3088 4206 justiticat
3118 4150 3217 4204 pro
3248 4135 3581 4198 muneribus,
3620 4136 3705 4190 vel
3739 4152 3833 4191 cu.

2229 4231 2445 4302 ju~|iliel
2482 4243 2727 4295 personae
2755 4242 2939 4281 amore
2967 4226 3050 4279 vel
3079 4227 3203 4280 odio
3228 4240 3325 4279 cor
3344 4225 3715 4289 acclinaverit,
3740 4226 3830 4295 ju—

2236 4326 2359 4380 dicii
2390 4324 2676 4377 veritatem
2714 4321 3005 4374 observare
3032 4335 3136 4373 non
3167 4320 3386 4388 poterit.
3432 4316 3601 4371 Nemo
3624 4319 3831 4385 princi-

2236 4431 2361 4485 pum
2388 4413 2582 4469 stultos
2606 4412 2689 4466 vel
2712 4412 2984 4481 improbos
3005 4410 3218 4479 judices
3255 4425 3457 4478 ponere
3482 4410 3639 4463 debet
3666 4425 3679 4461 :
3707 4426 3831 4462 nam

2239 4506 2433 4560 stultus
2459 4519 2554 4573 per
2575 4504 2843 4573 ignaviam
2868 4503 3080 4573 ignorat
3098 4501 3363 4569 justitiam
3390 4518 3403 4566 ;
3436 4501 3715 4571 improbus
3742 4517 3836 4555 au-

2238 4607 2345 4651 tem
2374 4611 2469 4664 per
2491 4594 2838 4664 cupiditatem
2864 4594 3129 4647 subvertit
3150 4593 3317 4660 ipsam
3344 4607 3506 4660 quam
3530 4592 3723 4648 didicit
3744 4608 3834 4648 ve-

2237 4690 2472 4743 ritatem.
2522 4688 2665 4741 Penc
2701 4686 2919 4755 gravius
2960 4685 3268 4739 lacerantur
3298 4699 3566 4755 pauperes
3593 4699 3621 4736 τι
3646 4686 3832 4753 pravis

2230 4776 2502 4847 judicibus
2550 4793 2715 4847 quam
2769 4793 2798 4830 a
2860 4775 3257 4830 cruentissimis
3302 4774 3593 4828 uestibus:
3650 4774 3833 4830 nullus

2235 4870 2415 4940 przedo
2446 4878 2554 4923 tam
2588 4868 2815 4938 cupidus
2844 4867 2897 4921 in
2935 4866 3147 4927 alienis,
3194 4881 3356 4934 quam
3397 4865 3565 4931 judex
3609 4864 3832 4934 iniquus

2237 4961 2290 5016 in
2316 4962 2447 5016 suis.
2480 4959 2700 5028 Pejores
2724 4968 2848 5013 sunt
2882 4958 3127 5013 hostibus
3160 4958 3372 5028 judices
3398 4957 3564 5025 iniqui
3591 4974 3604 5022 ;
3644 4956 3834 5012 hostes

2236 5068 2377 5123 szrpe
2398 5052 2521 5122 fuga
2552 5051 2821 5113 vitantur,
2852 5047 3065 5116 judices
3094 5057 3314 5119 propter
3336 5048 3630 5117 potentiam
3662 5046 3833 5117 effugi

2238 5158 2341 5197 non
2370 5152 2612 5213 possunt.
2643 5140 2743 5209 Ipsi
2772 5141 2986 5193 divitias
3008 5154 3071 5192 ex
3102 5138 3299 5191 civium
3327 5136 3680 5205 oppressione
3704 5153 3834 5190 cun-

2238 5248 2465 5304 gregare
2496 5232 2733 5287 student.
2771 5229 2873 5298 Ipsi
2899 5228 3118 5282 divitias
3151 5244 3215 5280 ex
3243 5227 3440 5279 civium
3472 5226 3833 5295 oppressione

2240 5338 2568 5394 congregare
2611 5322 2848 5375 student.
2894 5320 3194 5389 Aliquoties
3226 5317 3440 5386 judices
3485 5318 3610 5372 boni
3663 5319 3825 5372 ruini-

2241 5426 2383 5469 stros
2416 5415 2611 5467 habent
2666 5426 2909 5481 rapaces,
2956 5427 3185 5481 quorum
3234 5410 3438 5464 scelere
3467 5409 3826 5475 coinquinat:-

2244 5517 2369 5570 tur,
2411 5506 2455 5561 si
2506 5520 2611 5560 non
2658 5505 2947 5575 prohibent
2996 5504 3345 5572 rapacitatem
3395 5500 3644 5562 illorum;
3689 5501 3743 5555 hi
3779 5502 3827 5556 in

2240 5597 2430 5651 alienis
2461 5605 2685 5667 pereunt
2710 5596 2965 5665 peccatis,
2997 5596 3122 5663 quia
3152 5611 3252 5647 non
3274 5593 3465 5657 solum,
3487 5600 3546 5645 ut
3575 5593 3833 5663 egregius

2243 5688 2423 5741 mundi
2456 5688 2642 5741 ductor
2671 5686 2746 5743 ait
2773 5684 2950 5757 (Rom.
2990 5686 3047 5754 ι).
3096 5685 3185 5755 qui
3214 5684 3439 5751 facium,
3469 5681 3559 5735 sed
3587 5681 3681 5751 qui
3715 5698 3832 5737 ξοη-

2240 5780 2466 5835 sentiunt
2504 5780 2683 5849 iniqua
2727 5776 3072 5848 facientibus,
3116 5776 3262 5847 digni
3303 5774 3604 5832 cilicittntur
3652 5786 3835 5830 marte
