3922 6320
180 346 201 399 ί
211 346 272 401 C9

1154 350 1456 408 ilOMlLI/E
1498 351 1585 407 DE
1622 352 1864 408 FES'FIS
1905 352 2310 421 PR.-E(IlP[lS,
2358 354 2501 409 ETC.

3347 362 3364 413 l
3377 362 3445 417 {43

176 466 444 529 perpetua.
495 459 661 531 Stepe
679 460 882 530 judices
923 466 1071 533 pravi
1120 466 1431 535 cupiditatis
1469 479 1631 518 causa
1661 472 1751 517 aut
1781 466 1826 524 Λ
1856 464 1985 519 stias
2013 466 2307 535 patiuntur,
2340 468 2552 520 fortiter
2576 483 2667 521 cas
2702 466 2975 533 sulferant,
3006 479 3062 524 nt
3084 481 3280 527 aeterm
3310 476 3439 530 hea-

176 548 419 601 dillerunt
448 558 548 603 aut
578 561 889 619 pervertunt
928 553 1129 623 judicia
1156 595 1167 614 ,
1210 572 1307 609 nec
1338 554 1534 607 liriunt
1562 569 1755 607 causas

175 652 446 706 quousque
469 639 726 693 sacculus
767 656 949 695 eorum
999 642 1322 711 impleatur;
1357 644 1572 711 quando
1610 643 1753 695 enim

168 726 442 795 jusiicaut,
487 744 599 783 non
649 746 885 796 causam,
916 733 1009 787 sed
1038 735 1175 788 dona
1218 735 1579 790 considerant.
1608 733 1754 788 Jndi-

172 831 259 869 ccs
295 817 468 885 pravi,
500 818 657 889 juxta
704 822 975 890 propheta;
1015 824 1261 888 verbum,
1316 824 1469 893 quasi
1503 824 1634 893 lupi,
1668 840 1756 877 ve-

171 918 322 973 spere
350 919 459 959 non
491 908 804 977 relinquunt
824 913 877 963 in
900 927 1055 967 mane
1079 924 1101 979 ;
1128 913 1227 967 hoc
1249 922 1353 976 est,
1384 914 1451 967 de
1475 914 1757 982 prtesentis

170 997 289 1050 vita:
314 1000 605 1053 eotnmodo
639 1010 840 1055 tantum
871 1004 1129 1073 cogitant,
1160 1005 1225 1058 de
1255 1004 1439 1059 futuro
1467 1014 1646 1059 autem
1672 1006 1755 1057 ni—

173 1089 244 1143 hil
266 1090 574 1160 "luporum
609 1108 762 1148 more
801 1103 998 1151 cuncta
1037 1097 1307 1164 rapientes
1330 1135 1345 1161 ,
1378 1105 1436 1150 et
1466 1097 1554 1150 vix
1586 1111 1753 1165 pauca

168 1181 496 1250 pauperibus
522 1182 902 1252 relinquentes.
922 1185 1212 1239 iracundus
1229 1186 1393 1255 judex
1414 1185 1601 1254 jndicii
1629 1202 1755 1239 exa-

167 1285 287 1323 men
318 1270 480 1339 plene
527 1275 769 1328 contueri
814 1290 917 1327 non
946 1274 1108 1339 valet,
1156 1277 1280 1343 quia
1302 1276 1530 1345 caligine
1560 1275 1755 1329 furoris

167 1378 270 1416 non
299 1362 449 1417 videt
472 1363 773 1419 claritatem
789 1366 1032 1438 justitize.
1064 1367 1181 1421 Non
1211 1384 1439 1437 persona
1472 1370 1525 1423 in
1552 1368 1753 1438 judicio

165 1454 580 1523 consideranda,
636 1457 729 1512 sed
768 1473 951 1513 causa.
998 1458 1267 1530 Scriptum
1312 1469 1396 1515 est
1422 1462 1604 1515 enim:
1638 1460 1751 1515 Non

168 1546 399 1615 accipias
424 1561 715 1616 personam
746 1548 800 1603 in
815 1547 1036 1617 judicio.
1068 1549 1237 1619 Iniqui
1261 1551 1473 1622 judices
1491 1562 1675 1607 errant
1698 1554 1751 1607 in

165 1639 410 1695 veritatis
439 1641 734 1703 sententia,
783 1641 907 1696 dum
948 1642 1237 1697 intendunt
1273 1643 1585 1712 qualitatem
1630 1658 1751 1713 per-

164 1743 345 1794 sonae;
376 1739 437 1785 et
465 1738 661 1785 nocent
702 1745 844 1801 saepe
890 1729 1073 1799 justis,
1107 1733 1231 1787 dum
1282 1733 1524 1803 improbe
1562 1734 1746 1788 defen-

1862 556 2086 611 titudine
2121 556 2463 611 inveniantur
2505 558 2669 627 digni.
2717 558 3037 613 Conteslans
3070 564 3293 616 obsecro
3324 582 3436 629 vos,

1861 644 2055 701 fratres
2080 648 2404 713 cbarissimi,
2444 658 2496 703 ut
2529 666 2741 720 semper
2765 651 2864 704 hoc
2888 653 3194 716 attendatis,
3224 660 3438 723 quando

1857 738 2090 806 aliquem
2119 738 2387 808 judieetis,
2426 754 2518 793 seu
2547 740 2869 805 defendatis,
2902 742 3011 797 sive
3042 751 3202 796 etiam
3230 758 3329 798 nec
3359 745 3436 799 fa-

1858 829 2124 882 cientibus
2156 830 2543 893 conscntiatis;
2585 832 2725 898 quod
2754 832 3031 887 veritatem
3076 843 3129 887 et
3168 834 3433 903 justitiam

1857 933 1963 971 non
2002 916 2334 986 relinquatis,
2365 919 2456 973 sed
2486 918 2538 971 in
2567 920 2812 973 omnibus
2837 923 3123 978 observare
3152 926 3434 989 studentis,

1857 1016 2121 1074 quatenus
2157 1024 2185 1061 a
2219 1024 2347 1063 vero
2380 1007 2560 1076 judice
2591 1019 2799 1076 vestro,
2838 1012 2949 1079 ipsa
2982 1013 3228 1069 videlicet
3282 1016 3435 1069 Veri—

1858 1105 1988 1162 tate,
2018 1112 2136 1167 quae
2152 1098 2413 1165 judicabit
2439 1101 2623 1153 orbem
2657 1109 2813 1154 terrm
2836 1102 2887 1154 in
2920 1085 3431 1173 :equitatdctjnsti—

1857 1186 1970 1252 tia,
2023 1201 2275 1242 coronam
2328 1188 2826 1245 immarceseihilem
2875 1206 2997 1246 cum
3036 1194 3331 1249 henedietis
3378 1198 3431 1250 in

1854 1286 2055 1331 aeterna
2101 1277 2433 1332 beatitudine
2474 1281 2716 1348 accipere
2769 1283 3121 1347 mereamini;
3175 1284 3289 1353 ipso
3332 1288 3431 1340 tri-

1855 1366 2073 1431 buente,
2103 1370 2192 1435 qui
2222 1367 2353 1420 vivit
2377 1376 2432 1421 et
2458 1379 2645 1439 regnat
2666 1386 2785 1424 cum
2814 1373 2919 1425 Deo
2958 1372 3115 1427 Patre
3144 1374 3195 1427 in
3230 1375 3432 1429 unitate

1856 1454 2087 1524 Spiritus
2121 1458 2291 1509 sancti
2322 1456 2483 1522 Deus,
2529 1474 2624 1527 per
2652 1460 2827 1511 omnia
2870 1460 3062 1514 smeula
3089 1461 3424 1516 Steculorun't.

1852 1544 2045 1598 Amen.

2386 1636 2657 1691 IIOMILIA
2716 1638 2849 1692 LIX.

2066 1746 2129 1784 DE
2158 1746 2414 1786 ευρειιιιιλ
2443 1749 2509 1787 ΕΤ
2541 1750 2673 1787 νΛΝᾹ
2704 1750 2895 1790 ϐιοιιιλ
2932 1751 3193 1791 CAVENDA.

162 1816 294 1870 dunt
331 1818 550 1888 impios.
598 1818 858 1888 Acceptio
893 1834 1175 1873 munerum
1209 1822 1262 1874 in
1295 1818 1515 1889 judieiis
1543 1836 1749 1891 prmva—
1780 1809 1821 1866 Β
1920 1822 2146 1891 Oportet
2193 1839 2287 1878 vos
2345 1826 2501 1885 seire,
2556 1824 2750 1880 fratres
2790 1827 3113 1891 charissimi,
3171 1830 3423 1897 quoniam

161 1908 349 1963 ricatio
372 1918 458 1964 est
500 1910 765 1963 veritatis.
815 1908 917 1977 Qui
951 1909 1120 1963 Deum
1148 1912 1417 1975 timentes,
1442 1911 1585 1979 juste
1604 1913 1746 1982 judi-

158 2008 299 2064 cant,
325 2008 532 2054 interna
570 2016 597 2054 a
624 2002 733 2055 Deo
758 2001 1037 2071 accepturi
1061 2009 1186 2055 sunt
1215 2003 1455 2071 praemia.
1488 2002 1746 2057 Conside-

159 2091 385 2145 randum
432 2100 520 2146 est
568 2092 734 2163 igitur
758 2092 926 2161 judici
978 2108 1047 2147 ne
1086 2092 1340 2147 falsorum
1378 2094 1595 2147 testium
1623 2094 1744 2147 dolo

158 2182 463 2248 deludatur,
497 2198 566 2237 ne
594 2198 717 2237 eum
747 2183 878 2253 ipsis
922 2183 1143 2238 sceleris
1175 2184 1254 2238 sui
1284 2186 1541 2238 sortiatur
1568 2184 1744 2237 vindi-

154 2284 312 2327 ctam.
358 2273 561 2328 Falsus
582 2275 745 2338 testis,
787 2274 919 2328 dicit
944 2273 1217 2340 Salomon,
1254 2292 1355 2328 non
1394 2274 1489 2328 erit
1517 2274 1743 2343 impuni-

154 2377 234 2419 tus
263 2366 449 2437 (Pror.
483 2371 620 2438 xu).
652 2366 751 2434 Qui
778 2366 967 2421 falsum
994 2368 1357 2421 testimonium
1388 2365 1592 2436 profert
1615 2383 1744 2421 con-

155 2468 231 2512 tra
265 2461 577 2527 proximum
630 2474 787 2513 suum
820 2499 835 2523 ,
878 2459 1253 2528 exstinguetur
1285 2458 1503 2512 lucerna
1531 2456 1647 2524 ejus
1688 2458 1741 2510 in

152 2550 237 2603 die
265 2550 462 2604 ultimo
522 2546 706 2621 (Prov.
742 2547 908 2619 xxiv).
954 2548 1087 2603 Item
1138 2548 1263 2602 alibi
1298 2548 1463 2602 dicit:
1511 2546 1582 2601 0s
1605 2548 1742 2617 quod

150 2642 419 2703 mentitur,
455 2639 645 2692 occidit
686 2640 917 2692 animum
971 2636 1123 2709 (Sep.
1174 2638 1236 2708 t),
1284 2638 1535 2707 quoniam
1596 2649 1741 2691 mczu

150 2728 434 2796 cujuslibet
468 2728 752 2797 potestatis
781 2729 1059 2781 veritatem
1104 2728 1360 2793 occultat,
1410 2728 1740 2782 iracundiam

150 2816 242 2871 Dei
289 2834 459 2888 super
496 2834 556 2873 se
599 2820 831 2883 invocat,
880 2818 1003 2886 quia
1054 2818 1225 2885 magis
1267 2818 1420 2871 timet
1468 2818 1741 2871 hoainem

149 2924 317 2976 quam
339 2909 530 2962 Deum.
562 2907 859 2963 Falsidicus
888 2908 1039 2961 testis
1068 2916 1149 2962 est
1178 2907 1350 2962 tribus
1376 2907 1622 2977 personis
1649 2908 1743 2962 ob-

149 2998 370 3049 noxius:
404 2998 643 3066 primum
672 2996 801 3061 Deo,
842 2996 996 3067 cujus
1026 2997 1362 3067 prmsentiam
1409 2999 1739 3062 contemnit;

148 3084 335 3139 deinde
359 3085 561 3155 iudici,
597 3101 756 3154 queat
790 3084 919 3139 fallit
952 3084 1294 3149 mentiendo;
1344 3094 1616 3154 postremo
1656 3087 1735 3139 iu-

1851 1914 2089 1968 cmlestis
2121 1916 2260 1982 regis
2288 1916 2486 1969 milites
2523 1916 2677 1981 estis,
2705 1926 2891 1970 contra
2926 1933 3061 1985 quos
3084 1920 3265 1973 hostes
3291 1938 3425 1989 prte—

1848 2004 1983 2059 liare
2024 2006 2283 2059 debeatis.
2330 2006 2466 2060 Dicit
2489 2006 2635 2061 enim
2693 2007 2883 2060 beatus
2933 2009 3203 2078 apostolus
3230 2010 3425 2065 Paulus

1850 2093 2065 2165 (Epltcs.
2101 2095 2175 2167 vt)
2204 2115 2215 2147 :
2260 2095 2382 2149 Non
2405 2106 2477 2149 est
2507 2096 2653 2149 nobis
2685 2096 2982 2151 colluctatio
3027 2100 3275 2153 adversus
3303 2118 3423 2153 car-

1848 2202 1960 2238 nem
1987 2200 2035 2239 ct
2060 2186 2385 2255 sanguinem,
2411 2186 2501 2240 sed
2537 2186 2784 2240 adversus
2827 2188 3083 2256 principes
3115 2198 3163 2241 et
3189 2198 3422 2257 potestu-

1846 2285 1942 2337 tcs,
1969 2284 2017 2328 et
2049 2276 2295 2329 adversus
2345 2275 2526 2329 mundi
2572 2286 2791 2330 rectores
2844 2278 3169 2331 tenebrarum
3210 2280 3420 2343 harum,

1846 2375 2026 2418 contra
2057 2364 2325 2433 Spiritales
2355 2365 2621 2433 nequitias
2650 2366 2703 2418 in
2730 2364 3036 2421 caelestibus.
3071 2367 3127 2421 Si
3156 2384 3283 2439 ergo
3311 2371 3421 2437 spi-

1848 2452 2031 2506 ritales
2088 2463 2214 2507 sunt
2246 2454 2448 2519 hostes,
2503 2455 2762 2509 adversus
2807 2471 2941 2525 quos
2995 2458 3418 2529 belligerandum

1844 2554 1949 2609 est,
1978 2561 2098 2599 cum
2120 2546 2454 2615 spiritalibus
2474 2548 2639 2603 armis
2663 2564 2900 2619 pugnare
2926 2551 3199 2605 debemus.
3229 2554 3420 2609 Hostes

1845 2636 1988 2689 cnim
2021 2637 2190 2690 nostri
2220 2637 2488 2691 daemones
2534 2646 2696 2692 sunt:
2732 2653 2879 2692 arma
2916 2655 3119 2702 eorum,
3152 2658 3270 2695 cum
3296 2647 3417 2712 qui-

1844 2726 1945 2780 bus
1993 2726 2336 2781 invisibiliter
2363 2739 2549 2782 contra
2582 2743 2677 2782 nos
2728 2738 2991 2798 pugnant,
3045 2740 3171 2785 sunt
3201 2733 3347 2785 vitia.
3376 2734 3416 2787 Ε

1844 2824 2034 2868 contra
2080 2831 2200 2881 nos,
2258 2818 2393 2871 duce
2451 2827 2611 2887 atquc
2638 2818 2963 2886 imperatore
2990 2828 3175 2873 nostro
3203 2820 3417 2875 Christo

1846 2920 2007 2973 super
2035 2921 2132 2960 nos
2182 2916 2457 2976 regnante,
2520 2909 2689 2962 sacris
2723 2909 2889 2962 armis
2935 2909 3193 2964 virtutum
3221 2912 3413 2965 bellant

1846 3004 2088 3049 nostrum
2156 3012 2425 3067 geramus,
2477 3006 2530 3053 et
2571 2998 2851 3052 victoriam
2910 2998 3065 3052 facile
3114 3014 3211 3069 per
3258 3002 3417 3071 Regis

1846 3088 2013 3141 nostri
2044 3087 2299 3141 auxilium
2349 3089 2642 3157 capiemus.
2694 3088 2785 3141 Ait
2824 3090 2967 3143 enim
3007 3092 3119 3159 ipse
3148 3092 3212 3145 ad
3242 3092 3413 3145 aciem

149 3178 383 3241 nocenti,
439 3192 601 3246 quem
651 3176 784 3232 falso
821 3177 1128 3231 testimonio
1175 3176 1337 3230 ltedit.
1391 3175 1544 3247 Stepe
1592 3177 1735 3231 cnim
1765 3155 1808 3214 Ο
1847 3177 2187 3231 inimicorum
2223 3194 2349 3232 suos
2384 3179 2719 3232 exhortans:
2762 3177 2936 3232 Nolite
2975 3180 3188 3245 timere,
3223 3180 3413 3249 inquit,

144 3261 320 3319 evenit
347 3275 408 3319 nt
444 3266 565 3319 falsi
615 3275 794 3330 testes,
827 3265 1041 3334 quando
1070 3274 1407 3334 separantur,
1440 3282 1561 3320 mox
1594 3284 1744 3323 men-

147 3360 308 3413 daces
330 3359 680 3414 inveniantur
705 3377 716 3411 :
750 3372 850 3412 nec.
878 3358 977 3411 sibi
1002 3357 1307 3411 blandiatur
1326 3358 1467 3426 quis,
1492 3359 1535 3413 si
1561 3360 1745 3414 audiat

148 3448 339 3505 falsum
377 3450 751 3505 testimonium
810 3450 911 3505 diei
962 3461 1146 3505 contra
1194 3450 1508 3519 quemlibet,
1538 3460 1592 3506 et
1635 3469 1739 3506 non

150 3540 497 3605 manifestat,
530 3556 596 3595 eo
622 3540 763 3609 quod
810 3540 921 3608 ipse
952 3539 1141 3593 falsum
1167 3556 1270 3593 non
1301 3540 1479 3594 dicat:
1515 3549 1741 3610 uterque

147 3633 283 3685 enim
313 3648 443 3687 rcus
473 3640 575 3695 est,
606 3643 659 3685 ct
680 3632 769 3700 qui
796 3632 1073 3685 veritatem
1103 3630 1351 3693 occultat,
1385 3638 1440 3683 et
1468 3630 1558 3699 qui
1587 3646 1733 3684 men-

150 3724 357 3776 dacium
423 3723 581 3786 dicit,
623 3723 746 3791 quia
800 3721 886 3775 ille
915 3722 1167 3790 prodesse
1213 3734 1317 3774 non
1344 3721 1478 3785 vult,
1526 3730 1581 3776 et
1626 3721 1739 3790 ipse

150 3830 337 3867 nocere
363 3814 660 3866 desiderat.
696 3812 889 3867 Beatus
911 3853 925 3875 ,
950 3812 1101 3881 cujus
1128 3812 1490 3865 testimonium
1526 3813 1577 3865 in
1605 3829 1736 3867 con-

150 3912 327 3966 speclu
361 3900 461 3953 Dei
514 3899 791 3967 probabile
820 3898 1138 3953 invenietur.
1200 3897 1349 3951 Scire
1383 3914 1478 3952 vos
1502 3908 1733 3967 oportet,

150 3990 361 4054 fratres,
394 3991 543 4059 quod
591 4000 821 4058 quatuor
848 3989 1019 4043 modis
1040 3988 1244 4055 justitia
1276 3990 1325 4043 in
1349 3986 1565 4057 judiciis
1605 3992 1734 4044 sub-

148 4085 391 4146 vertitur,
431 4083 539 4135 hoe
578 4091 682 4145 est,
731 4082 939 4143 timore,
980 4081 1290 4150 cupiditate,
1327 4082 1472 4146 odio,
1514 4097 1732 4147 amore;

150 4175 358 4237 timore,
401 4173 533 4227 dum
572 4181 715 4225 metu
742 4170 1021 4241 potestatis
1046 4169 1306 4237 alicujus,
1339 4172 1619 4225 veritatem
1650 4173 1733 4226 di-

148 4279 264 4317 cere
291 4262 373 4316 vel
398 4262 650 4331 judicare
676 4261 928 4329 quislibet
954 4260 1189 4329 pavescit
1218 4277 1229 4322 ;
1271 4260 1579 4328 cupiditate,
1608 4261 1733 4314 dum

147 4352 363 4418 praemio
402 4349 647 4403 muneris
699 4347 922 4415 alicujus
958 4334 1319 4416 corrumpitur
1355 4346 1517 4414 jndex
1544 4366 1557 4413 ;
1588 4349 1730 4413 odio,

148 4445 267 4497 dum
296 4440 593 4509 cujuslibet
622 4438 912 4493 illllltlt‘llltl‘
937 4452 1097 4492 causa
1131 4452 1320 4489 nocere
1346 4436 1499 4490 alteri
1530 4438 1734 4490 deside-

151 4543 263 4593 rat;
311 4546 525 4593 amore,
560 4530 684 4583 dum
716 4529 917 4581 amicos
966 4526 1046 4580 vel
1079 4527 1404 4596 propinquos
1438 4527 1731 4595 contraju-

148 4624 346 4676 stitiani
380 4620 627 4675 defendit
656 4619 942 4689 potentior.
976 4617 1069 4671 llis
1103 4630 1331 4685 quatuor
1356 4616 1543 4679 modis,
1593 4633 1731 4685 sape

148 4715 369 4780 aequitas
393 4711 585 4780 jndicii
631 4711 980 4773 subvertitur,
1035 4719 1088 4763 et
1149 4709 1450 4762 innocentia
1498 4708 1724 4760 lauiitur.

151 4803 423 4872 Magisque
486 4800 701 4855 dolendi
756 4811 882 4855 sunt
934 4801 1026 4869 qui
1081 4800 1391 4869 opprimunt
1444 4815 1725 4868 pauperes,

148 4912 303 4962 quam
351 4893 448 4962 qui
493 4893 767 4961 patiuntur
814 4890 1077 4957 injuriam.
1117 4890 1191 4942 llli
1234 4890 1375 4942 cnim
1406 4888 1494 4957 qui
1544 4888 1726 4957 oppri-

149 4995 364 5038 muntur
411 4982 765 5052 temporalem
796 4982 1066 5034 miseriam
1096 4982 1201 5035 cito
1235 4980 1444 5039 liniunt,
1483 4979 1554 5031 illi
1604 4994 1728 5033 vero

149 5081 232 5145 qui
261 5078 579 5145 opprimunt
613 5090 706 5127 eos
731 5073 1117 5143 prrjustitiam,
1142 5072 1355 5125 tuleritis
1384 5071 1608 5125 liantntis
1635 5069 1726 5123 de-

150 5177 422 5236 putantur.
466 5164 567 5217 liic
597 5180 725 5217 vero
750 5178 887 5230 sa-pe
915 5182 943 5214 ιι
975 5163 1128 5214 mulis
1154 5163 1274 5214 boni
1299 5161 1625 5227 judieuntur,
1671 5162 1726 5214 in

150 5262 322 5311 latura
353 5257 628 5324 siquidem
657 5256 761 5308 vita
789 5255 909 5307 mali
950 5254 1255 5323 judicantur
1296 5269 1324 5305 ιι
1357 5253 1528 5305 bonis.
1572 5250 1726 5320 SJepe

151 5351 305 5403 eiusa
332 5360 385 5405 et
414 5352 507 5403 'nie
553 5347 678 5401 boni
708 5346 941 5400 infelices
970 5356 1093 5399 sunt
1119 5354 1171 5398 et
1210 5346 1387 5398 miseri
1417 5359 1597 5398 coram
1631 5346 1727 5397 ho-

152 5442 400 5504 minibus,
447 5449 505 5491 et
538 5440 667 5492 ntali
697 5438 907 5501 felices;
955 5439 1003 5490 in
1046 5437 1131 5489 illa
1170 5437 1344 5502 itaque
1377 5436 1729 5489 retributione

153 5540 344 5585 mterna
392 5544 618 5598 semper
651 5528 770 5581 Leni
805 5528 984 5581 felices
1023 5534 1197 5586 erunt,
1244 5535 1297 5576 ct
1343 5524 1467 5576 mali
1519 5538 1732 5592 semper

152 5623 328 5677 miseri
348 5631 535 5676 erunt.
568 5620 775 5684 QuiLus
802 5619 934 5671 bene
960 5616 1058 5670 erit
1084 5616 1134 5667 iu
1160 5616 1258 5667 hoc
1286 5613 1477 5667 szeeulo
1507 5622 1728 5665 conten-

156 5710 279 5770 dant
301 5713 547 5767 maxime
568 5727 637 5766 ne
660 5712 793 5766 bona
824 5708 1042 5778 perdant
1068 5713 1343 5774 perpetua,
1370 5711 1420 5755 et
1446 5702 1533 5771 qui
1565 5702 1729 5757 mulc-

1760 4501 1808 4557 Ι)

1844 3265 2035 3320 fortior
2072 3269 2264 3336 estqui
2296 3269 2347 3321 in
2374 3269 2528 3323 vobis
2556 3278 2638 3323 est
2668 3284 2828 3337 quam
2872 3270 2961 3338 qui
2995 3270 3045 3322 in
3079 3272 3277 3325 mundo
3313 3284 3411 3327 est.

1842 3357 2125 3421 Coulidite,
2156 3356 2281 3426 quia
2316 3372 2415 3428 ego
2462 3359 2565 3411 vici
2596 3358 2851 3411 mundum
2886 3358 3071 3429 (Joon.
3125 3361 3258 3431 xvi).
3289 3361 3407 3415 Pri~

1843 3462 1986 3500 mum
2029 3462 2262 3516 namque
2314 3454 2617 3517 ignotorum
2655 3449 2879 3501 telorum
2914 3450 3083 3502 hostis
3113 3451 3318 3519 antiqui
3345 3467 3409 3504 ac

1841 3536 2159 3606 principium
2197 3546 2280 3591 est
2309 3537 2578 3605 superbia,
2630 3552 2749 3605 qua:
2788 3537 3093 3607 ubicunque
3143 3540 3411 3593 subit-tta-

1841 3628 1995 3693 verit,
2034 3629 2272 3682 omnium
2302 3630 2554 3683 vitiorum
2591 3637 2709 3697 post
2735 3643 2791 3682 se
2817 3639 3022 3683 turmas
3050 3630 3230 3683 trahit.
3263 3630 3411 3685 lianc

1839 3734 2051 3787 quoque
2102 3719 2333 3771 maxime
2390 3718 2637 3773 conditor
2679 3726 2862 3771 noster
2887 3718 3220 3783 detestatur;
3264 3722 3403 3774 unde

1838 3817 1893 3862 et
1924 3810 1991 3863 de
2018 3824 2083 3863 eo
2109 3809 2370 3877 scriptum
2400 3816 2483 3861 est
2512 3827 2522 3860 :
2558 3808 2743 3863 Omnis
2772 3809 3097 3879 arrogantia,
3126 3810 3406 3863 abomina-

1839 3898 1912 3952 tio
1940 3906 2025 3952 cst
2050 3899 2190 3967 apud
2221 3898 2386 3952 Deum
2415 3915 2428 3963 ;
2459 3908 2513 3952 et
2543 3901 2666 3951 item
2695 3917 2707 3951 :
2743 3897 2964 3952 0dibilis
2986 3915 3160 3952 corum
3186 3901 3405 3954 Domino

1836 3998 1882 4043 et
1914 3989 2207 4042 hominibus
2236 3988 2477 4057 superbia
2516 3987 2704 4058 (Eccli.
2740 3987 2815 4059 χ).
2850 3989 2915 4041 Et
2935 3990 3059 4041 item
3096 4007 3107 4043 :
3148 3989 3406 4058 Superbis

1838 4081 1979 4134 Dens
2013 4079 2234 4143 resistit,
2283 4079 2573 4133 humilibus
2619 4088 2798 4133 autem
2828 4080 3056 4147 gratiam
3087 4080 3177 4133 dat
3220 4078 3401 4150 (Pi-ur.

1836 4172 1940 4239 in).
1986 4170 2274 4222 Maximum
2312 4178 2367 4223 et
2402 4170 2633 4237 primum
2665 4170 2859 4238 quippe
2904 4170 3098 4224 diaboli
3123 4182 3401 4239 peccatum

1838 4261 1938 4313 fuit
1963 4261 2209 4329 superbia
2238 4276 2252 4323 ;
2281 4269 2337 4313 et
2380 4260 2480 4312 hac
2533 4260 2776 4312 homines
2805 4260 3005 4328 primos
3031 4260 3276 4330 decepit;
3308 4278 3404 4314 un~

1834 4352 1901 4405 de
1939 4354 2195 4420 scriptum
2221 4361 2342 4405 est:
2384 4351 2601 4404 Initium
2640 4353 2893 4420 superbia:
2932 4352 3160 4405 homines
3190 4365 3401 4421 aposta-

1835 4453 1945 4494 tare
1982 4459 2013 4494 α
2042 4441 2152 4494 Deo
2184 4441 2303 4506 fecit
2329 4457 2346 4495 :
2372 4443 2619 4511 quoniam
2650 4442 2713 4493 nb
2768 4458 2827 4493 eo
2852 4443 2939 4509 qui
2972 4442 3092 4511 fecit
3128 4441 3275 4494 illum
3324 4460 3402 4495 re-

1834 4534 1981 4585 cessit
2014 4548 2105 4585 cor
2132 4532 2269 4599 ejus,
2291 4531 2537 4599 quoniam
2565 4532 2771 4583 initium
2801 4542 2872 4583 cst
2901 4532 3065 4583 omnis
3093 4534 3286 4599 peccati
3313 4550 3401 4585 su-

1830 4622 2165 4691 perbia:qui
2209 4622 2427 4674 tenuerit
2480 4621 2643 4682 illum,
2697 4620 3061 4689 adimplebitur
3088 4621 3398 4684 maledictis,

1830 4722 1875 4764 ct
1909 4712 2298 4766 subvertelt‘um
2319 4712 2368 4763 in
2398 4712 2570 4778 linem.
2615 4707 2892 4778 Propterea
2930 4711 3264 4762 calmuornrit
3298 4712 3401 4763 Do-

1831 4805 2000 4856 minus
2027 4813 2302 4855 conventus
2342 4800 2617 4863 mulorum,
2664 4811 2709 4853 et
2736 4800 2989 4852 destruxit
3037 4815 3122 4851 eos
3153 4817 3307 4867 usque
3346 4804 3396 4853 iu

1830 4893 2005 4958 linem.
2037 4890 2196 4943 Sedes
2241 4888 2431 4940 ducum
2484 4888 2819 4957 superborum
2859 4889 3114 4941 destruxit
3154 4889 3314 4951 Deus,
3348 4904 3392 4942 υτ

1833 4982 2010 5033 sedere
2034 4982 2152 5049 fecit
2180 4980 2324 5031 mites
2346 4996 2437 5047 pro
2470 4979 2591 5030 illis.
2626 4978 2847 5030 Radices
2893 4978 3119 5047 gentium
3148 4982 3394 5047 superbo-

1835 5088 1951 5123 rum
1985 5069 2194 5137 urefet‘it
2234 5068 2397 5129 Deus,
2428 5079 2473 5120 ct
2495 5066 2742 5137 plaulurit
2779 5067 3001 5121 Immites
3025 5083 3089 5121 ex
3124 5068 3247 5136 ipth
3273 5087 3394 5138 geu-

1832 5164 1987 5217 tibus.
2024 5162 2209 5215 Terras
2232 5162 2457 5229 gentium
2478 5160 2651 5213 evertit
2696 5156 2946 5210 Dominus
2987 5168 3033 5211 et
3059 5159 3278 5226 perdidit
3305 5176 3391 5213 eos

1820 5262 1981 5314 usque
1999 5244 2068 5295 nd
2085 5246 2507 5314 fundamentum.
2531 5242 2567 5291 Α
2585 5241 2765 5306 refucit
2784 5256 2845 5291 ('1'
2862 5240 3005 5304 ipsis.
3025 5250 3070 5289 et
3090 5240 3399 5305 disperdidit

1819 5337 1956 5390 illos.
1980 5348 2247 5389 elcrssnre
2274 5337 2392 5404 {erit
2419 5333 2724 5386 amatorium
2767 5349 2943 5384 eorum
2967 5351 2995 5382 ιι
3016 5342 3177 5385 terra.
3219 5331 3398 5385 Pri-:35-

1830 5433 1903 5485 dit
1937 5431 2075 5483 Deus
2126 5429 2426 5479 memoriam
2462 5426 2820 5495 superborum,
2860 5434 2906 5479 ct
2950 5426 3151 5494 ret't'quit
3204 5443 3393 5478 mcum-

1831 5525 1963 5574 rium
2014 5519 2286 5571 humilium
2341 5534 2493 5570 sensu
2541 5516 2729 5584 (Ifcclt'.
2761 5518 2836 5586 ι).
2883 5516 3217 5585 Quapmpter
3245 5520 3389 5569 ιιιιιιιί

1836 5610 1964 5661 vitio
1999 5608 2234 5661 deterior
2281 5615 2364 5659 est
2399 5605 2683 5673 superbia:
2722 5622 2841 5675 qua:
2869 5621 3008 5675 Stepe
3042 5616 3091 5659 ct
3129 5607 3194 5659 de
3240 5608 3392 5660 Lenis

1838 5701 2075 5755 nascitur
2100 5698 2325 5762 actibus,
2368 5698 2491 5750 dum
2521 5698 2679 5752 homo
2720 5698 2772 5751 in
2815 5698 2925 5752 suis
2965 5699 3113 5752 bonis
3142 5698 3392 5768 operibus
