3922 6348
443 357 538 410 sil

1083 352 1142 405 Β.
1189 349 1441 405 RABANI
1480 348 1698 404 MAUBI
1739 345 2062 402 ARClllEP.
2107 346 2421 406 MOG’UNT.
2460 347 2746 406 OPERUM
2788 349 2966 405 PARS
3004 349 3066 404 ll.

3619 344 3716 400 H9.

440 469 721 540 superbit;
751 477 808 524 et
855 478 978 539 post
1026 469 1128 524 hoc
1167 469 1346 539 perdit
1391 483 1488 538 per
1532 466 1839 536 superbiam
1883 466 2024 533 quod
2054 469 2101 524 Λ
2133 465 2202 518 ris
2228 467 2381 537 quasi
2407 483 2509 519 non
2541 467 2802 535 acceperis
2838 465 2886 534 (Ι
2912 463 3034 517 Gor.
3066 461 3184 535 Iv)?
3217 463 3358 534 Ergo
3380 479 3471 533 qui
3501 462 3716 532 aliquod

441 564 630 619 habuit
675 577 772 633 per
795 564 1142 618 charitatem.
1183 563 1316 618 Item
1353 561 1593 616 omnium
1627 560 1884 613 vitiorum
1924 575 2018 611 no-

442 655 717 709 vissimum
744 662 848 709 est.
880 652 1056 723 Super
1082 653 1169 708 bis
1207 651 1489 718 superbire
1541 649 1726 718 cmpit,
1773 657 1902 701 ante
1942 655 2025 699 est

441 743 546 799 ista
575 743 846 801 sententia
884 744 1156 814 ponenda,
1185 743 1252 798 de
1276 744 1390 797 alto
1418 741 1629 795 ruinam
1659 738 1808 793 facit.
1841 737 2030 792 Omnis

437 851 652 907 quoque
673 837 887 905 peccati
935 837 1174 899 initium,
1203 841 1263 888 ut
1298 834 1556 897 diximus,
1611 831 1864 902 superbia
1901 839 2025 890 est;

441 934 567 1003 quia
594 948 724 987 uum
753 933 933 988 anima
961 939 1229 1002 przecepta
1262 928 1562 984 contemnit
1585 925 1880 988 Creatoris,
1905 941 2028 977 mox

440 1027 497 1078 in
537 1024 826 1102 cujuslibet
875 1023 1085 1095 peccati
1142 1022 1347 1078 corruit
1399 1019 1650 1084 foveam;
1687 1033 1810 1072 nam
1853 1016 2031 1071 omnis

439 1114 694 1184 superbia
734 1123 888 1169 tanto
912 1114 966 1168 in
996 1115 1105 1168 imo
1135 1110 1284 1182 jacet
1307 1118 1510 1181 quanto
1540 1109 1592 1162 in
1637 1108 1802 1162 altum
1833 1121 1891 1161 se
1919 1106 2031 1159 cri-

441 1205 540 1273 git,
584 1199 848 1274 tantoque
898 1203 1218 1274 profundius
1265 1200 1468 1256 labitur
1511 1206 1715 1268 quanto
1765 1197 2034 1252 excelsius

439 1297 701 1350 elevatur.
733 1295 837 1364 Qui
864 1297 1009 1351 enim
1049 1310 1148 1364 per
1174 1292 1450 1364 propriam
1489 1289 1798 1360 superbiam
1831 1287 2032 1342 attolli-

443 1399 554 1452 tur,
576 1403 674 1458 per
701 1389 795 1443 Dei
820 1387 1088 1456 justitiam
1112 1386 1423 1440 damnatur.
1447 1382 1602 1438 Unde
1626 1382 1885 1451 scriptum
1911 1390 1992 1434 est
2017 1399 2030 1433 :

443 1478 576 1532 Arne
606 1480 815 1533 ruinam
853 1478 1087 1532 hominis
1134 1475 1401 1531 excitatur
1443 1475 1662 1545 spiritus
1707 1474 1824 1544 ejus
1849 1473 2030 1543 (Prov.

445 1571 578 1642 xu).
611 1571 773 1650 Ergo,
803 1571 1022 1640 fratres,
1054 1571 1186 1625 nihil
1218 1570 1388 1639 magis
1423 1568 1735 1624 Christiano
1757 1568 2034 1622 vitandum

443 1671 529 1718 cst
554 1679 716 1733 quam
771 1663 1043 1733 superbia,
1083 1678 1205 1732 qua:
1246 1662 1382 1715 iram
1419 1660 1511 1714 Dei
1553 1668 1854 1730 provocat:
1908 1675 2014 1713 nan

444 1755 696 1826 superbia
724 1770 788 1810 ex
819 1754 1024 1826 angelis
1057 1754 1332 1810 daemones
1361 1751 1507 1816 fecit,
1541 1750 1819 1806 humilitas
1848 1760 2031 1804 autem

2128 558 2326 611 donum
2358 551 2450 610 Dei
2481 557 2619 623 quod
2669 557 2866 611 meruit
2897 558 2949 611 in
2978 571 3128 610 suam
3163 556 3374 610 laudem
3425 555 3716 620 convertit,

2127 648 2316 716 procul
2358 648 2519 702 dubio
2577 651 2830 701 virtutem
2869 648 2920 700 in
2954 647 3142 700 vitium
3200 644 3498 712 transfert,
3537 655 3593 701 et
3619 647 3716 701 bo-

2130 753 2256 791 num
2293 738 2436 807 quod
2464 737 2591 793 fecit
2632 738 2683 791 in
2713 747 2995 807 peccatum
3029 755 3041 790 :
3076 753 3201 791 cum
3248 738 3393 792 enim
3421 751 3586 793 causa
3627 736 3717 806 ja-

2129 832 2348 885 ctantiae
2376 833 2618 901 pascitur
2647 847 2868 902 pauper,
2903 832 3066 888 etiam
3105 832 3281 901 ipsum
3333 832 3722 887 misericordias

2129 937 2264 993 opus
2297 923 2346 976 in
2389 935 2670 994 peccatum
2701 925 3039 979 convertitur
3065 941 3079 989 ;
3117 925 3283 993 igitur
3312 940 3536 980 necesse
3557 934 3637 978 est
3665 934 3724 978 ut

2129 1014 2390 1084 quidquid
2419 1016 2579 1068 homo
2625 1015 2749 1069 boni
2782 1024 2925 1085 agat,
2959 1015 3069 1069 Deo
3107 1025 3313 1083 quaerat
3347 1015 3586 1077 laudem,
3617 1029 3720 1067 non

2133 1106 2260 1169 sibi,
2298 1107 2436 1160 sicut
2489 1106 2604 1175 ipse
2639 1106 2897 1162 Dominus
2945 1107 2998 1160 in
3039 1107 3328 1178 Evangelio
3357 1107 3434 1161 ait
3466 1128 3477 1160 :
3511 1107 3602 1162 Sic
3635 1108 3722 1159 Iu-

2132 1195 2360 1251 ceatlux
2403 1208 2570 1250 vestra
2621 1213 2796 1250 coram
2836 1197 3158 1262 hominibus,
3204 1208 3257 1250 ut
3304 1199 3509 1250 rideant
3567 1214 3725 1266 opera

2131 1298 2304 1342 vestra
2328 1288 2484 1352 bona,
2519 1299 2564 1342 et
2591 1288 2879 1359 gloriﬁcent
2917 1287 3124 1343 Patrem
3155 1302 3404 1356 vestrum,
3429 1290 3517 1360 qui
3539 1290 3594 1342 in
3620 1305 3724 1342 cae-

2137 1377 2202 1430 lis
2240 1387 2312 1431 est
2353 1376 2567 1448 (Matth.
2601 1379 2675 1446 v).
2729 1378 2934 1447 Itaque,
2969 1377 3166 1434 fratres
3221 1381 3324 1434 mei
3363 1379 3725 1443 amantissimi

2135 1479 2186 1523 et
2225 1469 2728 1535 desiderantissimi,
2756 1478 2943 1524 cavete
2985 1471 3315 1540 superbiam,
3345 1471 3431 1525 cui
3468 1472 3613 1525 Deus
3646 1487 3730 1524 re-

2136 1564 2318 1628 sistit;
2351 1562 2516 1617 vitate
2542 1562 2884 1633 jactantiam,
2917 1577 3035 1632 quae
3068 1563 3178 1616 Deo
3201 1561 3447 1632 displicet
3474 1581 3486 1615 :
3521 1561 3732 1616 abomi-

2137 1652 2335 1708 namini
2360 1653 2742 1722 arrogantiam,
2765 1667 2885 1722 qua:
2914 1653 3244 1708 abouninatio
3278 1663 3361 1707 est.
3382 1669 3567 1708 coram
3590 1654 3725 1707 Deo.

2142 1743 2345 1798 llabete
2367 1759 2582 1814 semper
2615 1743 2669 1798 in
2701 1745 2846 1798 omni
2885 1745 3294 1799 conversatione
3323 1752 3501 1799 vestra
3552 1745 3732 1799 humi-

442 1821 691 1904 hoinines
739 1821 944 1902 sanctis
995 1845 1200 1916 angelis
1247 1844 1454 1898 similes
1505 1843 1757 1897 reddidit.
1803 1841 2030 1911 Superbi
2066 1821 2111 1879 Β
2143 1837 2371 1901 lilalcm,
2409 1837 2686 1892 Custodem
2717 1837 3016 1903 virtutum;
3051 1845 3233 1892 tenete
3266 1837 3410 1891 illam
3456 1837 3509 1890 in
3542 1838 3733 1900 corde,

444 1938 670 2009 cupiunt
700 1939 755 1993 in
783 1952 842 1993 se
876 1937 1159 2007 praedicari
1188 1936 1332 2006 quod
1362 1951 1466 1989 non
1517 1935 1742 1999 faciunt,
1798 1934 2033 1989 humiles

449 2027 723 2098 refugiunt
766 2027 1025 2099 quidquid
1075 2027 1203 2082 boni
1259 2035 1577 2096 operantur,
1629 2025 1872 2096 agnosci.
1917 2024 2034 2078 Non

446 2118 691 2174 elevetur
748 2131 881 2185 ergo
928 2118 1094 2172 homo
1139 2116 1191 2170 in
1227 2115 1371 2170 bono
1409 2130 1527 2178 suo,
1569 2129 1668 2169 nec
1695 2114 1908 2168 laudem
1935 2113 2035 2169 sibi

447 2215 675 2278 quaerat,
708 2207 958 2277 quamvis
996 2205 1198 2275 aliquid
1223 2205 1350 2260 boni
1383 2204 1584 2259 faciat:
1615 2205 1708 2260 sed
1735 2205 1900 2259 Deum
1932 2204 2040 2257 latt-

448 2299 566 2354 dari
589 2299 770 2368 cupiat
807 2297 862 2352 in
899 2297 1058 2352 donis
1097 2296 1231 2361 suis,
1270 2296 1362 2366 qui
1406 2296 1540 2350 nihil
1590 2296 1716 2350 boni
1764 2295 1894 2349 facit
1935 2294 2039 2349 nisi

451 2391 595 2461 quod
623 2392 764 2448 Deus
792 2390 1016 2445 donavit
1054 2390 1104 2444 ei
1134 2388 1318 2444 facere
1351 2407 1365 2443 :
1403 2390 1548 2444 unde
1593 2390 1660 2444 ad
1691 2403 1814 2444 eum
1846 2397 2038 2444 cuncta

452 2485 615 2540 debet
652 2483 858 2538 referre
895 2498 1018 2552 qua:
1045 2484 1184 2537 bene
1237 2481 1387 2546 facit,
1418 2497 1523 2536 non
1555 2483 1621 2536 ad
1669 2482 2037 2550 semetipsum.

453 2574 713 2629 Dominus
767 2587 1003 2642 namque
1040 2571 1172 2626 dicit
1201 2571 1253 2625 in
1307 2572 1598 2639 Evangelio
1631 2590 1642 2623 :
1677 2571 1941 2625 Attendite
1979 2588 2040 2624 ne

452 2663 711 2731 iustitiam
738 2671 964 2715 vestram
992 2661 1205 2729 faciatis
1235 2676 1412 2714 raram
1436 2659 1756 2724 hominibus,
1778 2669 1835 2712 ut
1865 2659 2041 2713 videa-

455 2754 586 2808 mini
620 2753 685 2806 ab
708 2752 784 2806 eis
811 2751 1028 2823 (Matth.
1056 2754 1131 2820 vn)
1160 2767 1174 2815 ;
1211 2751 1265 2803 id
1291 2757 1394 2814 est,
1426 2757 1486 2803 ut
1511 2764 1616 2802 non
1657 2763 1720 2802 ea
1750 2749 2046 2803 intentione

459 2843 671 2897 faciatis
701 2843 841 2896 bona
869 2840 1013 2910 quod
1039 2841 1108 2894 ab
1154 2839 1467 2894 hominibus
1493 2853 1685 2892 vanam
1713 2837 1927 2893 laudem
1948 2837 2046 2892 ha-

458 2933 652 2989 beatis.
689 2931 796 2986 Sed
841 2931 1104 3001 quidquid
1161 2928 1373 2983 faciatis
1408 2928 1553 2990 boni,
1589 2943 1686 2996 pro
1734 2927 1826 2981 Dei
1860 2941 2046 2981 amore

458 3032 514 3076 et
547 3023 718 3076 salute
756 3022 950 3075 animm
980 3028 1175 3074 vestrae
1218 3027 1272 3072 et
1316 3017 1555 3073 fraterna
1587 3019 1854 3076 charitate
1884 3017 2033 3072 facia-

460 3117 549 3168 tis.
583 3114 707 3168 ldeo
736 3115 851 3181 ipse
873 3111 1134 3167 Dominus
1160 3111 1297 3165 dixit
1323 3110 1391 3164 de
1416 3110 1736 3180 quibusdam
1761 3110 1853 3179 qui
1902 3109 2047 3165 elee-

2138 1928 2406 1982 ostendite
2434 1927 2489 1981 in
2514 1941 2786 1990 sermone,
2815 1936 3026 1983 servate
3054 1928 3106 1982 in
3139 1942 3303 1997 opere
3337 1947 3348 1981 :
3381 1937 3436 1982 et
3465 1928 3734 1997 quidquid

2137 2019 2262 2074 boui
2317 2029 2410 2073 aut
2463 2020 2516 2073 in
2549 2018 2739 2084 verbo,
2788 2027 2883 2072 aut
2913 2019 2965 2072 iu
2999 2033 3165 2089 Opere
3217 2019 3407 2088 agatis,
3457 2019 3733 2072 omniain

2140 2109 2363 2179 gloriam
2397 2109 2490 2162 Dei
2514 2109 2694 2172 facite,
2721 2108 2966 2163 dicentes
2990 2109 3112 2162 cum
3137 2107 3404 2178 Pmpheta
3432 2123 3446 2158 :
3486 2106 3612 2160 Non
3634 2124 3736 2161 no-

2141 2199 2237 2262 bis,
2271 2197 2506 2261 Domine,
2535 2213 2638 2250 non
2671 2197 2842 2262 nobis,
2871 2197 2961 2250 sed
3011 2197 3210 2250 nomini
3257 2207 3347 2250 tuo
3387 2197 3456 2250 da
3500 2196 3735 2268 gloriam

2142 2289 2314 2362 (Psal.
2390 2303 2517 2344 cxm
2571 2289 2609 2362 ).
2643 2288 2841 2359 Sicque
2865 2289 3092 2359 potestis
3133 2304 3347 2358 pmnam
3377 2288 3617 2360 eﬂ‘ugcre
3638 2305 3737 2361 ge-

2145 2388 2354 2444 hennae,
2385 2397 2546 2450 quam
2575 2388 2852 2434 merentur
2899 2381 3141 2449 superbi,
3173 2390 3228 2433 et
3257 2381 3324 2434 ad
3350 2395 3572 2449 regnum
3602 2397 3738 2450 per-

2144 2473 2327 2526 venire
2360 2471 2604 2535 cmleste,
2629 2470 2772 2540 quod
2809 2478 3086 2524 merentur
3132 2469 3361 2524 humiles
3390 2488 3402 2524 :
3432 2481 3741 2541 praestante

2147 2563 2373 2616 Domino
2400 2570 2587 2615 nostro
2615 2560 2742 2615 Jesu
2774 2559 3012 2622 Christo,
3064 2560 3154 2630 qui
3185 2574 3307 2614 cum
3333 2559 3497 2615 Patre
3522 2571 3580 2616 et
3605 2561 3739 2632 Spi-

2147 2654 2250 2707 ritu
2303 2661 2491 2707 sancto
2529 2653 2662 2706 vivit
2691 2660 2745 2706 et
2777 2661 2966 2724 regnat
2996 2652 3157 2717 Deus,
3188 2668 3284 2722 per
3310 2653 3490 2706 omnia
3525 2655 3733 2710 szecula

2147 2745 2485 2800 saeculorum.
2512 2743 2703 2800 Amen.

2719 2834 2998 2891 HOMILIA
3053 2835 3164 2891 LX.

2391 2941 2456 2979 DE
2486 2941 2770 2982 IRACUNDIA
2799 2943 2866 2980 ΕΤ
2903 2943 3179 2982 HOIICIDIO
3204 2943 3463 2983 CAVENDO.

2226 3017 2481 3072 Dominus
2509 3018 2669 3089 igitur
2699 3027 2752 3072 et
2775 3017 3025 3075 Salvator
3062 3029 3268 3087 noster,
3297 3019 3494 3076 fratres
3518 3022 3742 3076 charis-

2152 3110 2296 3170 simi,
2334 3125 2431 3164 suo
2458 3110 2622 3163 verbo
2663 3125 2866 3187 suoque
2896 3111 3139 3182 exemplo
3167 3112 3234 3166 ad
3265 3115 3739 3168 mansuetudinem

464 3214 745 3274 mosyuam
783 3201 1009 3265 faciunt,
1033 3201 1114 3254 vel
1149 3201 1426 3255 orationes
1450 3207 1505 3253 et
1527 3199 1751 3270 jejunia,
1777 3209 1835 3253 ut
1862 3202 1929 3254 ab
1951 3200 2049 3254 ho-
2076 3175 2120 3236 (ἶ
2152 3209 2208 3254 et
2239 3201 2550 3270 patientiam
2579 3183 2675 3255 nos
2714 3202 3020 3270 instituens,
3053 3205 3145 3258 ira:
3173 3213 3231 3259 et
3260 3204 3457 3261 furoris
3494 3207 3738 3276 pertina-

465 3295 704 3348 minihns
731 3293 949 3347 laudem
989 3292 1262 3361 accipiant
1289 3310 1300 3345 :
1330 3292 1489 3344 Amen
1517 3291 1634 3345 dico
1657 3290 1816 3356 vobis,
1849 3308 2051 3362 recepe-

455 3396 584 3441 runt
634 3384 920 3439 mercedem
976 3401 1126 3437 suam
1173 3380 1527 3454 (Ibid.).Qui
1585 3397 1685 3449 pro
1733 3396 1798 3437 eo
1849 3385 2048 3440 bonum

458 3475 738 3547 quodlibet
775 3474 905 3529 facit
941 3485 1001 3528 ut
1052 3475 1119 3527 ab
1165 3472 1473 3528 hominibus
1524 3473 1790 3537 laudetur,
1821 3473 1937 3526 haec
1967 3480 2056 3525 est

458 3581 673 3621 merces
723 3565 865 3619 illius
893 3579 1055 3635 quam
1097 3563 1366 3633 quazsivit,
1409 3570 1467 3617 et
1494 3561 1693 3616 nullam
1721 3577 1752 3615 a
1779 3561 1888 3615 Deo
1932 3575 2053 3629 spe-

465 3671 586 3711 rare
622 3657 785 3710 habet
821 3654 1231 3709 retributionem
1256 3669 1270 3718 ;
1313 3653 1438 3721 quia
1466 3667 1564 3721 pro
1587 3651 1705 3722 ejus
1731 3665 1916 3705 amore
1944 3665 2048 3704 non

463 3746 616 3810 fecit,
645 3745 742 3801 sed
787 3759 886 3814 pro
921 3758 1058 3797 vana
1091 3744 1344 3797 humana:
1385 3742 1562 3796 laudis
1591 3739 1878 3809 iactantia,
1910 3739 2052 3795 sicut

465 3834 762 3906 hypocrita:
813 3833 996 3888 facere
1046 3831 1241 3887 solent.
1284 3830 1462 3897 Quod'
1501 3830 1692 3883 vitium
1745 3828 2053 3884 hominibus

463 3926 709 3998 placendi
737 3926 791 3980 in
821 3925 977 3980 bonis
1029 3924 1306 3994 operibus,
1339 3922 1596 3978 Dominus
1627 3921 1880 3976 Christus
1909 3920 2050 3975 mul-

465 4030 578 4071 tum
602 4018 923 4076 detestatur.
963 4022 1018 4070 et
1041 4014 1238 4082 saepius
1264 4011 1584 4076 Pharisaeos,
1635 4011 1728 4080 qui
1767 4010 1902 4066 tales
1929 4009 2050 4066 fue-

467 4118 595 4163 runt
647 4109 702 4163 in
751 4107 958 4171 Judtea,
992 4105 1219 4161 terribili
1269 4106 1504 4175 percutit
1543 4103 1946 4171 maledictione,
1971 4104 2055 4159 di-

464 4216 594 4255 cens
621 4218 634 4253 :
703 4198 792 4254 Va:
843 4199 1005 4263 vobis,
1047 4198 1330 4268 hypocrita:
1360 4195 1579 4266 (Matth.
1606 4194 1784 4267 mu).
1812 4194 1942 4261 Sed,
1971 4211 2054 4251 se-

463 4291 700 4346 cundum
760 4288 1096 4360 Apostolum,
1137 4288 1227 4359 qui
1278 4286 1554 4358 gloriatur,
1594 4286 1649 4339 in
1690 4286 1916 4340 Domino
1941 4286 2054 4356 glo-

465 4379 691 4450 rieturU
718 4376 840 4433 Cor.
871 4377 932 4450 ι).
951 4376 1052 4445 Qui
1069 4377 1212 4432 enim
1237 4375 1450 4431 laudem
1472 4390 1578 4429 non
1599 4375 1826 4444 appetit,
1841 4389 2052 4445 uecpro

462 4469 792 4525 contumelia
821 4468 1193 4532 conturbatur,
1226 4482 1327 4522 nec
1355 4466 1477 4520 ideo
1527 4481 1586 4520 se
1623 4467 1823 4520 bonum
1865 4465 2053 4520 existi-

464 4571 575 4618 met
586 4562 769 4625 homo,
785 4561 1033 4630 quamvis
1043 4560 1112 4615 ab
1125 4560 1231 4613 alio
1246 4558 1513 4623 laudatur,
1525 4558 1648 4627 quia
1663 4558 1730 4611 ab
1743 4557 1867 4611 aliis
1882 4555 2055 4627 qualis

464 4652 538 4708 sit
567 4652 713 4707 intus
742 4652 1023 4723 ignoratur
1047 4667 1062 4716 ;
1092 4651 1186 4705 sed
1215 4650 1318 4705 hoc
1350 4649 1552 4719 cogitet
1575 4649 1701 4718 quia
1750 4649 1893 4703 Deus
1936 4647 2055 4718 ejus

465 4746 739 4814 inspector
761 4752 845 4798 est
880 4743 1100 4798 cordis:
1145 4741 1274 4812 quid
1302 4741 1523 4810 prodest
1567 4739 1714 4794 malo
1742 4738 1967 4804 homini,
2004 4738 2051 4793 si

463 4834 639 4890 bonus
681 4834 1047 4904 praedicetur?
1075 4832 1229 4887 Tunc
1268 4846 1400 4902 ergo
1451 4831 1720 4887 veraciter
1771 4832 1873 4886 hoc
1904 4829 2048 4899 quod

462 4926 578 4997 agit
599 4927 762 4981 homo
810 4926 1012 4980 bonum
1040 4931 1146 4988 est,
1198 4923 1414 4994 quando
1460 4920 1674 4992 placere
1715 4921 2047 4976 desiderata

462 5033 572 5090 quo
593 5017 755 5074 habet
780 5016 1042 5088 quidquid
1071 5016 1197 5070 boni
1228 5015 1412 5080 habet,
1440 5014 1526 5072 vel
1576 5012 1708 5068 facit
1740 5027 1861 5083 quae
1907 5014 2048 5068 bona

463 5124 626 5182 agere
651 5109 881 5164 videtur.
908 5109 976 5163 Et
1021 5109 1112 5178 qui
1143 5121 1239 5177 per
1273 5108 1388 5168 htEC
1427 5121 1532 5161 nou
1571 5106 1702 5170 Deo,
1746 5105 1840 5160 sed
1876 5107 2051 5162 homi-

464 5199 626 5254 nibus
677 5195 894 5268 placere
945 5197 1114 5266 cupit,
1170 5197 1224 5251 in
1262 5210 1461 5250 vanum
1509 5195 1719 5249 laborat
1744 5202 1798 5249 et
1825 5194 1879 5247 in
1915 5211 2049 5250 ven-

468 5297 583 5343 tum
605 5287 856 5344 supinat.
903 5286 1155 5359 lagnum
1181 5301 1242 5343 se
1267 5285 1640 5357 unusquisque
1668 5301 1789 5340 esse
1835 5286 2045 5342 studeat

461 5379 522 5435 in
547 5379 663 5436 suis
682 5380 958 5451 operibus,
1006 5380 1102 5434 sed
1134 5379 1202 5435 de
1229 5376 1596 5450 magnitudine
1624 5390 1721 5430 sua
1753 5377 2047 5433 humanum

466 5481 807 5542 nonquzrat
846 5470 1107 5535 favorem,
1137 5486 1208 5527 ne
1244 5470 1438 5542 perdat
1476 5467 1618 5538 quod
1657 5470 1864 5534 habuit,
1899 5479 1956 5524 et
1980 5472 2051 5524 sit

465 5574 668 5630 parvus
695 5559 891 5617 factus.
925 5561 1177 5632 Increpat
1201 5576 1296 5616 eos
1315 5562 1508 5616 beatus
1551 5556 1747 5613 Paulus
1779 5560 2054 5628 apostolus
2087 5630 2091 5634 ,

464 5651 562 5718 qui
593 5649 647 5705 in
676 5651 791 5707 suis
819 5650 1122 5722 gloriantur
1145 5649 1464 5712 benefactis,
1495 5649 1709 5703 dicens:
1731 5646 1872 5712 Quid
1893 5649 2050 5703 habes

466 5739 607 5800 md
629 5757 733 5795 non
757 5743 1002 5796 accepisti
1028 5742 1055 5795 .’
1089 5739 1147 5795 Si
1172 5749 1348 5794 autem
1375 5739 1643 5807 accepisti,
1683 5737 1810 5804 quid
1857 5738 2052 5808 g!oria—

2153 3294 2291 3348 ciam
2321 3293 2536 3362 penitus
2586 3294 2879 3359 abdicavit,
2910 3305 2968 3349 ut
2996 3297 3099 3352 hoc
3125 3298 3264 3366 quod
3291 3297 3448 3368 Legis
3475 3301 3736 3353 mandato

2157 3383 2377 3453 implere
2418 3400 2522 3438 non
2568 3385 2755 3450 valuit,
2782 3386 3055 3458 Evangelii
3089 3398 3564 3446 consummarctur
3591 3407 3735 3460 prm-

2157 3485 2330 3544 cepto.
2370 3475 2478 3530 Lex
2514 3477 2657 3530 cnim
2714 3477 3064 3532 homicidium
3113 3479 3406 3548 prohibuit,
3458 3481 3553 3534 sed
3607 3482 3735 3550 quia

2157 3564 2316 3619 irasci
2368 3566 2633 3634 permisit,
2687 3568 2829 3635 quod
2881 3569 3230 3622 seminarium
3295 3577 3380 3625 est
3430 3571 3733 3634 homicidii,

2157 3659 2330 3727 ipsum
2358 3660 2546 3713 vitium
2588 3658 2827 3729 perfecte
2855 3675 2959 3714 non
3015 3661 3250 3715 abstulit.
3284 3661 3612 3732 Redemptor
3636 3663 3738 3715 ita-

2155 3764 2261 3818 que
2291 3758 2491 3815 noster,
2529 3751 2619 3820 qui
2651 3767 2756 3804 non
2783 3753 2926 3806 venit
2957 3753 3125 3822 legem
3157 3753 3388 3818 solvere,
3431 3754 3525 3808 sed
3555 3754 3734 3808 adim-

2154 3841 2320 3910 plere,
2351 3843 2401 3895 id
2433 3844 2574 3911 quod
2616 3843 2668 3897 in
2699 3844 2813 3914 lege
2842 3845 3020 3898 minus
3059 3844 3179 3917 fuit,
3207 3860 3302 3900 sua
3334 3845 3613 3900 sanctione
3642 3847 3738 3899 ad-

2156 3932 2414 4002 implevit,
2450 3933 2543 3987 ira:
2568 3917 2902 3989 occasionem
2929 3935 3121 3990 tollens
3151 3953 3165 3989 :
3196 3944 3251 3989 et
3293 3951 3396 3990 non
3423 3935 3597 3991 solum
3627 3953 3735 3991 non

2157 4022 2340 4087 irasci,
2373 4023 2458 4078 vel
2506 4039 2610 4083 non
2640 4025 2888 4081 occidere
2927 4024 3108 4093 jussit,
3140 4027 3268 4095 quin
3318 4027 3479 4081 etiam
3507 4027 3736 4085 adversa

2155 4129 2369 4184 quoque
2398 4115 2466 4170 ab
2489 4116 2610 4171 aliis
2660 4116 2917 4186 irrogata,
2950 4117 3346 4188 patientissime
3373 4133 3472 4174 nos
3503 4108 3738 4174 tolerare

2153 4204 2428 4275 praecepit.
2458 4203 2540 4258 lra
2570 4206 2714 4261 enim
2751 4215 2833 4260 est
2858 4207 3108 4276 qumdam
3136 4208 3316 4277 passio
3345 4209 3564 4271 mentis,
3588 4225 3733 4280 quac,

2155 4294 2198 4349 si
2226 4294 2435 4348 ratione
2486 4309 2591 4349 non
2645 4294 2866 4365 regitur,
2922 4297 2974 4350 in
3006 4294 3247 4351 furorem
3284 4297 3535 4364 vertitur,
3572 4297 3647 4353 ita
3678 4309 3737 4352 ut

2153 4385 2317 4438 homo
2342 4383 2422 4439 sui
2451 4383 2915 4452 animi,impotens
2941 4385 3052 4451 (lat,
3080 4383 3285 4440 faciens
3306 4387 3445 4456 quod
3476 4403 3583 4442 nou
3611 4403 3738 4443 cou-

2082 4475 2322 4574 Dvenit.
2363 4469 2488 4529 Hec
2538 4475 2684 4529 enim
2736 4474 2780 4529 si
2841 4475 3005 4530 corde
3055 4475 3273 4542 insedit,
3303 4475 3738 4533 omncm'eximit

2163 4565 2550 4635 providentiam
2573 4567 2642 4620 ab
2674 4581 2739 4621 eo
2768 4565 2913 4632 facti,
2944 4583 3045 4622 nec
3068 4566 3329 4638 judicium
3362 4577 3507 4625 recte
3532 4571 3736 4626 discre~

2162 4657 2323 4713 tionis
2374 4657 2672 4727 inquirere,
2693 4672 2794 4713 nec
2833 4659 3071 4716 honesta:
3097 4660 3585 4730 contemplationis
3615 4653 3739 4718 vir:

2162 4755 2294 4806 tute.
2326 4761 2428 4801 nec
2463 4747 2827 4826 maturitatem
2870 4748 3079 4825 consilii
3117 4749 3320 4804 haltere
3372 4751 3592 4820 poterit,
3639 4751 3734 4806 sed

2157 4836 2339 4890 omnia
2369 4850 2467 4908 per
2502 4836 2857 4908 praecipitium
2882 4837 3152 4908 quoddam
3187 4837 3366 4894 facere
3403 4840 3634 4894 videtur.
3663 4840 3736 4896 De

2156 4942 2260 4996 qua
2293 4926 2434 4981 idem
2471 4926 2904 4996 pullulattumor
2937 4926 3154 4992 mentis,
3180 4928 3331 4991 rixae.
3369 4929 3734 4994 contumeliae,

2159 5015 2384 5078 clamor,
2440 5014 2756 5085 indignatio,
2804 5001 3582 5086 prmsumptio,'l-laspbemiae,
3610 5033 3736 5072 san-

2155 5107 2334 5178 guinis
2389 5105 2602 5173 eﬂ'usio,
2642 5107 2956 5172 homicidia,
3006 5107 3298 5162 ulciscendi
3328 5108 3616 5177 cupiditas,
3651 5109 3736 5162 in.

2149 5198 2415 5266 juriarum
2447 5198 2726 5253 memoria.
2761 5197 2890 5264 Quae
2931 5199 3166 5253 vincitur
3212 5214 3310 5267 per
3333 5199 3647 5268 patientiam
3679 5210 3736 5254 et

2156 5287 2655 5358 longanimitatem,
2719 5297 2776 5343 et
2835 5305 2931 5359 per
2996 5289 3256 5344 rationem
3321 5289 3734 5346 intellecmalem

2156 5387 2319 5446 quam
2355 5379 2497 5433 Deus
2523 5377 2711 5432 inserit
2739 5378 3010 5433 mentibus
3032 5379 3306 5443 humanis,
3333 5387 3389 5434 et
3414 5395 3514 5449 pcr
3551 5395 3738 5435 recor-

2157 5468 2429 5522 dationem
2484 5465 2759 5523 Orationis
2791 5467 3101 5531 Dominicaa,
3129 5467 3218 5523 ubi
3251 5470 3362 5523 Deo
3381 5470 3615 5524 dicitur:
3644 5469 3738 5524 Di-

2155 5559 2299 5612 mitte
2327 5558 2471 5612 nobis
2497 5557 2666 5610 debita
2697 5567 2898 5620 nostra,
2939 5558 3070 5615 sicut
3098 5567 3144 5610 et
3185 5574 3276 5611 nos
3315 5558 3624 5610 dimittimus
3649 5559 3740 5612 de-

2157 5648 2408 5701 bitoribus
2445 5647 2654 5700 nostris.
2705 5645 3042 5718 Quapropter
3068 5647 3112 5701 si
3163 5647 3306 5700 illam
3356 5663 3621 5701 summam
3649 5648 3704 5701 di
3744 5709 3746 5711 ν

2159 5738 2266 5791 vini
2299 5737 2502 5806 prtemii
2537 5737 2782 5805 rupimus
2809 5735 3056 5805 adipisci,
3088 5736 3154 5791 de
3186 5753 3291 5807 quo
3317 5737 3551 5792 dicitur:
3583 5735 3747 5790 Beati
