3922 6342
178 423 268 479 {l3

1095 420 1399 477 llOMiLlIE
1438 420 1526 473 DE
1564 415 1803 472 FESTIS
1840 418 2251 485 PRJ‘ICIPUIS,
2290 419 2441 476 ETC.

3295 425 3395 477 1H

173 539 349 592 mundo
372 535 549 601 corde,
582 535 825 604 quoniam
858 536 957 605 ipsi
998 536 1162 591 Deum
1191 536 1434 589 videbunt
1457 549 1478 597 ;
1516 547 1621 586 non
1640 544 1728 585 so-
1752 535 1803 591 A
1830 531 2007 602 gladio
2031 534 2277 602 persequi
2303 549 2407 588 non
2435 541 2632 604 potest,
2660 536 3002 605 persequitur
3029 537 3292 592 oratione.
3330 540 3397 593 Et

172 625 269 681 lum
296 627 401 679 [nec
426 640 457 678 e
498 626 702 679 nostris
730 626 935 679 actibus
963 626 1290 695 amputanda
1310 633 1413 687 est,
1445 623 1540 678 sed
1561 623 1725 677 etiam

172 715 231 769 de
253 715 463 768 mternis
489 716 684 769 animm
738 716 994 770 radicitus
1025 715 1392 785 exstirpanda.
1437 712 1553 767 Non
1580 711 1724 767 enim

173 806 311 860 valde
333 807 577 876 proderit
625 807 916 861 iracundia:
945 808 1215 863 cohibitus
1270 806 1420 860 furor
1446 806 1498 860 in
1536 804 1723 869 verbo,

171 908 261 949 nec
301 894 352 948 in
393 892 642 949 effectum
690 894 951 965 prolatus,
1002 896 1046 950 si
1074 896 1219 949 illam
1256 896 1468 949 arcanis
1493 892 1726 963 pecteris

171 984 327 1039 nostri
351 984 513 1049 Deus,
551 999 712 1053 quem
764 992 972 1039 secreta
1010 986 1254 1040 eordiutn
1284 999 1390 1038 non
1422 983 1609 1045 latent,
1640 983 1723 1037 in-

171 1091 278 1131 esse
302 1076 653 1144 perspexerit.
686 1075 853 1141 Quasi
883 1090 1009 1130 vero
1041 1076 1292 1130 universa
1323 1074 1587 1128 virulenta
1619 1089 1725 1128 ser

168 1168 389 1239 pentiam
415 1183 612 1238 genera
642 1167 724 1220 vel
753 1166 1011 1232 ferarum,
1041 1183 1163 1222 cum
1192 1168 1246 1221 in
1275 1166 1561 1221 solitudine
1587 1166 1727 1219 suis-

169 1271 264 1326 que
289 1254 550 1321 cubilibus
572 1255 949 1321 immorantur,
990 1255 1206 1310 innoxia
1229 1264 1596 1325 perseverent,
1628 1268 1726 1307 nec

171 1354 333 1400 tamen
360 1359 422 1399 ex
450 1359 517 1400 eo
541 1346 882 1415 pronuntiari
917 1354 1146 1415 possunt
1188 1346 1404 1400 innoxia
1439 1346 1563 1416 quia
1593 1344 1724 1398 nulli

169 1442 398 1501 noceant,
429 1434 533 1489 hoc
551 1435 694 1490 enim
719 1436 801 1490 eis
829 1451 936 1491 non
985 1434 1234 1491 allectum
1264 1433 1535 1507 [allectus]
1566 1434 1724 1489 boni—

172 1530 307 1592 tatis,
352 1530 445 1585 sed
498 1530 796 1586 necessitas
823 1528 1145 1585 solitudinis
1167 1528 1417 1594 confert;
1454 1544 1574 1599 quae
1600 1543 1722 1583 cum

167 1617 371 1675 laedendi
399 1630 559 1675 nacta
586 1618 1034 1689 fuerintcopiam,
1084 1620 1137 1673 in
1182 1618 1487 1688 semetipsis
1537 1632 1725 1671 recon-

168 1710 324 1766 ditum
353 1709 503 1766 virus
549 1718 605 1766 et
649 1710 846 1765 anima:
894 1708 1166 1764 feritatem
1204 1714 1453 1779 protinus
1499 1715 1726 1775 egerunt

165 1806 315 1868 atque
347 1797 737 1852 demonstrant.
788 1796 1022 1852 Radices
1074 1796 1219 1850 enim
1259 1794 1512 1850 vitiorum
1544 1793 1725 1863 potius

1826 625 1968 679 vivet
2000 624 2175 680 adhuc
2202 628 2293 696 qui
2332 628 2686 693 maledicitur,
2714 637 2767 682 et
2799 637 2976 682 tamen
3017 630 3062 683 is
3110 631 3201 699 qui
3228 632 3397 686 male~

1827 716 1957 770 dicit
1977 716 2090 785 jam
2116 717 2183 771 de
2220 727 2395 773 morte
2444 718 2586 773 illius
2612 733 2736 773 rens
2766 727 2998 773 tenetur.
3028 717 3185 773 Iubet
3213 729 3395 777 autem

1825 804 1967 861 Deus
1990 815 2049 860 ut
2079 807 2334 879 diligatur
2366 808 2635 873 inimicus,
2683 817 2737 863 et
2764 818 2941 863 tamen
2990 818 3211 879 rogatur
3252 809 3396 865 Deus

1825 905 1885 950 ut
1936 897 2147 951 occidat
2190 897 2489 952 inimicum.
2543 896 2797 966 Quisquis
2848 898 3029 967 itaque
3052 899 3132 953 sic
3155 906 3297 963 orat,
3333 899 3390 951 in

1826 986 1955 1054 ipsis
1984 986 2096 1040 suis
2120 986 2371 1056 precibus
2398 995 2585 1041 contra
2616 987 2946 1041 conditorem
2978 996 3193 1057 pugnat.
3241 987 3394 1043 Unde

1824 1085 1879 1130 et
1912 1075 2011 1130 sub
2033 1073 2183 1130 Iudae
2210 1077 2390 1145 specie
2430 1077 2626 1131 dicitur
2651 1094 2663 1129 :
2696 1074 2821 1130 Fiat
2861 1078 3026 1130 oratio
3052 1079 3165 1148 ejus
3195 1078 3251 1132 in
3275 1095 3394 1147 pec-

1824 1174 1999 1217 catum
2055 1161 2234 1235 (Psal:
2262 1150 2435 1237 cvni).
2477 1165 2665 1221 Oratio
2717 1167 2915 1235 quippe
2965 1166 3015 1219 in
3044 1177 3264 1236 peccato
3309 1176 3394 1223 est

1826 1254 1912 1308 illa
1934 1263 2117 1324 petere
2150 1271 2269 1325 qua:
2288 1257 2536 1326 prohibet
2582 1258 2697 1326 ipse
2732 1259 2822 1328 qui
2857 1258 3076 1327 petitur.
3118 1258 3261 1314 llinc‘
3288 1258 3392 1314 Vc-

1823 1344 1958 1400 ritas
2002 1346 2170 1401 dicit:
2210 1345 2344 1401 Cum
2382 1348 2538 1401 statis
2580 1348 2647 1403 ad
2699 1350 2987 1414 orandum,
3043 1348 3299 1404 dimittite
3346 1350 3393 1404 si

1823 1433 1951 1503 quid
1990 1433 2200 1489 habetis
2250 1434 2305 1488 in
2354 1436 2609 1491 cordibus
2658 1438 2856 1492 vestris
2904 1437 3099 1509 (Marc.
3149 1437 3250 1509 xu).
3284 1437 3391 1493 Sed

1823 1536 1952 1577 cccc
1980 1523 2137 1579 nobis
2163 1524 2415 1579 inimicus
2441 1526 2680 1595 graviter
2700 1526 2944 1596 deliquit,
2976 1526 3170 1581 damna
3195 1527 3393 1593 intulit,

1817 1608 2067 1679 juvantes
2102 1611 2264 1676 laesit,
2313 1622 2556 1667 amantes
2606 1622 2919 1684 persecutus
2949 1622 3074 1669 est:
3108 1616 3389 1671 retinenda

1823 1702 1937 1757 haec
1962 1711 2164 1767 essent,
2190 1702 2237 1757 si
2260 1703 2578 1757 remittenda
2603 1703 2758 1759 nobis
2785 1704 2979 1759 delicta
3006 1720 3113 1759 non
3162 1713 3384 1773 essent;

1823 1788 2114 1844 advocatus
2144 1790 2345 1844 etenim
2374 1799 2558 1845 noster
2580 1806 2794 1859 precem
2822 1793 2981 1848 nobis
3019 1792 3073 1847 in
3100 1808 3263 1849 causa
3294 1809 3392 1848 no-

164 1867 326 1947 escidi
371 1890 614 1960 praecipit
658 1890 1003 1961 evangelicus
1046 1903 1248 1955 sermo,
1299 1905 1461 1959 quam
1517 1889 1726 1944 fructus
1755 1867 1800 1926 Β
1828 1890 1939 1936 stra
1967 1883 2288 1951 composuit,
2321 1890 2378 1937 et
2407 1883 2520 1952 ipse
2545 1881 2785 1951 ejusdem
2812 1898 2989 1939 canste
3008 1882 3170 1952 judes
3196 1894 3282 1940 est
3299 1884 3396 1955 qui

162 1982 246 2052 qui
274 1982 452 2053 procul
508 1982 690 2045 dubio,
740 1982 941 2037 evulsis
988 1981 1287 2048 fomitibus,
1314 1997 1618 2053 nequaqum
1645 1981 1726 2035 ul-

165 2072 322 2127 terius
372 2071 732 2142 pullnlahunt.
775 2071 950 2141 Atque
1000 2072 1071 2127 ita
1095 2087 1250 2127 mens
1299 2072 1498 2141 poterit
1529 2072 1727 2142 jugitcr

161 2161 211 2215 in
263 2161 405 2216 omni
454 2161 717 2233 patientia
748 2168 802 2216 et
824 2163 1114 2217 sanctitate
1166 2160 1406 2217 durare:
1440 2178 1560 2216 eum
1607 2162 1725 2218 hmc

160 2266 259 2305 non
293 2252 359 2305 de
380 2252 666 2322 superﬁcie
691 2253 1023 2322 operationis
1050 2264 1105 2307 et
1140 2260 1380 2317 actuum,
1412 2254 1507 2307 sed
1533 2253 1599 2308 de
1625 2268 1716 2308 co-

160 2343 463 2413 gitationum
518 2342 719 2398 fuerint
767 2344 951 2400 evulsa
990 2344 1376 2414 penetralibus.
1431 2344 1495 2398 Et
1522 2344 1725 2398 idcirco

159 2447 223 2486 ne
242 2432 579 2487 homicidium
606 2440 963 2502 perpetretur,
997 2433 1076 2487 ira
1097 2434 1386 2501 odiumque
1410 2433 1722 2496 succiditur,

157 2525 269 2581 sine
295 2526 489 2595 quibus
519 2526 796 2581 homicidii
822 2526 1027 2581 crimen
1075 2524 1383 2580 nullomodo
1406 2524 1606 2578 valebit
1632 2524 1725 2578 ad-

160 2615 312 2669 mitti.
343 2613 446 2679 Qui
478 2616 729 2670 irascitur
764 2615 909 2671 enim
952 2615 1107 2683 fratri
1133 2631 1251 2679 suo,
1292 2631 1409 2667 reus
1454 2615 1550 2668 erit
1580 2615 1727 2684 judi-

156 2707 233 2760 cio
257 2704 470 2778 (Hattlt.
501 2706 555 2777 v)
584 2724 599 2771 ;
629 2708 717 2778 qui
766 2708 876 2762 odit
925 2706 1141 2775 fratrem
1170 2723 1325 2761 suum
1359 2706 1620 2759 homicida
1649 2718 1724 2760 est

156 2794 205 2867 (l
226 2796 380 2849 Joan.
426 2797 545 2868 nt);
589 2798 732 2852 ineo
767 2796 992 2859 scilicet,
1026 2812 1132 2866 quo
1163 2813 1287 2853 eum
1332 2798 1493 2853 corde
1543 2791 1725 2866 cupiat

156 2883 371 2939 interire
394 2885 553 2955 cujus
578 2901 826 2941 cruorem
862 2888 1080 2955 propria
1111 2902 1275 2941 manu
1327 2886 1410 2940 vel
1452 2886 1555 2941 telo
1585 2887 1725 2956 apud

153 2972 394 3030 homines
443 2975 666 3030 minime
712 2974 915 3030 fudisse
969 2977 1332 3046 cognoscitur.
1385 2975 1591 3031 All‘cctu
1632 2977 1725 3032 ira:

156 3062 412 3120 homicida
462 3065 900 3134 pronuntiatura
934 3066 1177 3130 Domino,
1229 3066 1354 3134 quia
1399 3082 1505 3120 non
1553 3066 1723 3120 solum

154 3152 477 3221 operationis
499 3152 712 3216 elfectu,
743 3152 835 3207 sed
874 3153 1035 3206 etiam
1070 3168 1166 3222 pro
1205 3153 1498 3209 voluntatis
1522 3171 1585 3210 ac
1612 3157 1720 3209 voti

1825 1972 2118 2026 advocatus
2148 1988 2161 2025 :
2199 1972 2345 2040 preci
2377 1980 2557 2025 autem
2589 1987 2752 2041 quam
2789 1982 3092 2042 composuit
3134 1975 3395 2031 conditio-

1827 2075 1947 2115 nem
1994 2060 2224 2116 inseruit
2272 2060 2456 2115 dicens
2503 2079 2515 2114 :
2553 2060 2762 2116 Dimitte
2806 2062 2953 2116 nobis
2987 2062 3161 2117 debita
3193 2074 3391 2128 nostra,

1824 2152 1960 2204 sicut
1985 2161 2032 2204 et
2073 2167 2166 2204 nos
2195 2150 2503 2205 dimittimus
2531 2150 2848 2205 debitoribus
2873 2153 3085 2206 nostris.
3109 2152 3242 2219 Quia
3268 2168 3399 2222 ergo

1825 2242 1938 2310 ipse
1967 2241 2131 2311 judex
2171 2241 2314 2295 venit
2339 2242 2429 2310 qui
2459 2243 2752 2297 advocatus
2778 2243 3004 2308 exstitit,
3033 2244 3147 2311 ipse
3180 2258 3394 2313 precem

1822 2332 2042 2387 exaudit
2072 2333 2160 2401 qui
2194 2331 2336 2387 fecit.
2382 2334 2490 2387 Aut
2526 2347 2657 2404 ergo
2681 2349 2788 2388 non
2834 2333 3093 2388 facientes
3121 2334 3389 2389 dicimus:

1828 2427 2037 2482 Dimitte
2087 2427 2237 2480 nobis
2286 2427 2457 2481 debita
2503 2437 2703 2492 nostra,
2734 2436 2787 2482 et
2818 2427 3043 2497 reliqua,
3073 2437 3131 2483 ct
3153 2439 3393 2484 nosmet-

1826 2520 1972 2589 ipsos
2008 2520 2113 2574 hoc
2158 2519 2384 2574 dicendo
2441 2520 2671 2589 amplius
2719 2520 2983 2589 ligamus:
3020 2529 3115 2575 aut
3164 2520 3395 2577 fortasse

1825 2608 1963 2663 banc
1991 2609 2354 2664 conditionem
2385 2609 2436 2663 in
2484 2610 2727 2664 oratione
2768 2610 3190 2674 intermittimus,
3222 2620 3279 2666 et
3301 2612 3395 2666 ad-

1826 2708 2045 2754 vocatus
2073 2706 2257 2754 noster
2281 2712 2496 2768 precem
2525 2715 2686 2767 quam
2728 2700 3053 2769 composuit,
3101 2715 3207 2754 non
3236 2715 3387 2756 reco-

1824 2787 2055 2859 gnoscit,
2089 2796 2251 2856 atque
2301 2789 2440 2857 apud
2480 2803 2539 2842 se
2576 2787 2822 2857 protinus
2872 2789 3002 2843 dicit
3031 2806 3045 2842 :
3075 2787 3202 2844 Seio
3248 2790 3393 2859 quod

1826 2879 2031 2942 monui,
2062 2893 2169 2932 non
2197 2888 2281 2933 cst
2310 2879 2426 2949 ipsa
2475 2880 2651 2933 oratio
2704 2894 2866 2948 quam
2926 2878 3045 2934 feci.
3083 2879 3219 2946 Quid
3261 2894 3392 2949 ergo

1826 2970 1981 3025 nobis
2004 2967 2328 3033 faciendum,
2357 2969 2571 3032 fratres,
2600 2970 2702 3024 nisi
2741 2977 2800 3024 ut
2836 2984 2979 3024 vera:
3006 2969 3284 3024 charitatis
3311 2968 3393 3023 af-

1828 3061 2024 3119 fectum
2063 3061 2430 3132 iumeutlamtrs
2464 3060 2719 3118 fratribus
2752 3061 2952 3118 nostris
2982 3079 2995 3116 :
3030 3068 3086 3116 ut
3114 3060 3255 3117 sicut
3282 3076 3394 3116 ma-

1830 3169 1931 3209 nus
1958 3163 2171 3209 nostras
2199 3152 2333 3208 foris
2359 3170 2389 3207 a
2415 3155 2583 3219 unde,
2611 3154 2684 3207 ita
2715 3163 2771 3209 et
2816 3155 2962 3208 intus
2986 3153 3053 3207 ab
3079 3154 3202 3208 odio
3229 3155 3392 3217 corda

156 3239 411 3294 desiderio
464 3241 756 3312 unicuique
785 3248 877 3296 aut
919 3242 1199 3312 praemium
1246 3244 1454 3308 reddat,
1484 3253 1575 3297 aut
1605 3259 1720 3313 poe—
1752 3214 1796 3273 Ο
1828 3252 2011 3298 nostra
2038 3252 2323 3299 serventur
2351 3244 2590 3298 innoxia.
2634 3244 2926 3299 Homicida:
2976 3245 3142 3308 enim,
3170 3254 3228 3298 ιιι
3252 3244 3391 3297 scri-

155 3347 291 3384 nam.
323 3330 585 3401 Egregius
610 3347 740 3386 vero
769 3332 953 3385 mundi
987 3332 1307 3401 prmdicator
1330 3333 1457 3387 dicit
1483 3348 1497 3386 :
1539 3333 1722 3387 Omnis

155 3421 466 3487 amaritudo,
494 3430 546 3475 et
574 3422 656 3474 ira
682 3431 730 3475 et
752 3422 1062 3492 indignatio,
1094 3434 1141 3476 et
1163 3422 1381 3487 clamor,
1412 3433 1458 3476 et
1483 3422 1723 3489 blasphe-

152 3511 250 3563 mia
276 3510 498 3565 tollatur
525 3528 559 3566 α
588 3512 728 3566 vobis
760 3512 974 3584 (Ep/tes.
1010 3512 1105 3584 tv).
1146 3513 1255 3569 Nec
1293 3515 1457 3569 etiam
1511 3515 1591 3568 ira
1623 3516 1723 3569 viri

150 3601 401 3671 justitiam
444 3604 542 3660 Dei
571 3606 786 3674 operari
827 3607 1046 3675 poterit.
1077 3607 1161 3662 Ira
1192 3608 1398 3663 scilicet
1427 3608 1544 3663 sine
1580 3617 1719 3663 tem—

152 3702 460 3761 peramento
487 3707 685 3762 expers
708 3700 792 3748 est
818 3695 1058 3749 rationis.
1095 3694 1379 3764 Responsio
1421 3694 1589 3749 mollis
1617 3696 1719 3749 mi-

153 3782 273 3852 tigat
306 3783 464 3847 iram,
500 3800 671 3838 sermo
698 3784 864 3838 durus
888 3786 1107 3839 suscitat
1130 3786 1362 3855 furorem
1392 3784 1573 3857 (Prov.
1604 3784 1719 3857 xv).

162 3868 247 3926 Vir
268 3874 584 3937 iracundus,
609 3883 667 3929 ut
703 3875 777 3929 ait
819 3874 1094 3941 Salomon,
1144 3887 1385 3946 provocat
1417 3877 1597 3943 rixas;
1632 3878 1722 3948 qui

149 3965 339 4032 patiens
363 3974 462 4031 est,
494 3965 702 4034 mitigat
751 3965 1029 4019 suscitatus
1054 3965 1263 4038 (Ibid)
1306 3966 1563 4034 Spiritum
1594 3982 1721 4020 vero

148 4050 211 4106 sd
241 4052 585 4109 irascendum
634 4053 843 4110 facilem
875 4056 999 4126 quis
1049 4056 1315 4111 sustinere
1364 4057 1606 4125 poterit?
1632 4056 1719 4112 ira

148 4158 246 4197 non
271 4145 438 4200 habet
466 4146 919 4210 misericordiam,
945 4160 1044 4201 nec
1067 4161 1355 4214 erumpens
1382 4146 1532 4202 furor
1560 4146 1720 4201 linem

148 4224 385 4291 vindicta:
422 4236 594 4290 novit.
623 4234 681 4290 Si
714 4243 787 4301 te,
823 4251 856 4291 o
882 4237 1066 4301 homo,
1105 4236 1565 4305 prmoccupaverit
1612 4236 1713 4300 ira,

146 4323 321 4395 mitiga
353 4340 500 4379 eam.
529 4325 623 4379 Illa
650 4325 726 4379 ira
751 4325 891 4379 mala
912 4334 995 4379 est
1014 4342 1134 4394 quae
1163 4332 1398 4381 mentem
1429 4326 1630 4389 turbat,
1665 4334 1723 4379 ut

145 4423 338 4467 rectum
362 4415 656 4470 consilium
681 4416 955 4484 perdatur.
982 4414 1073 4469 Illa
1099 4416 1179 4469 ira
1202 4416 1437 4486 cstjusta
1458 4423 1512 4471 et
1535 4429 1714 4469 neces-

143 4505 301 4567 saria,
318 4506 542 4573 quando
561 4506 721 4559 homo
739 4514 921 4561 contra
946 4506 1163 4576 propria
1194 4507 1446 4561 irascitur
1474 4513 1715 4577 peccata,

141 4600 191 4645 et
218 4603 403 4653 contra
446 4596 685 4664 scipsum
715 4596 1096 4665 indignabitur,
1138 4596 1267 4649 dum
1296 4596 1434 4650 male
1462 4597 1591 4665 agit.
1623 4596 1712 4649 Di-

141 4682 209 4735 cit
256 4682 529 4755 Propheta
559 4704 571 4738 :
604 4684 904 4739 Irascimini
953 4696 1002 4739 et
1056 4686 1213 4739 nolite
1263 4704 1476 4755 peccare
1537 4685 1707 4758 (Psal.

142 4774 229 4841 tv).
261 4774 547 4830 Concessit
570 4776 711 4844 quod
742 4786 946 4830 naturae
970 4784 1074 4841 est,
1103 4776 1221 4831 tulit
1245 4778 1385 4847 quod
1412 4776 1581 4847 culpa:
1601 4788 1706 4832 est.

141 4863 219 4918 Ira
249 4866 476 4922 alterius
498 4877 587 4920 tua
612 4867 844 4921 leniatur
871 4870 1149 4938 patientia.
1187 4868 1313 4923 Noli
1332 4871 1464 4923 vinci
1485 4888 1518 4923 a
1547 4873 1708 4935 malo,

141 4956 225 5007 sed
252 4957 397 5011 τίπτε
418 4959 475 5011 in
502 4956 639 5010 bono
668 4956 863 5011 malum
900 4958 1078 5029 (Rom.
1111 4959 1231 5029 χιι).
1261 4959 1496 5015 Alterius
1524 4978 1712 5032 pecca-

139 5053 245 5098 tum
296 5056 449 5100 tuum
481 5048 557 5101 sit
583 5048 881 5116 prtemium.
929 5050 1188 5117 Displicet
1217 5051 1310 5105 tibi
1340 5051 1560 5106 alterius
1608 5053 1708 5117 ira,

138 5138 271 5203 quod
298 5138 394 5191 tibi
424 5139 479 5191 in
511 5136 686 5191 altero
717 5137 982 5207 displicet,
1011 5140 1065 5192 in
1095 5140 1264 5208 teipso
1293 5156 1505 5209 quoque
1532 5142 1715 5210 displi—

138 5234 268 5279 seat.
298 5224 419 5280 Noli
454 5225 903 5301 tranquillitatem
949 5228 1147 5283 mentis
1184 5238 1289 5283 tua:
1336 5230 1557 5285 alterius
1585 5246 1709 5300 per-

141 5314 443 5369 turbatione
474 5314 771 5369 maculare.
804 5313 920 5370 Noli
947 5325 999 5371 te
1022 5316 1282 5385 aequalem
1313 5319 1477 5373 stulto
1513 5318 1710 5384 facere,

139 5403 253 5473 quia
280 5405 360 5459 ira
390 5406 447 5459 in
479 5406 605 5459 sinu
633 5404 779 5459 stulti
805 5407 1091 5475 requiescit
1116 5424 1128 5459 :
1163 5406 1208 5461 si
1233 5415 1288 5460 tu
1316 5408 1566 5463 irasceris
1586 5423 1712 5462 con-

139 5500 216 5547 tra
236 5510 380 5559 eum,
409 5503 580 5550 erunt
606 5494 713 5549 duo
741 5495 885 5559 mali,
918 5504 973 5549 tu
1002 5502 1056 5549 et
1086 5495 1175 5550 ille
1200 5514 1212 5549 :
1239 5497 1429 5551 melius
1452 5498 1544 5551 tibi
1570 5509 1713 5554 esset

139 5586 502 5651 essebonum,
546 5600 855 5654 quanquam
887 5585 977 5641 ille
1006 5587 1076 5641 sit
1104 5586 1310 5652 malus;
1340 5602 1437 5641 cur
1462 5596 1515 5641 tu
1543 5604 1609 5642 ex
1636 5588 1713 5641 al-

141 5677 297 5730 ten'us
328 5677 539 5730 malitia
570 5676 746 5730 malus
795 5676 1058 5732 cﬂieeris?
1097 5676 1203 5733 Sed
1255 5680 1428 5733 adhuc
1460 5679 1603 5747 quod
1629 5689 1712 5734 est

141 5768 363 5838 gmvius,
390 5767 535 5821 alius
564 5766 798 5835 postulat
830 5778 1056 5821 mortem
1106 5768 1307 5823 inimicn
1339 5786 1351 5822 :
1393 5784 1514 5821 cum
1549 5783 1705 5836 quem

1825 3342 1974 3405 ptum
2004 3343 2108 3399 est,
2140 3349 2366 3403 regnum
2393 3335 2486 3388 Dei
2514 3351 2620 3388 non
2644 3335 2993 3404 possidebunt
3022 3332 3163 3404 (Cal.
3193 3332 3245 3402 v)
3271 3350 3286 3398 ;
3312 3345 3389 3398 et,

1827 3428 1930 3492 Qui
1958 3427 2065 3480 odit
2103 3427 2320 3496 fratrem
2367 3444 2539 3491 suum,
2566 3428 2620 3481 in
2666 3427 2887 3482 tenebris
2908 3436 2982 3481 est
3012 3426 3063 3497 (ι
3089 3425 3250 3480 Joan.
3276 3425 3342 3496 ιι)
3372 3442 3388 3490 ;

1825 3517 2047 3586 abjicite
2074 3520 2224 3589 prius
2247 3534 2275 3572 a
2307 3520 2460 3574 vobis
2488 3520 2693 3585 odium,
2719 3526 2770 3572 et
2820 3518 2914 3580 ita,
2942 3518 3055 3573 Deo
3080 3515 3391 3577 auxiliante,

1822 3608 1995 3662 vitare
2045 3608 2271 3677 potestis
2328 3608 2693 3665 homicidium.
2735 3606 2827 3662 Sic
2870 3615 2925 3661 et
2979 3621 3085 3660 non
3135 3604 3306 3659 solum
3336 3620 3391 3658 ιιι

1824 3698 2074 3751 tenebras
2098 3698 2400 3752 exteriores
2439 3712 2563 3751 cum
2617 3697 3007 3752 homicidarum
3058 3707 3299 3757 auctore,
3335 3694 3389 3749 id

1821 3794 1905 3841 est
1936 3802 2057 3841 cum
2107 3787 2337 3851 diabolo,
2373 3803 2478 3841 non
2510 3787 2678 3850 ibitis,
2709 3788 2817 3841 imo
2867 3802 2989 3842 cum
3020 3786 3255 3855 pacificis
3285 3784 3388 3838 Pa-

1823 3878 1920 3932 tris
1952 3877 2173 3932 caaleste
2235 3893 2456 3947 regnum
2510 3877 2629 3931 Filii
2684 3876 2978 3931 dulcissimi
3010 3875 3388 3945 possidebitis:

1822 3968 1966 4037 quod
1996 3968 2150 4023 vobis
2192 3968 2453 4035 nobisque
2478 3968 2752 4022 vobiscum
2782 3975 2971 4022 auctor
3010 3976 3066 4021 et
3112 3967 3393 4021 restitutor

1821 4057 2011 4112 salutis
2060 4064 2259 4112 nostra:
2304 4057 2601 4111 concedere
2646 4056 2896 4125 dignetur
2935 4056 3093 4111 .lcsus
3142 4055 3393 4109 Christus

1822 4146 2079 4203 Dominus
2112 4153 2316 4208 noster,
2345 4146 2438 4215 qui
2485 4146 2617 4200 vivit
2641 4155 2698 4201 et
2727 4155 2916 4217 regnat
2939 4161 3059 4200 cum
3094 4145 3204 4200 Deo
3228 4147 3389 4199 Patre

1819 4246 1875 4293 et
1904 4237 2106 4308 Spiritu
2138 4246 2345 4302 sancto,
2402 4238 2456 4291 in
2510 4239 2717 4293 unitate
2745 4246 2800 4291 et
2851 4238 3095 4291 trinitate
3150 4238 3391 4307 perfecta

1821 4331 1981 4395 Deus,
2020 4345 2117 4400 per
2141 4330 2323 4383 omnia
2355 4328 2550 4383 saecula
2579 4328 2918 4383 steculorum.
2945 4328 3139 4382 Amen.

2389 4436 2665 4492 HOMILIA
2692 4435 2828 4490 LXI.

2197 4524 2407 4564 οοιιτιυι
2440 4522 2677 4561 ΙΝΥΙΒΙΆΙ
2715 4522 2785 4562 ET
2820 4520 3003 4560 ODIUI.

1892 4597 2080 4653 Zelare
2108 4599 2251 4667 quod
2276 4599 2475 4653 bonum
2518 4597 2721 4661 videas,
2769 4603 2825 4649 et
2869 4595 3106 4649 invidere
3157 4596 3391 4649 meliori-

1822 4692 1941 4753 bus,
1970 4689 2083 4743 leve
2108 4687 2247 4757 apud
2268 4687 2529 4757 quosdam
2554 4694 2611 4739 et
2642 4684 2909 4740 modicum
2928 4685 3134 4740 crimen
3157 4686 3389 4744 videtur.

1819 4781 2015 4833 fratres
2052 4777 2412 4833 dilectissimi.
2443 4776 2685 4846 Dumque
2714 4775 3060 4830 existimatur
3104 4774 3219 4830 leve
3268 4791 3395 4831 esse

1816 4866 2757 4932 etmodicum,nontimetnr;dum
2812 4881 2916 4920 non
2964 4867 3201 4929 timetur,
3253 4880 3385 4921 con-

1820 4958 2081 5013 temnitur
2104 4975 2119 5023 ;
2144 4958 2268 5011 dum
2299 4956 2687 5019 contemnitur,
2713 4970 2820 5009 non
2869 4954 3029 5009 facile
3062 4955 3300 5009 vitatur:
3333 4964 3389 5007 et

1822 5048 1880 5102 lit
1908 5064 2049 5103 caeca
2079 5055 2135 5101 ct
2161 5046 2368 5102 occulta
2405 5044 2694 5114 pernicies,
2730 5058 2871 5112 quae,
2908 5044 3033 5096 dum
3063 5042 3240 5097 minus
3260 5055 3382 5111 pcr-

1819 5138 2064 5206 spicitur,
2104 5143 2164 5190 ut
2186 5136 2363 5190 caveri
2389 5151 2418 5187 a
2448 5132 2856 5204 providentibus
2883 5135 3071 5201 possit,
3125 5133 3386 5203 improvi-

1820 5230 1916 5283 das
1944 5236 2149 5282 mentes
2175 5227 2409 5281 latenter
2443 5223 2652 5295 afﬂigit.
2707 5224 2821 5293 Ego
2865 5224 3047 5293 itaque
3094 5233 3224 5293 puto
3249 5225 3383 5279 nihil

1819 5320 1992 5389 magis
2012 5316 2319 5371 Christiano
2362 5316 2678 5379 cavendum,
2702 5313 2836 5368 nihil
2869 5313 3079 5369 cautius
3103 5315 3386 5384 providen-

1818 5410 1965 5471 dum,
1994 5421 2152 5475 quam
2199 5422 2264 5461 ne
2301 5407 2420 5475 quis
2447 5406 2684 5460 invideat
2708 5414 2764 5460 et
2788 5405 2956 5461 livore
2979 5406 3224 5474 capiatur
3252 5424 3266 5459 :
3309 5422 3377 5460 ne

1813 5498 1953 5567 quis,
1982 5496 2215 5552 fallentis
2242 5496 2446 5552 inimici
2492 5498 2650 5551 emt-is
2678 5496 2886 5566 laqueis
2906 5497 3229 5567 implicatus,
3252 5498 3379 5551 dum

1816 5588 1932 5640 zelo
1959 5585 2126 5640 frater
2161 5587 2212 5640 in
2242 5585 2423 5640 fratris
2448 5587 2572 5641 odio
2593 5587 2948 5650 convertitur,
2978 5585 3152 5653 gladio
3173 5601 3269 5639 suo
3291 5600 3384 5639 nc-

1814 5678 1957 5732 scius
1993 5677 2107 5745 ipse
2154 5678 2469 5747 perimatur.
2518 5677 2670 5744 Quod
2704 5686 2763 5731 ut
2813 5676 3063 5744 colligere
3088 5676 3298 5744 plenius
3324 5684 3384 5729 et

1816 5767 2151 5822 manifestius
2177 5768 2480 5838 perspicere
2509 5769 2747 5838 mssitis,
2790 5767 2855 5821 ad
2894 5774 3055 5835 caput
3079 5765 3193 5834 ejus
3220 5776 3384 5836 atque
