3922 6340
481 422 582 477 Hii

1102 418 1163 473 Β.
1208 420 1461 476 ΒΛΒΑΝΙ
1500 419 1721 477 MAUlll
1760 421 2082 479 ARCilIEP.
2124 421 2431 479 MOGUNT.
2476 423 2759 481 OPERUM
2795 423 2976 479 PARS
3014 424 3078 479 ll.

3648 426 3745 483 ιισ

477 542 545 594 ad
590 539 851 609 originem
905 549 1269 591 rccurramus.
1325 536 1617 592 Videamus
1666 537 1807 592 unde
1832 535 1981 592 zelus
2010 546 2065 592 et
2092 542 2139 600 Α
2169 536 2407 606 prepria,
2456 536 2537 592 vel
2584 537 2843 593 beneficia
2886 538 3089 603 divina,
3130 539 3187 593 in
3234 538 3435 594 malum
3476 540 3750 610 proprium

476 626 693 698 quando
721 636 776 683 et
819 628 1091 695 quomodo
1138 626 1367 704 coeperit
1405 626 1663 683 :facilius
1709 626 1855 682 enim
1893 642 1923 681 a
1965 643 2062 682 no-

479 721 564 775 bis
599 718 801 773 malum
842 725 953 771 tam
991 716 1355 787 perniciosum
1407 717 1683 779 vitabitur,
1740 717 1783 771 si
1818 716 2060 785 ejusdem

480 810 608 866 mali
638 819 690 865 et
718 811 873 880 origo
924 817 980 863 et
1030 809 1347 880 magnitudo
1400 816 1672 863 noscatur.
1708 806 1844 861 llinc
1901 806 2069 860 zabu-

480 903 567 958 lus
615 902 759 956 inter
789 900 945 954 initia
1001 899 1184 954 statim
1236 898 1424 952 mundi
1482 906 1537 953 et
1587 898 1729 968 perit
1773 896 1980 966 primus
2010 905 2067 950 et

481 994 734 1063 perdidit.
791 991 883 1047 Ille
912 990 1154 1058 angelica
1185 988 1470 1058 majestate
1511 986 1795 1050 subnixus,
1828 985 1916 1040 ille
1958 986 2065 1040 Deo

483 1094 739 1156 acceptus
772 1092 827 1140 et
876 1085 1094 1148 cbarus,
1149 1090 1434 1152 postquam
1476 1078 1752 1133 hominem
1810 1077 1877 1131 ad
1928 1076 2066 1130 inia-

479 1179 659 1248 ginem
710 1175 808 1229 Dei
862 1173 1064 1227 factum
1108 1171 1413 1240 conspexit,
1468 1170 1521 1223 in
1571 1160 1748 1223 zelum
1802 1165 2070 1221 malevolo

480 1267 650 1321 livore
675 1262 943 1335 prorupit,
967 1275 1072 1315 non
1097 1262 1244 1331 prius
1268 1258 1528 1329 dejiciens
1553 1257 1782 1312 alterum
1814 1256 2070 1310 instinctu

482 1358 608 1421 zeli,
630 1370 793 1425 quam
825 1354 939 1423 ipse
968 1368 1065 1422 pro
1095 1352 1209 1405 zelo
1236 1359 1361 1405 ante
1390 1348 1631 1419 deiectus
1659 1362 1673 1401 :
1700 1347 1945 1417 captivus
1976 1362 2074 1401 an-

485 1457 695 1515 tequam
727 1444 964 1514 capiens,
1014 1441 1255 1512 perditus
1297 1447 1583 1509 antequam
1621 1439 1877 1508 perdens,
1918 1436 2070 1501 dum,

485 1536 793 1592 stimulante
818 1534 1012 1594 livore,
1042 1531 1243 1586 homini
1276 1530 1505 1601 gratiam
1532 1530 1672 1583 data:
1698 1525 2077 1581 immortalita-

486 1630 555 1683 tis
587 1629 775 1696 eripit,
816 1627 929 1696 ipse
967 1639 1181 1695 quoque
1222 1623 1274 1677 id
1309 1620 1449 1691 quod
1476 1620 1625 1691 prius
1660 1618 1837 1673 fuerat
1872 1617 2075 1673 amisit.

487 1718 655 1787 Quale
693 1717 894 1773 malum
923 1725 1038 1779 est,
1085 1714 1279 1768 fratres
1310 1710 1677 1776 dilectissimi,
1719 1724 1828 1781 quo
1854 1708 2079 1776 angelus

487 1807 703 1872 cecidit,
731 1821 839 1877 quo
863 1804 1245 1861 circumveniri
1270 1802 1378 1857 alta
1403 1810 1459 1855 et
1486 1801 1744 1871 praeclara
1773 1801 2077 1856 sublimitas

2164 628 2302 681 bona
2332 627 2507 683 aliena
2536 640 2876 695 convertere,
2915 629 3207 684 illustrium
3242 631 3610 702 prosperitate
3645 641 3755 687 tor-

2163 718 2339 787 queri,
2388 718 2615 773 aliorum
2662 719 2887 790 gloriam
2919 720 3097 776 facere
3143 736 3295 774 suam
3326 736 3564 792 poenam.
3615 720 3757 779 Mala

2164 821 2379 877 quoque
2415 808 2615 863 habent
2658 809 2975 875 terminum,
3003 818 3059 864 et
3100 810 3457 881 quodcunque
3488 811 3756 883 delinqui-

2168 910 2273 963 tnr,
2298 899 2476 954 delicti
2499 901 2963 956 consummatione
2987 901 3188 957 finitur.
3212 902 3269 957 in
3292 903 3558 961 adulterio
3578 917 3755 963 cessat

2168 990 2399 1056 facinus,
2444 1001 2756 1062 perpetrato
2802 1002 3022 1063 stupro;
3070 994 3122 1048 in
3169 995 3378 1050 latrone
3418 998 3753 1068 conquiescit

2166 1078 2362 1141 scelus,
2400 1080 2693 1135 homicidio
2728 1082 2995 1148 admisso;
3034 1091 3091 1139 et
3128 1084 3368 1154 prmdoni
3400 1088 3755 1156 rapacitatem

2168 1170 2359 1225 statuit
2383 1187 2632 1241 possessa
2665 1174 2869 1242 prteda,
2896 1184 2950 1229 et
2976 1175 3198 1231 falsario
3226 1177 3442 1231 modum
3473 1179 3629 1248 ponit
3660 1180 3758 1233 im-

2168 1259 2313 1329 pleta
2340 1259 2547 1315 fallacia
2581 1279 2593 1314 :
2634 1262 2781 1317 zelus
2817 1264 3107 1319 terminum
3154 1281 3261 1321 non
3301 1266 3755 1337 babet,~perma-

2170 1365 2305 1404 nens
2338 1349 2537 1421 jugiter
2564 1352 2763 1406 malum
2805 1361 2859 1407 et
2904 1353 3021 1408 sine
3051 1353 3157 1408 line
3186 1364 3501 1425 peccatum;
3532 1365 3760 1426 quanto-

2171 1455 2277 1510 que
2312 1440 2399 1507 ille
2428 1442 2515 1496 cui
2566 1443 2838 1497 invidetur
2886 1458 3139 1500 successu
3185 1446 3407 1501 meliore
3446 1447 3754 1517 profecerit,

2174 1538 2325 1585 tanto
2371 1531 2584 1588 invidus
2634 1532 2688 1588 in
2737 1534 2914 1605 majus
2962 1534 3266 1591 incendium
3314 1536 3500 1593 livoris
3548 1538 3759 1607 ignibus

2174 1626 2465 1682 inardescit
2494 1646 2507 1659 ·
2540 1628 2664 1684 hinc
2691 1629 2869 1685 vultus
2896 1630 3100 1697 minax,
3130 1638 3314 1686 torvus
3342 1640 3614 1702 aspectus,
3643 1631 3759 1703 pal—

2174 1717 2256 1772 lor
2299 1718 2353 1771 in
2387 1717 2541 1779 facie,
2593 1718 2646 1773 in
2690 1718 2849 1774 labiis
2888 1727 3108 1785 tremor,
3152 1721 3353 1775 stridor
3392 1721 3447 1775 in
3491 1723 3761 1785 dentibus,

2175 1811 2339 1866 verba
2370 1810 2556 1864 rabida
2591 1817 2647 1863 et
2679 1808 2937 1864 ell'renata
2964 1812 3230 1878 convicia,
3272 1828 3463 1868 manus
3501 1813 3569 1868 ad
3604 1812 3763 1869 credis

486 1899 689 1970 potuit;
721 1913 828 1968 quo
856 1897 1115 1964 deceptus
1151 1894 1269 1963 ipse
1314 1900 1396 1946 est
1438 1891 1530 1961 qui
1579 1891 1816 1961 decipit!
1868 1888 2080 1947 Exinde
2106 1890 2150 1948 Β
2178 1899 2486 1953 violentiam
2512 1907 2782 1969 prompta,
2813 1899 2975 1954 etiam
2997 1902 3099 1955 sia
3125 1900 3303 1972 gladio
3328 1902 3546 1958 interim
3572 1918 3761 1966 vacua,

486 1992 690 2048 invidia
718 1996 997 2060 grassatur
1024 1987 1076 2040 in
1109 1986 1289 2044 terris.
1329 1985 1455 2039 dum
1500 1984 1667 2038 livore
1699 1982 1940 2052 perituro
1964 1996 2083 2036 ma-

489 2090 661 2160 gistro
684 2082 1003 2154 perditionis
1026 2078 1364 2148 obsequitur,
1395 2078 1521 2160 dum
1544 2076 1793 2130 zabulum
1819 2075 1910 2143 qui
1938 2074 2082 2129 zelat

488 2156 765 2239 imitatur;
798 2175 938 2228 sicut
974 2172 1239 2239 scriptum
1264 2176 1348 2222 est
1382 2186 1395 2220 :
1434 2156 1643 2221 invidia
1672 2177 1847 2219 autem
1882 2164 2082 2219 diaboli

488 2286 629 2322 mors
662 2264 883 2320 intravit
910 2264 964 2315 in
1003 2260 1177 2313 orbem
1209 2268 1468 2311 terrarum
1495 2254 1643 2326 (Sap.
1680 2253 1762 2324 ιι).
1795 2255 2083 2308 Imitantur

490 2367 620 2422 ergo
642 2352 807 2415 illum,
833 2351 925 2422 qui
954 2359 1079 2406 sunt
1107 2366 1173 2404 ex
1197 2357 1351 2420 parte
1381 2348 1543 2402 illius.
1574 2346 1710 2401 Hinc
1734 2360 1863 2416 ergo
1884 2345 2078 2399 violata

491 2452 618 2497 sunt
658 2441 1012 2497 fraternitatis
1053 2439 1382 2510 primordia,
1421 2438 1547 2492 hinc
1581 2436 1867 2506 parricidia
1894 2448 2078 2504 cmpe-

493 2541 620 2589 runt
658 2532 891 2588 nefanda
925 2550 938 2585 :
975 2530 1103 2586 dum
1134 2530 1265 2585 Abel
1290 2530 1492 2601 justum
1520 2527 1653 2582 Cain
1690 2527 1801 2582 odit
1829 2524 2077 2593 injustus,

492 2626 622 2681 dum
673 2625 871 2680 bonum
922 2624 1093 2678 malus
1144 2623 1343 2676 invidia
1395 2629 1448 2675 et
1504 2621 1670 2674 livore
1717 2619 2076 2688 persequitur.

494 2716 727 2771 Tantum
749 2715 914 2769 valuit
939 2715 1005 2768 ad
1031 2713 1547 2769 consummationem
1577 2711 1831 2767 facinoris
1860 2712 2082 2765 temule-

497 2811 659 2866 tionis
690 2808 859 2873 furor,
886 2816 946 2862 ut
979 2823 1077 2864 nec
1104 2808 1343 2862 cbaritas
1368 2806 1571 2871 fratris,
1598 2820 1701 2860 nec
1727 2803 1948 2859 sceleris
1977 2803 2081 2857 im-

495 2902 760 2965 manitas,
801 2914 901 2955 nec
933 2900 1093 2953 timor
1128 2898 1253 2963 Dei,
1290 2913 1387 2953 nec
1414 2911 1571 2966 ptena
1602 2895 1779 2950 delicti
1815 2894 2082 2965 cogitare-

496 3008 602 3049 tur.
649 2993 779 3060 Qum
820 3009 963 3048 nunc
1007 2992 1435 3054 considerantes,
1488 2988 1683 3043 fratres
1724 2984 2081 3049 dilectissimi,

495 3092 683 3139 contra
712 3092 917 3138 tantam
949 3083 1242 3152 perniciem
1285 3081 1413 3136 mali
1457 3079 1741 3150 vigilanter
1779 3087 1834 3133 et
1876 3077 2087 3132 fortiter

496 3179 676 3233 dicata
720 3177 831 3232 Deo
867 3184 1091 3246 pectora
1133 3174 1459 3229 muniamus.
1507 3172 1749 3227 Aliorum
1781 3186 1927 3226 mors
1956 3185 2083 3240 pro-

2177 1990 2300 2044 o;iio
2328 1996 2505 2043 tamen
2548 1985 2755 2042 furiatae
2785 1988 2982 2043 mentis
3010 1998 3219 2043 armata
3247 2004 3263 2043 :
3295 1990 3570 2046 homicidii
3612 2006 3764 2045 nam-

2178 2096 2283 2149 que
2330 2078 2571 2134 facinore
2619 2079 2909 2151 perstringi
2955 2095 3075 2135 eum
3126 2081 3371 2151 quisquis
3414 2081 3673 2135 zelaverit
3713 2092 3766 2136 et

2179 2172 2303 2224 odio
2335 2171 2582 2225 habuerit
2622 2171 2841 2225 fratrem
2867 2186 3022 2226 suum
3045 2211 3059 2238 ,
3090 2172 3331 2227 declarat
3363 2171 3599 2228 Joannes
3639 2189 3765 2245 apo-

2179 2262 2351 2316 stolus
2382 2263 2433 2317 in
2472 2262 2705 2332 Epistola
2742 2278 2874 2329 sua,
2915 2264 3098 2319 dicens
3140 2281 3153 2317 :
3204 2263 3309 2330 Qui
3351 2250 3570 2334 fratrem
3614 2284 3767 2321 suum

2182 2354 2309 2415 odit,
2340 2352 2603 2407 homicida
2649 2363 2746 2409 est.
2791 2354 2861 2407 Et
2907 2354 3095 2409 scitis:
3127 2354 3264 2420 Quia
3293 2357 3459 2409 omnis
3506 2357 3766 2411 homicida

2182 2461 2286 2498 non
2334 2444 2483 2497 habet
2525 2446 2687 2497 vitam
2734 2445 2789 2499 in
2832 2460 2886 2498 se
2925 2456 3219 2500 manentem
3258 2445 3310 2517 (Ι
3338 2444 3499 2499 Joan.
3542 2446 3648 2517 ιιι).
3706 2447 3769 2501 Et

2182 2536 2377 2590 iterum
2411 2554 2423 2589 :
2459 2536 2560 2601 Qui
2587 2536 2717 2589 dicit
2756 2552 2810 2591 se
2846 2554 2955 2591 esse
2998 2539 3053 2592 in
3099 2536 3230 2603 luce,
3274 2546 3322 2591 et
3357 2539 3577 2607 fratrem
3617 2555 3767 2592 suum

2182 2626 2319 2689 odit,
2362 2626 2415 2679 in
2450 2626 2672 2679 tenebris
2709 2635 2786 2680 est
2814 2643 2974 2697 usque
3009 2627 3201 2693 adhuc,
3231 2637 3279 2681 et
3309 2628 3364 2680 in
3400 2627 3623 2682 tenebris
3654 2645 3768 2682 am-

2183 2716 2347 2783 bulat,
2383 2728 2430 2770 et
2473 2718 2632 2771 nescit
2669 2734 2770 2788 quo
2808 2728 2933 2772 eat:
2957 2718 3081 2788 quia
3122 2719 3343 2773 tenebrae
3383 2731 3770 2774 exctecaverunt

2184 2809 2362 2864 oculos
2402 2810 2514 2879 ejus
2557 2809 2796 2881 (I.Joan.
2839 2810 2921 2882 ιι).
2964 2810 3068 2876 Qui
3107 2810 3251 2875 odit,
3297 2812 3504 2881 inquit,
3553 2811 3771 2881 fratrem

2183 2914 2368 2964 suum,
2408 2900 2463 2953 in
2498 2899 2719 2953 tenebris
2760 2898 3024 2965 ambulat,
3064 2909 3112 2953 et
3153 2900 3314 2953 nescit
3355 2917 3458 2971 quo
3488 2910 3593 2955 eat.
3638 2900 3771 2967 Item

2184 2988 2327 3042 enim
2360 2988 2573 3043 nescius
2610 2988 2663 3041 in
2699 2988 2995 3057 gehennam
3035 2988 3253 3058 ignarus
3282 2998 3338 3042 et
3366 3003 3541 3043 caecus
3578 2989 3769 3057 przeci-

2183 3080 2387 3149 pitatur
2411 3079 2463 3133 in
2490 3094 2725 3149 poenam,
2755 3079 3012 3134 recedens
3032 3079 3237 3134 scilicet
3264 3094 3295 3133 a
3316 3078 3519 3134 Christi
3548 3080 3768 3145 lumine,

2186 3174 2455 3229 monentis
2484 3183 2536 3229 et
2575 3172 2816 3228 docentis
2845 3195 2857 3226 :
2890 3170 3004 3243 Ego
3033 3189 3150 3226 sum
3192 3171 3373 3227 lumen
3409 3172 3594 3226 mundi
3627 3189 3647 3226 :
3684 3173 3772 3243 qui

499 3270 647 3325 ﬁciat
673 3270 738 3323 ad
767 3243 1009 3324 nostram
1040 3267 1287 3331 salutem,
1316 3265 1734 3336 imprudentium
1764 3278 1937 3333 poenae
1961 3277 2085 3332 pro-
2112 3243 2156 3304 Ο
2188 3280 2268 3317 me
2302 3274 2520 3320 secutus
2562 3252 2750 3327 fuerit,
2793 3280 2897 3317 non
2930 3264 3162 3318 ambulat
3191 3265 3245 3317 in
3274 3264 3519 3330 tenebris,
3562 3266 3653 3318 sed
3682 3266 3776 3318 Ιια-

499 3361 806 3416 videntibus
830 3358 1114 3414 conferant
1138 3357 1445 3412 sanitatem.
1476 3354 1593 3409 Non
1627 3365 1707 3409 est
1737 3361 1916 3407 autem
1942 3353 2087 3421 quod

500 3452 699 3521 aliquis
729 3450 1005 3505 existimet
1047 3447 1247 3502 malum
1282 3446 1424 3507 istud
1455 3460 1559 3499 una
1588 3444 1769 3513 specie
1799 3442 2084 3505 contineri,

500 3551 596 3597 aut
622 3540 876 3597 brevibus
907 3539 1155 3594 terminis
1177 3546 1232 3593 et
1260 3544 1488 3608 angusto
1522 3535 1629 3590 fine
1656 3534 1923 3590 concludi.
1955 3533 2089 3588 Late

499 3643 647 3704 patet
682 3633 783 3689 zeli
808 3631 1083 3701 multiplex
1115 3638 1169 3684 et
1207 3629 1436 3684 fecunda
1470 3627 1761 3698 pernicies.
1803 3626 1976 3680 Radix
2004 3634 2090 3681 est

499 3727 740 3781 omnium
773 3725 1070 3788 malorum,
1117 3721 1236 3777 fons
1275 3721 1540 3784 cladium,
1573 3718 1923 3774 seminarium
1952 3714 2087 3769 deli-

501 3825 745 3880 ctorum,
780 3816 1005 3870 materia
1035 3813 1335 3884 culparum.
1364 3812 1492 3866 Inde
1532 3811 1713 3866 odium
1743 3809 1943 3878 surgit,
1976 3808 2092 3862 ani-

505 3908 729 3962 mositas
767 3905 891 3960 inde
936 3904 1202 3974 procedit.
1248 3901 1545 3957 Avaritiam
1584 3901 1733 3954 zelus
1772 3898 2088 3966 inflammat,

505 4002 632 4054 dum
680 3999 803 4068 quis
849 4012 947 4052 suo
994 4012 1099 4051 non
1149 4004 1326 4065 potest
1373 4008 1493 4049 esse
1542 4001 1863 4057 contentus,
1905 3991 2092 4047 videns

506 4094 735 4147 alterum
780 4090 1048 4145 ditiorem.
1095 4086 1458 4141 Ambitionem
1499 4084 1646 4139 zelus
1682 4084 1910 4143 excitat.
1966 4082 2093 4136 dum

506 4182 683 4238 cernit
709 4181 831 4250 quis
868 4179 1031 4233 alium
1077 4178 1131 4232 in
1173 4176 1467 4231 honoribus
1495 4176 1812 4230 auctiorem.
1845 4172 1971 4227 Zelo
1996 4187 2093 4226 ex-

509 4274 713 4327 citante
740 4285 933 4327 sensus
958 4276 1192 4333 nostros,
1223 4275 1383 4335 atque
1412 4266 1464 4320 in
1488 4266 1745 4321 ditionem
1768 4280 1921 4318 suam
1952 4280 2099 4317 men-

514 4367 582 4418 tis
612 4377 808 4418 arcana
856 4361 1150 4432 redigente,
1196 4358 1291 4415 Dei
1320 4359 1483 4413 timor
1526 4357 1817 4426 spernitur,
1850 4356 2098 4427 magiste-

514 4456 655 4508 rium
678 4452 879 4507 Christi
908 4450 1214 4520 negligitur,
1240 4448 1427 4519 judicii
1453 4448 1570 4503 dies
1599 4463 1703 4501 non
1729 4446 2054 4517 prmvidetur
2080 4464 2093 4498 :

514 4546 729 4601 inﬂatur
776 4542 1048 4613 superbia,
1091 4542 1445 4596 exacerbatur
1485 4539 1713 4603 smvitia,
1762 4538 2095 4608 impatientia

514 4637 776 4701 concutit,
819 4634 949 4689 furit
978 4632 1268 4697 discordia,
1314 4633 1395 4685 ira
1439 4631 1707 4695 fervescit,
1756 4645 1855 4684 nec
1895 4644 1953 4683 se
1980 4627 2094 4695 jam

516 4740 692 4802 potest
731 4728 983 4783 cohibere
1008 4725 1090 4779 vel
1122 4740 1331 4795 regere,
1364 4724 1455 4792 qui
1498 4721 1674 4777 factus
1701 4731 1785 4776 est
1817 4721 2100 4791 potestatis

515 4824 723 4877 aliena).
778 4820 913 4874 llinc
959 4818 1252 4873 Dominicm
1296 4815 1443 4885 pacis
1489 4813 1759 4869 vinculum
1809 4813 2095 4882 rumpitur,

516 4914 644 4968 hinc
702 4909 941 4966 cbaritas
986 4908 1225 4961 fraterna
1282 4906 1546 4971 violatur,
1597 4905 1726 4959 hinc
1767 4903 2102 4959 adulteretur

520 5007 742 5070 veritas,
771 5003 950 5059 unitas
978 5001 1260 5065 scinditur,
1300 5000 1367 5054 ad
1402 5000 1636 5054 lnareses
1663 5007 1823 5067 atque
1851 5000 1914 5054 ad
1957 4998 2103 5053 schi-

518 5107 692 5155 smata
722 5095 1015 5167 prosilitur.
1041 5094 1179 5147 Dum
1206 5094 1542 5147 obtrectatur
1565 5091 1951 5155 sacerdotibus,
1974 5091 2098 5145 dum

521 5188 790 5259 episcopis
818 5185 1116 5247 invidetur;
1150 5182 1275 5236 dum
1316 5182 1438 5250 quis
1478 5191 1569 5235 aut
1611 5180 1959 5250 conqueritur
1995 5195 2099 5233 non

523 5297 581 5335 se
607 5278 785 5349 potius
814 5274 1155 5336 ordinatura,
1202 5282 1295 5324 aut
1324 5270 1643 5339 dedignatur
1687 5270 1915 5323 alterum
1960 5267 2103 5323 ferre

525 5368 895 5439 pta-positum,
925 5366 1050 5419 hinc
1080 5362 1416 5423 recalcitrat,
1450 5361 1573 5414 hinc
1602 5359 1854 5424 rebellat,
1892 5360 1960 5413 de
1990 5359 2106 5413 zelo

525 5460 821 5528 superbus,
859 5456 925 5508 de
954 5453 1295 5507 mniulatione
1334 5466 1650 5520 perversos,
1683 5450 2020 5503 animositate
2047 5458 2102 5503 et

528 5552 726 5609 livore,
772 5564 877 5602 non
923 5546 1155 5601 hominis
1197 5543 1290 5600 sed
1335 5542 1555 5597 honoris
1602 5541 1871 5596 inimicus.
1920 5543 2106 5608 Qualis

528 5656 657 5693 vero
683 5646 766 5693 est
803 5639 1012 5698 anima,
1051 5643 1105 5690 et
1150 5636 1201 5687 in
1242 5649 1307 5688 ea
1348 5648 1467 5704 qua:
1508 5632 1890 5701 cogitationum
1931 5633 2106 5687 tabes!

529 5728 763 5797 pectoris
791 5734 991 5796 quanta
1019 5724 1226 5791 rubigo,
1259 5722 1435 5776 zelarc
1460 5721 1513 5774 in
1540 5720 1710 5775 altero
1737 5720 1819 5776 vel
1851 5721 2105 5776 virtutem

531 5819 665 5888 ιιῖιιεε,
706 5819 785 5872 \‘t‘l
828 5816 1169 5874 felit‘ilult‘tttl
1206 5815 1257 5869 id
1284 5822 1387 5879 est,
1419 5812 1596 5867 odisse
1637 5812 1688 5867 itt
1719 5827 1784 5867 eo
1810 5813 1890 5867 vel
1919 5814 2106 5867 tttcrila

2187 3363 2321 3417 bebit
2354 3362 2527 3416 lumen
2562 3363 2679 3415 vita:
2701 3360 2880 3433 (Joan.
2910 3358 3051 3428 vm).
3085 3359 3341 3428 Sequitur
3362 3358 3659 3423 Christum,
3684 3360 3774 3428 qui

2185 3453 2472 3522 prtcceptis
2495 3451 2611 3519 ejus
2635 3449 2855 3514 insistit,
2887 3449 2978 3519 qui
3005 3464 3102 3519 per
3124 3449 3420 3519 magisterii
3447 3449 3564 3519 ejus
3595 3449 3777 3519 gradi-

2189 3552 2279 3595 tur
2305 3542 2479 3605 viam,
2526 3541 2616 3609 qui
2658 3540 2882 3611 vestigia
2924 3537 3042 3608 ejus
3086 3548 3247 3609 atque
3277 3538 3471 3593 itinera
3514 3547 3772 3602 sectatur,

2188 3632 2279 3701 qui
2303 3631 2443 3701 quod
2466 3630 2715 3685 Christus
2740 3638 2794 3683 et
2820 3630 3003 3684 docuit
3026 3637 3082 3685 et
3110 3628 3238 3683 fecit
3268 3629 3526 3683 imitatur.
3548 3627 3777 3683 Provide

2192 3720 2528 3790 tibimetipsi,
2577 3735 2610 3774 o
2655 3721 2839 3785 homo,
2870 3728 2923 3774 et
2957 3720 3099 3774 unde
3133 3720 3444 3774 vulneratus
3472 3735 3618 3785 eras,
3655 3720 3777 3774 inde

2191 3812 2408 3867 studeas
2447 3812 2625 3867 curari
2662 3830 2675 3866 :
2718 3827 2840 3865 ama
2881 3827 2976 3867 eos
3012 3826 3149 3882 quos
3187 3821 3313 3866 ante
3348 3812 3571 3873 oderas,
3616 3812 3779 3882 dilige

2192 3904 2310 3959 illos
2343 3906 2537 3974 quibus
2577 3902 2790 3972 injustis
2819 3904 3303 3959 obtrectationibus
3341 3904 3651 3969 invidebas;
3687 3904 3781 3958 bo-

2193 4014 2292 4053 nos
2322 3999 2556 4063 imitare,
2590 3999 2636 4053 si
2679 3998 2875 4053 sectari
2903 4007 3097 4067 potes:
3140 3998 3183 4052 si
3215 3997 3411 4052 sectari
3456 4013 3563 4052 non
3603 4006 3778 4069 potes,

2193 4088 2461 4143 colhetare
2496 4095 2642 4142 certe
2684 4094 2737 4141 et
2777 4087 3155 4158 congratulare
3205 4086 3546 4150 melioribus;
3597 4085 3680 4140 fac
3728 4095 3781 4141 te

2194 4178 2299 4232 illis
2333 4179 2565 4231 adunata
2594 4177 2879 4231 dilectione
2907 4176 3223 4247 participem
3243 4214 3259 4240 ,
3312 4174 3398 4229 fac
3424 4184 3475 4229 te
3506 4176 3781 4230 consortio

2195 4275 2476 4332 charitatis
2500 4283 2554 4329 et
2585 4273 2938 4327 fraternitatis
2965 4272 3178 4326 vinculo
3202 4271 3561 4327 cobarredem.
3590 4270 3782 4325 Dimit-

2196 4374 2377 4420 tentur
2414 4365 2510 4419 tibi
2544 4364 2750 4428 debita,
2780 4363 2995 4432 quando
3026 4363 3137 4431 ipse
3174 4360 3475 4425 dimiseris;
3514 4359 3784 4428 accipien-

2199 4466 2285 4510 tur
2314 4454 2577 4510 sacrificia
2624 4463 2744 4515 tua,
2778 4468 2899 4507 cum
2941 4451 3197 4522 pacificus
3228 4450 3295 4504 ad
3336 4450 3503 4503 Deum
3531 4450 3778 4513 veneris;

2200 4562 2389 4602 sensus
2432 4554 2591 4613 atque
2633 4552 2785 4597 actus
2817 4543 2892 4595 tui
2925 4542 3183 4596 divinitus
3214 4540 3536 4610 dirigentur,
3565 4540 3783 4609 quando

2200 4655 2262 4694 ea
2293 4653 2412 4708 qua:
2452 4638 2633 4691 divina
2675 4642 2729 4689 ct
2760 4634 2903 4703 justa
2934 4643 3058 4690 sunt
3087 4633 3429 4703 cogitaveris.
3462 4633 3608 4686 sicut
3650 4631 3784 4687 scri-

2200 4737 2347 4799 ptum
2372 4734 2455 4781 est
2482 4741 2495 4780 :
2528 4726 2634 4781 Cor
2660 4726 2761 4779 viri
2789 4726 2988 4795 cogitat
3026 4724 3191 4794 justa,
3217 4730 3277 4775 ut
3302 4738 3331 4775 a
3375 4722 3490 4775 Deo
3516 4721 3784 4792 dirigatur

2202 4818 2382 4890 (Prov.
2402 4808 2536 4880 xvt).
2558 4816 2734 4871 [labes
2767 4824 2947 4870 autem
2988 4814 3156 4869 multa
3196 4829 3317 4884 qua:
3347 4812 3552 4881 cogites
3579 4830 3592 4866 :
3621 4827 3782 4881 para-

2201 4909 2376 4963 disum
2406 4909 2608 4978 cogita,
2642 4922 2749 4977 quo
2783 4906 2917 4960 Cain
2954 4920 3059 4960 non
3091 4905 3260 4969 redit,
3288 4905 3379 4974 qui
3408 4903 3524 4958 zelo
3555 4902 3785 4959 fratrem

2202 4998 2449 5068 peremit.
2494 4997 2680 5064 Cogita
2711 4997 2929 5051 cmlcste
2961 5010 3202 5066 regnum,
3247 4995 3315 5048 ad
3355 4993 3499 5061 quod
3542 5009 3651 5047 non
3683 4994 3786 5048 nisi

2202 5089 2484 5142 unanimes
2512 5095 2673 5153 atque
2700 5084 2993 5140 concordes
3018 5084 3275 5137 Dominus
3302 5082 3555 5136 admittit.
3593 5080 3786 5153 Cogita

2202 5179 2343 5248 quod
2372 5178 2460 5231 filii
2491 5178 2582 5231 Dei
2621 5178 2672 5230 hi
2711 5177 2809 5231 soli
2848 5176 3053 5246 possint
3076 5176 3257 5229 vocari
3290 5175 3382 5244 qui
3412 5175 3517 5228 sint
3545 5175 3785 5243 paciﬁci,

2204 5268 2295 5337 qui
2342 5269 2621 5322 nativitale
2650 5278 2703 5321 ct
2748 5267 2863 5336 lege
2901 5267 3080 5320 divina
3123 5267 3190 5319 ad
3235 5263 3640 5318 similitudinem
3691 5264 3788 5319 Dei

2207 5356 2382 5411 Patris
2424 5366 2479 5411 et
2507 5357 2707 5411 Christi
2754 5356 3115 5424 respondeant
3159 5354 3382 5408 adunari
3424 5354 3648 5423 :cogita
3688 5354 3791 5409 sub

2206 5450 2375 5502 oculis
2398 5450 2490 5502 Dci
2518 5458 2685 5511 stare,
2706 5456 2984 5516 spectante
3010 5462 3075 5500 ac
3096 5444 3369 5513 judicante
3396 5444 3534 5513 ipso,
3561 5458 3791 5499 conver-

2207 5539 2430 5592 sationis
2468 5554 2530 5591 ac
2559 5538 2682 5590 vita:
2716 5545 2913 5591 nostnc
2941 5534 3236 5598 curricula;
3276 5536 3462 5603 sicque
3497 5535 3792 5591 decurrere

2207 5640 2263 5685 ct
2294 5630 2573 5698 pervenire
2614 5643 2711 5681 nos
2750 5627 2816 5680 ad
2858 5627 2959 5679 hoc
2997 5635 3120 5679 tunc
3157 5625 3369 5677 demum
3401 5638 3559 5691 posse
3594 5625 3790 5678 creda-

2212 5736 2349 5779 mus,
2380 5728 2436 5773 nt
2465 5733 2585 5773 cum
2615 5718 2797 5771 videre
2839 5716 3118 5783 contingat
3153 5713 3326 5777 nobis,
3360 5728 3404 5766 st
3443 5713 3617 5780 ipsum
3648 5726 3793 5766 nunc

2213 5812 2478 5867 videntem
2517 5809 2842 5863 delet-lentus
2881 5804 3085 5858 actibus
3121 5804 3349 5863 nostris,
3394 5802 3436 5855 si
3472 5816 3566 5854 nos
3597 5800 3792 5866 dignos
