3922 6340
162 350 240 407 12⁸1
1087 350 1386 407 llOl-liidrl'l
1431 349 1515 403 DE
1555 349 1790 403 FESTIS
1835 349 2244 416 PR.~ECll‘UlS,
2287 352 2438 408 li'l'C.

3292 366 3386 418 Hii

153 469 305 539 gratia
350 466 459 536 ejus
503 476 561 521 et
609 465 930 537 indulgentia
974 469 1326 538 pnebcnmus,
1371 466 1416 519 si
1462 464 1705 535 placituri
1737 468 1782 524 Α
1813 463 2042 529 habere,
2088 473 2142 520 et
2181 467 2373 536 perdes
2403 484 2496 537 per
2526 469 2837 535 injustitiam
2867 473 3005 540 quod
3034 484 3084 527 tc
3115 473 3251 526 Deus
3283 475 3394 527 vult

154 574 347 630 semper
390 559 440 613 in
487 574 679 628 regno,
728 559 779 612 in
821 559 922 613 hoe
953 559 1150 612 mundo
1193 566 1318 613 aute
1351 558 1659 627 placeamus
1694 573 1705 608 :

152 650 229 705 cui
266 657 385 703 tunc
423 648 542 701 sine
582 648 744 702 dubio
783 647 1130 718 placebimus,
1176 648 1220 703 si
1264 647 1420 702 modo
1461 649 1528 701 ab
1565 648 1710 701 omni

155 743 257 796 zelo
285 752 337 796 et
370 741 537 796 livore
571 742 784 796 invidia:
817 742 976 796 alieni
1013 743 1314 806 existimes,
1347 753 1402 797 ct
1442 743 1714 812 proximos

156 841 349 887 nostros
383 847 509 885 vera
551 831 835 886 dilectione
873 847 1116 886 amamus
1149 851 1161 885 :
1200 833 1322 901 quia
1364 833 1570 900 pacifici
1621 832 1710 886 lilii

157 932 268 978 sunt
305 925 428 989 Det,
468 932 526 978 et
564 925 654 993 qui
699 925 873 992 diligit
907 924 1126 978 fratrem
1168 942 1320 980 suum
1363 942 1428 980 ex
1473 927 1577 979 Deo
1615 943 1710 979 na-

155 1028 230 1072 tus
261 1027 336 1072 est
361 1027 412 1072 et
443 1018 644 1071 videbit
670 1020 833 1072 Demu
861 1035 874 1071 :
899 1018 1052 1088 cujus
1084 1019 1288 1074 visiooc
1320 1029 1575 1089 perpetua
1601 1020 1712 1086 ipse

155 1124 242 1161 nos
277 1109 469 1178 perfrui
504 1109 788 1171 concedat,
821 1108 911 1177 qui
947 1124 1042 1163 nos
1084 1125 1112 1162 a
1148 1119 1318 1164 tuorte
1359 1120 1614 1180 perpetua
1645 1111 1710 1164 li-

153 1201 435 1262 beraverat,
471 1199 721 1253 Christus
755 1200 990 1254 salvator
1021 1207 1220 1260 uoster,
1255 1200 1346 1268 qui
1381 1201 1508 1254 vivit
1542 1208 1595 1253 et
1625 1217 1710 1254 re-

153 1302 399 1362 gnatcutn
425 1293 536 1346 Deo
567 1291 726 1346 Patre
759 1292 812 1345 in
843 1293 1049 1346 unitate
1083 1291 1318 1361 Spiritus
1347 1292 1517 1347 sancti
1551 1293 1709 1356 Deus,

151 1400 237 1453 μαι·
270 1383 441 1438 omnia
481 1383 679 1438 szccula
719 1383 1056 1439 saeculorum.
1101 1384 1272 1438 Amen

687 1523 961 1579 llOillLlA
1005 1523 1162 1579 LXII.

441 1652 649 1690 CONTRA
689 1651 932 1691 FRAUDESI
970 1651 1039 1690 ΕΤ
1079 1651 1388 1690 ΑνΑιιιτιιιι.

215 1747 466 1802 Convenit
505 1749 640 1802 bene
683 1747 884 1802 homini
926 1747 1232 1802 Christiano
1268 1748 1357 1816 qui
1397 1748 1460 1800 a-l
1493 1747 1709 1802 codeste

151 1839 308 1892 tendit
347 1854 600 1906 regnum,
643 1845 696 1893 et
737 1853 995 1906 supernas
1034 1837 1244 1892 divitias
1284 1837 1561 1906 percipere
1601 1853 1713 1890 am-

150 1930 238 1992 bit,
267 1937 318 1981 ut
348 1944 403 1981 se
428 1945 457 1981 a
489 1927 842 1996 pncseutibus
865 1926 1026 1982 rebus
1060 1935 1340 1996 temperet,
1368 1934 1421 1980 et
1449 1928 1718 1996 phitargv-

150 2020 234 2070 r'a‘.
261 2016 468 2075 malum,
503 2017 648 2085 quod
678 2015 910 2070 maxime
943 2016 1233 2069 humanum
1267 2030 1436 2085 genus
1460 2015 1713 2085 captivat,

148 2107 288 2174 quasi
317 2120 579 2158 venenum
612 2105 946 2160 mortiferum
987 2104 1186 2173 fugiat,
1231 2121 1299 2160 ne
1341 2121 1437 2174 per
1476 2105 1714 2160 fraudem

147 2197 331 2266 aliqttid
365 2197 591 2265 adipisci
621 2197 836 2268 gestiat,
863 2197 944 2251 vel
971 2213 1068 2267 per
1095 2198 1441 2266 rapacitatem
1469 2213 1711 2267 possessa

147 2291 518 2345 immensuratc
549 2291 773 2344 retineat
803 2305 818 2343 :
855 2293 979 2359 quia
1012 2290 1186 2344 omnis
1215 2288 1362 2344 fraus
1391 2291 1498 2344 Deo
1528 2290 1712 2358 displi-

147 2389 243 2444 cet,
269 2390 319 2435 et
344 2381 571 2434 avaritia
598 2381 910 2434 idololatria:
955 2382 1022 2434 ab
1068 2380 1323 2449 Apostolo
1348 2391 1709 2450 comparatur.

145 2470 302 2522 Aram
323 2482 520 2532 autem,
544 2469 673 2522 dicit
700 2467 998 2538 Scriptura,
1025 2469 1149 2521 nihil
1170 2480 1242 2523 es!
1268 2469 1549 2524 scelestius.
1576 2469 1713 2534 Quid

145 2559 357 2627 superbit
387 2568 530 2611 terra
555 2567 602 2612 et
631 2559 802 2612 cinis?
830 2557 978 2612 Nihil
1007 2569 1082 2612 est
1106 2559 1332 2630 iniquius
1355 2575 1511 2629 quam
1537 2577 1714 2614 amare

143 2652 422 2717 pecuniam.
476 2649 582 2704 llic
623 2651 759 2704 enim
807 2651 1038 2703 animum
1087 2667 1234 2704 suam
1283 2650 1515 2704 venalem
1563 2652 1713 2706 habet

144 2740 321 2811 (Eccli.
362 2740 436 2812 λ).
476 2741 713 2795 Avaritia
745 2742 909 2801 enim,
940 2756 1101 2810 quam
1135 2742 1306 2796 (ἔταξρί
1333 2741 1711 2812 philargyriam

143 2840 346 2894 vocant,
400 2832 566 2885 nimia
615 2839 695 2885 est
743 2831 1006 2899 cupiditas
1051 2831 1358 2885 divitiarum
1401 2831 1712 2900 acquirendi

144 2921 219 2975 vel
244 2923 475 2977 tenendi.
506 2923 636 2990 Qua:
661 2923 827 2992 pestis
857 2922 1190 2991 inexplebilis
1216 2931 1316 2988 est,
1347 2932 1400 2977 et
1428 2924 1715 2993 hydropico

145 3015 321 3069 morbo
343 3016 614 3069 similatur
643 3030 658 3067 :
689 3015 828 3069 sicut
850 3015 992 3068 enim
1032 3015 1352 3085 hydropicus
1372 3023 1572 3084 quanto
1596 3014 1713 3083 plus

143 3106 284 3169 bibit,
316 3115 463 3160 tanto
491 3107 612 3176 plus
639 3106 752 3159 sitit
781 3123 794 3158 :
829 3106 905 3160 sic
932 3114 985 3159 et
1013 3121 1206 3160 avarus
1229 3113 1429 3175 quanto
1455 3104 1711 3173 majorem
1738 3140 1782 3202 Ο

145 3199 410 3264 pecuniam
445 3198 701 3265 acquirit,
743 3205 891 3250 tanto
935 3196 1190 3264 majorem
1228 3197 1425 3252 habere
1457 3199 1659 3268 appetit
1691 3215 1704 3250 :

143 3295 193 3338 et
217 3287 336 3338 dtnu
369 3286 562 3340 modus
587 3287 634 3340 ei
668 3303 772 3341 non
798 3295 880 3340 est
911 3288 961 3340 in
993 3287 1256 3348 habendo,
1289 3288 1475 3342 modus
1503 3287 1572 3340 illi
1606 3301 1710 3341 non

145 3388 219 3431 cst
257 3379 304 3430 in
350 3379 730 3433 desiderando.
774 3377 907 3433 llinc
951 3387 1241 3431 nascuntur
1274 3377 1504 3438 invidi-.e,
1547 3376 1711 3442 furta,

146 3465 437 3532 latrocinia,
488 3469 797 3533 homicidia,
843 3467 1143 3530 mendacia,
1190 3467 1438 3536 perjuria,
1493 3468 1706 3534 rapime,

147 3558 423 3618 violentize,
477 3559 819 3627 inquietudo,
869 3557 1061 3625 injusta
1103 3556 1333 3625 judicia,
1378 3565 1713 3625 contemptus

147 3647 397 3712 veritatis,
429 3648 626 3701 futura:
659 3648 1001 3703 beatitudinis
1032 3647 1247 3710 oblivio,
1281 3646 1564 3700 obduratio
1593 3663 1712 3699 eur-

146 3735 240 3788 dis.
289 3739 417 3803 Quae
454 3737 514 3790 fit
550 3737 820 3791 contraria
859 3735 1235 3791 misericordia:
1280 3744 1333 3788 et
1361 3735 1712 3806 cleemosyna:

146 3825 193 3878 ia
225 3841 502 3896 pauperes,
534 3837 589 3880 et
615 3827 778 3881 totius
809 3827 1024 3895 pietatis
1056 3825 1266 3879 annula.
1296 3824 1550 3878 Dominus
1583 3839 1709 3893 ergo

149 3927 335 3977 noster,
368 3919 460 3986 qui
501 3933 600 3972 nos
634 3918 892 3986 benignos
928 3931 1046 3970 esse
1084 3916 1148 3970 de
1192 3923 1372 3968 nostra
1413 3915 1707 3969 substantia

146 4008 453 4075 pauperibus
499 4016 556 4062 et
598 4007 811 4061 miseris
854 4008 1121 4068 admouet,
1167 4007 1280 4074 ipse
1318 4021 1416 4058 nos
1457 4006 1522 4057 ab
1563 4007 1708 4058 omni

143 4097 354 4148 avaritia
405 4108 462 4151 et
511 4096 708 4164 iujusta
758 4096 997 4167 pecuniae
1047 4095 1397 4163 acquisitione
1444 4095 1706 4163 prohibet.

143 4192 231 4255 Qui
262 4207 386 4244 vero
412 4191 494 4244 ait
524 4210 538 4244 :
573 4192 646 4244 De
665 4189 828 4258 justis
862 4188 1130 4242 laboribus
1172 4189 1276 4241 tuis
1304 4186 1384 4240 fac
1413 4188 1709 4257 eleemosy-

143 4296 283 4345 nam,
328 4282 441 4349 ipse
492 4296 591 4349 per
633 4279 944 4349 Apostolum
989 4293 1142 4332 suum
1179 4279 1424 4331 hortatur
1473 4293 1592 4340 nos,
1623 4278 1706 4331 di-

143 4384 258 4422 cens
297 4388 309 4420 :
351 4371 530 4424 Nolite
577 4368 819 4424 fraudem
869 4368 1046 4422 facere
1092 4369 1315 4421 invicem
1358 4366 1408 4438 (Ι
1437 4366 1558 4420 Cor.
1589 4366 1703 4438 vn).

141 4457 261 4511 Nam
290 4461 377 4528 qui
421 4459 614 4512 fraude
638 4457 874 4527 qualibet
912 4455 1110 4524 aliquid
1151 4455 1488 4524 acquisierit,
1531 4457 1704 4524 perdit
1729 4477 1781 4535 ι)

136 4546 342 4614 justitia:
367 4549 702 4618 mquitatem.
731 4547 855 4600 Des.
875 4561 1056 4609 avare,
1083 4545 1186 4610 dic,
1219 4547 1428 4614 cupide,
1455 4547 1557 4612 dic,
1591 4563 1705 4602 sce-

142 4636 315 4699 leratc,
340 4637 470 4706 quid
500 4636 812 4704 acquisisti?
839 4634 993 4690 Forte
1017 4635 1172 4696 dicis,
1195 4635 1395 4688 Aurum
1424 4637 1704 4704 acquisivi,

141 4735 188 4778 et
228 4741 406 4780 verum
432 4726 572 4780 dicis
602 4745 616 4778 :
649 4740 778 4779 ecce
802 4740 988 4778 aurum
1017 4723 1290 4792 acquisisti
1321 4738 1414 4791 per
1439 4723 1705 4789 fraudem,

139 4823 189 4866 et
225 4815 376 4868 tidem
417 4814 698 4884 perdidisti
747 4827 843 4880 per
885 4811 1219 4880 iujustitiam.
1271 4811 1327 4865 Si
1371 4813 1424 4864 iu
1467 4822 1702 4867 mercatu

143 4907 287 4959 ﬁdem
320 4907 594 4961 invenires
622 4905 894 4970 venalem,
935 4905 979 4958 si
1021 4905 1190 4958 b0nus
1229 4919 1408 4968 esses,
1438 4907 1704 4974 quomodo

141 5013 503 5066 comparasses
540 5012 694 5058 eam;
740 5011 906 5064 quare
948 5011 1053 5050 non
1100 4997 1257 5050 times
1301 4997 1523 5064 perdere
1561 5011 1699 5063 eam,

141 5099 288 5152 quant
315 5095 364 5140 te
389 5087 534 5139 Deus
561 5084 729 5139 voluit
760 5085 956 5139 habere
986 5085 1037 5137 in
1068 5084 1263 5139 corde?
1303 5085 1506 5139 Aurum
1538 5085 1703 5142 habes

143 5173 215 5226 vel
242 5183 524 5245 argentum
555 5173 637 5227 vel
665 5171 806 5226 aliud
841 5173 968 5240 quid
1005 5173 1292 5241 pretiosum
1329 5174 1380 5227 in
1411 5189 1564 5237 arca,
1607 5177 1700 5230 sed

141 5265 379 5318 damnum
428 5267 481 5320 iu
524 5264 868 5320 conscientia.
903 5263 995 5317 llis
1017 5265 1264 5319 omnibus
1289 5265 1535 5319 meliores
1561 5266 1698 5319 divi»

144 5354 234 5409 tias
261 5355 574 5423 perdidisti,
611 5355 663 5408 id
689 5363 772 5408 est
807 5353 962 5408 fidem
1004 5362 1057 5406 et
1079 5353 1340 5422 justitiam
1379 5363 1432 5408 et
1458 5355 1700 5410 dilectio-

144 5460 252 5498 nem
281 5447 370 5500 Dei
397 5457 454 5500 ct
482 5445 736 5516 proximi.
760 5444 988 5498 Lucrum
1020 5453 1166 5496 tuum
1195 5445 1416 5513 cogitas,
1448 5446 1697 5499 damnum

144 5543 278 5588 tuum
317 5554 420 5590 non
459 5536 808 5590 consideras?
837 5536 891 5589 Si
926 5535 1050 5588 huic
1089 5534 1236 5586 luero
1275 5536 1495 5604 gaudes,
1533 5551 1698 5604 quare

145 5625 220 5678 illa
250 5626 452 5696 perdita
482 5642 590 5680 non
615 5627 856 5694 plangis?
882 5625 997 5694 plus
1025 5624 1296 5692 perdidisti
1321 5640 1478 5692 quam
1511 5627 1694 5692 acqui-

145 5715 268 5770 sisti.
311 5718 352 5774 Ο
391 5719 570 5782 dives,
609 5717 748 5786 rapis
787 5732 880 5785 per
911 5714 1200 5784 potentiam
1231 5715 1371 5782 quod
1402 5714 1490 5768 tibi
1525 5714 1691 5782 placet

1814 554 2032 620 habere,
2080 555 2130 609 id
2176 567 2260 611 est
2301 559 3111 631 bcatitudiueutsentpiternaut.
3159 563 3214 620 Si
3246 568 3392 620 enim

1811 643 1901 698 fur
1925 644 2007 698 vel
2039 654 2220 714 raptor
2239 646 2453 701 oculum
2479 650 2799 719 perdidisset
2825 653 2876 706 iu
2906 653 3046 708 furto
3073 656 3153 710 vel
3179 659 3391 727 rapina,

1813 733 2038 790 forsitan
2068 746 2254 806 postea
2294 739 2494 794 furtum
2524 757 2626 795 non
2655 742 2871 799 fecisset
2899 745 2979 799 vel
3012 747 3254 816 rapinam
3287 765 3299 800 :
3342 761 3394 805 ct

1812 826 1986 878 nescit
2015 825 2098 879 ille
2129 826 2248 881 talis
2274 830 2414 896 quod
2446 830 2498 882 in
2529 829 2788 898 ejusmodi
2817 843 3036 902 peccato
3068 835 3245 891 lumen
3280 855 3397 907 per—

1812 915 1945 970 didit
1973 919 2165 980 cordis,
2201 921 2342 988 quod
2375 921 2563 976 melior
2590 934 2672 976 est
2697 926 2841 978 omni
2882 925 3083 981 lumine
3129 932 3393 997 corporis.

1813 1007 2002 1078 Magis,
2048 1025 2230 1075 avare,
2277 1013 2373 1066 des
2435 1016 2759 1082 pauperibus
2816 1019 2957 1085 quod
3004 1020 3189 1083 habes,
3236 1038 3394 1090 quam

1812 1112 1907 1166 per
1932 1098 2171 1153 fraudem
2201 1102 2450 1171 aeqniras
2477 1105 2618 1173 quod
2644 1121 2747 1159 non
2777 1108 2964 1172 habes,
2996 1119 3051 1163 ut
3079 1112 3315 1166 invenias
3345 1115 3394 1166 in

1811 1187 1947 1242 cwlo
1990 1189 2132 1257 quo]
2174 1191 2365 1246 dedisti
2410 1193 2463 1248 iu
2507 1204 2650 1250 terra
2691 1213 2702 1251 :
2742 1199 2869 1265 quid
2919 1201 3073 1255 times
3113 1205 3391 1272 pecuniam

1813 1285 1954 1331 tuam
1987 1279 2231 1347 perdere,
2258 1292 2312 1335 et
2337 1300 2442 1336 non
2472 1285 2630 1339 times
2660 1297 2718 1340 ut
2744 1297 2885 1341 totus
2915 1293 3138 1358 pereas?
3164 1293 3266 1347 Pro
3295 1313 3386 1348 ac-

1810 1368 2098 1436 quisitioue
2131 1373 2370 1438 pecunim
2415 1372 2605 1429 falsum
2647 1379 3009 1433 testimonium
3053 1382 3204 1446 dicis,
3249 1401 3393 1439 meu-

1811 1456 1946 1520 tiris,
1991 1459 2134 1528 rapis
2173 1459 2380 1523 aliena,
2414 1461 2588 1529 juras,
2629 1467 2893 1537 perjuras,
2938 1485 3057 1537 qua:
3100 1470 3178 1524 lex
3208 1484 3347 1526 vetat
3381 1494 3390 1526 2

1810 1563 1986 1602 nonne
2023 1565 2145 1603 cum
2195 1551 2309 1604 haec
2351 1555 2529 1606 omnia
2587 1554 2747 1621 facis,
2793 1574 2960 1626 quare
2999 1576 3103 1613 non
3147 1561 3302 1616 times
3342 1574 3397 1615 ut

1811 1649 1954 1694 totus
1993 1642 2184 1695 ardeas
2226 1644 2277 1695 in
2323 1649 2622 1700 internum?
2668 1650 2797 1713 Cur,
2842 1667 3036 1716 avare,
3087 1654 3204 1722 plus
3244 1672 3394 1710 amas

1810 1745 2001 1783 aurum
2041 1748 2201 1800 quam
2245 1735 2520 1788 animant?
2567 1739 2702 1803 Quid
2745 1741 2886 1794 enim
2931 1744 3170 1814 proderit
3211 1747 3302 1800 tibi
3348 1749 3391 1801 si

1817 1821 2070 1874 mundtttn
2104 1824 2412 1878 universum
2450 1827 2694 1893 lucret'is,
2735 1832 2926 1885 anima:
2962 1845 3138 1888 autem
3176 1845 3276 1890 tua:
3303 1840 3391 1892 de—

1818 1913 2126 1965 trimentum
2156 1915 2421 1983 patiaris?
2468 1917 2534 1970 Et
2579 1918 2690 1987 ipse
2739 1921 2993 1976 Domitios
3025 1927 3074 1977 in
3106 1925 3392 1995 Evangelio

1816 1999 1939 2053 dicit
1980 2019 1991 2053 :
2031 2002 2226 2056 Cavete
2250 2003 2319 2056 ab
2357 2007 2502 2059 omni
2543 2008 2796 2073 avaritia,
2827 2013 2951 2079 quia
2983 2029 3085 2065 non
3131 2014 3181 2066 in
3224 2017 3392 2068 ειΙιιιιιν

1815 2093 1995 2145 dautia
2041 2092 2352 2164 cujusquam
2401 2097 2511 2149 vita
2553 2107 2635 2152 est
2679 2115 2798 2168 qua:
2845 2101 3093 2168 possidet.
3146 2103 3393 2174 Nunquid

1816 2199 1921 2236 non
1951 2183 2143 2238 divites
2181 2185 2430 2239 similiter
2471 2188 2771 2240 moriuntur
2809 2189 2947 2243 sicut
2987 2201 3039 2244 ct
3081 2207 3341 2262 pauperes
3377 2213 3387 2247 :

1815 2290 1918 2327 non
1949 2275 2201 2344 prodesse
2229 2286 2455 2345 possunt
2484 2279 2686 2334 divitia:
2720 2281 2772 2334 in
2802 2281 2886 2335 die
2913 2283 3154 2349 ultionis,
3196 2302 3294 2340 nec
3324 2287 3389 2340 li-

1814 2365 2077 2418 berabuut
2113 2366 2251 2419 male
2277 2376 2490 2423 utentes
2515 2370 2594 2424 eis
2620 2386 2648 2423 a
2676 2371 2850 2440 pannis
2875 2374 3232 2442 sempiternis.
3269 2375 3392 2430 Vul-

1815 2455 1902 2516 tis,
1937 2452 2148 2517 fratres,
2182 2472 2338 2511 uosse
2368 2472 2530 2527 quam
2561 2461 2877 2528 perniciose,
2909 2478 3068 2532 quam
3099 2481 3196 2517 nos
3209 2467 3274 2530 ie,
3307 2468 3387 2522 fo-

1816 2560 1927 2598 mes
1955 2545 2074 2610 iste,
2103 2547 2206 2600 nisi
2234 2548 2392 2601 fuerit
2415 2549 2695 2620 diligenter
2722 2553 2951 2620 excisus,
2983 2556 3050 2608 ad
3079 2557 3193 2625 ejus
3224 2558 3389 2613 inter—

1815 2641 1946 2694 itum
1987 2644 2077 2711 qui
2120 2658 2243 2697 eum
2285 2645 2523 2712 ceperit,
2578 2646 2883 2710 fruetilicet,
2932 2658 2984 2703 et
3024 2667 3182 2704 omne
3223 2668 3394 2722 genus

1813 2732 2064 2800 pnevalct
2092 2735 2409 2790 ramusculis
2440 2736 2726 2790 vitiorum?
2770 2740 2976 2808 respice
3005 2738 3300 2813 [respicite]
3341 2746 3391 2797 in

1811 2822 2004 2876 Judam
2033 2824 2394 2892 apostolorum
2426 2843 2650 2880 numero
2684 2829 3044 2896 deputandum
3077 2848 3090 2882 :
3119 2833 3242 2900 quia
3285 2850 3390 2887 non

1814 2913 1978 2966 voluit
2013 2915 2280 2982 serpentis
2308 2916 2463 2986 hujus
2491 2927 2649 2986 caput
2678 2929 2980 2984 conterere,
3013 2922 3242 2990 qualiter
3269 2941 3393 2978 eum

1813 3016 1912 3054 suo
1958 3016 2164 3056 veneno
2213 3004 2532 3072 perculerit;
2591 3014 2645 3059 et
2692 3009 3139 3076 concupiscenda:
3189 3011 3396 3080 laqueis

1815 3090 2082 3145 irretitum
2115 3092 2180 3145 ad
2209 3101 2316 3146 tam
2348 3094 2572 3162 abrupta
2602 3096 2895 3166 prazcipitia
2927 3099 3128 3154 crimen
3160 3100 3394 3172 impege-

1814 3182 1904 3245 rit,
1928 3190 1986 3234 ιιι
2012 3183 2402 3252 redemptorem
2431 3183 2615 3238 mundi
2643 3194 2698 3239 et
2725 3186 2969 3239 humana:
2995 3189 3180 3243 salutis
3208 3201 3391 3244 aucto-

1813 3287 1926 3326 rem
1957 3272 2026 3326 ob
2055 3273 2274 3343 triginta
2317 3284 2602 3344 argenteos
2633 3283 2962 3344 persuaserit
2992 3280 3221 3333 vendere
3256 3299 3268 3332 :
3300 3283 3392 3349 qui

1812 3379 2151 3433 nequaquam
2187 3366 2254 3419 ad
2291 3374 2398 3418 tam
2424 3376 2568 3420 esset
2593 3367 2878 3422 scelestqu
2922 3371 3238 3438 proditionis
3264 3372 3393 3426 fari-

1813 3472 1914 3510 nus
1943 3457 2243 3520 devohttus,
2290 3457 2333 3510 si
2378 3473 2480 3511 uou
2518 3459 2856 3528 philargyrite
2884 3463 3070 3514 morbo
3095 3461 3286 3517 fuisset
3314 3466 3392 3517 iu-

1812 3545 2016 3614 fectus;
2065 3564 2163 3602 nec
2210 3549 2499 3602 Dominitxn
2546 3551 2922 3619 negotiationis
2969 3569 3089 3605 reus
3131 3569 3192 3607 ac
3224 3557 3390 3607 sacri-

1812 3637 1962 3708 legus
1987 3638 2300 3701 exstitisset,
2331 3637 2431 3691 nisi
2455 3639 2604 3708 prius
2628 3639 2813 3693 solitus
2844 3640 3030 3694 fuisset
3059 3642 3156 3695 sibi
3192 3644 3392 3696 inulla;

1811 3733 2047 3787 creditos
2067 3732 2379 3802 compilare.
2411 3732 2516 3787 Sed
2540 3734 2664 3787 licet
2691 3734 2840 3787 multi
2865 3737 3194 3789 detestentur
3217 3739 3391 3792 scelus

1809 3821 1978 3889 Iuda},
2013 3823 2166 3891 pauci
2211 3831 2390 3877 tamen
2432 3823 2604 3876 vitare
2647 3825 2880 3877 student.
2921 3825 3019 3890 Qui
3050 3842 3176 3894 ergo
3213 3827 3390 3881 υυειιξ-

1809 3928 1936 3966 num
1978 3913 2243 3988 vendidit,
2286 3928 2410 3967 rcus
2449 3927 2568 3966 esse
2598 3913 2664 3966 ab
2704 3914 3007 3968 hominibus
3036 3916 3387 3986 dijudicatnr;

1809 4011 1862 4056 et
1884 4001 1975 4071 qui
2002 4002 2281 4055 veritatem
2309 4017 2408 4071 pro
2433 4003 2712 4056 mendacio
2739 4016 3052 4069 commutat,
3080 4008 3166 4059 vix
3198 4024 3226 4060 a
3257 4026 3390 4076 quo-

1808 4108 1970 4162 quam
2011 4093 2436 4162 reprehenditur.
2483 4095 2776 4157 Attcnditc,
2827 4096 3043 4162 fratres,
3085 4115 3203 4168 qum
3246 4103 3386 4161 «lico,

1807 4184 1932 4252 quia
1961 4183 2264 4252 quicunque
2301 4195 2518 4253 propter
2544 4201 2781 4239 amorem
2811 4188 3048 4254 pecuniae
3067 4229 3081 4250 ,
3121 4190 3202 4242 vel
3241 4206 3387 4243 (anti—

1807 4275 2023 4327 modum
2059 4281 2366 4336 terrenum,
2403 4275 2686 4327 veritatem
2722 4276 2927 4339 vendit,
2960 4276 3231 4330 Christum
3265 4297 3390 4347 ρων

1807 4364 1906 4428 dit,
1952 4372 2007 4417 et
2047 4361 2196 4417 Judtn
2243 4363 2461 4417 sceleris
2495 4372 2577 4416 est
2613 4365 2895 4433 particeps.
2942 4365 3032 4419 Ait
3080 4369 3221 4420 cuitu
3276 4373 3386 4438 ipse

1807 4453 2062 4507 Dominus
2093 4471 2105 4506 :
2141 4452 2252 4522 Ego
2277 4469 2391 4506 sum
2420 4454 2518 4517 ria,
2545 4462 2598 4506 et
2626 4456 2812 4507 veritus
2847 4465 2894 4506 et
2923 4455 3056 4519 ritu;
3089 4457 3248 4509 vitam
3283 4461 3386 4510 uti-

1809 4555 1913 4610 que
1936 4541 2166 4606 deserit,
2197 4542 2289 4610 qni
2312 4543 2594 4596 veritatem
2628 4559 2722 4610 pro
2742 4544 2963 4610 pecunia
2998 4545 3179 4598 vendit
3204 4564 3215 4597 :
3245 4549 3383 4599 unde

1809 4642 1862 4686 et
1907 4643 2148 4687 mercatu
2192 4633 2426 4687 infausto
2465 4649 2568 4687 nou
2616 4634 2778 4686 vitam
2829 4644 3064 4688 meretur
3101 4646 3380 4698 mteruant,

1807 4727 1903 4782 sed
1944 4729 2208 4782 mendacii
2241 4729 2470 4782 debitam
2517 4740 2790 4795 mergetur
2832 4730 2884 4782 in
2919 4746 3152 4798 partiam.
3185 4729 3380 4791 Nolite,

1808 4819 2037 4882 fratres,
2082 4819 2246 4872 ttolite
2270 4819 2507 4872 avaritim
2532 4820 2738 4873 catenis
2777 4819 2955 4889 ligari.
3007 4820 3166 4873 nolite
3200 4838 3380 4874 amore

1808 4919 1986 4959 rerum
2018 4905 2308 4958 labentium
2347 4907 2546 4960 irretiri
2579 4925 2590 4958 :
2622 4923 2832 4960 sursmu
2873 4924 2968 4962 cor
2991 4909 3195 4978 erigite,
3224 4922 3379 4962 aeter-

1808 5012 1931 5050 nam
1987 4996 2374 5051 beatitudinem
2425 4997 2744 5052 desiderate.
2802 4997 2937 5050 Nam
2994 5001 3222 5053 mundus
3281 5003 3378 5054 istc

1809 5087 2034 5151 trausit,
2077 5096 2133 5142 et
2174 5088 2604 5154 concupiscentia
2633 5087 2778 5156 ejus;
2819 5088 3037 5141 verbum
3067 5095 3244 5141 autem
3276 5091 3377 5143 ilo-

1807 5175 1937 5229 tniui
1966 5183 2148 5230 manet
2180 5176 2230 5229 in
2267 5185 2547 5230 aeternum.
2591 5177 2725 5232 llinc
2753 5193 2851 5231 nos
2886 5176 3080 5232 Paulus
3105 5181 3375 5248 apostolus

1807 5265 2060 5319 admonet
2095 5272 2150 5319 cl.
2176 5265 2307 5319 dicit
2349 5281 2363 5318 :
2403 5265 2622 5335 Tempus
2661 5268 2806 5320 breve
2844 5276 2952 5330 est;
2993 5266 3244 5336 reliquum
3288 5285 3373 5321 su-

1802 5363 1984 5425 perest
2018 5365 2070 5409 ut
2101 5356 2190 5425 qui
2230 5357 2416 5410 habent
2460 5373 2669 5419 uxores,
2714 5366 2959 5425 tanquam
2996 5373 3096 5408 non
3132 5357 3374 5410 [tabentes

1800 5446 1946 5498 sint:
1981 5456 2025 5497 et
2065 5447 2154 5514 qui
2189 5447 2336 5515 flent,
2374 5455 2618 5514 tanquam
2662 5462 2761 5498 non
2799 5446 3014 5513 ﬂentes;
3051 5455 3097 5497 et
3126 5446 3214 5514 qui
3245 5463 3373 5512 gmi-

1799 5535 1940 5600 deut,
1971 5546 2218 5605 tanquam
2245 5553 2345 5588 non
2377 5535 2688 5604 gaudentes;
2714 5546 2757 5586 et
2785 5536 2872 5603 qui
2895 5545 3090 5598 emunt,
3121 5545 3365 5604 tanquam

1800 5644 1900 5678 non
1927 5627 2277 5694 possidentes:
2311 5636 2357 5678 ct
2390 5626 2478 5692 qui
2506 5636 2719 5678 utumur
2745 5625 2838 5676 hoc
2879 5624 3092 5685 mundo,
3121 5634 3365 5691 (unquam

1801 5735 1898 5770 non
1961 5727 2173 5769 utuntur
2222 5733 2238 5769 :
2289 5720 2514 5782 prrrterit
2564 5719 2697 5769 enim
2757 5717 2926 5784 ﬁgura
2982 5715 3138 5784 hujus
3187 5725 3367 5766 mund:
