3922 6368
453 362 561 418 H9

1101 353 1161 409 Β.
1202 350 1456 408 ItABAiK'l
1499 348 1716 404 ΜΑυιιι
1757 343 2079 400 Αιιειιιιίι).
2124 341 2432 399 ΞΙΟΕΗΝΤ.
2475 340 2760 397 OPEliUM
2800 340 2979 396 PARS
3020 339 3080 393 II.

3650 333 3744 390 ηο

458 488 471 550 ί
481 481 506 535 ι
541 479 664 533 σον,
697 477 820 547 κου),
866 471 978 532 illo;
1018 471 1232 535 fratres,
1273 483 1497 522 morem
1539 465 1744 519 balteus
1785 457 1862 515 est
1901 461 2055 530 quasi
2089 465 2133 521 Α
2161 474 2266 529 que
2312 474 2472 513 sexus
2520 458 2802 527 omnisque
2841 464 2975 510 artas
3016 456 3152 527 gnlre
3192 455 3392 509 malum
3433 455 3486 508 iu
3525 468 3748 510 consuc-

455 587 560 628 non
591 570 819 630 habens,
842 564 932 636 qui
961 564 1038 616 sic
1069 561 1248 616 studet
1279 559 1494 629 placere
1518 553 1755 622 coniugi,
1784 561 1841 605 ut
1868 564 2050 604 tamen

456 679 561 718 non
593 658 871 728 displiceat
899 652 1202 710 Conditori.
1246 650 1362 703 Flet
1388 660 1625 718 quoque,
1656 645 1748 699 sel
1797 653 2050 710 tanquam

454 767 560 806 tion
597 749 754 814 fleat,
787 748 876 816 qui
918 748 994 799 sic
1030 741 1417 812 tcinporaliizus
1444 736 1657 792 (lanulis
1692 735 1962 803 :zilligitur,
1997 742 2055 785 ut

456 851 633 895 tamen
666 840 731 892 de
758 837 978 892 internis
1007 833 1170 889 lucris
1197 845 1413 900 semper
1447 827 1684 882 animum
1718 824 2048 877 coiiseletnr.

454 932 662 987 Gaudet
697 944 844 992 vero,
889 927 981 980 sed
1015 935 1268 993 tauquam
1300 937 1404 974 non
1438 916 1696 989 gaudeat,
1740 915 1831 984 qui
1874 913 1952 967 sic
1988 913 2053 966 de

456 1019 842 1090 temporaii'us
873 1018 1028 1070 bouis
1055 1013 1354 1076 liilarescit,
1390 1020 1447 1063 ut
1476 1019 1655 1062 tamen
1682 1020 1894 1074 semper
1926 1019 2051 1073 per-

455 1124 613 1186 petua
647 1118 915 1165 tormenta
941 1108 1279 1170 consideret;
1313 1113 1369 1158 et
1409 1103 1462 1156 in
1508 1102 1611 1155 hoc
1637 1099 1780 1169 quod
1817 1105 2052 1150 intuitum

453 1185 648 1272 gaudio
688 1199 963 1264 sublevat,
996 1198 1138 1250 hanc
1174 1194 1428 1250 continuo
1463 1189 1703 1259 pondere
1736 1187 1946 1255 providi
1982 1185 2051 1238 ti-

458 1293 620 1347 moris
649 1297 880 1360 prcmat.
911 1287 1055 1342 Emit
1076 1294 1280 1349 autem,
1308 1283 1400 1337 sed
1427 1279 1579 1350 quasi
1611 1293 1716 1332 non
1743 1277 2049 1348 possidens,

453 1384 543 1454 qui
575 1391 628 1438 et
658 1382 724 1436 ad
758 1395 914 1436 usum
961 1388 1178 1433 terrena
1221 1382 1525 1446 praeparat,
1568 1380 1625 1426 et
1671 1379 1849 1424 tamen
1893 1376 2054 1423 cauta

453 1472 777 1545 cogitatione
805 1469 1063 1540 praevidet
1084 1466 1228 1536 quod
1253 1480 1315 1520 ea
1346 1463 1508 1518 citius
1532 1461 1823 1530 relinquat.
1858 1458 2055 1513 Mundo

453 1579 670 1636 quoque
700 1563 888 1627 utitur,
917 1561 1009 1614 sed
1041 1557 1195 1629 quasi
1228 1571 1336 1611 non
1375 1562 1578 1617 utatur,
1606 1551 1697 1622 qui
1724 1561 1778 1607 et
1804 1564 2056 1606 necessa-

455 1655 535 1710 ria
567 1662 756 1709 cuncta
783 1650 1027 1707 exterius
1050 1651 1118 1704 ad
1144 1649 1270 1703 vita:
1296 1663 1408 1702 sua:
1436 1643 1799 1699 ministerium
1835 1641 2052 1712 redigit,

451 1755 508 1800 et
534 1755 714 1799 tamen
744 1745 857 1798 lucc
893 1741 1081 1796 eadem
1111 1754 1217 1792 non
1247 1737 1389 1792 sinet
1428 1748 1539 1791 suae
1566 1733 1732 1788 menti
1760 1730 2051 1796 dominari,

2156 551 2394 604 tulincm
2416 550 2598 602 vertit.
2629 548 2902 601 Laudztnr
2922 558 3164 616 peccator
3187 547 3240 600 in
3261 544 3534 600 desideriis
3561 545 3750 599 anima:

2151 659 2281 703 stur,
2312 651 2365 694 et
2394 642 2482 710 qui
2518 640 2700 708 iniqua
2730 639 2885 710 gerit,
2919 638 3118 691 benedit
3135 639 3240 690 itur
3272 634 3444 707 (Psal.
3476 636 3576 706 lx).
3610 634 3751 689 Tan-

2154 743 2376 804 tumque
2415 734 2532 786 inec
2568 733 2733 801 pestis
2763 730 3032 793 (.‘XCI‘C'tII,
3066 738 3124 782 ut
3153 729 3414 797 quosdam
3455 728 3520 781 de
3564 734 3751 780 nostro

2152 827 2363 888 ordine,
2405 825 2506 878 hoc.
2546 835 2626 878 est
2666 825 2731 877 de
2771 822 3110 877 saecrdounn
3152 836 3395 884 numero,
3435 820 3506 874 ita
3539 827 3747 874 tantum

2154 914 2536 984 eaptivavcrit,
2567 923 2626 967 ut
2653 928 2757 965 non
2793 911 2964 966 solum
2999 911 3129 980 ipsis
3159 910 3400 964 ebriosos
3427 925 3532 964 non
3566 923 3750 980 repre-

2153 1008 2472 1071 henderent,
2518 1005 2612 1061 sed
2653 1005 2814 1059 etiam
2847 1003 3042 1058 ebriosi
3090 1002 3295 1056 fierent.
3343 1001 3473 1068 Qua:
3511 1010 3596 1057 est
3637 1001 3755 1056 hinc

2153 1097 2418 1166 nequitia,
2449 1095 2664 1160 fratres,
2693 1093 2834 1163 quod
2866 1106 2933 1146 ne
2962 1091 3160 1144 malum
3186 1098 3294 1144 tam
3316 1106 3580 1156 amarum,
3606 1090 3752 1159 quod

2155 1188 2359 1241 nullum
2390 1187 2762 1257 prmpositum,
2795 1183 2994 1238 nullam
3028 1182 3338 1250 dignitatem
3369 1183 3608 1253 patiatur
3637 1181 3754 1236 fieri

2156 1277 2374 1332 ilhcsam
2404 1294 2416 1329 :
2449 1276 2537 1330 ubi
2566 1275 2856 1329 virtutibus
2883 1271 3202 1336 detrahitur,
3227 1281 3282 1326 et
3310 1272 3440 1326 vitia
3468 1272 3758 1342 prmeoniis

2153 1368 2482 1432 efferuntur;
2507 1367 2596 1421 ubi
2619 1365 2942 1420 abstinentia
2965 1372 3020 1418 et
3049 1363 3314 1418 sobrietas
3341 1363 3750 1434 vituperantur,

2155 1470 2210 1515 et
2233 1460 2354 1530 gula
2383 1467 2544 1528 atque
2570 1456 2806 1512 ebrietas
2845 1455 3152 1509 laudantur.
3194 1455 3358 1509 Aiunt
3388 1455 3532 1509 enim
3565 1472 3580 1508 :
3613 1452 3756 1508 Vere

2155 1551 2287 1622 largi
2314 1558 2455 1613 sunt,
2480 1557 2534 1604 et
2559 1548 2782 1619 quod.hi
2809 1547 2907 1603 soli
2939 1541 3325 1602 misericordia:
3357 1554 3411 1601 et
3465 1544 3757 1600 charitatis

2149 1641 2270 1711 jura
2317 1641 2639 1702 observent,
2678 1637 2770 1708 qui
2813 1636 3061 1692 ebrietati
3111 1644 3166 1691 et
3207 1636 3492 1692 voracitati
3526 1649 3757 1706 operam

2155 1733 2302 1788 dant.
2353 1728 2517 1798 Quasi
2548 1727 2918 1784 misericordia
2963 1736 3020 1782 et
3061 1725 3299 1782 charitas
3342 1726 3414 1781 sit
3455 1725 3758 1796 quemlibet

455 1844 515 1890 ut
543 1835 786 1905 subjecta
829 1832 962 1887 foris
1000 1829 1273 1893 serviant,
1303 1833 1360 1882 et
1391 1837 1669 1894 nunquam
1700 1821 2055 1876 intentionem
2086 1814 2130 1873 Β
2159 1822 2504 1892 semetipsum
2533 1819 2800 1889 decipere,
2830 1826 2884 1874 et
2924 1818 3059 1873 alios
3085 1831 3267 1873 secum
3295 1817 3360 1871 ad
3391 1816 3755 1888 perditionem

451 1927 619 1980 animi
651 1926 716 1978 ad
746 1923 853 1977 alta
901 1920 1174 1976 tendentis
1221 1917 1492 1988 frangant.
1539 1913 1861 1982 Quicunque
1889 1910 2053 1981 igitur

450 2015 587 2070 tales
609 2024 755 2078 sunt,
785 2014 866 2069 eis
890 2010 1136 2082 profecto
1161 2018 1379 2065 terrena
1406 2007 1587 2061 omnia
1621 2021 1726 2060 non
1751 2005 1816 2059 ad
1846 2004 2055 2058 deside-

451 2105 625 2169 rium,
662 2105 757 2158 sed
799 2103 866 2157 ad
897 2117 1056 2157 usum
1087 2107 1462 2163 assumuntur,
1491 2097 1616 2166 quia
1647 2095 1807 2149 rebus
1835 2093 2050 2162 quidem

450 2195 777 2250 necessariis
811 2200 1059 2254 utuntur,
1105 2191 1201 2245 sed
1244 2188 1376 2242 nihil
1424 2187 1627 2242 habere
1663 2201 1785 2240 cum
1828 2193 2053 2253 peccato

450 2284 695 2354 cupiunt.
725 2283 800 2338 De
828 2281 960 2351 ipsis
986 2293 1201 2350 quoque
1229 2279 1390 2332 rebus
1415 2274 1618 2330 habitis
1644 2273 1884 2343 quotidie
1911 2286 2053 2326 ruer-

451 2374 612 2430 cales
637 2373 947 2443 acquirunt,
977 2378 1034 2425 et
1066 2369 1186 2440 plus
1230 2366 1464 2439 gaudent
1495 2366 1636 2420 bono
1666 2377 1851 2433 opere,
1887 2375 2051 2431 quam

451 2469 592 2523 bona
623 2465 986 2536 possessione.
1035 2461 1161 2515 llaec
1202 2473 1332 2528 ergo
1363 2457 1617 2526 cogitate,
1649 2463 1852 2509 etcum
1886 2451 2052 2505 relin-

453 2574 620 2631 quere
643 2567 836 2614 cuncta
862 2571 983 2625 quzc
1009 2553 1193 2607 mundi
1223 2559 1350 2604 sunt
1378 2563 1484 2602 non
1507 2545 1758 2618 potestis,
1782 2543 2052 2599 exteriora

453 2650 592 2706 bene
636 2647 878 2702 exterius
928 2644 1106 2715 agite,
1164 2641 1258 2697 scd
1304 2647 1359 2694 et
1409 2639 1664 2692 ardenter
1708 2634 1936 2688 interius
1984 2633 2053 2688 ad

451 2749 658 2796 aeterna
701 2737 974 2793 festinate.
1012 2733 1158 2789 Nihil
1193 2733 1265 2788 sit
1299 2730 1444 2801 quod
1484 2727 1814 2783 desiderium
1855 2735 2054 2780 vestrm

455 2831 653 2887 mentis
683 2828 954 2890 retardet,
985 2825 1187 2880 nullius
1215 2839 1311 2878 vos
1341 2822 1416 2876 rei
1455 2822 1507 2875 iu
1545 2821 1645 2874 hoc
1676 2817 1875 2872 mundo
1905 2805 2053 2872 delc—

455 2923 622 2978 ctatio
651 2918 910 2990 implicet.
957 2915 1012 2971 Si
1060 2915 1258 2969 bonum
1303 2912 1559 2979 diligitur,
1611 2923 1765 2963 mens
1805 2907 1858 2960 in
1899 2906 2056 2960 bonis

454 3013 790 3073 melioribus,
824 3011 928 3064 hoc
953 3016 1039 3063 est
1068 3007 1120 3061 in
1152 3005 1483 3069 coelestibus,
1515 3000 1830 3056 delectetur.
1861 2996 1918 3052 Si
1942 3012 2056 3050 ma-

454 3105 568 3160 lum
598 3103 878 3165 metuitur,
915 3098 1054 3153 mala
1084 3097 1266 3150 animo
1292 3102 1492 3150 artcrna
1531 3097 1905 3161 proponantur
1943 3103 1956 3140 :
1996 3095 2054 3140 ut

2155 1914 2392 1968 trahere.
2433 1909 2686 1980 Nunquid
2728 1908 2929 1963 Paulus
2970 1905 3264 1976 apostolus,
3309 1904 3525 1971 fratres,
3572 1904 3758 1960 taliter

2156 2004 2413 2074 praedicat
2437 2001 2791 2059 charitatem?
2816 2001 2893 2055 ait
2917 1999 3058 2055 enim
3094 2013 3109 2053 :
3144 1996 3392 2053 Charitas
3419 1998 3624 2068 patiens
3650 2008 3752 2061 est,

2157 2097 2376 2166 benigna
2403 2104 2476 2149 est
2506 2111 2523 2149 :
2554 2111 2655 2148 non
2683 2092 2981 2155 (volutatur,
3013 2107 3116 2144 non
3157 2091 3263 2160 agit
3312 2104 3616 2159 perperam,
3648 2103 3756 2142 non

2155 2195 2230 2242 est
2261 2185 2555 2250 ambitiosa,
2583 2202 2686 2239 non
2724 2185 2910 2256 quwrit
2942 2199 3058 2255 qua:
3094 2199 3190 2237 sua
3233 2191 3354 2235 sunt
3384 2197 3402 2234 :
3434 2195 3536 2234 non
3577 2179 3757 2233 irrita-

2156 2287 2260 2343 tur,
2304 2293 2407 2330 non
2439 2276 2630 2346 cogitat
2670 2273 2890 2340 malum,
2921 2290 3023 2327 non
3052 2273 3241 2342 gaudet
3273 2287 3429 2342 super
3452 2270 3753 2342 iniquitate,

2157 2369 2444 2438 congaudet
2475 2377 2648 2422 autem
2688 2366 2891 2422 veritati
2925 2363 2976 2436 (Ι
3003 2363 3126 2418 Cor.
3159 2362 3304 2433 xm).
3341 2362 3526 2433 igitur,
3571 2369 3629 2415 ut
3659 2375 3728 2413 au

2156 2461 2334 2523 distis,
2357 2459 2587 2513 charitas
2610 2458 2828 2526 benigna
2854 2465 2946 2518 est,
2978 2463 3154 2509 tamen
3178 2470 3280 2508 non
3302 2454 3408 2522 agit
3434 2467 3709 2523 perperam
3730 2462 3752 2501 :

2158 2569 2260 2606 non
2286 2563 2360 2606 est
2389 2549 2681 2610 ambitiosa,
2711 2564 2950 2618 qurerens
2975 2562 3093 2617 qua:
3123 2562 3217 2599 sua
3243 2554 3383 2608 sunt,
3414 2551 3468 2598 et
3497 2557 3602 2596 non
3629 2555 3756 2610 qua:

2159 2643 2273 2700 Dei.
2313 2639 2530 2695 Patiens
2556 2650 2652 2702 est,
2688 2648 2867 2692 tamen
2900 2653 3004 2690 non
3035 2636 3226 2705 cogitat
3253 2633 3472 2699 malum,
3503 2648 3596 2686 nec
3618 2646 3758 2701 gau-

2157 2734 2242 2788 det
2262 2748 2418 2801 super
2440 2731 2785 2801 iniquitatem.
2813 2726 2985 2782 Dicite
3009 2726 3164 2791 mibi,
3186 2725 3278 2794 qui
3299 2723 3753 2780 comessationem

2156 2831 2212 2878 et
2228 2824 2545 2878 ebrietatem
2568 2819 2818 2883 laudatis,
2835 2826 3019 2871 utrum
3045 2817 3244 2870 bonum
3273 2815 3345 2870 sit
3367 2829 3433 2868 an
3454 2812 3657 2868 malum
3679 2811 3760 2864 lu-

2157 2933 2280 2972 men
2302 2916 2499 2970 mentis
2527 2929 2627 2986 per
2661 2911 2976 2968 ebrietatem
3010 2922 3304 2971 excmcare,
3339 2906 3605 2961 rationem
3633 2919 3762 2973 per-

2159 3009 2319 3072 dere,
2343 3007 2518 3061 visum
2551 3002 2827 3060 oculorum
2860 2999 3100 3064 turbare,
3122 2996 3376 3068 loquendi
3411 3011 3568 3050 usum
3599 2995 3761 3049 amit-

2159 3107 2292 3165 tere,
2317 3096 2463 3151 nullo
2485 3091 3043 3162 ofﬁciovmembrorum
3076 3089 3260 3161 potiri,
3292 3087 3521 3144 similem
3554 3086 3756 3141 furenti

457 3197 584 3252 dum
607 3195 736 3250 illuc
756 3207 879 3248 esse
899 3189 1163 3259 conspicit
1189 3197 1241 3241 et
1266 3186 1497 3257 amplius
1518 3183 1658 3254 quod
1683 3182 2052 3252 pertimescat,

2163 3197 2216 3244 et.
2243 3185 2594 3258 encrgumino
2621 3183 2777 3238 fieri?
2805 3180 3057 3249 Nunquid
3089 3181 3231 3235 Deus
3260 3178 3535 3232 hominem
3576 3174 3748 3232 talem

456 3289 549 3346 hic
575 3286 798 3344 omnino
823 3301 930 3339 non
959 3285 1181 3338 haereat.
1214 3280 1294 3334 Ad
1324 3280 1439 3333 hcce
1462 3276 1706 3348 profecto
1731 3273 1938 3346 agenda
1966 3273 2062 3327 ha-

455 3377 647 3434 bemus
681 3376 1036 3432 mediatorem
1075 3372 1168 3426 Dei
1209 3379 1265 3426 et
1302 3370 1584 3423 hominum
1620 3366 1924 3436 adiutorem
1966 3378 2063 3417 no-

457 3479 652 3535 strum,
697 3482 794 3536 per
834 3480 996 3536 quem
1039 3463 1200 3518 citius
1243 3468 1437 3515 cuneta
1479 3455 1866 3518 obtinebimus,
1909 3453 1955 3506 si
1996 3452 2062 3506 ad

460 3563 609 3619 illum
651 3575 780 3615 vero
833 3572 1018 3613 amore
1064 3553 1358 3626 ﬂagramus
1399 3569 1412 3604 :
1458 3550 1551 3620 qui
1595 3548 1726 3602 vivit
1767 3555 1822 3601 et
1872 3553 2064 3616 regnat

460 3669 583 3709 cum
629 3652 792 3706 Patre
847 3650 900 3704 in
951 3649 1157 3702 unitate
1205 3643 1443 3716 Spiritus
1496 3639 1670 3696 sancti
1722 3638 1906 3704 Deus,
1966 3651 2066 3707 per

460 3744 640 3801 omnia
685 3740 880 3802 saecula
921 3737 1268 3795 szeculorum.
1310 3734 1505 3789 Amen.

1013 3890 1298 3948 IIOMILIA
1340 3888 1520 3945 LXIII.

639 4020 848 4060 cos-rus
885 4016 1327 4058 couessa'noneu
1350 4041 1364 4064 ,
1403 4015 1473 4053 ετ
1511 4009 1892 4059 εθιιιετλτειι,

984 4089 1054 4126 ΕΤ
1094 4083 1550 4126 εῦυιιιιιιιτλτειί.

543 4189 681 4245 Sunt
717 4187 961 4257 quautam
992 4185 1144 4250 vitia,
1179 4182 1377 4238 fratres
1409 4181 1740 4246 charissimi,
1774 4195 1914 4251 quae,
1942 4194 2064 4234 cum

465 4282 651 4355 gravia
701 4280 840 4344 sint,
886 4279 961 4333 ita
1007 4276 1341 4347 temporibus
1381 4273 1584 4328 nostris
1622 4273 1765 4342 apud
1802 4272 2065 4341 quosdam

465 4376 602 4432 levia
645 4387 766 4428 esse
799 4372 1075 4434 videntur,
1115 4377 1173 4422 ut
1214 4377 1309 4422 aut
1343 4365 1588 4426 minima,
1631 4371 1726 4418 aut
1767 4363 1912 4418 nulla
1950 4377 2068 4417 om-

467 4467 596 4521 nino
635 4477 921 4534 perperam
964 4474 1153 4530 gerere
1189 4458 1480 4512 ercdantur
1515 4470 1530 4508 :
1565 4463 1615 4510 et
1659 4454 1739 4508 sic
1773 4452 2068 4522 praevalent

466 4556 629 4610 modo
676 4554 730 4609 in
783 4551 1047 4607 abusione
1093 4549 1408 4610 hominum,
1461 4553 1520 4599 ut
1570 4560 1676 4599 non
1729 4544 1903 4600 solum
1951 4542 2066 4612 jam

465 4644 761 4716 vituperari
803 4652 864 4697 ut
913 4647 1137 4712 peccata
1180 4639 1264 4692 vcl
1305 4637 1558 4700 erimina,
1604 4635 1698 4690 sed
1740 4636 1903 4690 etiam
1954 4634 2067 4688 Iau-

468 4737 584 4791 dari
626 4745 686 4789 ut
727 4735 955 4789 virtutes
1004 4731 1144 4800 apud
1185 4729 1430 4800 perditos
1469 4726 1788 4782 meruerint.
1835 4725 1911 4780 De
1950 4725 2069 4794 qui-

468 4829 569 4883 bus
611 4836 758 4882 recte
796 4839 894 4894 per
930 4821 1247 4893 prophetam
1293 4820 1496 4874 dicitur
1534 4835 1548 4871 :
1587 4813 1872 4870 Peccatum
1912 4833 2067 4870 suum

469 4919 611 4975 sicut
668 4915 966 4971 Sodomita:
1021 4911 1480 4982 pra'dicaverunt,
1545 4923 1638 4961 nec
1685 4907 2068 4960 absconderant

473 5009 609 5078 (lsa.
645 5006 751 5079 ιιι).
796 5005 1003 5072 Quibus
1043 5003 1171 5056 item
1208 5000 1473 5070 condigna
1515 4997 1892 5068 repensatione
1924 5008 2074 5050 erro-

473 5103 550 5156 ris
592 5115 779 5154 corum
819 5095 1080 5151 Doruinus
1119 5107 1214 5162 per
1253 5092 1573 5162 prophetam
1613 5089 1742 5143 dicit
1783 5106 1797 5141 :
1854 5085 1940 5142 I’a:
1980 5101 2075 5140 vo-

468 5195 573 5258 bis,
620 5192 815 5262 inquit,
856 5189 943 5259 qni
973 5186 1148 5239 dicitis
1180 5183 1379 5237 malum
1410 5182 1622 5246 bonum,
1655 5190 1703 5235 et
1737 5181 1926 5234 bonum
1963 5195 2073 5233 ma-

467 5302 598 5343 tntn.
657 5283 916 5337 I’onentes
962 5279 1200 5333 tenebras
1247 5275 1458 5338 lumen,
1502 5283 1549 5327 et
1591 5273 1766 5326 lumen
1803 5271 2072 5335 tenebras;

458 5385 718 5448 pauentes
773 5389 1015 5428 amarum
1074 5372 1130 5424 in
1183 5368 1377 5431 dulce,
1427 5375 1476 5420 et
1528 5364 1681 5418 dulce
1728 5364 1781 5417 in
1830 5379 2072 5416 amarum

471 5468 620 5540 (lea.
663 5467 751 5537 v).
807 5466 954 5519 Inter
1002 5478 1122 5532 quae
1175 5461 1412 5516 maxime
1467 5470 1610 5511 nunc
1651 5455 1972 5509 comessatio
2021 5463 2075 5508 et

472 5563 709 5616 ebrietas
750 5560 1016 5630 impunite
1061 5565 1306 5627 regnant,
1351 5567 1472 5608 cum
1515 5565 1620 5604 non
1663 5548 1835 5604 solum
1879 5546 2070 5616 plebeii

471 5654 573 5707 viri
617 5662 672 5706 et
711 5651 1060 5722 ignobiliores
1110 5647 1344 5716 quiqte,
1397 5643 1490 5696 sed
1531 5650 1587 5695 et
1625 5639 1918 5693 nobiliores
1959 5638 2071 5707 glo-

476 5746 716 5813 riosique
757 5751 915 5796 terrui
957 5741 1043 5794 bis
1086 5737 1241 5793 milia
1287 5733 1482 5788 irretiti
1520 5738 1667 5786 sunt.
1713 5731 1902 5785 Onmis
1939 5746 2070 5800 q::0~

2095 4514 2145 4572 D

2165 3279 2417 3338 creavit?
2452 3275 2702 3345 Nunquid
2737 3276 2854 3330 lucc
2889 3272 3060 3342 gloria
3099 3270 3352 3340 imaginis
3385 3268 3481 3324 Dei
3518 3278 3602 3324 est
3628 3308 3647 3333 ,
3689 3268 3761 3323 de

2165 3387 2269 3441 qua
2317 3369 2577 3438 scriptum
2628 3375 2757 3421 cst:
2811 3363 2963 3418 Fecit
3013 3361 3155 3415 Deus
3205 3360 3478 3414 hominem
3515 3359 3583 3413 ad
3618 3360 3761 3413 ima-

2165 3462 2344 3531 ginem
2393 3473 2581 3521 suam,
2635 3454 2698 3509 ad
2750 3451 3158 3509 similitudinem
3209 3449 3306 3503 Dei
3350 3448 3553 3503 creavit
3603 3447 3760 3501 illum

2167 3550 2340 3622 (Cen.
2373 3548 2453 3619 ι).
2487 3545 2739 3616 Nunquid
2770 3545 2938 3599 Deum
2970 3541 3035 3594 ad
3067 3539 3480 3595 similitudinem
3513 3547 3762 3594 vestram

2165 3642 2430 3697 furiosum
2461 3639 2672 3694 audetis
2691 3633 2914 3690 dicere?
2955 3632 3085 3700 Qua:
3119 3631 3453 3702 blasphemia
3494 3629 3761 3684 intolera-

2168 3733 2294 3787 bilis
2322 3738 2504 3795 esset,
2543 3728 2667 3797 quia
2707 3728 2822 3797 ipse
2855 3737 3066 3780 summe
3104 3723 3312 3786 bonus,
3351 3728 3408 3776 et
3443 3720 3593 3775 solus
3626 3720 3763 3774 bea-

2169 3827 2286 3884 tus,
2321 3827 2375 3873 et
2408 3825 2638 3887 potens,
2675 3815 2792 3870 Rex
2825 3826 3012 3883 regum
3033 3850 3048 3874 ,
3085 3818 3140 3863 et
3178 3809 3439 3864 Dominus
3473 3808 3766 3863 dominan-

2167 3911 2321 3966 tium.
2366 3907 2506 3963 Vidit
2546 3917 2732 3962 cuncta
2770 3921 2888 3977 qua:
2923 3902 3080 3967 fecit,
3130 3914 3179 3958 et
3219 3911 3368 3958 erant
3420 3900 3570 3957 ualde
3622 3900 3765 3955 bona

2170 4003 2188 4074 (
2214 4002 2355 4056 Ibid.
2385 4000 2425 4072 ).
2463 4001 2642 4070 Atque
2679 4000 2807 4054 hinc
2837 3999 3061 4071 intelligi
3093 3999 3254 4054 datur
3282 3993 3427 4064 quod
3458 3993 3702 4048 ebrietas
3729 4007 3765 4046 a

2170 4092 2279 4147 Deo
2317 4107 2422 4145 non
2458 4099 2544 4144 cst
2578 4097 2796 4151 creata,
2834 4105 2937 4144 nec
2969 4090 3111 4143 inter
3148 4101 3210 4141 ea
3247 4085 3315 4140 ab
3351 4097 3416 4139 eo
3449 4081 3770 4138 hominibus

2168 4182 2546 4239 commendata
2573 4223 2588 4245 ,
2623 4180 2748 4249 quia
2782 4196 2886 4233 non
2922 4189 3007 4234 est
3037 4182 3176 4233 bona
3206 4218 3220 4240 ,
3257 4176 3352 4231 sed
3381 4175 3571 4244 utique
3605 4173 3771 4228 valde

2169 4272 2310 4328 mala
2338 4290 2351 4325 :
2380 4279 2434 4326 et
2465 4287 2570 4324 non
2599 4270 2771 4324 solum
2800 4283 2899 4339 per
2926 4285 2986 4324 se
3014 4268 3149 4323 mala
3170 4308 3185 4333 ,
3213 4266 3307 4322 sed
3334 4264 3602 4319 malorum
3629 4263 3772 4317 aiio-

2169 4381 2289 4419 rum
2338 4363 2603 4419 effectrix.
2652 4361 2869 4416 Credite
2912 4361 3079 4426 mihi,
3130 4357 3358 4424 fratres,
3405 4357 3531 4426 quia
3577 4354 3768 4409 omnia

2171 4472 2307 4527 pene
2355 4456 2496 4510 mala
2545 4455 2673 4508 hinc
2719 4453 3059 4507 exoriuntur.
3107 4450 3244 4504 Nam
3293 4449 3420 4503 hinc
3453 4447 3768 4502 excitantur

2172 4553 2297 4616 iraa,
2331 4549 2463 4604 rixa:
2486 4588 2500 4612 ,
2533 4545 2918 4608 dissensiones,
2947 4542 3331 4603 detractiones,
3361 4537 3766 4599 aemulationes,

2173 4652 2371 4704 sectze,
2427 4638 2674 4702 iuvidim,
2725 4634 3054 4697 homicidia,
3103 4630 3402 4694 adulteria,
3448 4626 3771 4682 fornicatio-

2171 4746 2304 4794 nes,
2351 4728 2528 4791 furta,
2578 4725 2711 4779 falsa
2758 4723 3101 4785 testimonia,
3150 4715 3466 4780 latrocinia,
3510 4714 3771 4782 blasphe-

2175 4822 2298 4876 mite
2322 4861 2336 4884 ,
2368 4828 2424 4874 et
2456 4819 2540 4872 bis
2570 4814 2788 4870 similia.
2821 4813 2897 4867 De
2925 4811 3121 4881 quibus
3150 4806 3441 4878 Apostolus
3471 4805 3548 4858 ait
3577 4821 3590 4858 :
3623 4802 3772 4870 Quo-

2177 4911 2321 4966 niam
2359 4909 2451 4978 qui
2492 4907 2623 4960 talia
2658 4911 2854 4976 agunt,
2890 4916 3112 4971 regnum
3149 4899 3242 4954 Dei
3283 4912 3386 4950 non
3419 4906 3766 4961 consequen-

2181 5011 2286 5056 tur.
2340 4999 2443 5054 Sed
2493 5006 2554 5050 ut
2597 4995 2812 5065 planius
2858 4992 2952 5046 liat
2999 5005 3162 5060 quam
3199 4984 3533 5042 detestabilis
3569 4996 3656 5038 res
3694 4983 3765 5036 sit

2177 5091 2445 5153 ebrietas,
2481 5100 2760 5144 sacrarum
2807 5083 3210 5152 Scripturarum
3252 5074 3572 5132 testimoniis
3602 5081 3754 5128 uten-

2177 5182 2305 5237 dum
2344 5195 2464 5236 esse
2503 5191 2828 5241 censemus;
2882 5189 3005 5229 nam
3053 5173 3168 5242 ipsa
3217 5168 3433 5223 Veritas
3481 5164 3771 5236 discipulis

2176 5274 2290 5329 suis
2317 5273 2368 5326 in
2399 5269 2688 5340 Evangrlio
2715 5269 2791 5322 ait
2819 5285 2831 5320 :
2862 5264 3122 5320 Attcudite
3144 5272 3317 5316 autem
3344 5258 3511 5322 vobis,
3543 5273 3606 5310 ne
3629 5256 3770 5325 forte

2177 5373 2457 5435 graventur
2500 5361 2658 5416 corda
2704 5368 2873 5413 vestra
2912 5357 2968 5410 in
3010 5353 3256 5424 crapula,
3296 5360 3346 5404 et
3389 5349 3671 5411 ebrietate,
3717 5357 3766 5400 et

2178 5457 2316 5511 curis
2345 5455 2504 5524 hujus
2537 5453 2652 5506 vita!
2672 5492 2686 5516 ,
2719 5459 2764 5504 et
2791 5447 3118 5519 superveniat
3145 5447 3199 5499 in
3227 5460 3312 5500 vos
3340 5444 3450 5497 dies
3473 5440 3566 5495 illa
3594 5454 3612 5492 :
3645 5450 3768 5494 tau-

2175 5565 2334 5618 quam
2382 5547 2600 5616 laqueus
2643 5544 2779 5597 enim
2823 5542 2986 5596 veniet
3031 5556 3186 5610 super
3230 5553 3407 5592 omnes
3449 5535 3540 5605 qui
3582 5533 3763 5586 sedent

2176 5655 2330 5708 super
2365 5639 2553 5705 {aciem
2589 5647 2739 5688 terra:
2771 5631 2941 5704 (Luc.
2978 5647 3065 5685 XXI
3094 5636 3130 5698 ).
3167 5629 3243 5684 Ac
3273 5628 3317 5683 si
3345 5635 3594 5698 patenter
3619 5624 3742 5678 dire

2178 5740 2259 5786 ret
2287 5748 2297 5784 τ
2333 5730 2532 5784 Cavete
2561 5726 2836 5798 crapulam
2866 5731 2919 5778 et
2947 5725 3296 5787 ebrietatem,
3327 5730 3380 5776 et
3410 5717 3770 5776 ambitionem
