3922 6344
175 371 267 428 ηὶ
1149 377 1453 436 HOMILUE
1495 379 1582 434 DE
1622 378 1862 436 FESTIS
1901 380 2312 447 PREECIPUIS,
2353 382 2505 440 ETC.

3345 384 3449 448 122

175 488 468 560 praesentis
506 488 729 555 seculi,
759 502 825 544 ne
860 486 997 543 forte
1027 502 1123 543 vos
1161 489 1275 543 dies
1308 489 1493 542 ultima
1529 488 1768 556 implica-
1797 495 1842 551 Α
1871 504 2049 546 omnis
2075 492 2350 544 enarratio
2379 501 2558 545 vestra
2590 491 2642 544 in
2673 493 2954 561 prmceptis
2992 494 3274 549 Altissimi.
3313 492 3450 551 Nam

181 587 266 637 tos
313 581 401 636 his
448 579 604 635 vitiis
637 579 904 645 inveniat,
953 587 1008 635 et
1036 595 1158 634 cum
1196 580 1532 635 amatoribus
1582 581 1766 634 mundi

179 681 385 729 aeterno
409 687 639 727 carcere
662 671 958 742 puniendos
985 672 1184 726 trudat.
1210 672 1313 727 Per
1336 672 1527 728 lsaiam
1555 690 1768 742 quoque

180 763 502 834 prepbetam
528 761 789 816 Dominus
813 762 1150 832 potatoribus
1173 763 1244 816 ita
1267 764 1622 828 comminans,
1651 767 1722 819 ait
1750 784 1764 819 :

192 849 286 907 γω
323 853 478 908 vobis
505 854 598 925 qui
623 855 932 925 consurgitis
961 872 1112 908 mane
1141 855 1209 908 ad
1240 857 1536 910 ebrietatem
1568 868 1769 912 sectan-

180 943 307 996 dam
326 983 342 1008 ,
370 951 418 997 et
446 945 735 1014 potandum
758 961 919 1015 usque
942 939 1294 1013 adrrespert'tm
1316 987 1329 1010 ,
1357 956 1410 999 ut
1442 947 1557 1000 vino
1585 955 1766 1000 a'stue-

179 1032 253 1085 tis
276 1048 295 1086 :
323 1033 527 1086 cithara
560 1041 610 1086 et
645 1032 791 1103 lyra,
823 1045 870 1086 et
897 1042 1199 1103 tympanum
1235 1044 1284 1087 et
1317 1035 1476 1096 tibia,
1509 1045 1555 1088 et
1592 1036 1765 1089 vinum

177 1123 239 1176 in
268 1123 512 1178 conviviis
543 1123 727 1178 vestris
746 1164 760 1188 ,
790 1133 839 1178 et
867 1139 996 1193 opus
1027 1123 1235 1178 Domini
1266 1142 1370 1178 non
1401 1127 1656 1196 respicitis
1675 1167 1688 1188 ,
1718 1135 1766 1179 et

178 1227 341 1281 opera
366 1228 621 1266 manuum
641 1214 756 1284 ejus
782 1230 883 1268 non
910 1215 1272 1270 consideratis.
1300 1213 1583 1286 Propterea
1609 1218 1770 1286 capti-

177 1317 276 1355 vus
310 1300 500 1356 ductus
537 1311 613 1356 est
650 1289 910 1373 populus,
950 1304 1076 1374 quia
1118 1321 1222 1358 non
1250 1306 1430 1359 habuit
1460 1307 1763 1371 scientiam,

174 1405 230 1450 et
257 1395 454 1452 nobiles
481 1396 595 1467 ejus
624 1397 931 1451 interierunt
957 1396 1126 1466 fame,
1155 1407 1203 1452 et
1230 1397 1508 1452 multitudo
1539 1398 1652 1468 ejus
1679 1400 1766 1453 siti

172 1489 410 1542 exaruit.
449 1485 735 1560 Propterea
770 1489 1008 1544 dilatavit
1042 1490 1280 1559 infernus
1312 1493 1541 1545 animum
1575 1509 1726 1546 suam
1749 1533 1764 1558 ,

172 1593 230 1636 et
259 1583 462 1653 aperuit
491 1599 548 1638 os
574 1600 729 1638 suum
757 1583 949 1655 absque
975 1583 1083 1638 ullo
1115 1584 1357 1650 termino,
1381 1595 1428 1639 et
1457 1585 1766 1640 descendent

176 1673 344 1743 fortes
380 1674 494 1745 ejus
535 1684 583 1730 et
617 1674 842 1746 populus
887 1675 1035 1746 ejus,
1079 1685 1129 1730 et
1169 1676 1417 1732 sublimes
1446 1677 1764 1749 gloriosique

173 1763 297 1833 ejus
325 1764 395 1816 ad
423 1779 544 1818 eum
570 1763 714 1836 (Isa.
738 1763 825 1836 v).
856 1763 988 1820 Item
1018 1765 1069 1820 in
1100 1765 1289 1820 eodem
1312 1769 1574 1836 propheta
1603 1769 1764 1838 paulo

1869 581 2034 637 homo
2074 583 2383 652 linguosus,
2426 590 2480 635 et
2518 584 2836 637 temerarius
2871 584 2924 636 in
2956 586 3119 638 verbo
3165 601 3296 652 suo,
3333 587 3451 641 odi-

1867 671 1995 726 bilis
2024 680 2139 736 est,
2183 672 2304 740 quia
2328 715 2341 738 ,
2386 681 2442 726 ut
2480 675 2743 744 scriptum
2786 684 2912 730 est:
2949 678 3053 741 (‘ui
3095 678 3450 734 inconsidera-

1867 772 1950 814 tus
1991 770 2064 815 est
2105 762 2173 815 ad
2226 762 2541 832 loquendum
2566 804 2581 828 ,
2631 767 2812 818 sentiet
2856 765 2998 819 mala
3050 765 3069 836 (
3093 766 3250 820 Prov.
3285 769 3444 841 xm).

1867 848 2247 905 Rccordamini
2294 852 2562 920 quomodo
2604 853 2860 908 Dominus
2890 872 3047 926 supra
3079 859 3449 915 saecularibus

1867 939 1979 994 suis
2019 949 2072 994 et
2112 942 2375 996 ministris
2423 943 2755 996 tabernaculi
2807 943 2890 997 sui
2934 947 2998 997 de
3041 947 3304 1002 ebrietate
3353 963 3448 1003 ca-

1867 1032 2039 1085 venda
2084 1033 2384 1102 praecepit:
2440 1047 2536 1087 vos
2581 1035 2723 1087 enim
2767 1049 2986 1098 eomes,
3027 1043 3160 1090 teste
3205 1038 3449 1106 apostolo

1867 1121 2058 1186 Petro,
2107 1123 2238 1176 estis
2288 1139 2455 1194 genus
2501 1124 2749 1193 regium,
2800 1131 2857 1177 et
2902 1126 3264 1190 sacerdotale,
3317 1143 3450 1197 gens

1868 1223 2055 1268 sancta
2075 1254 2090 1279 ,
2117 1213 2345 1284 populus
2374 1215 2746 1283 acquisitionis
2775 1214 2838 1285 (1
2870 1212 3010 1268 Petr.
3043 1215 3116 1288 ιι)
3145 1233 3158 1281 ;
3190 1217 3279 1286 qui
3309 1233 3447 1287 quo-

1869 1304 1998 1359 tidie
2036 1302 2243 1358 debetis
2282 1303 2392 1359 Deo
2428 1305 2633 1359 servire
2678 1306 2734 1359 in
2771 1320 2898 1360 vero
2927 1305 3043 1375 ejus
3075 1307 3447 1372 tabernaculo,

1867 1394 2010 1463 quod
2040 1403 2126 1450 est
2154 1393 2416 1448 Ecclesia.
2468 1392 2743 1460 Quiescite
2771 1403 2828 1448 et
2857 1395 3120 1450 abstinete
3161 1411 3256 1450 vos
3292 1410 3321 1448 a
3357 1411 3450 1451 eo-

1868 1489 2197 1544 messatione
2224 1496 2280 1542 et
2299 1487 2561 1543 ebrietate
2581 1528 2595 1553 ,
2620 1501 2651 1541 a
2677 1486 3020 1557 loquacitate,
3046 1503 3075 1541 a
3101 1487 3446 1553 scurrilitate,

1869 1595 1899 1634 a
1929 1581 2186 1644 vanitate,
2215 1587 2269 1634 et
2295 1593 2510 1648 semper
2539 1579 2678 1647 quod
2708 1578 2906 1634 bonum
2938 1589 3020 1633 est
3047 1579 3326 1634 sectamini
3357 1579 3440 1632 in-

1865 1671 2040 1726 vicem
2063 1678 2118 1726 et
2141 1671 2196 1725 in
2220 1684 2430 1735 omnes,
2457 1677 2516 1723 ut
2535 1669 2651 1739 ejus
2677 1668 2795 1723 ﬁeri
2827 1669 3069 1722 membra
3097 1667 3412 1722 mereamini
3431 1707 3446 1732 ,

1867 1760 1958 1832 qui
1989 1768 2073 1816 est
2093 1774 2255 1816 verus
2280 1760 2536 1816 sacerdos
2560 1767 2617 1814 et
2642 1774 2803 1815 verus
2823 1759 3083 1814 Dominus
3104 1768 3309 1824 noster,
3332 1759 3447 1814 Rex

173 1859 304 1923 post
325 1852 504 1908 divina
525 1853 826 1924 increpatio
850 1853 1148 1925 subiungit,
1176 1857 1363 1912 dicens
1394 1875 1409 1913 :
1444 1857 1538 1913 Va:
1563 1859 1653 1930 qui
1672 1877 1765 1930 ρο-
1792 1865 1841 1925 Β
1867 1867 2055 1924 regum
2083 1861 2139 1907 et
2167 1852 2428 1908 Dominus
2453 1851 2822 1916 dominorum,
2854 1850 3012 1906 Jesus
3038 1849 3287 1905 Christus
3317 1850 3444 1904 uni-

175 1953 346 1998 tentes
373 1945 497 1998 estis
527 1943 598 1998 ad
624 1944 902 1999 bibendum
931 1945 1106 1999 vinum
1124 1986 1138 2012 ,
1170 1956 1218 2000 et
1246 1948 1346 2001 viri
1375 1948 1534 2017 fortes
1566 1950 1636 2002 ad
1665 1951 1768 2003 mi-

175 2031 428 2085 scendam
457 2031 757 2086 ebrietatem
778 2050 796 2087 :
823 2034 914 2104 qui
939 2034 1251 2104 justiﬁcatis
1280 2038 1495 2107 impium
1525 2056 1620 2109 pro
1648 2057 1767 2094 mu-

178 2124 430 2188 neribus,
474 2135 522 2179 et
559 2125 826 2194 justitiam
865 2126 1002 2196 justi
1045 2127 1266 2196 aufertis
1307 2130 1372 2183 ab
1413 2147 1494 2184 eo.
1549 2131 1769 2200 PrOpter

174 2211 320 2283 quod
345 2254 362 2277 ,
399 2214 535 2267 sicut
567 2214 784 2268 devorat
817 2214 1067 2285 stipulam
1103 2215 1284 2286 lingua
1321 2217 1456 2286 ignis
1485 2258 1498 2282 ,
1540 2228 1586 2272 et
1627 2218 1770 2272 calor

176 2302 410 2371 ﬂammis
453 2304 666 2356 exurit:
713 2304 789 2357 sic
832 2304 989 2358 radix
1026 2321 1206 2358 eorum
1244 2307 1395 2373 quasi
1421 2306 1600 2376 favilla
1632 2309 1727 2360 erit
1751 2347 1766 2372 ,

172 2400 222 2444 et
245 2407 462 2460 germen
492 2407 674 2445 eorum
702 2402 760 2445 ut
787 2392 957 2462 pulvis
986 2395 1248 2448 ascendet.
1279 2395 1591 2466 Abjecerunt
1630 2399 1768 2450 enim

174 2479 344 2551 legem
373 2480 583 2534 Domini
613 2483 936 2536 exercituum
955 2524 970 2548 ,
1010 2493 1058 2538 et
1099 2483 1361 2554 eloquium
1402 2487 1570 2540 sancti
1600 2485 1771 2540 Israel

175 2570 682 2639 blasphemaverunl.
733 2571 862 2626 Ideo
909 2575 1077 2628 iratus
1122 2586 1197 2630 est
1248 2576 1401 2646 [uror
1444 2577 1661 2630 Domini
1715 2579 1769 2633 in

173 2659 431 2728 populum
453 2700 467 2724 ,
497 2669 546 2714 et
578 2661 808 2714 extendit
838 2679 1050 2716 manum
1077 2681 1235 2734 super
1261 2682 1408 2730 eum,
1441 2676 1489 2720 et
1516 2669 1770 2737 percussit

171 2763 292 2800 eum
319 2764 342 2812 ;
373 2757 421 2801 et
448 2749 748 2803 eonturbati
790 2761 910 2805 sunt
939 2764 1139 2808 montes
1161 2794 1176 2818 ,
1206 2765 1254 2808 et
1286 2755 1426 2824 facta
1461 2767 1582 2810 sunt
1626 2775 1768 2810 mor-

173 2839 347 2892 ticina
387 2841 761 2910 eorumquosi
793 2851 1021 2895 stercora
1056 2843 1111 2897 in
1149 2845 1320 2898 medio
1353 2845 1662 2913 platearum.
1703 2845 1769 2899 In

173 2931 423 2985 omnibus
460 2931 541 2985 his
575 2949 682 2986 non
715 2943 790 2987 est
825 2951 1040 2988 aversus
1079 2935 1231 3004 furor
1277 2935 1425 3006 ejus,
1462 2937 1552 2990 sed
1599 2938 1770 2991 adhuc

174 3039 374 3075 manus
398 3023 512 3091 ejus
538 3033 752 3077 extensa
781 3023 957 3094 (Ibid.
979 3025 1018 3096 ).
1051 3025 1156 3079 Per
1181 3025 1524 3081 Salemoncm
1554 3043 1770 3097 quoque

176 3114 442 3169 similiter
467 3115 744 3182 Sapientia
787 3116 967 3170 divina
1010 3117 1311 3171 detestatur
1355 3118 1670 3172 ebrietatem
1717 3128 1772 3172 et

1869 1945 2084 2015 genitus
2111 1944 2206 2000 Dei
2235 1943 2438 2009 Filius,
2470 1943 2560 2012 qui
2592 1957 2714 1997 cum
2744 1942 2908 1996 Patre
2935 1950 2990 1996 et
3020 1940 3226 2011 Spiritu
3254 1948 3446 1996 sancto

1869 2036 2001 2090 vivit
2043 2043 2097 2090 et
2134 2043 2321 2105 regnat
2364 2034 2508 2089 Deus
2548 2033 2602 2088 in
2641 2032 2823 2088 omnia
2862 2031 3059 2087 saecula
3104 2031 3444 2086 szeculorum.

1867 2125 2060 2181 Amen.

2403 2214 2685 2271 llOMlLlA
2729 2215 2908 2270 LXIV.

1940 2323 2006 2360 DE
2032 2320 2225 2361 STUDIO
2252 2319 2388 2360 ΒΟΝΟ
2413 2323 2481 2360 ΕΤ
2511 2322 2860 2361 υιειοιιετιυδε
2891 2321 3092 2361 SEMPEB
3113 2320 3375 2360 IIABENDA.

1941 2395 2271 2465 Redemptor
2301 2396 2485 2465 itaque
2514 2405 2719 2460 noster,
2754 2397 2844 2465 qui
2876 2397 3250 2451 contentiones
3280 2393 3448 2452 disci-

1868 2485 2119 2556 pulorum
2163 2503 2384 2541 suorum
2433 2487 2498 2542 de
2543 2489 2778 2556 primatu
2823 2488 3188 2556 compescuit,
3237 2487 3292 2541 in
3340 2500 3449 2558 quo

1869 2576 2199 2631 contendere
2250 2576 2483 2632 debeant
2527 2577 2807 2632 ostendit:
2859 2576 3195 2644 Contendite,
3238 2578 3446 2646 inquit,

1868 2666 2069 2720 intrare
2109 2683 2202 2736 per
2241 2676 2521 2738 angustam
2557 2677 2762 2736 portam
2812 2668 2830 2734 (
2857 2666 2984 2721 Luc.
3018 2685 3116 2721 xm
3139 2667 3177 2739 ).
3209 2668 3448 2738 Angusta

1869 2770 1998 2826 ergo
2041 2764 2195 2825 porta
2240 2765 2294 2809 et
2335 2764 2485 2810 arcta
2517 2756 2605 2809 via
2631 2764 2716 2810 est
2741 2771 2859 2824 qua:
2891 2756 3038 2811 ducit
3067 2757 3132 2809 ad
3165 2757 3358 2816 vitam,
3388 2761 3450 2808 et

1869 2845 2026 2915 pauci
2069 2853 2195 2899 sunt
2223 2846 2313 2914 qui
2348 2845 2554 2899 intrant
2581 2861 2678 2914 per
2706 2861 2844 2900 cam.
2879 2845 2990 2900 llac
3019 2861 3147 2914 ergo
3179 2845 3446 2900 sententia

1870 2935 2000 3004 quid
2046 2934 2190 2988 aliud
2223 2934 2379 2989 nobis
2410 2935 2685 2989 insinuare
2714 2934 2826 3004 ipsa
2860 2934 3076 2988 Veritas
3109 2933 3304 2996 voluit,
3337 2933 3446 2987 l'ra-

1871 3032 1982 3078 tres
2009 3024 2315 3078 charissimi
2337 3064 2351 3090 ,
2376 3039 2536 3094 quam
2578 3032 2637 3076 ut
2661 3039 2757 3093 per
2787 3031 2988 3077 rectam
3017 3023 3366 3077 intentionem
3393 3031 3447 3077 et

1871 3114 2107 3168 studium
2124 3115 2321 3169 bonum
2338 3115 2503 3168 vitam
2527 3113 2864 3168 solummodo
2892 3128 3173 3182 possemus
3189 3113 3444 3182 consequi

171 3204 435 3274 prohibet
487 3205 712 3260 dicens:
743 3204 854 3258 Fili
882 3206 992 3268 mi,
1034 3206 1142 3259 noli
1171 3223 1280 3260 esse
1323 3208 1379 3260 in
1404 3208 1645 3261 conviviis
1672 3225 1763 3277 po-
1790 3209 1834 3270 C
1867 3206 2454 3275 sempitcrrmm?.‘ili|es
2489 3207 2582 3276 qui
2620 3205 2857 3276 legitime
2905 3207 3227 3272 certaverit,
3277 3221 3440 3261 coro-

171 3304 448 3359 tatarum,
494 3313 586 3349 nec
630 3297 686 3348 in
742 3297 1202 3350 comessationibus
1273 3314 1452 3351 eorum
1513 3299 1600 3369 qui
1655 3315 1772 3351 car-

175 3401 268 3438 nes
305 3386 378 3437 ad
421 3385 730 3438 vescendum
766 3385 1040 3453 conferunt
1069 3401 1087 3439 :
1115 3389 1205 3456 qui
1243 3397 1484 3440 vacantes
1522 3388 1727 3457 potibus
1754 3429 1769 3452 ,

173 3485 222 3528 et
271 3475 467 3528 dantes
518 3474 754 3544 symbolo
800 3485 1173 3528 consumentur
1218 3475 1417 3546 (Prov.
1455 3477 1648 3547 xxtn).
1703 3478 1765 3531 Et

173 3565 342 3632 paulo
391 3573 549 3635 post,
591 3565 749 3636 quasi
797 3567 1184 3634 obstupescens
1234 3567 1418 3620 talium
1470 3568 1771 3621 damnatio-

175 3673 333 3720 nem,
371 3657 650 3729 subjungit
679 3677 693 3712 :
725 3657 860 3725 Cui,
894 3660 1093 3729 inquit,
1132 3678 1207 3715 ore
1231 3662 1256 3714 ?
1287 3662 1440 3732 cujus
1473 3663 1614 3732 patri
1648 3680 1722 3717 me
1745 3665 1772 3718 .’

173 3749 261 3801 cui
302 3751 444 3804 rixa:
471 3750 496 3802 7
535 3751 621 3804 cui
671 3749 880 3819 fovete?
922 3751 1007 3804 cui
1049 3753 1163 3806 sine
1206 3770 1368 3807 causa
1394 3754 1606 3808 vulnera
1632 3756 1657 3808 ?
1684 3756 1769 3809 cui

175 3839 414 3909 suﬂ'usio
445 3840 720 3894 oculorum
741 3841 767 3894 7
795 3840 988 3895 Nonne
1013 3841 1094 3895 his
1127 3843 1217 3914 qui
1247 3855 1521 3898 morantur
1543 3845 1598 3897 in
1629 3845 1766 3908 vino,

171 3941 220 3984 et
250 3931 476 3985 student
521 3930 774 3985 calicibus
814 3933 1086 4002 epotandis
1113 3933 1139 3988 7
1168 3932 1252 3987 Ne
1292 3931 1546 3988 intuearis
1589 3935 1767 3988 vinum

168 4021 393 4091 quando
422 4018 678 4091 ﬂavescit,
710 4037 827 4074 cum
855 4019 1172 4089 splenduerit
1200 4024 1254 4076 in
1283 4023 1413 4078 vitro
1441 4022 1585 4077 color
1611 4025 1725 4093 ejus
1747 4037 1767 4076 :

169 4110 485 4180 ingreditur
524 4108 744 4174 blande,
789 4110 877 4163 sed
911 4110 965 4163 in
1005 4111 1283 4165 novissimo
1312 4111 1566 4166 mordebit
1593 4122 1652 4164 ut
1683 4129 1770 4166 co-

173 4201 329 4256 luber
353 4216 374 4253 :
410 4211 465 4256 et
498 4201 633 4255 sicut
671 4201 880 4270 regulus
917 4219 1110 4255 uenena
1142 4203 1400 4272 diffundat
1427 4202 1606 4275 (Ibid.
1626 4201 1667 4273 ).
1709 4204 1766 4257 In

168 4291 318 4363 Lege
358 4306 589 4361 quoque
623 4291 881 4345 Dominus
914 4292 1172 4361 praecepit
1204 4294 1385 4347 Aaron
1421 4293 1496 4348 ita
1531 4293 1719 4348 dicens
1749 4311 1763 4348 :

181 4379 380 4433 Vinum
424 4389 478 4434 et
519 4395 670 4434 omne
707 4379 846 4449 quod
883 4379 1144 4434 inebriare
1183 4390 1347 4452 potest
1380 4398 1480 4436 non
1509 4381 1646 4436 bibes
1676 4391 1764 4449 tu,

168 4477 217 4522 et
259 4468 368 4536 ﬁlii
410 4469 533 4534 tui,
574 4468 787 4538 quando
825 4467 1089 4522 intrabitis
1120 4469 1175 4522 in
1201 4469 1596 4524 tabernaculum
1622 4473 1768 4525 testi-

1871 3299 2090 3353 nabitur
2120 3299 2138 3370 (
2162 3298 2221 3351 11
2256 3297 2392 3351 Tim.
2421 3314 2457 3351 ιι
2484 3296 2502 3369 )
2530 3315 2544 3363 ;
2577 3299 2666 3366 qui
2697 3307 2875 3352 autem
2908 3305 3131 3367 accepto
3157 3298 3296 3351 bono
3326 3312 3443 3351 cer-

1870 3389 2070 3443 tamine
2102 3396 2249 3442 retro
2279 3387 2632 3453 convertitur,
2663 3396 2816 3456 aptus
2852 3401 2957 3440 non
2985 3401 3104 3440 esse
3133 3399 3296 3455 regno
3322 3400 3438 3440 cm-

1871 3481 2046 3534 lorum
2095 3478 2447 3550 dignoscitur.
2492 3476 2738 3532 Studium
2785 3475 3027 3546 profecto
3068 3476 3266 3530 bonum
3312 3484 3433 3539 est,

1866 3569 2114 3638 bonaque
2143 3569 2391 3623 voluntas
2412 3609 2427 3634 ,
2459 3583 2556 3637 per
2585 3569 2960 3622 mandatorum
3002 3567 3097 3622 Dei
3136 3567 3436 3622 custodiam

1869 3665 2009 3720 velle
2031 3664 2324 3733 quemlibet
2348 3664 2630 3733 pervenire
2653 3663 2717 3716 ad
2745 3661 2998 3733 gaudium
3022 3661 3404 3729 sempiternum
3429 3700 3444 3724 ,

1869 3768 1932 3812 ut
1959 3757 2218 3827 quidquid
2251 3764 2406 3827 agat,
2440 3755 2505 3809 ad
2535 3755 2587 3810 id
2617 3753 2816 3810 referat
2844 3761 2904 3808 ut
2930 3752 3039 3808 Deo
3066 3753 3274 3821 placeat
3301 3769 3314 3806 :
3347 3767 3447 3807 nec

1867 3848 1968 3901 sibi
2019 3863 2116 3916 per
2157 3847 2260 3900 hoc
2297 3845 2498 3913 aliquid
2545 3843 2915 3898 transitorium
2964 3857 3161 3898 avarus
3203 3848 3442 3912 appetat.

1870 3938 2022 3992 Tunc
2058 3937 2200 3992 enim
2240 3938 2439 3992 bonum
2478 3951 2612 4006 opus
2647 3935 2750 3990 rite
2789 3934 2987 4005 agitur,
3029 3949 3152 3989 cum
3190 3949 3256 3988 ex
3297 3943 3444 3989 recta

1868 4025 2211 4097 cogitationis
2267 4023 2569 4079 intentione
2619 4032 2928 4094 generatur.
2994 4023 3142 4078 Unde
3193 4025 3330 4078 bene
3385 4023 3439 4077 in

1868 4115 2157 4186 Evangelio
2193 4113 2409 4170 Veritas
2438 4115 2566 4169 dicit
2595 4132 2608 4169 :
2641 4114 2878 4168 Lucerna
2922 4116 3153 4184 corporis
3196 4126 3270 4170 est
3317 4132 3445 4171 ocu-

1867 4210 1971 4264 lus.
2018 4209 2076 4264 Si
2125 4209 2308 4263 oculus
2361 4217 2483 4264 tuus
2532 4207 2752 4278 simplex
2795 4208 2995 4276 fuerit,
3042 4217 3204 4262 totum
3253 4223 3443 4278 corpus

1867 4308 2014 4352 tuum
2061 4296 2290 4351 lucidum
2333 4299 2452 4352 erit.
2502 4295 2562 4352 Si
2610 4306 2784 4351 autem
2831 4296 3012 4351 oculus
3055 4307 3175 4351 tuus
3220 4315 3443 4369 nequam

1867 4387 2056 4459 fuerit,
2102 4397 2267 4442 totum
2309 4403 2496 4454 corpus
2541 4397 2687 4440 tuum
2725 4387 3053 4441 tenebrosum
3080 4391 3175 4442 erit
3203 4390 3220 4458 (
3245 4387 3438 4443 Matth.

1866 4477 1983 4551 vr).
2015 4478 2152 4546 Quid
2199 4477 2341 4532 enim
2386 4491 2484 4546 per
2525 4475 2737 4532 oculum
2779 4475 3116 4546 exprimitur,
3159 4477 3265 4532 nisi
3309 4493 3442 4547 opus

171 4562 380 4624 monii,
424 4577 495 4614 ne
534 4561 835 4613 moriamini
861 4575 884 4614 :
910 4559 1034 4631 quia
1058 4571 1372 4630 prwceptnm
1399 4570 1471 4614 est
1500 4563 1764 4632 sempiter-

1869 4586 2023 4625 suum
2054 4570 2390 4639 praeveniens
2429 4567 2609 4622 cordis
2647 4565 2917 4620 intentio?
2958 4567 3082 4634 quia
3122 4567 3436 4637 priusquam

169 4667 297 4705 num
327 4653 386 4704 in
418 4650 783 4720 generationes
809 4659 1004 4705 vestras
1029 4662 1048 4701 :
1075 4660 1123 4703 et
1152 4660 1207 4703 ut
1234 4650 1467 4706 habeatis
1494 4652 1764 4704 scientiam

165 4739 522 4793 discernendi
555 4738 691 4792 inter
722 4749 963 4793 sanctum
1000 4749 1048 4793 et
1081 4740 1383 4808 profanum,
1433 4741 1567 4794 inter
1593 4739 1764 4810 pollu-

167 4845 279 4888 tum
309 4843 360 4888 et
393 4831 658 4887 mundum
681 4845 700 4884 :
732 4832 1065 4904 doceatisquc
1092 4831 1231 4899 ﬁlios
1266 4831 1439 4887 Israel
1473 4833 1648 4885 omnia
1685 4833 1763 4884 le-

166 4927 359 4994 gitima
390 4940 520 4978 mea
546 4939 663 4992 qua:
689 4922 894 4976 locutus
921 4933 997 4975 est
1027 4923 1284 4976 Dominus
1315 4922 1382 4975 ad
1408 4939 1493 4975 eos
1523 4939 1616 4992 per
1651 4939 1764 4975 ma-

167 5030 297 5069 num
341 5013 532 5083 Moysi
561 5013 729 5084 (Leo.
755 5029 789 5066 ι
813 5011 854 5082 ).
895 5012 1036 5069 Ecce
1073 5012 1233 5067 modo
1266 5013 1522 5077 audistis,
1567 5010 1764 5067 fratres

169 5102 499 5158 cbarissimi
518 5141 534 5165 ,
565 5117 632 5156 ex
663 5101 944 5156 sententiis
972 5111 1281 5155 sanctarum
1323 5100 1723 5170 Scripturarum
1748 5140 1764 5167 ,

166 5199 448 5262 quantum
493 5189 762 5245 conditori
806 5198 994 5244 nostro
1033 5189 1315 5257 displiceat
1352 5190 1673 5245 comessatio
1712 5198 1770 5244 et

170 5281 454 5346 ebrietas,
498 5286 560 5333 et
597 5279 813 5346 qualem
851 5279 1247 5334 damnationem
1279 5278 1523 5334 conferat
1564 5279 1649 5334 bis
1673 5279 1767 5347 qui

171 5384 236 5426 es
287 5373 624 5428 abutuntur.
675 5370 919 5436 Parcite,
963 5387 1176 5442 quaeso,
1223 5381 1334 5426 tam
1381 5388 1577 5444 magno
1625 5373 1767 5429 malo

174 5460 464 5516 immorari
486 5498 505 5522 ,
549 5458 676 5527 quia
713 5459 864 5514 vobis
898 5471 1218 5530 prmsentem
1263 5463 1671 5532 prosperitatem
1710 5470 1767 5516 ct

173 5551 342 5605 vitam
372 5548 603 5604 auferat
631 5550 1029 5617 sempiternam.
1079 5547 1199 5602 Sint
1226 5551 1376 5604 vobis
1404 5550 1644 5605 convivia
1674 5566 1762 5603 so-

177 5642 324 5704 bria,
358 5641 480 5696 sint
510 5638 651 5708 justi
690 5638 788 5690 viri
818 5641 1089 5702 convivae,
1121 5647 1173 5692 et
1212 5639 1264 5691 in
1301 5640 1490 5693 timore
1518 5641 1610 5696 Dei
1647 5640 1760 5709 glo-

179 5731 340 5787 riatio
374 5740 594 5788 vestra.
642 5726 700 5782 lu
736 5743 893 5783 sensu
932 5739 1110 5784 vestro
1149 5729 1214 5782 sit
1249 5731 1512 5799 cogitatus
1549 5731 1639 5785 Dei
1663 5770 1676 5782 .
1708 5741 1757 5782 rt

1870 4675 1930 4715 se
1961 4661 2013 4715 in
2048 4661 2261 4712 actione
2291 4665 2578 4720 exerceat,
2611 4657 2712 4710 boc
2736 4654 2847 4723 jam
2889 4657 3030 4724 quod
3070 4658 3267 4726 appetit
3312 4672 3435 4712 con-

1869 4747 2177 4818 templatur.
2210 4747 2272 4800 Et
2299 4745 2426 4815 quid
2457 4743 2810 4815 appellatione
2839 4745 3082 4814 corporis
3110 4745 3436 4815 designazur,

1867 4839 1970 4892 nisi
1997 4851 2328 4905 unaquaeque
2356 4835 2521 4898 actio,
2548 4849 2667 4903 qua:
2696 4834 3050 4889 intentionem
3076 4849 3226 4889 suam
3243 4875 3257 4900 ,
3281 4837 3437 4905 quasi

1866 4927 2161 4980 intuentem
2189 4924 2404 4980 oculum
2425 4964 2440 4988 ,
2470 4925 2733 4992 sequitur.
2770 4922 3006 4976 Lucerna
3033 4923 3216 4992 itaque
3251 4940 3436 4992 corpo-

1867 5016 1938 5069 ris
1981 5023 2056 5069 est
2097 5013 2310 5077 oculus,
2361 5013 2488 5082 quia
2531 5027 2628 5082 per
2665 5011 2819 5065 bona:
2869 5010 3182 5064 intentionis
3227 5011 3434 5064 radium

1865 5103 2058 5158 merita
2086 5101 2421 5155 illustrantur
2445 5100 2690 5154 actionis.
2744 5098 2810 5152 Et
2848 5099 2896 5152 si
2941 5099 3122 5152 oculus
3166 5108 3285 5152 tuus
3313 5098 3440 5152 sim-

1866 5194 1985 5264 plex
2014 5193 2202 5262 fuerit,
2233 5203 2398 5245 totum
2436 5207 2623 5261 corpus
2665 5200 2808 5242 tuum
2854 5188 3089 5241 lucidum
3137 5189 3233 5246 erit
3261 5203 3281 5240 β
3313 5187 3437 5255 quia

1872 5291 1927 5336 et
1976 5282 2021 5336 si
2071 5289 2217 5336 recte
2264 5280 2593 5334 intendimus
2637 5293 2734 5347 per
2780 5277 3178 5346 simplicitatem
3226 5277 3431 5344 cegita-

1873 5371 2064 5435 tionis,
2089 5371 2287 5425 bonum
2317 5383 2451 5439 epus
2480 5369 2728 5433 ellieitur,
2758 5367 2972 5422 etiamsi
3014 5367 3191 5420 minus
3234 5366 3430 5419 bonum

1871 5474 1989 5513 esse
2037 5457 2306 5512 videatur.
2360 5456 2425 5509 Et
2473 5457 2517 5509 si
2571 5455 2752 5510 oculus
2805 5466 2928 5508 tuus
2977 5469 3196 5524 nequam
3244 5453 3436 5522 fuerit,

1869 5559 2033 5602 totum
2073 5565 2256 5614 corpus
2288 5558 2433 5600 tmun
2464 5547 2788 5601 tenebrosum
2817 5547 2914 5600 erit
2939 5563 2956 5602 :
2986 5546 3111 5614 quia
3151 5559 3274 5598 cum
3315 5557 3438 5611 per-

1868 5653 2019 5695 versa
2065 5639 2356 5692 intentione
2395 5639 2521 5707 quid
2565 5639 2649 5693 vel
2691 5647 2894 5694 rectum
2936 5639 3133 5706 agitur,
3165 5646 3219 5692 et
3247 5636 3434 5706 splen-

1870 5730 1994 5785 dere
2039 5744 2220 5784 rorant
2261 5729 2566 5784 hominibus
2612 5732 2868 5794 cernitur,
2915 5729 3053 5790 apud
3095 5741 3318 5782 exantcn
3361 5725 3440 5778 in-
