3922 6360
445 374 548 435 123

1123 414 1136 427 .
1179 373 1433 431 MBAN
1469 376 1687 433 MAUlll
1725 373 2043 432 ARCHlEP.
2087 371 2395 431 MOGUNT.
2437 373 2724 433 OPERUM
2764 373 2940 430 PARS
2979 374 3039 428 ll.

3617 378 3708 434 ιιι

445 489 583 547 terni
622 487 823 559 judieis
859 485 1202 542 obscuratur.
1250 489 1504 559 Vigilanti
1551 490 1717 559 igitur
1757 504 1887 544 cura
1931 501 2024 557 per
2055 489 2103 548 Λ
2129 485 2385 541 dicebat:
2424 486 2604 558 Neque
2636 488 2900 542 ambulavi
2933 490 2988 542 in
3030 490 3268 558 ninguis,
3313 506 3474 560 neque
3515 493 3571 546 in
3613 494 3710 548 ιιιὶο-

440 585 632 635 cuncta
658 591 821 647 opera
851 577 1077 632 intentio
1106 577 1260 632 nobis
1291 587 1477 632 nostra
1513 579 1792 649 pensanda
1821 587 1897 632 est
1921 619 1935 642 ,
1964 587 2022 631 ut

441 668 574 724 nihil
601 666 897 736 temporale
937 667 990 721 in
1032 667 1118 722 his
1158 682 1278 737 qua:
1316 669 1428 740 agit
1467 678 1715 740 appetat,
1759 677 1928 724 totam
1961 665 2040 723 se

441 777 495 816 ιιι
542 760 813 816 soliditate
859 761 1178 817 teternitatis
1229 761 1398 834 figat:
1432 778 1501 817 ne
1540 764 1585 818 si
1629 771 1782 818 extra
1830 761 2022 815 funda-

441 861 682 906 mentum
711 851 940 907 actionis
981 862 1182 908 nostra:
1217 851 1421 908 fabrica
1464 852 1702 923 ponitur,
1736 861 1879 907 terra
1920 851 2019 906 de-

440 940 681 996 hiscente
721 941 981 997 solvatur.
1016 941 1123 998 Sed
1155 953 1214 998 ut
1250 959 1386 1013 opus
1425 952 1667 997 vestrum
1711 943 1776 997 ad
1817 944 2018 997 bonum

439 1033 599 1087 linem
640 1035 923 1102 pervenire
962 1035 1166 1104 possit,
1207 1034 1464 1090 discretio
1504 1034 1655 1089 vobis
1696 1033 1884 1099 valde,
1916 1033 2020 1087 fra-

437 1132 566 1187 tres,
597 1125 904 1181 necessaria
931 1133 1034 1192 est,
1059 1126 1186 1196 quia
1206 1125 1460 1180 discretio
1482 1133 1566 1180 est
1583 1124 1821 1179 omnium
1847 1132 2020 1179 mater

435 1213 718 1269 virtutum.
768 1215 1094 1285 Plerumque
1138 1215 1283 1270 enim
1335 1216 1505 1270 virtus
1552 1231 1676 1270 cum
1725 1215 2018 1270 indiscrete

437 1313 671 1371 tenetur,
715 1308 1020 1371 amittitur;
1050 1322 1174 1362 cum
1205 1307 1438 1363 discretc
1468 1307 1863 1370 intermittitur,
1897 1306 2018 1376 plus

436 1400 691 1448 tenetur.‘
722 1394 832 1450 Nec
878 1395 1074 1450 mirum
1115 1396 1162 1452 si
1208 1396 1260 1451 in
1308 1397 1585 1467 corporeis
1626 1396 2013 1467 intelligimus,

432 1491 576 1560 quod
621 1490 706 1560 agi
745 1499 801 1545 et
838 1490 1176 1560 incorporeis
1217 1492 1377 1546 reb'us
1421 1492 1680 1546 videmus.
1714 1491 1792 1545 Ex
1839 1490 2015 1546 studio

433 1596 666 1650 namque
708 1597 869 1637 arcus
904 1580 1250 1647 distenditur,
1296 1589 1355 1635 ut
1399 1582 1451 1636 in
1493 1597 1590 1636 suo
1621 1591 1862 1652 tempore
1890 1595 2013 1635 eum

432 1672 666 1726 utilitate
716 1672 988 1726 tendatur.
1039 1669 1144 1737 Qui
1197 1670 1240 1724 si
1288 1672 1460 1725 otium
1511 1669 1858 1724 relaxationis
1906 1683 2013 1723 non

430 1761 630 1832 accipit
650 1802 665 1828 ,
706 1760 936 1816 feriendi
967 1762 1218 1816 virtutem
1250 1761 1367 1832 ipso
1397 1777 1498 1817 usu
1525 1761 1786 1816 tensionis
1814 1761 2008 1832 perdit.

431 1850 521 1904 Sic
552 1849 841 1921 aliquando
871 1850 925 1905 in
969 1850 1364 1906 exercitatione
1401 1851 1577 1905 virtus
1619 1865 1742 1906 cum
1783 1865 1879 1919 per
1901 1849 2007 1905 dis-
2036 1836 2086 1896 B

426 1942 723 1996 orationem
762 1942 1219 2012 praetermittitur,
1248 1949 1580 2008 reservatur,
1609 1950 1669 1996 ut
1697 1942 1859 1995 tanto
1892 1947 2013 2010 post

427 2035 556 2088 vitia
605 2034 846 2090 valenter
893 2034 1086 2101 feriat,
1133 2044 1334 2104 quanto
1379 2051 1409 2089 a
1456 2036 1834 2105 persecutione
1877 2035 2012 2089 inte-

427 2125 528 2179 rim
585 2125 879 2195 prudenter
929 2132 1126 2181 cessat.
1173 2125 1326 2180 Tunc
1366 2135 1546 2180 autem
1591 2135 1737 2180 recte
1789 2133 2010 2194 accepta

428 2233 679 2273 mensura
715 2233 840 2273 eum
880 2219 1180 2288 anteposita
1220 2218 1392 2274 oculis
1417 2219 1656 2274 virorum
1688 2219 2012 2290 spiritalium

427 2307 538 2361 vita
581 2308 889 2378 respicitur,
930 2310 1146 2378 quando
1173 2309 1360 2365 electa:
1388 2311 1678 2380 unicuique
1705 2311 1901 2366 animus
1942 2310 2008 2364 ad

425 2398 746 2453 sumendam
778 2398 989 2453 vivendi
1034 2400 1297 2470 regulam,
1330 2407 1543 2469 patrum
1591 2399 2010 2470 pratcedentium

425 2490 672 2559 exempla
697 2500 1105 2557 monstrantur;
1141 2503 1198 2545 ut
1226 2507 1292 2547 ex
1321 2492 1535 2546 illorum
1564 2491 1671 2546 vita
1703 2492 2011 2548 consideret

424 2585 552 2652 quid
586 2585 636 2637 in
672 2583 786 2638 suis
815 2584 1029 2639 actibus
1059 2593 1272 2650 servet,
1304 2594 1572 2654 quatenus
1601 2590 1850 2653 respecto
1871 2585 2006 2654 justi

423 2676 610 2731 limitis
653 2677 908 2731 tramite:
956 2692 1056 2732 nec
1098 2675 1238 2731 infra
1286 2677 1508 2730 minima
1557 2675 1834 2747 negligens
1875 2674 2007 2731 dcti-

424 2769 563 2832 ciat,
598 2784 696 2822 nec
729 2767 868 2822 ultra
903 2767 1138 2822 maxima
1169 2766 1488 2838 superbiens
1518 2767 1738 2831 tendat;
1771 2781 1873 2822 nec
1901 2766 2006 2820 mi-
2045 2806 2049 2810 .

420 2875 526 2916 nus
556 2868 780 2915 conetur
805 2860 1025 2930 explere
1051 2877 1213 2932 quam
1244 2859 1471 2928 subicit,
1501 2876 1603 2916 nec
1629 2860 1750 2932 plus
1778 2861 2006 2932 arripiat

420 2967 582 3022 quam
606 2952 814 3022 accepit
839 2971 851 3005 :
881 2968 948 3007 ne
975 2960 1069 3006 aut
1094 2952 1160 3006 ad
1189 2967 1498 3007 mensuram
1523 2968 1685 3022 quam
1709 2953 1871 3008 debet
1896 2970 2002 3009 non

419 3044 740 3113 perveniat,
772 3052 867 3098 aut
895 3045 1140 3099 eamdem
1180 3058 1486 3099 mensuram
1533 3045 1819 3111 deserens,
1848 3054 2002 3102 extra

421 3132 646 3187 limitem
678 3133 854 3187 cadat.
898 3132 1139 3202 Angusta
1178 3133 1378 3204 quippe
1407 3141 1563 3204 porta
1592 3142 1678 3188 est
1705 3150 1824 3205 qua:
1853 3136 2002 3192 ducit

421 3225 489 3278 ad
539 3225 744 3288 vitam;
799 3233 854 3280 ct
896 3224 984 3279 ille
1029 3225 1169 3278 hanc
1207 3225 1528 3295 ingreditur,
1568 3225 1660 3294 qui
1698 3225 1751 3278 in
1791 3227 2002 3281 cunctis

418 3328 541 3381 quae
573 3313 684 3383 agit
713 3312 1054 3367 discretionis
1093 3312 1398 3368 subtilitate
1435 3321 1654 3384 propter
1683 3315 1822 3368 hanc
1852 3315 2004 3370 solli-

422 3406 528 3459 cite
551 3413 859 3459 coarctatur
884 3423 897 3458 :
928 3421 1051 3458 nam
1078 3404 1169 3472 qui
1198 3419 1292 3473 per
1314 3404 1619 3459 voluntates
1645 3405 1890 3474 proprias
1916 3421 1988 3461 se-

421 3511 550 3551 cura
591 3504 772 3549 mente
811 3510 870 3550 se
910 3495 1132 3561 dilatat,
1173 3502 1414 3565 angustae
1446 3495 1549 3550 sibi
1588 3503 1758 3566 porta:
1798 3497 2001 3550 aditum

421 3587 668 3641 damnat.
703 3585 775 3642 Ut
799 3600 930 3657 ergo
957 3583 1118 3654 hujus
1150 3593 1308 3640 teme
1334 3600 1586 3640 mensura
1617 3596 1884 3652 servetur,
1914 3602 2004 3642 su-

418 3690 516 3744 per
569 3690 690 3730 eam
737 3675 998 3730 divinitus
1047 3675 1187 3729 linea
1239 3675 1495 3729 tenditur.
1541 3675 1676 3742 Quia
1719 3686 1775 3730 ut
1817 3688 2002 3732 nostra

417 3781 580 3834 opera
611 3765 694 3818 vel
723 3765 932 3819 minora
965 3764 1370 3834 proliciant,vel
1401 3763 1605 3832 majora
1635 3766 1997 3831 moderentur,

421 3873 520 3924 per
559 3870 712 3909 sacra
753 3855 966 3925 eloquia
1017 3854 1229 3908 subtils
1259 3863 1383 3908 ante
1412 3870 1513 3908 nos
1544 3862 1855 3909 sanctorum
1890 3855 2001 3909 vita

421 3947 787 4015 (mirandum;
838 3955 893 4001 et
942 3947 1070 4016 quid
1121 3946 1276 4000 nobis
1321 3954 1692 4016 quantumque
1735 3947 2001 4017 agendum

421 4039 526 4102 sit,
559 4048 775 4093 ostensa
824 4039 1037 4092 illorum
1077 4039 1405 4093 discretione
1446 4039 1717 4093 delinitur.
1759 4039 2004 4111 Quapro-

419 4140 560 4201 pter,
593 4131 786 4186 fratres
816 4131 1147 4194 cbarissimi,
1181 4130 1233 4183 in
1271 4131 1418 4185 omni
1462 4132 1640 4185 studio
1679 4131 2000 4200 spiritalium

423 4223 680 4276 virtutum
710 4222 1063 4291 vosmetipsos
1092 4221 1389 4275 exercitate
1410 4261 1423 4285 ,
1453 4230 1506 4274 et
1535 4220 1768 4275 discreto
1799 4220 1850 4274 in
1881 4237 1999 4275 om-

421 4316 578 4368 nibus
608 4313 951 4377 conservari,
995 4312 1265 4381 negligere
1297 4310 1490 4374 nolite,
1526 4326 1624 4364 nec
1651 4327 1813 4380 supra
1846 4327 1998 4365 men-

419 4422 642 4466 suram,
695 4414 750 4458 et
797 4406 1060 4458 rationem
1111 4403 1313 4472 aliquid
1362 4418 1523 4471 agerc
1575 4404 1887 4458 assueseite.
1941 4405 1999 4458 ln

2030 3183 2074 3244 C

2129 580 2380 636 rabilibus
2418 598 2574 651 super
2613 599 2693 636 nte
2741 581 2931 654 (Psal.
2966 597 3108 636 cxx:
3132 583 3172 654 ).
3208 582 3384 653 Super
3411 601 3470 639 se
3508 587 3708 657 quippe

2128 671 2180 726 in
2212 671 2546 728 mirabilibus
2575 673 2910 738 ambularet,
2940 674 2983 728 si
3016 689 3279 744 apparere
3307 690 3540 746 magnus
3569 679 3705 733 ultra

2127 782 2290 836 quam
2333 775 2542 836 poterat
2570 775 2860 837 quaereret.
2897 767 3073 837 Super
3101 783 3160 822 sc
3190 784 3424 839 namque
3453 770 3507 824 in
3538 771 3705 826 mira-

2121 860 2319 915 bilibus
2350 861 2634 926 attollitur,
2665 861 2758 931 qui
2789 871 2842 918 et
2872 863 2924 916 in
2957 863 3040 917 bis
3072 863 3140 916 ad
3167 879 3288 933 quae
3329 879 3436 919 non
3475 865 3669 920 sullirit
3690 910 3703 932 ,

2122 950 2293 1005 videri
2341 961 2586 1005 conatur.
2639 952 2815 1023 Ergo,
2871 951 3072 1008 fratres
3119 954 3482 1020 dilectissimi.
3535 957 3706 1025 quod-

2119 1057 2331 1112 cunque
2379 1041 2503 1097 boni
2544 1043 2764 1112 possitis
2803 1044 3068 1099 instanter
3107 1047 3279 1114 agite,
3319 1055 3375 1100 et
3413 1047 3555 1101 inter
3590 1049 3703 1102 tunc

2120 1131 2460 1187 discretionis
2499 1147 2806 1188 mensuram
2851 1134 2905 1188 in
2935 1135 3186 1192 omnibus
3215 1146 3372 1190 caute
3398 1145 3454 1191 et
3481 1138 3704 1208 diligent-

2119 1232 2201 1276 ter
2226 1221 2509 1277 custodite.
2552 1224 2643 1279 Sic
2684 1225 2889 1280 currite
2932 1225 2983 1279 in
3025 1227 3204 1281 stadio
3246 1226 3404 1296 hujus
3443 1230 3606 1293 vita},
3647 1239 3703 1285 ut

2116 1310 2585 1380 comprehendatis
2615 1313 2780 1367 vitam
2810 1323 3093 1369 aeternam.
3129 1315 3220 1371 Sic
3250 1317 3304 1371 in
3335 1333 3508 1388 agone
3547 1319 3704 1372 Chri-

2116 1398 2295 1453 stiano
2326 1399 2633 1464 decet-tate.
2667 1411 2725 1455 ut
2756 1417 2787 1457 a
2816 1402 3035 1459 Christo
3075 1408 3431 1462 coronemini.
3475 1408 3703 1463 llumili-

2117 1497 2284 1544 tatem
2315 1505 2499 1545 veram
2527 1493 2797 1562 pramipue
2825 1503 3022 1550 tenete.
3057 1497 3121 1551 Et
3153 1498 3413 1568 quidquid
3439 1500 3563 1554 boni
3597 1502 3704 1570 agi-

2116 1580 2219 1645 tis,
2252 1581 2446 1636 divintc
2481 1585 2666 1653 gratia:
2705 1583 2836 1638 illud
2875 1586 3180 1655 deputetis,
3209 1603 3314 1642 non
3347 1590 3541 1644 vobis:
3575 1590 3698 1656 quia

2115 1686 2268 1725 omne
2308 1671 2488 1724 datum
2532 1673 2817 1744 optimum,
2862 1685 2911 1729 et
2955 1692 3107 1729 omne
3144 1676 3341 1730 donum
3377 1679 3700 1748 perfectum.

2115 1759 2389 1814 desursum
2436 1771 2554 1824 est,
2600 1761 2915 1817 descendens
2961 1778 2994 1818 a
3044 1774 3194 1833 patre
3230 1763 3488 1821 luminum
3535 1767 3698 1836 (Jac.

2115 1851 2195 1924 ι).
2226 1852 2466 1924 Agonem
2494 1863 2731 1909 vestrum
2758 1855 2986 1911 Domino
3012 1857 3263 1926 precibus
3291 1858 3695 1914 commendato.

2115 1941 2279 2014 Spem
2327 1952 2568 2000 vestram
2611 1944 2666 1998 in
2713 1943 2882 1999 Deum
2931 1945 3111 2016 figite,
3161 1944 3386 2016 ejusque
3431 1955 3695 2016 perpetua

2113 2033 2322 2088 visione
2367 2033 2568 2103 perfrui
2613 2046 2741 2090 ante
2794 2036 2976 2090 oninia
3025 2037 3346 2091 desiderate.
3395 2036 3477 2090 Ad
3532 2052 3695 2106 quam

2112 2125 2522 2194 pervenientes,
2575 2125 2918 2182 exsultabitis
2969 2127 3156 2182 lmtitia
3206 2127 3590 2190 inenarrabili,
3645 2136 3702 2183 et

2110 2213 2305 2282 adepto
2349 2229 2561 2268 summo
2604 2215 2746 2269 bono
2789 2215 2842 2274 in
2882 2223 3143 2270 :ctemum
3185 2231 3310 2271 cum
3351 2216 3558 2270 sanctis
3596 2231 3696 2270 au-

2111 2302 2244 2373 geb‘s
2297 2303 2640 2374 gaudebitis:
2697 2313 2990 2374 prtestante
3042 2305 3275 2360 Domino
3321 2315 3510 2360 nostro
3561 2304 3694 2361 Iesu

2110 2394 2359 2459 Christo,
2401 2396 2492 2463 qui
2533 2395 2665 2449 vivit
2703 2405 2759 2450 et
2804 2404 2994 2465 regnat
3038 2411 3160 2450 cum
3208 2395 3458 2451 Patre‘et
3489 2395 3698 2464 Spiritu

2109 2492 2299 2540 sancto
2341 2500 2478 2540 unus
2518 2485 2698 2551 Deus,
2739 2501 2837 2557 per
2880 2486 3061 2540 omnia
3108 2484 3305 2540 secula
3347 2485 3693 2541 surculorum.

2107 2578 2302 2634 Amen.

2181 2667 2201 2738 (
2226 2666 2357 2738 Quae
2391 2675 2679 2738 sequuntur
2711 2667 2942 2738 homilia:
2973 2683 3075 2721 non
3105 2676 3256 2721 erant
3283 2677 3477 2721 notam
3516 2669 3570 2721 in
3607 2670 3694 2722 in-

2112 2736 2222 2791 dice
2248 2736 2593 2808 homilidrumr
2613 2753 2632 2790 :
2673 2737 3025 2808 sequebantur
3049 2747 3224 2792 tamen
3251 2738 3306 2790 in
3336 2739 3698 2808 mqnuscriplo

2106 2806 2426 2949 exelmplari,
2475 2816 2524 2860 et
2567 2805 2792 2876 fortasse
2823 2805 3032 2860 Βιώαηὶ
3070 2823 3175 2861 non
3213 2817 3356 2861 sunt.
3407 2805 3540 2861 Vide
3590 2805 3697 2861 Pu-

2107 2893 2342 2931 metunt.

2655 2999 2940 3056 HOMILIA
2972 2998 3136 3056 LXV.

2341 3129 2392 3168 IS
2425 3126 2696 3170 DOlIlNIClS
2722 3126 2912 3168 DIEBUS
2939 3126 3153 3175 ρωιωο
3176 3125 3457 3168 νοιυειιε.

2176 3226 2417 3295 Oportet,
2444 3222 2779 3279 dilectissimi
2810 3221 3030 3287 fratres,
3056 3222 3350 3292 unicuique
3372 3221 3693 3276 Christiano

2108 3316 2338 3370 libenter
2359 3314 2670 3369 auscultare
2695 3327 2908 3367 sacram
2938 3311 3275 3381 Scriptorum
3292 3352 3308 3376 ,
3333 3312 3698 3366 auscultatam

2106 3404 2360 3461 libentius
2402 3404 2608 3458 audire.
2652 3401 2791 3469 Quia
2829 3410 2962 3456 tunc
3010 3401 3229 3472 prolicit
3259 3401 3466 3456 homini
3498 3402 3697 3456 audire

2105 3495 2271 3550 verba
2309 3494 2526 3559 divina,
2558 3493 2602 3548 si
2633 3509 2734 3548 vox
2769 3492 3116 3562 praedicantis
3147 3492 3202 3546 in
3233 3506 3366 3545 aure
3391 3492 3575 3546 cordis
3612 3491 3696 3547 in-

2108 3585 2307 3656 ﬁgitur.
2352 3584 2485 3650 Quia
2532 3598 2636 3637 non
2679 3582 2955 3635 auditores
2998 3588 3209 3634 tantum
3239 3579 3387 3634 verbi
3423 3577 3696 3647 justifiCa-

2106 3678 2327 3740 buntur,
2372 3675 2464 3730 sed
2507 3673 2756 3730 factores.
2783 3671 2801 3743 (
2831 3673 2980 3726 Rom.
3013 3671 3121 3742 ιι).
3165 3672 3432 3742 Ideoque,
3478 3672 3696 3728 charis-

2105 3766 2262 3829 simi,
2295 3765 2474 3818 audite
2507 3764 2731 3818 verbum
2763 3761 3013 3826 Domini,
3047 3771 3104 3816 et
3130 3760 3418 3831 intelligite
3444 3767 3502 3814 et
3529 3759 3697 3816 facile

2105 3857 2286 3912 omnia
2317 3856 2567 3910 mandata
2597 3853 2808 3908 Domini
2831 3870 2844 3918 ;
2872 3851 3249 3907 convertimini
3275 3851 3343 3905 ad
3370 3851 3656 3908 Dominum
3675 3891 3691 3913 ,

2105 3955 2162 4001 et
2201 3947 2341 4016 agite
2383 3944 2791 4013 paenitentiam,
2827 3951 2884 3996 ut
2913 3943 3200 3997 deleantur
3228 3951 3413 3998 vestra
3443 3952 3689 4011 peccata.

2107 4037 2318 4092 Timete
2357 4037 2682 4101 Dominum,
2725 4044 2782 4091 et
2823 4036 2946 4091 date
2988 4035 3062 4090 illi
3107 4037 3402 4100 honorem,
3434 4037 3693 4105 quoniam

2105 4129 2255 4184 venit
2287 4127 2550 4197 judicium
2579 4127 2696 4196 ejus
2715 4168 2730 4194 ,
2763 4136 2820 4182 et
2849 4129 2965 4197 ipse
2987 4127 3254 4196 iudicabit
3281 4129 3532 4183 omnibus
3562 4145 3694 4198 gen-

2106 4221 2269 4275 tibus.
2310 4220 2567 4273 Amemus
2604 4220 2772 4274 Deum
2814 4219 3031 4273 Patrem
3083 4219 3544 4288 omnipotentem,
3597 4222 3691 4290 qui

2106 4310 2160 4364 in
2202 4311 2338 4364 coelo
2367 4318 2419 4364 et
2449 4310 2504 4365 in
2536 4318 2677 4364 terra
2712 4308 2876 4363 habet
2905 4316 3258 4378 potestatem,
3294 4309 3348 4363 in
3382 4310 3518 4363 mari
3550 4319 3604 4364 ct
3635 4310 3690 4364 in

2104 4406 2355 4460 omnibus
2383 4421 2500 4473 qutc
2531 4406 2584 4458 in
2615 4405 2693 4458 eis
2722 4413 2883 4469 sunt;
2917 4405 3236 4460 festinemus
3274 4405 3342 4460 ad
3388 4405 3534 4459 illam
3565 4406 3692 4460 bea-

418 4495 683 4567 przccipiti
733 4494 876 4548 enim
925 4494 1113 4561 pedem
1163 4492 1421 4562 porrigit,
1474 4490 1567 4560 qui
1623 4506 1997 4545 mensurarum
2025 4520 2077 4578 Β
2106 4507 2214 4550 tam
2244 4497 2408 4550 vitam
2441 4496 2529 4551 ubi
2559 4511 2774 4564 semper
2804 4512 3086 4566 speramus
3112 4511 3449 4565 permanere.
3495 4499 3686 4568 Desii}-

419 4604 644 4643 suarum
675 4586 900 4640 limitem
933 4599 1040 4637 non
1071 4584 1320 4637 attendit.
1363 4582 1438 4646 Et,
1459 4581 1771 4651 plerumque
1801 4582 2001 4635 amittit

419 4681 560 4751 quod
611 4687 856 4748 poterat,
903 4677 994 4746 qui
1035 4675 1295 4729 audacter
1336 4688 1398 4728 ea
1430 4674 1498 4727 ad
1528 4689 1646 4742 qua:
1690 4673 2002 4743 pertingere

419 4787 526 4827 non
572 4773 742 4831 valet,
789 4769 1029 4836 arripere
1074 4767 1311 4819 festinat.
1360 4764 1494 4818 Nam
1529 4773 1584 4818 et
1628 4765 1996 4818 membrorum

418 4869 730 4916 nostrorum
775 4867 908 4912 tunc
951 4855 1266 4910 ministeriis
1313 4855 1553 4919 utimur,
1598 4869 1723 4908 cum
1775 4871 1872 4909 sua
1921 4855 2000 4908 eis

418 4952 591 5006 otiieia
649 4949 901 5004 distincte
956 4961 1257 5001 servamus.
1318 4944 1521 4998 Lucem
1573 4944 1768 5014 quippe
1827 4944 1998 4999 oculis

421 5046 723 5107 cernimus,
776 5056 964 5097 vocem
1016 5054 1148 5093 vero
1190 5037 1413 5092 auribus
1455 5037 1723 5090 audimus.
1775 5035 1834 5090 Si
1883 5037 2002 5106 quis

423 5149 602 5192 autem
625 5177 639 5200 ,
672 5143 876 5188 mutato
915 5133 1131 5196 ordine,
1163 5131 1280 5184 voci
1320 5129 1536 5193 oculos,
1568 5128 1670 5182 luci
1711 5143 1871 5183 aures
1901 5145 1998 5182 ae—

420 5228 757 5289 couunodet,
803 5225 928 5279 huic
968 5234 1196 5292 utraque
1235 5223 1506 5276 incassum
1551 5229 1753 5290 patent.
1794 5219 1851 5273 Si
1878 5220 2001 5288 quis

419 5325 614 5377 odores
644 5321 770 5375 vciit
798 5333 894 5374 ore
934 5318 1278 5379 discernere,
1318 5329 1539 5381 sapores
1581 5327 1712 5365 nare
1753 5321 1998 5382 gustare,

419 5415 702 5481 utriusque.
731 5425 923 5464 sensus
947 5408 1016 5460 ibi
1049 5405 1569 5471 ιιίξιιίδιρι·ἱιιιιι,‹ιιιίιι
1602 5404 1878 5471 pervertit.
1915 5403 1998 5456 in-

422 5505 643 5558 terimit.
681 5503 814 5556 Dum
846 5501 988 5553 enim
1023 5498 1255 5568 propriis
1287 5498 1399 5550 haec
1430 5496 1615 5550 usibus
1656 5510 1760 5547 non
1807 5503 1998 5562 aptan-

423 5607 533 5659 tur,
571 5604 625 5649 et.
651 5609 746 5648 sua
776 5591 948 5646 officia
982 5593 1268 5651 deserviat,
1301 5596 1355 5642 et
1385 5588 1452 5639 ad
1481 5595 1738 5639 extranea
1771 5600 1873 5637 non
1907 5601 1998 5638 as-

424 5696 667 5755 surgunt.
700 5686 841 5739 nunc
872 5685 1051 5750 itaque
1079 5681 1246 5735 David
1280 5682 1418 5734 intra
1449 5686 1699 5746 acceptas
1725 5693 1786 5730 ex
1817 5677 1997 5730 divina

429 5779 439 5824 l
516 5778 576 5835 ,ἵν
606 5789 670 5824 .t-
719 5795 744 5826 ι.
773 5807 777 5813 -
807 5799 831 5828 ι’
873 5791 1028 5838 ιΙι“·ι“ἱ,
1075 5775 1262 5827 ιη’-.ἰειιι
1309 5769 1488 5824 cordi;
1531 5775 1797 5834 ξδτἐ···σ·ι’·ιε
1877 5784 1997 5822 cum

2105 4587 2310 4641 ciamus
2340 4587 2494 4639 istaut
2529 4586 2693 4639 vitam
2728 4586 3067 4640 terrestrium
3088 4627 3102 4652 ,
3135 4588 3587 4656 concupiscamus
3626 4588 3691 4642 il-

2104 4675 2211 4728 lam
2258 4675 2424 4728 vitam
2463 4673 2786 4728 caelestium.
2830 4674 2936 4727 Ista
2975 4675 3082 4728 vita
3125 4685 3210 4730 est
3253 4677 3448 4730 misera
3495 4686 3552 4730 et
3594 4677 3689 4732 de-

2104 4776 2258 4837 cepta
2297 4774 2351 4820 et
2388 4766 2885 4834 conenpiseentiosa
2909 4807 2924 4829 ,
2955 4767 3040 4820 vel
3069 4767 3224 4837 plena
3255 4767 3527 4822 seandalis
3553 4787 3566 4821 :
3599 4768 3689 4823 hic

2103 4858 2157 4912 in
2190 4857 2374 4912 labore
2411 4857 2670 4921 vivimus,
2700 4865 2755 4911 et
2788 4858 2838 4910 in
2873 4857 3058 4912 dolore
3088 4859 3392 4920 morimur;
3427 4858 3530 4911 ista
3574 4859 3687 4912 vita

2105 4947 2267 5000 ﬁnem
2312 4944 2505 5008 habet,
2551 4959 2774 5014 regnum
2818 4944 2911 4999 Dei
2955 4944 3116 4998 tinem
3162 4959 3268 4997 non
3315 4944 3499 4999 habet.
3533 4945 3688 5000 Unde

2106 5035 2505 5089 consideremus
2549 5035 2939 5102 nosmetipsos.
2986 5035 3111 5102 quia
3153 5049 3258 5088 non
3303 5034 3507 5088 scimus
3541 5035 3688 5090 diem

2106 5140 2282 5193 neque
2310 5125 2498 5178 horam
2530 5124 2744 5192 quando
2768 5125 3027 5178 Dominus
3049 5136 3235 5179 noster
3255 5123 3412 5180 Iesus
3431 5125 3686 5181 Christus

2105 5218 2211 5270 erit
2235 5223 2493 5268 venturus
2521 5215 2586 5268 ad
2611 5213 2895 5281 judicium.
2932 5214 2987 5268 In
3016 5216 3103 5269 die
3143 5215 3232 5268 illa
3273 5215 3454 5270 veniet
3492 5215 3677 5270 Domi-

2108 5323 2210 5361 nus
2257 5307 2321 5360 de
2367 5305 2520 5358 C(l‘llS
2559 5321 2680 5358 cum
2721 5307 2928 5374 angelis
2957 5313 3016 5360 et
3046 5322 3168 5360 cum
3198 5305 3453 5360 omnibus
3480 5305 3687 5360 sanctis

2104 5402 2221 5470 ejus
2269 5398 2334 5451 ad
2377 5397 2728 5464 judicandum
2776 5411 2962 5453 omnes
3070 5406 3296 5465 gentes,
3394 5406 3451 5450 et
3496 5395 3690 5450 reddet

2104 5491 2392 5557 unicuique
2441 5489 2736 5541 secundum
2790 5501 2954 5551 opera
3013 5502 3133 5540 sua.
3187 5487 3425 5548 idcirco,
3484 5484 3689 5540 fratres

2123 5583 2247 5645 ‘tci,
2281 5590 2562 5634 teneamus
2610 5578 2731 5631 illas
2775 5577 3033 5639 virtutes,
3083 5593 3202 5644 qua:
3249 5578 3484 5630 tnax'ma
3535 5577 3688 5629 lucra

2101 5701 2130 5728 ι,
2187 5672 2386 5725 il'erunt
2415 5667 2696 5720 animabus
2723 5665 2944 5718 nostris.
2992 5664 3086 5718 llas
3129 5674 3254 5719 sunt
3293 5664 3523 5716 virtutes
3567 5663 3658 5716 ani

2107 5779 2347 5826 marum,
2378 5760 2600 5827 diligere
2643 5759 2809 5811 Deum
2840 5767 2889 5810 rt
2922 5757 3259 5825 [ll‘t)?;l:t|!:l|l,
3302 5763 3354 5808 et
3398 5754 3552 5809 odire
3592 5750 3691 5809 ille.
