3922 6372
180 415 281 473 195

1153 419 1456 477 ΗΟΜΙΙΛᾸΞ
1501 421 1588 476 DE
1625 420 1867 477 FESTlS
1904 421 2313 491 PRIECIPUIS,
2355 422 2506 480 ETC.

3342 425 3443 481 £26

178 545 295 601 qua:
326 545 433 585 non
465 530 650 606 diligit
677 533 814 590 Deus
839 552 851 587 :
881 536 1195 605 patientiam
1226 538 1418 592 sectari
1446 545 1499 590 et
1526 536 1591 588 ab
1617 537 1763 590 omni
1793 539 1842 597 Α
1868 547 2066 607 potest;
2094 539 2327 593 invocate
2364 556 2501 604 eum,
2529 540 2652 592 dum
2676 557 2832 609 prope
2856 551 2949 595 est.
2981 540 3312 612 Derelinquat
3342 545 3442 596 im-

180 623 522 693 impatientia
557 625 862 691 declinare;
891 628 1197 682 castitatem
1226 629 1471 698 corporis
1496 637 1551 683 et
1578 628 1768 682 animae

182 714 499 779 custodire;
550 730 749 770 vanam
788 717 1014 791 gloriam
1057 728 1436 782 contemnere,
1486 727 1539 771 et
1588 718 1766 771 omnia

182 802 384 857 caduca
432 801 697 869 calcare;
748 806 1104 861 humilitatem
1157 807 1354 861 habere
1398 817 1453 862 et
1502 815 1766 864 tumorem

182 893 449 962 superbia:
482 895 789 950 abominari
822 914 833 950 :
867 899 1005 951 iram
1035 899 1290 953 cohibere
1320 908 1375 953 et
1403 900 1642 953 furorem
1682 912 1768 953 re-

182 981 461 1051 primere;
498 984 569 1039 ab
598 986 747 1041 omni
775 986 1003 1041 stultitia
1042 987 1315 1043 declinare
1356 997 1411 1043 et
1445 988 1766 1058 sapientiam

182 1072 418 1128 divinam
470 1075 767 1145 amplecti,
825 1093 891 1132 ac
938 1093 1152 1133 omnem
1204 1080 1535 1134 voluntatem
1585 1080 1766 1135 carnis

182 1161 450 1230 snhjicere
479 1167 651 1221 menti
682 1186 695 1221 :
728 1169 1011 1223 avaritiam
1044 1186 1295 1240 spernere
1326 1182 1377 1226 et.
1409 1172 1625 1241 propria
1657 1170 1765 1224 lar-

181 1254 281 1324 giri
314 1274 326 1309 :
357 1257 610 1312 caalestia
644 1261 806 1315 rebus
836 1262 1069 1316 terrenis
1110 1278 1459 1332 praeponere;
1502 1263 1765 1333 judicium

182 1344 274 1398 Dci
305 1346 391 1401 die
424 1358 703 1420 noctuque
735 1352 1034 1422 impensius
1067 1355 1312 1408 meditari
1344 1373 1357 1408 :
1390 1357 1473 1410 ha:
1502 1366 1629 1411 sunt
1655 1357 1765 1411 vir-

181 1445 319 1492 tutes
361 1439 567 1495 anima:
588 1482 603 1506 ,
635 1443 776 1497 unde
808 1444 987 1499 omnis
1019 1444 1224 1500 fructus
1253 1447 1508 1516 spiritalis
1538 1448 1761 1503 orietur.

180 1525 318 1582 Deus
362 1529 512 1582 enim
561 1545 663 1584 non
716 1546 774 1586 se
819 1532 932 1588 vult
975 1536 1156 1590 verbis
1198 1545 1404 1591 tantum
1445 1538 1626 1608 diligi,
1668 1539 1764 1594 sed

180 1621 337 1675 corde
359 1636 501 1691 puro
528 1631 585 1678 et
608 1625 861 1694 operibus
881 1624 1064 1695 justis.
1096 1626 1195 1695 Qui
1225 1628 1370 1683 enim
1396 1628 1560 1683 dicit:
1590 1629 1761 1700 Diligo

179 1713 375 1779 Deum,
408 1727 467 1772 et
508 1719 763 1774 mandata
804 1720 923 1791 ejus
958 1736 1064 1775 non
1097 1722 1362 1787 custodit,
1397 1722 1627 1777 mendax
1654 1732 1757 1778 est.

179 1804 317 1860 Deus
346 1807 495 1861 enim
528 1824 635 1863 non
663 1808 880 1864 auditor
906 1812 1192 1865 verborum
1215 1852 1229 1875 ,
1261 1811 1354 1866 sed
1380 1812 1561 1867 cordis
1590 1812 1763 1881 inspe-

1869 630 1985 697 pius
2024 628 2159 681 viam
2182 645 2349 689 suam,
2376 638 2422 682 et
2436 630 2511 683 rir
2533 631 2739 700 iniquus
2766 633 3100 701 cogitationes
3138 650 3260 687 suas
3283 635 3447 702 pessio

1871 734 1988 772 mas
2010 716 2142 788 (lsa.
2167 717 2275 787 Lv).
2318 718 2450 785 Quia
2474 720 2550 773 sic
2573 732 2653 773 est
2676 722 2781 774 vita
2815 722 2914 776 ista
2936 723 3087 792 quasi
3114 723 3186 776 sit
3206 724 3366 778 homo
3394 725 3445 778 in

1870 808 2027 861 domo
2052 805 2226 860 aliena
2257 824 2270 860 :
2300 809 2473 861 nescit
2511 823 2618 877 quo
2641 809 2725 862 die
2746 810 2829 864 vel
2853 827 2955 879 qua
2981 811 3110 867 bora
3136 812 3349 866 dicatur
3368 813 3440 878 ei,

1873 897 2002 951 Veni
2026 896 2190 962 foras,
2214 898 2337 967 quia
2360 914 2465 953 non
2492 908 2577 953 est
2598 909 2687 953 tua
2711 900 2897 953 domus
2930 917 2980 954 In
3007 917 3113 970 qua
3138 916 3197 956 es
3221 919 3234 954 :
3259 902 3336 957 sic
3362 903 3444 956 in-

1870 988 2118 1057 cognitus
2139 996 2222 1042 est
2246 988 2400 1041 nobis
2424 988 2546 1043 finis
2572 997 2774 1042 noster.
2821 987 2942 1042 Ideo
2980 990 3328 1046 admonemus
3351 1007 3444 1046 vos

1869 1087 1926 1130 ut
1950 1080 2091 1146 quod
2113 1079 2434 1147 promisistis
2459 1079 2513 1133 in
2538 1080 2807 1148 baptismo
2827 1088 2951 1133 ante
2972 1090 3314 1150 conspectum
3340 1082 3435 1137 Dei

1867 1169 1952 1222 vel
1979 1170 2310 1239 angelorum,
2337 1170 2478 1223 nulla
2517 1172 2587 1225 sit
2616 1171 2975 1241 negligentia;
3020 1180 3075 1227 et
3101 1174 3143 1227 si
3169 1173 3283 1243 jam
3320 1174 3440 1241 fuit,

1869 1269 2151 1316 succurrat
2193 1262 2528 1331 poenitentia.
2587 1262 2701 1317 Duo
2745 1272 2870 1317 sunt
2912 1278 3031 1333 quae
3068 1266 3429 1333 promisistis:

1866 1366 2055 1416 unum,
2085 1351 2304 1405 credere
2347 1366 2443 1405 vos
2484 1352 2534 1404 in
2569 1351 2734 1405 Deum
2759 1352 2973 1406 Patrem
3016 1354 3439 1422 omnipotentem

1866 1450 1921 1498 et
1965 1443 2017 1496 in
2051 1441 2235 1498 Jesum
2270 1442 2541 1497 Christum
2574 1442 2767 1496 Filmm
2807 1458 2952 1510 ejus,
2994 1453 3049 1496 et
3094 1445 3145 1498 in
3183 1445 3439 1515 Spiritum

1866 1541 2143 1597 sanctum;
2188 1532 2435 1597 alterum,
2462 1532 2787 1600 promisistis
2826 1533 3209 1587 abrenuntiare
3232 1534 3443 1588 diabolo

1863 1631 1918 1677 et
1938 1622 2187 1677 omnibus
2209 1622 2461 1690 operibus
2486 1620 2621 1688 ejus.
2647 1623 2701 1675 ln
2730 1623 2812 1675 bis
2833 1622 3084 1677 brevibus
3106 1624 3443 1678 sermonibus

1864 1713 2030 1767 multa
2070 1719 2192 1767 sunt
2233 1728 2352 1782 quze
2393 1712 2755 1767 continentur.
2802 1712 2893 1767 llle
2936 1712 3282 1767 abrenuntiat
3326 1714 3441 1767 dia-

1862 1805 2042 1860 bolum
2081 1815 2134 1859 et
2172 1820 2334 1875 opera
2380 1802 2524 1872 ejus,
2575 1805 2665 1874 qui
2704 1804 2836 1875 fugit
2877 1805 3181 1859 criminalia
3220 1813 3440 1875 peccata

178 1908 294 1953 ειοιο
322 1910 399 1956 est
422 1943 439 1965 ,
470 1911 529 1958 ει
559 1903 731 1973 diligit
761 1920 854 1959 eos
884 1905 974 1975 qui
1014 1905 1067 1958 in
1099 1905 1444 1976 simplicitate
1472 1906 1650 1961 cordis
1680 1906 1762 1959 di-
1790 1883 1835 1942 Β
1863 1912 1982 1965 qua:
2009 1905 2256 1966 mergunt
2299 1897 2543 1951 homines
2582 1898 2632 1950 in
2672 1894 2990 1967 supplicium
3032 1906 3313 1962 aeternum,
3339 1899 3441 1954 hoc

177 1989 354 2059 ligunt
393 1992 572 2047 illum.
617 1991 713 2049 His
751 1995 916 2049 etiam
954 1996 1279 2065 supradictis
1316 1996 1605 2076 virtutibus
1646 1996 1763 2051 ani~

177 2099 414 2149 marum,
447 2083 647 2141 fratres
674 2087 814 2153 mei,
837 2096 963 2143 sunt
987 2105 1096 2159 qua
1110 2090 1231 2143 dam
1260 2089 1387 2143 vitia
1419 2089 1760 2144 adversantia

178 2195 293 2248 quae
322 2181 597 2250 prodeunt
625 2196 688 2235 ex
721 2182 904 2237 radice
935 2182 1266 2252 iniquitatis,
1311 2191 1471 2252 atque
1512 2189 1761 2251 mergunt

177 2270 425 2326 homines
476 2273 533 2326 in
584 2282 806 2342 puteum
854 2273 1084 2339 inferni,
1124 2275 1560 2345 perpetrantibus
1601 2290 1663 2329 ea
1706 2282 1761 2328 et

179 2378 281 2415 non
312 2364 749 2418 emendantibus.
785 2365 909 2420 Hzec
939 2375 1066 2420 sunt
1089 2367 1295 2422 ventris
1326 2366 1617 2437 ingluvies,
1650 2368 1760 2421 for-

178 2454 405 2516 nicatio,
434 2456 698 2519 avaritia,
730 2456 844 2520 ira,
873 2472 1009 2510 vana
1037 2456 1202 2527 gloria
1224 2498 1239 2522 ,
1266 2457 1535 2525 superbia.
1566 2458 1645 2511 Ex
1676 2457 1760 2513 his

178 2556 472 2601 nascuntur
503 2551 958 2612 comessationes,
996 2550 1323 2615 ebrietates,
1356 2550 1505 2605 locus
1534 2551 1759 2605 inhoneo

178 2645 289 2691 stus
334 2637 548 2709 (Forte,
596 2639 805 2694 lucrum
850 2642 1191 2697 inhonestum
1220 2642 1276 2714 ),
1328 2644 1754 2714 stulziloquium,

178 2728 514 2782 mendacium
535 2770 550 2793 ,
583 2727 758 2793 furta,
788 2729 1052 2800 periuria,
1090 2733 1259 2802 turpis
1288 2732 1423 2787 lucri
1454 2735 1753 2804 appetitus,

179 2817 303 2871 falsa
349 2820 693 2883 testimonia,
740 2821 1142 2886 inhumanitas,
1190 2824 1490 2893 rapacitas,
1530 2825 1758 2880 homici-

178 2909 287 2962 dia.
320 2910 651 2975 inimicitiae,
680 2913 1086 2975 contentiones,
1113 2916 1356 2981 invidiae,
1388 2917 1718 2986 impatientia
1740 2959 1754 2983 ,

178 2997 503 3069 indignatio,
538 3009 906 3072 contemptus,
942 3003 1337 3069 inobedientia,
1373 3006 1752 3072 murmuratio,

178 3088 453 3144 detractio.
489 3088 571 3143 Ab
601 3091 685 3145 bis
714 3092 879 3145 etiam
911 3092 1055 3147 vitiis
1086 3102 1141 3148 et
1168 3094 1237 3148 ab
1276 3094 1395 3149 aliis
1433 3110 1750 3162 caveamus,

177 3188 227 3231 ct
258 3180 592 3235 declinemus
621 3182 690 3235 ab
720 3182 830 3246 eis,
864 3189 918 3236 et
951 3183 1128 3237 inania
1157 3184 1507 3239 emendemus
1538 3184 1592 3239 in
1634 3199 1750 3239 me-

1863 1995 1967 2049 ost,
2012 1987 2381 2056 sacrilegium,
2427 1987 2800 2050 homicidium,
2851 1989 3198 2055 adulterium,
3245 1989 3439 2045 falsum

1866 2077 2260 2139 testimonium,
2317 2076 2551 2142 furtum,
2598 2078 2873 2148 rapinam,
2927 2080 3253 2147 superbiam,
3300 2080 3440 2134 invi-

1861 2168 2026 2231 diam,
2069 2167 2373 2229 avaritiam,
2418 2166 2788 2235 cupiditatem,
2832 2167 3189 2231 iracundiam,
3226 2184 3439 2223 comes—

1860 2259 2147 2320 sationem,
2185 2257 2503 2312 ebrietatem
2528 2267 2581 2312 et
2611 2257 2836 2327 reliqua,
2864 2260 2988 2329 quia
3032 2275 3136 2315 non
3180 2262 3439 2315 mentitur

1859 2361 2078 2406 sanctus
2100 2350 2385 2419 Apostolus
2410 2352 2595 2406 dicens
2622 2369 2634 2404 :
2667 2352 2847 2422 Neque
2876 2352 3068 2407 ebriosi
3103 2369 3313 2425 regnum
3344 2354 3438 2407 Dei

1858 2441 2190 2509 possidebunt
2230 2440 2280 2511 (1
2306 2439 2429 2494 Cor.
2478 2442 2575 2511 vi).
2624 2441 2855 2496 Proinde
2912 2459 3070 2497 nemo
3109 2458 3169 2499 se
3206 2445 3436 2500 circum-

1859 2529 2059 2583 veniat.
2112 2528 2425 2599 Quicunque
2467 2529 2731 2593 ebriosus,
2774 2546 2871 2600 pro
2915 2532 3025 2602 ipsa
3074 2533 3361 2598 ebrietate,
3389 2534 3437 2588 si

1858 2620 2225 2689 pmnitentiam
2269 2637 2372 2675 non
2407 2621 2575 2691 egerit
2614 2630 2669 2675 et
2702 2636 2871 2690 usque
2904 2622 2971 2675 ad
3007 2631 3237 2677 mortem
3282 2639 3433 2678 suam

1856 2713 1909 2766 in
1945 2713 2057 2782 ipsa
2086 2713 2349 2767 ebrietate
2373 2712 2649 2777 manserit,
2682 2712 2733 2766 in
2761 2723 3021 2766 :eternum
3054 2713 3269 2783 peribit,
3300 2716 3435 2767 etin

1855 2815 2115 2874 perpetua
2164 2802 2379 2858 ﬂamma
2435 2804 2551 2858 sine
2589 2802 2692 2857 ﬁne
2735 2803 2965 2857 ardebit.
3017 2802 3278 2859 Similiter
3324 2819 3438 2859 me-

1858 2895 2116 2948 tuendum
2159 2903 2243 2949 est
2279 2894 2670 2965 juramentum,
2720 2894 2844 2963 quia
2874 2910 2973 2964 per
3001 2894 3258 2965 Spiritum
3309 2910 3435 2950 san-

1854 2992 1999 3038 ctum
2029 2984 2230 3039 dictum
2260 2993 2338 3038 est
2375 2985 2427 3038 in
2455 3000 2609 3039 sacra
2633 2985 2910 3054 Scriptura
2936 3002 2950 3040 :
2986 2984 3071 3039 Vit
3100 2986 3321 3041 multum
3341 2988 3436 3057 ju—

1856 3092 1978 3129 rans
2002 3074 2588 3145 implebituriuiquitate
2613 3074 2801 3145 (Eccli.
2830 3077 3007 3146 χχιιι).
3036 3075 3171 3142 Quia
3202 3077 3433 3145 quicun-

1854 3179 1959 3234 que
1985 3178 2082 3235 per
2095 3163 2461 3233 juramentum
2511 3162 2717 3235 [ιεὀνιε,
2768 3164 3087 3237 perjurium]
3141 3165 3347 3231 fecerit,
3381 3175 3436 3221 et

177 3269 274 3326 lius
302 3273 442 3341 quod
476 3274 811 3343 negligenter
843 3276 1215 3344 peccavimus,
1246 3291 1313 3329 ne
1343 3277 1523 3331 subito
1546 3292 1752 3347 praeoc-
1779 3244 1822 3304 Ο
1855 3256 1901 3311 εί
1936 3256 2085 3347 Vivat
2114 3272 2359 3347 COFPOW
2394 3265 2569 3347 tamen
2619 3263 2876 3347 morm”?
2898 3264 2980 3311 θδί
3024 3256 3076 3311 ί¹³
3120 3256 3319 3347 inim:
3370 3258 3435 3311 Et

180 3364 346 3431 cupati
387 3362 477 3417 die
518 3365 711 3419 mortis
734 3407 748 3430 ,
790 3381 1096 3435 qna‘ramus
1127 3368 1357 3437 spatium
1388 3369 1748 3437 pmnitentite,

180 3464 231 3508 et
259 3455 503 3511 invenire
555 3472 659 3511 non
704 3460 994 3528 possimus.
1049 3459 1368 3514 llleditcmur
1414 3462 1752 3531 supradictas

178 3549 393 3604 virtutes
418 3548 642 3622 jugiter,
684 3554 993 3621 operando,
1035 3552 1372 3618 confitendo,
1404 3554 1748 3623 paenitendo,

181 3644 389 3698 assidue
419 3645 485 3697 ad
518 3643 802 3699 ecclesiam
846 3644 1143 3710 veniendo,
1174 3647 1409 3709 orando,
1444 3646 1711 3716 vigilando
1733 3687 1747 3711 ,

182 3734 574 3805 eleemosynam
622 3735 915 3805 largiendo.
970 3735 1093 3790 Haec
1142 3735 1467 3790 facientibus
1495 3737 1603 3790 vita
1649 3738 1751 3792 erit

180 3834 403 3880 aeterna.
445 3836 503 3882 et
547 3827 917 3896 ingredientur
958 3828 1024 3881 ad
1063 3828 1190 3881 illud
1224 3844 1480 3899 regnum,
1513 3830 1601 3885 ubi
1634 3829 1747 3883 Rex

183 3933 355 3987 regum
371 3927 455 3973 est
474 3927 528 3973 et
561 3918 821 3973 Dominus
840 3919 1231 3972 dominantium
1258 3909 1283 3969 ε’
1302 3920 1390 3973 ubi
1415 3918 1502 3972 lux
1528 3920 1643 3974 sine
1672 3929 1749 3974 te-

182 4010 349 4065 nebris
367 4020 471 4075 est,
498 4011 607 4064 vita
639 4012 755 4066 sine
788 4018 983 4072 morte,
1015 4009 1199 4064 lzctitia
1232 4011 1348 4065 sine
1379 4011 1598 4066 tristitia
1618 4053 1633 4077 ,
1665 4028 1752 4066 sae

185 4102 315 4155 nitas
345 4104 461 4156 sine
489 4102 715 4166 dolore;
748 4102 835 4156 ubi
870 4118 1029 4155 nemo
1058 4103 1227 4157 esurit
1258 4116 1430 4171 neque
1459 4103 1611 4168 sitit;
1656 4104 1746 4157 ubi

184 4202 298 4247 sunt
337 4194 546 4262 majora
583 4203 637 4246 et
683 4193 903 4247 meliora
935 4194 1072 4246 bona
1113 4193 1372 4263 spiritalia
1406 4210 1525 4262 qua:
1566 4194 1746 4265 lingua

184 4284 397 4337 humana
428 4300 691 4339 enarrare
721 4301 826 4337 non
860 4285 1057 4353 possit,
1089 4300 1208 4352 qua:
1246 4286 1568 4353 prmparavit
1611 4286 1749 4340 Deus

184 4374 512 4444 diligentibus
545 4392 603 4430 se
629 4394 641 4427 :
675 4376 812 4446 quod
838 4376 1015 4428 oculus
1043 4394 1143 4430 non
1178 4376 1298 4429 ridi!
1318 4418 1332 4440 ,
1361 4395 1453 4431 nec
1478 4378 1621 4431 auris
1647 4395 1746 4431 au-

184 4465 327 4527 dirit,
372 4482 464 4518 nec
508 4464 563 4517 in
610 4481 701 4517 cor
748 4466 972 4517 hominis
1000 4466 1229 4518 ascendit
1260 4464 1278 4535 (
1305 4465 1332 4518 I
1359 4464 1481 4519 Cor.
1509 4482 1545 4521 tt
1592 4466 1633 4535 ).
1667 4466 1745 4521 Ad

182 4552 274 4607 hoc
311 4570 566 4622 regnum,
614 4553 903 4621 adjuvante
946 4555 1174 4608 Domino
1218 4554 1495 4610 Salvatore
1539 4566 1738 4617 nostro,

182 4646 574 4713 perveniemus,
604 4653 663 4698 ut
690 4660 815 4699 cum
858 4644 949 4699 illo
993 4659 1277 4713 regnemus
1322 4648 1375 4699 iu
1416 4646 1743 4718 sempiterna

183 4733 380 4788 scecula.
411 4735 605 4789 Amen.

697 4825 979 4881 ΙΙΟΜΙῌΑ
1029 4827 1209 4881 LXVI.

665 4934 793 4973 ITEII
862 4936 998 4972 UNDE
1063 4936 1248 4974 SUPBA.

245 5008 455 5073 Audite,
516 5011 714 5066 fratres
759 5010 1092 5070 charissimi.
1166 5011 1436 5080 quomodo
1491 5025 1741 5079 magnum

184 5100 462 5167 periculum
494 5110 579 5156 est
615 5101 984 5155 sacerdotibus
1016 5100 1238 5164 Christi,
1278 5102 1329 5154 id
1365 5111 1447 5156 est
1480 5101 1747 5169 episcopis

187 5200 235 5243 et
250 5191 593 5262 presbyteris,
617 5192 707 5261 qui
744 5207 848 5246 non
881 5192 1204 5245 annuntiant
1224 5192 1376 5267 vobis
1400 5209 1519 5262 qum
1549 5192 1745 5255 facere,

188 5295 295 5349 qua:
328 5282 497 5336 vitare
538 5283 819 5337 debeatis:
846 5282 967 5350 quia
1015 5282 1059 5334 si
1105 5297 1201 5335 nes
1242 5298 1348 5335 non
1396 5282 1748 5336 annuntiavev

189 5369 359 5434 rimus,
396 5380 455 5424 ut
485 5372 773 5440 corrigatis
806 5373 1161 5439 vosmetipsos
1193 5372 1260 5423 ah
1289 5372 1540 5439 operibus
1572 5372 1745 5433 malis,

190 5473 278 5514 nes
324 5460 373 5514 in
413 5461 499 5514 die
533 5461 723 5530 judicii
772 5462 1033 5514 rationem
1096 5460 1353 5513 reddituri
1406 5461 1607 5514 erimus
1649 5478 1745 5529 pro

188 5548 342 5605 vobis.
387 5552 446 5604 Et
478 5553 524 5606 si
564 5554 936 5621 unusquisque
972 5568 1071 5620 pro
1104 5566 1201 5604 suo
1223 5561 1442 5619 peccato
1468 5553 1552 5603 vix
1578 5552 1749 5619 possit

192 5654 381 5707 ptenam
426 5642 688 5705 evadere,
732 5643 860 5712 quid
918 5644 983 5697 de
1028 5642 1398 5696 sacerdotibus
1436 5644 1578 5696 erit?
1622 5643 1746 5711 quia

194 5731 327 5785 ttu'tlS
367 5733 678 5786 mandatum
703 5740 783 5784 est
809 5741 863 5784 ut
889 5733 1035 5786 vobis
1072 5732 1448 5785 :tnnuutiemus
1479 5732 1594 5788 sine
1633 5747 1746 5785 ces-

599 5842 608 5873 ι
784 5830 793 5861 ν
1292 5846 1293 5851 ‘
1382 5827 1475 5873 ’μη
1535 5826 1575 5875 ἰ

1856 3345 2162 3414 quicunque
2200 3346 2254 3398 in
2284 3360 2340 3398 se
2370 3343 2452 3399 vel
2494 3359 2659 3397 unum
2687 3345 2751 3399 de
2792 3344 2909 3399 istis
2946 3346 3179 3414 peccatis
3232 3344 3431 3399 habere

1855 3433 2163 3503 cognoscit,
2215 3433 2315 3487 nisi
2368 3432 2681 3507 poenitentia
2731 3432 2779 3486 ei
2831 3432 3161 3499 subvenerit,
3210 3448 3432 3504 regnum

1854 3524 2112 3579 cmlorum
2143 3525 2343 3579 habere
2374 3540 2478 3579 non
2509 3534 2702 3596 potest.
2759 3524 2863 3580 Sed
2899 3526 2944 3581 si
2973 3527 3218 3583 volumus
3242 3542 3427 3583 veram

1854 3617 2093 3672 invenire
2120 3626 2460 3686 peccatorum
2492 3626 2801 3672 nostrorum
2845 3619 3235 3683 remissionem,
3269 3621 3433 3674 done—

1854 3725 1974 3763 mus
2001 3725 2185 3763 veram
2227 3708 2615 3763 confessionem
2654 3724 2720 3763 ex
2759 3716 2871 3763 toto
2905 3710 3066 3764 corde
3092 3725 3214 3764 cum
3258 3709 3417 3780 lacry-

1855 3801 1977 3863 mis,
2002 3800 2128 3869 quia
2158 3800 2405 3869 lacrymae
2436 3799 2809 3868 ptenitentium
2848 3800 2988 3869 apud
3019 3799 3303 3853 Dominum
3334 3815 3433 3870 pro

1853 3890 2173 3959 baptismate
2202 3889 2547 3959 deputantur,
2582 3890 2704 3959 quia
2750 3890 2891 3943 nulla
2924 3898 3030 3943 tam
3061 3890 3239 3960 gravis
3273 3890 3431 3959 culpa

1850 3990 1933 4033 est
1956 3996 2073 4049 qua:
2100 3996 2194 4049 per
2221 3980 2593 4050 ρωεξὶιῡιιιὶςιηι
2625 3979 2789 4035 deleri
2821 3996 2926 4035 non
2954 3980 3142 4049 possit.
3175 3979 3429 4043 Proinde,

1853 4069 2208 4134 dilectissimi,
2251 4070 2501 4125 redimite
2546 4071 2755 4123 animas
2798 4079 3007 4124 vestras
3047 4071 3113 4124 de
3154 4085 3311 4140 pcena
3352 4070 3426 4123 in~

1852 4160 1987 4215 ferni
2017 4162 2143 4214 dum
2174 4161 2224 4213 in
2256 4161 2358 4214 hac
2388 4162 2494 4213 vita
2526 4160 2723 4223 vivitis,
2756 4161 2877 4229 quia
2907 4171 3028 4229 post
3057 4169 3283 4214 mortem
3314 4161 3423 4214 nul-

1854 4253 1935 4307 lus
1975 4269 2068 4307 vos
2106 4253 2356 4315 redimet,
2401 4253 2446 4306 si
2476 4252 2540 4305 de
2572 4252 2673 4306 hoc
2714 4251 2909 4307 saeculo
2938 4252 3053 4306 sine
3096 4251 3433 4306 confessione

1852 4355 1905 4398 et
1933 4346 2249 4414 poenitentia
2284 4344 2478 4397 mortui
2518 4342 2745 4396 fueritis.
2776 4342 3014 4410 Agamus
3034 4341 3429 4412 pmnitentiam,

1850 4447 1904 4491 et
1939 4438 2333 4505 elccmosyuam
2374 4451 2657 4502 erogemus
2700 4435 3029 4504 pauperibus
3068 4434 3133 4488 de
3164 4431 3312 4500 justo
3352 4433 3431 4485 la.

1850 4529 1980 4582 bore
2026 4528 2322 4597 acquisitis,
2355 4529 2479 4597 quia
2520 4526 2657 4581 sicut
2692 4541 2831 4596 aqua
2882 4524 3174 4593 exstinguit
3226 4525 3428 4594 ignem,

1774 4612 1819 4669 D
1851 4622 1921 4674 ita
1949 4620 2285 4691 electuosyua
2316 4618 2611 4688 exstinguit
2640 4625 2918 4687 peccatum
2944 4615 3133 4687 (Eccli.
3169 4614 3271 4685 tu).
3300 4614 3431 4668 Dili-

1848 4729 2036 4783 gamus
2066 4712 2229 4765 Deum
2261 4727 2326 4765 ex
2359 4720 2470 4764 toto
2502 4710 2682 4774 corde,
2715 4718 2767 4761 et
2794 4724 2858 4762 ex
2903 4716 3013 4762 tota
3043 4708 3245 4771 anima,
3278 4715 3333 4762 et
3361 4723 3429 4761 ex

1850 4813 1957 4857 tota
1992 4804 2208 4867 virtute,
2235 4812 2290 4856 et
2311 4817 2376 4855 ex
2412 4811 2518 4855 tota
2548 4809 2755 4864 mente;
2782 4799 2973 4853 deinde
3010 4798 3283 4870 proximos
3318 4799 3428 4853 sic-

1850 4904 1905 4947 ut
1940 4895 2298 4962 nosmetipsos
2327 4891 2629 4961 diligamus,
2667 4890 2771 4944 hoc
2810 4897 2893 4943 est
2918 4888 3211 4941 maximum
3238 4895 3292 4941 et
3318 4888 3429 4957 pri-

1851 5000 1995 5035 mum
2044 4983 2355 5035 mandatum
2401 4979 2622 5034 Christi.
2681 4978 2749 5032 Et
2776 4978 3058 5032 observate
3092 4976 3429 5031 Dominiemn

1851 5075 2017 5138 diem,
2057 5082 2116 5125 ut
2147 5072 2348 5126 nullum
2381 5070 2573 5124 servile
2609 5084 2744 5138 opus
2779 5069 2832 5121 in
2862 5083 2927 5123 co
2956 5066 3192 5132 faciatis,
3222 5066 3345 5136 quia
3374 5067 3426 5121 in

1850 5184 1917 5221 co
1945 5168 2085 5219 Deus
2136 5165 2309 5218 lucem
2360 5161 2597 5217 condidit
2632 5179 2645 5215 :
2687 5161 2739 5213 in
2788 5175 2855 5215 eo
2902 5174 3100 5213 manna
3150 5158 3204 5211 in
3245 5171 3428 5212 eremo

1850 5256 2016 5325 pluit;
2051 5256 2102 5308 in
2133 5270 2197 5307 eo
2229 5254 2553 5321 Redemptor
2582 5250 2800 5304 humani
2850 5250 3064 5318 generis
3101 5256 3289 5318 sponte
3331 5262 3427 5315 pro

1853 5350 2025 5400 salute
2056 5357 2237 5398 nostra
2281 5359 2309 5397 a
2352 5343 2579 5396 mortuis
2622 5340 2949 5405 resurrexit;
2990 5339 3043 5392 in
3070 5353 3135 5392 eo
3163 5338 3425 5407 Spiritum

1852 5446 2101 5491 sanctum
2147 5452 2308 5504 super
2337 5432 2624 5503 discipulos
2662 5430 2871 5484 infudit.
2910 5429 3083 5483 Tanta
3112 5428 3269 5482 debet
3306 5441 3427 5480 esse

1848 5526 2191 5583 observantia
2222 5536 2299 5591 ut,
2350 5533 2547 5593 pneter
2592 5522 2865 5576 orationes
2913 5529 2969 5574 et
3017 5519 3299 5572 missarum
3343 5531 3428 5569 su-

1849 5620 2065 5680 lcmnia,
2113 5626 2167 5671 et
2208 5632 2271 5670 ea
2314 5631 2432 5685 quze
2470 5614 2535 5667 ad
2576 5613 2897 5666 vescendum
2945 5608 3242 5678 pertinent,
3293 5605 3425 5661 nihil

1850 5705 2386 5763 aliudlaclatis-Natn
2417 5714 2469 5757 et
2510 5703 2554 5758 si
2592 5702 2890 5757 necessitas
2938 5698 3099 5751 fuerit
3138 5693 3422 5762 navigandi

1904 5816 1961 5849 κ)
2004 5796 2233 5850 illium
2260 5797 2287 5831 ’ἵ
2356 5793 2569 5848 Venutii
2604 5792 2777 5851 datur,
2814 5791 2883 5842 ita
2924 5789 3183 5842 duotavat
3223 5793 3278 5837 ut
3322 5782 3423 5837 hac
