3922 6336
473 382 569 441 P31

1112 382 1172 439 Ii.
1216 382 1466 438 RABANI
1508 384 1725 441 BIAURI
1763 383 2082 442 ARCIIIEI’.
2130 384 2436 441 MOGUNT.
2479 385 2762 442 OPERUM
2800 384 2982 441 PARS
3019 386 3079 441 II.
3642 390 3731 445 tas

463 494 751 552 occasione
791 493 971 550 missa:
1005 502 1059 549 et
1084 496 1359 552 orationes
1398 510 1504 550 non
1544 494 2046 563 praetermittantur.
2081 495 2126 553 Λ
2156 492 2247 545 ubi
2295 502 2377 547 est
2414 499 2574 549 omne
2611 494 2810 548 malum
2858 504 2912 549 et
2954 494 3156 547 nullum
3201 494 3402 547 bonum
3436 495 3519 549 his
3551 499 3642 565 qui
3682 514 3735 553 sc

463 585 532 640 Et
560 584 948 655 unusquisque,
983 601 1304 655 quacunque
1349 594 1469 639 arte
1495 586 1637 641 Deus
1665 584 1738 640 illi
1768 585 2054 638 donaverit

462 678 605 732 unde
639 679 987 748 semetipsum
1018 693 1241 747 pascere
1274 678 1359 733 vel
1388 679 1586 734 vestire
1616 686 1816 749 potest,
1841 678 1907 732 de
1936 679 2050 749 ipsa

462 766 728 837 particula
766 783 866 838 pro
903 768 1273 839 redemptione
1302 770 1498 824 animae
1526 784 1636 824 suae.
1664 769 1827 823 donet
1863 770 1931 824 ad
1956 786 2050 826 ec-

460 858 682 914 clesiam
714 860 800 914 vel
832 861 1157 930 pauperibus
1183 861 1448 916 decimam
1477 861 1612 931 ejus.
1662 861 1729 915 Et
1767 861 1898 916 illud
1926 877 2049 917 cer-

463 951 671 1007 tissime
700 952 903 1007 credite
929 954 1070 1022 quod
1102 954 1279 1009 omnis
1306 954 1488 1016 homo,
1519 953 1767 1022 quamvis
1798 963 2053 1024 peccator

461 1043 553 1109 sit,
589 1044 838 1113 quamvis
871 1045 1217 1108 criminosus,
1238 1044 1326 1114 qui
1370 1044 1510 1098 mala
1541 1054 1667 1099 ante
1699 1054 2051 1115 perpetrave-

461 1140 566 1199 rat,
598 1142 653 1188 et
680 1133 725 1188 si
753 1133 1126 1205 eleemosynas
1164 1133 1364 1196 fecerit,
1410 1143 1467 1189 et
1506 1134 1561 1188 in
1596 1135 1737 1189 bona
1775 1134 2051 1191 voluntate

459 1236 606 1278 mors
640 1223 789 1278 illum
835 1224 1120 1289 invenerit,
1156 1240 1431 1293 nunquam
1462 1224 1756 1280 descendet
1799 1226 1854 1280 in
1887 1224 2049 1280 infer-

456 1326 608 1377 num,
651 1313 745 1368 sed
787 1312 857 1367 ab
885 1312 1090 1383 angelis
1128 1312 1373 1368 elevatur
1422 1314 1477 1368 in
1521 1312 1695 1368 caelis.
1753 1313 2051 1383 Propterea

458 1399 718 1459 festinare
749 1404 1011 1459 debemus
1035 1403 1148 1474 jam
1180 1405 1472 1459 emendare
1501 1415 1689 1460 nostra
1716 1414 1963 1475 peccata,
1994 1414 2052 1459 ut

456 1494 606 1565 quod
636 1503 795 1548 antea
833 1494 973 1550 male
1016 1495 1240 1549 fecimus
1271 1492 1587 1559 deﬂeamus,
1617 1503 1675 1550 et
1711 1494 1940 1551 ulterius
1971 1496 2051 1550 fa-

458 1598 585 1641 cere
624 1584 939 1640 desinamus
977 1584 1141 1653 :quia
1183 1599 1289 1639 non
1332 1584 1574 1655 requiret
1599 1585 1742 1641 Deus
1768 1585 1954 1655 quales
1980 1588 2050 1644 ab

458 1673 614 1730 initio
659 1673 884 1742 fuimus,
925 1675 1019 1731 sed
1060 1675 1247 1745 quales
1285 1675 1432 1733 circa
1471 1675 1635 1732 linem
1674 1686 1921 1733 nostrum
1967 1680 2047 1733 in-

456 1765 605 1821 venti
630 1764 911 1822 fuerimus.
941 1764 1095 1834 Quod
1125 1766 1239 1836 ipse
1268 1767 1335 1822 ad
1362 1783 1519 1823 suum
1545 1782 1772 1839 regnum
1802 1784 1902 1826 nos
1927 1784 2051 1840 per-

2154 585 2444 639 emendare
2476 585 2781 639 noluerunt.
2817 584 2923 639 Sed
2963 594 3139 638 tamen
3171 588 3236 639 de
3262 586 3474 639 Domini
3523 588 3736 643 miseri-

2153 672 2335 728 cordia
2375 673 2553 728 nullus
2581 673 2816 739 dillidat,
2859 674 2984 745 quia
3029 675 3147 743 ipso
3176 674 3432 731 Dominus
3478 692 3577 745 per
3607 677 3738 733 Eze-

2153 766 2378 820 chielem
2420 768 2735 838 prophetam
2777 768 2853 821 ait
2884 785 2896 821 :
2934 768 2989 821 In
3021 782 3343 838 quacunque
3372 769 3458 823 die
3484 779 3735 839 peccator

2153 872 2448 912 conversus
2484 857 2646 913 fuerit
2672 858 2739 912 ab
2765 857 3024 927 iujustitia
3051 873 3172 923 sua,
3202 875 3391 914 omnes
3420 860 3737 929 iniquitates

2152 945 2269 1014 ejus
2320 947 2375 1001 in
2414 948 2682 1004 oblivione
2724 958 2885 1003 erunt
2923 964 3106 1003 coram
3140 965 3226 1004 me
3270 948 3485 1020 (Ezech.
3520 953 3733 1022 χχχιιι).

2152 1037 2404 1108 Ideoque,
2432 1038 2791 1104 dilectissimi,
2821 1038 3139 1095 festinemus
3173 1040 3547 1109 derelinquere
3581 1058 3738 1098 omne

2151 1130 2387 1197 malum,
2434 1138 2489 1185 et
2540 1132 2892 1185 emendemus
2938 1146 3070 1195 nos,
3121 1139 3174 1185 et
3222 1131 3481 1186 faciamus
3524 1147 3738 1188 omnem

2150 1222 2479 1277 voluntatem
2514 1222 2750 1277 Domini.
2808 1222 3078 1293 Imprimis
3132 1233 3413 1278 teneamus
3455 1223 3615 1278 fidem
3660 1240 3739 1279 re-

2151 1320 2316 1377 ctam,
2343 1320 2399 1368 et
2423 1312 2708 1385 diligamus
2730 1314 3014 1368 Dominum
3046 1322 3160 1370 toto
3186 1316 3367 1380 corde,
3396 1323 3505 1370 tota
3536 1325 3735 1382 mente,

2152 1409 2264 1457 tota
2314 1402 2553 1471 virtute;
2605 1403 2800 1459 deinde
2854 1404 3127 1476 proximos
3195 1413 3416 1459 nostros
3474 1412 3735 1474 tanquam

2151 1491 2531 1562 nosmetipsos.
2588 1491 2895 1547 Habeamus
2944 1494 2996 1549 in
3038 1494 3191 1550 nobis
3228 1495 3474 1549 timorem
3505 1496 3733 1559 Domini,

2150 1579 2534 1647 humilitatem,
2567 1583 2907 1647 cbaritatem,
2957 1599 3143 1655 pacem
3174 1601 3297 1641 cum
3334 1587 3609 1651 omnibus,
3652 1589 3739 1644 be-

2153 1675 2491 1746 nignitatem,
2516 1679 2859 1748 patientiam,
2891 1679 3229 1745 modestiam,
3249 1678 3536 1748 justitiam,
3569 1682 3739 1735 conti-

2151 1767 2413 1834 nentiam,
2445 1768 2894 1825 misericordiam.
2931 1768 3058 1827 ﬂzec
3082 1780 3208 1826 sunt
3235 1785 3399 1840 opera
3432 1770 3740 1826 misericor—

455 1856 643 1925 ducat,
690 1858 779 1914 cui
812 1866 897 1914 est
939 1858 1130 1921 honor,
1160 1857 1355 1928 gloria,
1386 1859 1561 1915 virtus
1596 1868 1652 1915 et
1696 1868 1957 1930 potestas,
1988 1862 2044 1917 in
2076 1853 2121 1913 B
2149 1857 2252 1913 dite
2290 1873 2305 1912 :
2347 1858 2712 1914 esurientibus
2759 1860 2939 1914 cibum
2986 1860 3145 1925 dare,
3195 1859 3505 1915 sitientibus
3525 1870 3733 1930 potum,

460 1948 662 2006 mula
695 1949 1042 2007 saeculorum.
1072 1950 1266 2006 Amen.

983 2060 1267 2117 HOMILIA
1306 2059 1515 2117 LXVII.

974 2147 1103 2188 I'I'EI
1156 2148 1292 2189 UNDE
1342 2148 1532 2188 SUPRA.

523 2218 904 2286 Dilectissimi,
936 2229 1153 2292 Oportet
1180 2223 1335 2277 vobis
1372 2237 1631 2280 enarrare
1658 2224 1801 2295 quod
1826 2240 1924 2296 per
1961 2240 2047 2281 sa-

450 2324 578 2369 cras
601 2310 915 2382 Scripturas
957 2314 1265 2369 didicimus.
1308 2313 1441 2369 Illud
1474 2322 1656 2370 tamen
1689 2316 1831 2372 scire
1871 2326 1928 2373 et
1964 2318 2047 2372 in-

451 2402 695 2477 telligere
725 2405 954 2471 debetis,
996 2404 1261 2475 imprimis
1300 2412 1358 2459 ut
1388 2406 1623 2462 credatis
1654 2407 1707 2462 in
1740 2408 1906 2463 Deum
1939 2407 2045 2463 Pa-

452 2502 593 2551 trem
640 2497 1089 2566 omnipotentem,
1132 2505 1187 2550 et
1231 2495 1285 2549 in
1322 2495 1506 2551 Jesum
1537 2497 1812 2553 Christum
1848 2498 2045 2555 Filium

448 2585 586 2658 eius,
613 2596 670 2643 et
700 2587 753 2641 in
782 2586 1045 2658 Spiritum
1077 2595 1324 2642 sanctum
1355 2604 1368 2641 :
1402 2587 1457 2642 in
1487 2588 1571 2643 his
1602 2589 1775 2645 tribus
1800 2593 2047 2661 personis

450 2686 510 2736 et
537 2680 851 2736 nominibus
885 2679 1173 2735 credamus
1219 2694 1385 2734 unum
1416 2680 1586 2734 Deum
1614 2679 1832 2737 Patrem
1869 2685 2046 2738 omni-

446 2782 769 2847 potentem.
837 2784 1141 2831 creatorem
1192 2776 1313 2831 cmli
1368 2785 1424 2831 et
1479 2786 1684 2843 teme,
1746 2777 2044 2833 visibilium

446 2868 693 2924 omnium
730 2875 785 2922 et
823 2868 1198 2932 invisibilium,
1246 2868 1351 2923 hoc
1388 2878 1474 2923 est
1498 2869 1734 2924 Verbum
1768 2868 1862 2922 Dei
1902 2869 2045 2937 quod

449 2958 828 3029 prtedicamus.
872 2959 1006 3026 Quia
1047 2957 1090 3012 si
1130 2957 1485 3013 confiteamur
1516 2958 1568 3012 in
1597 2972 1694 3013 ore
1731 2965 1918 3012 nostro
1944 2957 2046 3010 Do-

452 3046 660 3102 minum
688 3044 897 3113 Iesum,
934 3056 989 3102 et
1022 3049 1186 3103 corde
1234 3055 1421 3103 nostro
1464 3047 1881 3113 crediderimus,
1910 3047 2045 3102 salvi

452 3138 680 3193 erimus.
736 3137 893 3193 Unde
931 3147 983 3193 et
1028 3139 1338 3193 misericors
1368 3138 1629 3193 Dominus
1667 3153 1766 3192 nos
1806 3153 1903 3207 per
1929 3137 2044 3192 Joel

450 3229 777 3299 prophetam
821 3230 1144 3284 exhortatur
1190 3238 1508 3285 convertere
1556 3229 1621 3284 de
1664 3230 1903 3299 peccatis
1946 3245 2045 3283 no-
2072 3199 2116 3262 (ἶ

446 3320 601 3385 stris,
628 3321 814 3376 dicens
837 3338 851 3373 :
877 3320 1246 3377 Conrertimini
1268 3322 1335 3374 ad
1359 3338 1440 3375 me
1464 3322 1520 3375 in
1546 3332 1651 3376 toto
1676 3321 1831 3376 corde
1854 3332 2038 3386 vestro,

445 3408 507 3465 in
542 3409 775 3481 jejunio,
819 3420 867 3465 et
896 3413 1041 3481 ﬂetu,
1090 3421 1139 3465 et
1166 3412 1381 3481 planctu
1416 3410 1575 3482 (Joel.
1601 3410 1699 3481 u);
1738 3411 1867 3482 quia
1918 3411 2044 3467 nolo

449 3507 677 3554 mortem
728 3508 1097 3571 peccatorum,
1125 3500 1219 3555 sed
1249 3509 1306 3554 ut
1345 3508 1734 3556 convertantur
1778 3510 1831 3556 et
1860 3502 2047 3558 vivant

452 3593 673 3666 (Ezech.
707 3594 924 3666 muti).
974 3594 1042 3648 Et
1068 3595 1263 3649 iterum
1294 3594 1557 3649 Dominus
1600 3610 1698 3666 per
1726 3595 2044 3666 prophetam

454 3685 569 3740 ait:
601 3682 778 3739 Nolite
820 3686 1034 3739 tardare
1070 3687 1308 3740 converti
1350 3687 1415 3741 de
1452 3688 1692 3755 peccatis
1730 3687 1960 3752 vestris,
1990 3696 2047 3742 et

454 3789 523 3829 ne
544 3774 806 3830 dilferatis
827 3775 893 3829 de
923 3774 1009 3830 die
1051 3776 1102 3829 in
1132 3776 1271 3830 diem
1304 3775 1495 3846 (Eccli.
1526 3776 1603 3847 v),
1640 3777 1767 3847 quia
1795 3776 1920 3831 finis
1948 3793 2046 3832 no-

452 3874 567 3921 ster
594 3875 650 3921 et
683 3881 829 3921 mors
865 3881 972 3922 non
1015 3867 1213 3922 tardat.
1262 3866 1388 3921 [lare
1428 3866 1575 3921 enim
1624 3876 1753 3922 sunt
1791 3867 2045 3937 capitalia

449 3964 671 4027 peccata
702 3958 767 4011 de
790 3957 988 4026 quibus
1030 3971 1130 4011 nos
1158 3967 1478 4013 convertere
1530 3958 1849 4037 debeamus,
1879 3959 1934 4014 id
1961 3969 2046 4015 est

460 4046 739 4117 superbia,
773 4047 995 4109 invidia,
1028 4048 1341 4112 homicidia,
1395 4031 1676 4119 multiplex
1730 4048 2045 4117 fornicatio,

446 4135 598 4207 quod
644 4151 745 4205 per
788 4136 972 4191 omnia
1018 4151 1277 4191 enarrare
1320 4138 1566 4193 illicitum
1610 4148 1731 4194 est:
1762 4138 1930 4205 furta,
1960 4156 2047 4195 ra-

448 4225 602 4297 pina,
633 4226 767 4279 falsa
813 4226 1141 4293 testimonia,
1170 4226 1485 4297 periurium,
1518 4228 1805 4295 detractio,
1837 4230 2047 4299 cupidi-

450 4324 561 4379 tas,
601 4330 740 4371 vana
784 4314 974 4386 gloria,
1018 4315 1213 4386 injusta
1262 4318 1435 4385 lucra,
1474 4320 1790 4386 ebrietates,
1836 4334 2047 4377 comes—

452 4408 715 4472 sationes,
742 4408 1105 4479 sacrilegium,
1137 4410 1278 4479 quod
1305 4419 1391 4465 est
1411 4411 1593 4465 omnis
1622 4411 1837 4467 cultura
1868 4412 2044 4468 idolo-

452 4512 574 4552 rum
612 4506 667 4552 et
690 4497 1104 4562 daemoniorum,
1135 4500 1187 4553 id
1216 4508 1318 4564 est,
1348 4502 1597 4569 auguria,
1630 4511 1685 4556 et
1714 4503 1808 4571 qui
1850 4503 2043 4558 immo-

452 4588 569 4644 lant
606 4589 673 4643 ad
702 4598 909 4659 petras,
935 4590 1019 4645 vel
1058 4591 1124 4644 ad
1155 4590 1400 4657 arbores,
1446 4593 1560 4648 sive
1602 4593 1671 4647 ad
1716 4593 1919 4660 fontes,
1948 4606 2043 4651 aut

456 4680 859 4736 incantationes
909 4698 1004 4737 seu
1054 4682 1414 4739 divinationes
1461 4684 1698 4750 faciunt,
1729 4695 1785 4741 et
1809 4686 2038 4758 reliqua.

457 4773 584 4829 flare
630 4781 756 4829 sunt
791 4789 955 4842 opera
984 4774 1215 4839 Satante,
1250 4776 1445 4847 quibus
1474 4778 1859 4833 abrenuntiant
1884 4777 2043 4834 Chri-

454 4864 618 4918 stiani
647 4864 701 4919 in
730 4864 1016 4934 baptismo.
1050 4864 1175 4922 lltec
1201 4882 1366 4935 opera
1392 4868 1633 4923 diabolus
1660 4869 1713 4922 in
1740 4868 1828 4923 die
1856 4871 2045 4925 mortis

452 4966 656 5011 nostrze
688 4957 741 5010 in
772 4958 928 5012 nobis
956 4960 1203 5028 requirit.
1238 4960 1304 5015 Et
1328 4960 1373 5015 si
1400 4960 1487 5015 ille
1514 4961 1767 5029 antiquus
1791 4961 1963 5017 hostis
1987 4964 2043 5017 in

454 5045 545 5100 die
578 5046 757 5101 exitus
786 5047 959 5101 nostri
996 5047 1263 5103 invenerit
1315 5064 1438 5105 reos
1466 5058 1519 5104 et
1566 5049 1940 5105 inemendatos
1976 5052 2043 5106 de

457 5136 784 5205 supradictis
827 5139 1099 5207 operibus,
1144 5151 1269 5193 tunc
1313 5140 1480 5193 trahit
1513 5156 1613 5195 nos
1651 5155 1837 5197 secum
1872 5143 2045 5199 nudos

454 5234 512 5281 et
535 5225 724 5280 flentes
754 5226 807 5279 in
839 5226 1107 5281 infernum
1136 5235 1190 5281 et
1218 5228 1271 5281 in
1299 5237 1531 5283 aeternas
1561 5244 1769 5299 pce-nas,
1799 5231 1887 5284 ubi
1918 5240 2044 5285 sunt

456 5316 693 5371 tenebrae
714 5316 832 5370 sine
857 5317 998 5380 Iace,
1023 5317 1110 5371 ubi
1139 5325 1222 5371 est
1252 5318 1389 5386 ignis
1417 5320 1507 5387 qui
1538 5334 1811 5389 nunquam
1838 5321 2043 5375 exstin-

456 5407 668 5477 guitur,
713 5408 803 5461 ubi
849 5416 976 5461 sunt
1011 5423 1220 5462 vermes
1257 5408 1346 5475 qui
1394 5424 1669 5477 nunquam
1702 5410 2039 5464 moriuntur:

458 5495 551 5551 ubi
583 5510 743 5550 aures
772 5497 907 5550 nihil
942 5498 1194 5561 audiunt,
1242 5498 1342 5551 nisi
1375 5498 1575 5551 luctum
1611 5506 1667 5553 et
1700 5499 1958 5568 gemitum
1988 5507 2043 5555 et

457 5583 719 5639 stridores
754 5585 1031 5649 dentium;
1073 5586 1160 5638 ubi
1198 5587 1445 5640 esuriant
1482 5595 1537 5640 et
1574 5588 1765 5642 sitiunt
1798 5589 1851 5641 in
1885 5598 2043 5643 teter-

458 5686 611 5737 Itum,
642 5676 731 5733 qui
774 5676 858 5730 hic
886 5690 982 5744 per
1008 5677 1290 5730 avaritiam
1333 5678 1565 5742 illorum,
1594 5678 1958 5734 esurientibus
1986 5690 2042 5735 et

457 5763 764 5823 sitientibus
797 5766 1027 5829 miseris,
1066 5766 1245 5821 cibum
1274 5775 1328 5820 et
1356 5776 1536 5836 potum
1563 5766 1689 5822 dare
1721 5768 2035 5823 uoluerunt:

2072 4542 2121 4601 D

2150 1948 2354 2004 nudum
2383 1948 2607 2015 vestire,
2644 1948 2890 2005 infirmos
2929 1957 2984 2005 et
3016 1950 3067 2004 in
3099 1964 3321 2005 carcere
3365 1950 3581 2005 clausos
3604 1951 3735 2006 visi-

2149 2046 2267 2095 tare
2302 2048 2358 2094 et
2394 2038 2499 2095 illis
2528 2040 2858 2104 ministrare,
2891 2040 3130 2109 hospites
3174 2040 3489 2111 peregrinos
3518 2050 3577 2096 et
3602 2057 3737 2113 pan-

2147 2143 2307 2199 peres
2336 2130 2609 2199 suscipere
2630 2171 2644 2195 ,
2670 2128 2936 2199 justitiam
2976 2129 3234 2197 laudare,
3273 2131 3612 2200 iniquitatem
3646 2132 3738 2186 de-

2149 2218 2355 2285 testari,
2382 2219 2573 2275 viduas
2600 2228 2653 2275 et
2683 2221 2953 2289 Orphanos
2977 2220 3254 2289 adjuvare,
3278 2220 3653 2292 eleemosynas
3684 2222 3737 2277 iu

2146 2324 2412 2381 pauperes
2460 2311 2673 2380 partiri,
2726 2311 2996 2367 tribulatis
3039 2312 3312 2376 auxiliari,
3360 2322 3606 2368 mortuos
3648 2329 3732 2369 se-

2147 2398 2341 2469 pelire,
2374 2399 2615 2454 decimas
2643 2400 2709 2454 de
2744 2400 2995 2455 omnibus
3036 2402 3199 2456 rebus
3249 2400 3496 2466 reddere,
3524 2416 3743 2473 semper

2146 2504 2329 2555 orare,
2359 2490 2668 2545 castitatem
2701 2494 2942 2560 corporis
2968 2500 3025 2545 et
3056 2491 3250 2545 anima:
3276 2491 3573 2555 custodire,
3600 2490 3739 2563 jeju-

2147 2578 2297 2632 nium
2323 2593 2526 2643 amare,
2560 2578 2954 2635 confessionem
2986 2588 3041 2634 et
3065 2580 3441 2648 penitentiam
3486 2591 3741 2652 peccato-

2147 2682 2267 2722 rum
2320 2682 2532 2739 semper
2572 2684 2752 2739 agere,
2790 2679 2845 2724 et
2879 2670 3264 2739 indulgentiam
3308 2672 3566 2727 omnibus
3607 2688 3737 2744 pec-

2146 2761 2394 2817 cantibus
2429 2762 2480 2816 in
2511 2778 2570 2818 se
2600 2761 2809 2827 facere;
2842 2770 2897 2817 et
2924 2763 3294 2833 unusquisque
3318 2764 3463 2833 quod
3491 2764 3597 2818 sibi
3626 2780 3736 2820 non

2146 2852 2282 2919 vult,
2315 2854 2407 2908 alii
2437 2870 2543 2908 non
2574 2853 2775 2909 faciat:
2824 2854 2937 2909 haec
2975 2852 3299 2908 facientibus
3335 2868 3499 2924 regna
3537 2868 3743 2925 prmpa-

2149 2954 2341 3001 rantur
2370 2954 2604 3010 :eterna;
2642 2954 2697 3000 et
2726 2944 2979 3000 Salvator
3014 2944 3223 3011 mundi,
3256 2944 3515 2999 Dominus
3551 2954 3741 2999 noster

2146 3037 2306 3093 Jesus
2334 3038 2606 3101 Christus,
2637 3038 2692 3092 in
2722 3038 2808 3092 die
2831 3038 3017 3107 judicii
3052 3037 3158 3091 illis
3195 3036 3437 3091 dicturus
3457 3036 3602 3091 erit:
3638 3036 3742 3090 Ve-

2149 3130 2273 3194 nite,
2300 3129 2552 3183 benedicti
2571 3126 2747 3182 Patris
2774 3130 2897 3192 mei,
2926 3128 3172 3198 perciaite
3201 3144 3413 3198 regnum
3435 3128 3577 3198 quod
3595 3129 3740 3183 vobis

2146 3229 2390 3292 paratum
2438 3231 2512 3274 est
2562 3220 2626 3274 ab
2676 3222 2877 3290 oriane
2918 3219 3101 3272 mundi
3144 3219 3537 3290 (Muttinxxv).
3595 3219 3743 3273 Tum:

2146 3309 2416 3381 fulgebunt
2435 3311 2568 3381 justi
2595 3312 2727 3365 sicut
2748 3308 2827 3364 sol
2854 3312 2907 3361 in
2936 3325 3090 3378 regno
3117 3308 3293 3363 Patris
3315 3324 3494 3363 eorum
3518 3308 3739 3379 (Matth.

2159 3411 2258 3451 xm
2288 3401 2306 3474 )
2340 3419 2354 3455 :
2383 3402 2475 3456 ubi
2515 3410 2596 3455 est
2633 3400 2721 3454 lux
2765 3399 2883 3454 sine
2931 3399 3188 3463 tenebris,
3225 3400 3334 3453 vita
3375 3400 3494 3454 sine
3542 3408 3742 3465 morte,

2147 3492 2239 3545 ubi
2282 3498 2367 3545 est
2415 3490 2601 3545 Iustitia
2647 3498 2701 3543 et
2732 3489 2982 3559 gaudium
3029 3488 3146 3542 sine
3197 3487 3327 3551 line,
3363 3488 3451 3542 ubi
3482 3486 3743 3556 juventus

2144 3582 2267 3638 heta
2299 3584 2417 3638 sine
2444 3591 2589 3637 metu
2618 3580 2931 3643 senectutis,
2949 3579 3038 3634 ubi
3066 3579 3211 3635 salus
3244 3578 3361 3635 sine
3384 3581 3735 3651 :rgritudine,

2146 3675 2237 3729 ubi
2270 3676 2535 3729 securitas
2587 3674 2703 3737 sine
2738 3675 2947 3737 timore,
2978 3672 3067 3726 ubi
3098 3688 3325 3742 regnum
3377 3674 3741 3738 immutabile,

2146 3767 2240 3821 ubi
2263 3765 2519 3836 spiritalis
2548 3764 2796 3829 scientia,
2819 3772 2874 3817 et
2902 3764 3043 3818 bona
3071 3763 3339 3829 voluntas,
3366 3771 3418 3818 et
3446 3764 3742 3818 exsultatio

2147 3858 2498 3928 sempiterna,
2538 3855 2630 3910 ubi
2663 3862 2791 3910 sunt
2833 3852 3034 3923 majora
3066 3862 3120 3910 et
3148 3855 3373 3910 meliora
3405 3856 3541 3910 bona
3572 3872 3739 3925 quant

2147 3949 2327 4020 lingua
2354 3948 2585 4002 humana
2614 3959 2869 4000 enarrare
2893 3946 3065 4015 possit
3092 3961 3213 4015 qua:
3245 3948 3569 4015 pratparavit
3599 3948 3741 4000 Deus

2148 4039 2494 4111 diligentibus
2536 4052 2595 4092 se
2630 4035 2682 4107 (1
2715 4035 2837 4091 Cor.
2862 4036 2977 4110 tt):
3003 4037 3147 4107 quod
3194 4037 3351 4092 nobis
3394 4037 3743 4106 omnipotens

2148 4130 2288 4184 Deus
2324 4136 2583 4199 prmstare
2621 4127 2897 4198 dignetur,
2928 4127 3022 4197 qui
3051 4127 3184 4181 vivit
3217 4135 3274 4182 et
3310 4135 3499 4198 regnat
3534 4128 3589 4180 in
3637 4142 3740 4182 sa:-

2150 4218 2267 4274 cula
2297 4218 2636 4274 steculorum.
2666 4218 2859 4272 Amen.

2668 4327 2947 4383 HOMILIA
2990 4327 3218 4383 LXVIII.

2560 4416 2612 4453 IN
2651 4415 2867 4455 VIGILIIS
2905 4413 3314 4454 DEFUNCTOBUI.

2218 4490 2485 4546 Admonet
2539 4491 2731 4547 beatus
2774 4492 3065 4561 Apostolus
3123 4491 3174 4563 (ι
3208 4492 3388 4547 Thess.
3430 4491 3506 4565 ιν)
3554 4503 3617 4549 ιιι
3662 4497 3731 4550 de

2146 4584 2557 4650 dormientibus,
2585 4586 2687 4641 hoc
2735 4594 2816 4640 est
2856 4586 3085 4641 mortuis
3125 4587 3461 4642 cbarissimis
3511 4588 3733 4653 nostris,

2145 4690 2250 4729 non
2281 4677 2683 4741 contristamur,
2727 4678 2863 4731 sicut
2901 4686 2949 4732 et
2992 4680 3167 4733 arcturi
3205 4681 3294 4751 qui
3327 4696 3467 4750 spem
3510 4697 3612 4735 non
3643 4683 3737 4734 Im-

2146 4767 2285 4832 bent,
2316 4783 2471 4837 spem
2497 4768 2703 4824 scilicet
2752 4770 3167 4827 resurrectionis
3208 4784 3263 4827 et
3307 4772 3732 4844 incorruptionis

2144 4869 2379 4915 aeternae.
2412 4860 2546 4914 Nam
2576 4862 2697 4917 ideo
2720 4862 3049 4916 dormientes
3076 4878 3170 4919 eos
3196 4864 3431 4933 appellat
3452 4864 3734 4936 Scriptura

2144 4951 2518 5017 voracissima,
2550 4960 2609 5005 ut
2634 4967 2756 5007 cum
2788 4952 3120 5008 dormientes
3167 4954 3416 5009 audimus
3451 4956 3735 5025 evigilatu-

2146 5056 2254 5101 ros,
2288 5041 2511 5096 minime
2558 5042 2923 5111 desperemus.
2978 5041 3131 5097 Unde
3174 5043 3336 5098 etiam
3384 5054 3631 5099 cantatur
3674 5048 3732 5102 in

2144 5132 2387 5200 psalmo:
2417 5131 2671 5203 Nunquid
2703 5131 2794 5202 qui
2826 5130 3019 5186 dormit
3063 5150 3164 5187 non
3207 5134 3417 5204 adjiciat
3460 5145 3514 5189 ut
3556 5153 3733 5190 resur-

2144 5222 2275 5292 gat?
2311 5221 2482 5292 (Psal.
2519 5222 2631 5293 xc.)
2671 5222 2767 5277 Est
2806 5238 2933 5293 ergo
2954 5224 3021 5278 de
3062 5227 3291 5281 mortuis
3336 5225 3417 5281 eis
3458 5227 3551 5294 qui
3605 5228 3733 5282 dili.

2144 5322 2345 5382 guntur
2364 5314 2607 5383 quaedam
2631 5314 2849 5368 tristitia
2866 5315 3257 5383 quodammodo
3278 5316 3561 5383 naturalis,
3586 5332 3733 5371 mor-

2151 5412 2257 5461 tem
2306 5406 2503 5476 quippe
2553 5406 2739 5459 horret
2787 5422 2893 5461 non
2935 5407 3153 5477 opinio,
3199 5408 3291 5463 sed
3334 5416 3565 5473 natura;
3628 5424 3732 5463 nec

2149 5512 2297 5552 mors
2330 5497 2533 5552 homini
2573 5497 2856 5551 accederet
2886 5497 2989 5551 nisi
3024 5512 3089 5551 ex
3124 5512 3281 5566 pinna
3302 5513 3464 5568 quam
3498 5513 3733 5568 ρι’-ωορδ·

2148 5601 2293 5644 serat
2318 5588 2491 5658 culpa.
2528 5587 2866 5657 Quapropter
2905 5589 2950 5642 si
2980 5589 3254 5653 animalia,
3289 5606 3409 5660 qua:
3444 5591 3516 5644 ita
3543 5596 3728 5643 creata

2145 5689 2273 5734 sunt
2310 5688 2369 5733 ut
2424 5694 2523 5732 suo
2564 5692 2777 5747 quoque
2834 5687 3073 5748 tempore
3123 5680 3445 5744 moriantur,
3495 5687 3729 5732 mortem

2145 5770 2377 5840 fugiunt,
2417 5768 2643 5839 diligunt
2674 5768 2857 5834 vitam,
2884 5778 3083 5838 quanto
3117 5770 3285 5842 magis
3320 5771 3499 5835 homo,
3531 5768 3620 5838 qui
3650 5769 3732 5824 sic
