3922 6354
169 396 256 451 1'29

1080 383 1512 450 llOMllJAE'DE
1551 389 1791 445 FESTIS
1829 387 2236 455 PR/ECIPUlS,
2279 385 2426 442 ETC.

3276 387 3382 446 130

158 513 314 563 fuerat
344 516 555 563 creatus
599 518 657 563 ut
678 550 693 568 .
732 509 775 563 si
808 509 987 562 vivere
1024 508 1139 562 sine
1172 514 1392 576 peccato
1427 503 1702 566 voluisset,
1734 506 1779 563 Λ
1807 503 2267 571 patriarcharum,
2311 500 2644 569 aliorumque
2693 488 3104 563 sanctorunt,'et
3134 500 3386 563 humani:

159 602 259 654 sine
298 598 516 652 termino
552 598 778 653 viveret.
831 597 967 652 Hinc
1011 597 1191 665 itaque
1248 608 1465 659 necesse
1516 603 1598 648 est
1648 602 1710 647 ut

161 688 323 742 tristes
357 687 519 742 simus
553 687 768 756 quando
805 702 904 742 nos
949 685 1228 741 moriendo
1284 686 1534 739 deserunt
1572 698 1708 753 quos

160 792 396 831 antamus.
438 775 574 845 Quia
616 785 670 831 et
703 777 746 831 si
797 777 1045 831 novimus
1081 790 1174 830 eos
1209 790 1313 828 non
1355 774 1407 827 in
1446 782 1707 827 mter-num

162 868 434 936 relinquere
468 882 566 922 nos
598 883 906 932 mansuros,
930 867 1023 921 sed
1047 867 1373 935 aliquantum
1406 865 1710 936 praecedere

161 964 437 1021 secuturos,
476 964 657 1011 tamen
701 972 847 1011 mors
886 956 1023 1027 ipsa,
1067 970 1225 1025 quam
1272 964 1461 1008 natura
1492 953 1705 1025 refugit,

161 1063 269 1103 cum
288 1058 505 1117 occupat
526 1048 801 1112 dilectum,
826 1048 1115 1102 contristat
1150 1048 1202 1102 in
1236 1048 1388 1102 nobis
1409 1044 1711 1100 dilectionis

164 1138 407 1195 allectum.
442 1139 564 1193 ldeo
599 1138 708 1194 non
740 1138 1018 1194 admonuit
1042 1138 1325 1207 Apostolus
1355 1146 1413 1191 ut
1450 1152 1553 1190 non
1584 1151 1710 1190 con-

168 1230 444 1294 tristentur,
476 1229 569 1284 sed
598 1243 703 1282 non
723 1230 857 1283 sicut
892 1228 1067 1282 ca'teri
1086 1229 1173 1299 qui
1199 1244 1339 1298 spem
1370 1243 1470 1280 non
1501 1225 1711 1282 habent.

165 1320 538 1375 Contristamur
559 1334 688 1390 ergo
701 1333 801 1373 nos
835 1319 887 1373 in
905 1327 1208 1373 nostrorum
1230 1316 1512 1379 mortibus,
1532 1331 1711 1370 neces-

160 1410 301 1464 sitate
344 1408 643 1473 amittendi,
674 1408 769 1463 sed
791 1422 911 1462 cum
933 1422 1027 1477 spe
1051 1405 1340 1476 recipiendi
1366 1423 1378 1456 :
1405 1404 1527 1458 inde
1557 1404 1701 1474 augi-

163 1513 288 1563 niur,
324 1498 442 1552 hinc
473 1496 846 1561 consolamur;
893 1496 1017 1551 inde
1058 1495 1342 1548 infirmitas
1376 1493 1555 1555 allicit,
1587 1494 1712 1548 hinc

162 1586 280 1640 fiJes
327 1584 537 1649 reficit;
596 1585 721 1641 inde
768 1585 915 1640 dolet
968 1585 1203 1639 humana
1253 1584 1526 1649 conditio,
1589 1583 1714 1637 hinc

160 1683 302 1728 sanat
350 1674 528 1728 divina
575 1674 880 1744 promissio.
952 1673 1183 1728 Proinde
1234 1688 1425 1743 pompa
1484 1671 1708 1737 funeris,

160 1765 352 1837 agmina
386 1765 765 1834 exsequiarum
810 1774 1153 1837 sumptuosa,
1203 1763 1489 1833 diligentias
1536 1761 1713 1833 sepul-

1807 591 2157 647 cadaveribus
2180 602 2621 660 quorumcunque
2641 586 2965 656 jacentinm;
3006 604 3191 643 verum
3216 602 3385 648 etiam

1806 683 1862 737 in
1907 683 2076 752 ipsius
2110 681 2323 736 Domini
2377 696 2602 751 corpore
2646 680 2919 750 prmdicati
2976 690 3140 751 atque
3183 681 3384 738 laudati

1807 784 1930 829 sunt
1960 774 2049 843 qui
2089 773 2192 827 ista
2238 771 2497 827 fecerunt.
2546 772 2803 840 impleant
2830 771 2942 825 hinc
2972 771 3219 828 homines
3252 786 3382 843 erga

1807 880 1936 918 suos
1971 862 2144 918 cilicia
2172 862 2430 932 postremi
2471 863 2725 925 muneris,
2758 870 2811 916 et
2845 863 2925 917 sui
2981 862 3200 916 humani
3247 861 3381 917 leni-

1808 963 1989 1009 menta
2018 955 2284 1009 mmroris.
2320 953 2516 1008 Verum
2557 951 2631 1006 illi
2678 952 2861 1021 utique
2893 952 3117 1007 abluunt
3166 953 3387 1020 spiritus

1810 1046 2210 1107 defunctorum,
2226 1053 2281 1098 et
2306 1042 2625 1106 oblationes,
2654 1042 2942 1106 orationes,
2963 1042 3383 1105 obsecrationes,

1812 1136 1980 1190 multo
2004 1149 2105 1204 pro
2130 1134 2211 1187 eis
2240 1132 2615 1188 observantius
2651 1130 2749 1203 [et]
2786 1132 3143 1187 abundantius
3182 1133 3387 1203 impen-

1812 1226 1967 1288 dunt,
2002 1222 2095 1292 qui
2124 1237 2250 1277 suos
2277 1238 2468 1284 carne,
2506 1236 2609 1275 non
2640 1221 2830 1290 spiritu
2874 1228 3136 1285 mortuos,
3166 1236 3273 1277 non
3296 1234 3389 1279 so-

1811 1314 1919 1368 lum
1965 1311 2277 1376 carnaliter,
2312 1313 2403 1366 sed
2434 1310 2743 1380 spiritaliter
2771 1318 2974 1364 amant.
3011 1309 3200 1365 Amen.

2005 1432 2024 1458 ·
2344 1421 2626 1477 llOMlLlA
2682 1420 2867 1475 LXIX.

1814 1529 1878 1567 DE
1917 1528 2286 1569 CELEBRITATE
2325 1529 2707 1568 DEPUNCTORU!
2748 1527 2919 1576 Ατρυε
2958 1527 3391 1569 ΒΕΞΠΒΒΕΟἸΊΟΧΒ

2431 1598 2779 1638 IORTUORUH.

1885 1672 2113 1740 Quando
2166 1673 2501 1729 celebramus
2550 1674 2662 1728 dies
2720 1672 2946 1727 fratrum
2997 1672 3389 1736 defunctorum,

1820 1762 1872 1816 in
1918 1772 2101 1816 mente
2154 1763 2353 1818 habere
2398 1764 2653 1818 debemus
2692 1772 2745 1817 et
2779 1764 2906 1833 quid
2951 1765 3295 1833 sperandum,
3341 1773 3397 1819 et

162 1865 309 1922 tunc,
343 1860 811 1909 monumentorum
863 1854 1116 1924 opulenta
1162 1854 1528 1917 constructio,
1568 1853 1716 1906 vivo—
1746 1846 1791 1905 Β
1819 1852 1947 1920 quid
1998 1853 2294 1906 timendum
2344 1853 2432 1906 sit.
2481 1850 2786 1906 Secundum
2835 1853 2936 1907 hoc
2978 1852 3123 1908 enim
3176 1868 3396 1922 speran—

162 1962 267 1999 rum
297 1953 417 2000 sunt
453 1945 848 2015 qualiacunque
879 1944 1068 2000 solatia
1088 1985 1103 2010 ,
1143 1959 1247 1999 non
1279 1931 1541 2012 adjutoria
1573 1958 1719 1996 mor-

164 2048 376 2096 tuorum.
436 2035 781 2093 Orationibus
824 2051 954 2091 vero
1001 2044 1202 2092 sancue
1236 2033 1508 2097 Ecclesiae,
1547 2043 1601 2087 et
1633 2047 1718 2087 sa-

160 2126 347 2182 oriﬁcio
378 2126 639 2189 salutari,
682 2133 737 2181 et
774 2124 1160 2197 elcemosynis,
1206 2141 1327 2195 quae
1372 2139 1470 2194 pro
1508 2122 1720 2178 illorum

160 2216 424 2286 spiritibus
469 2227 793 2286 erogantur,
832 2232 938 2272 non
969 2225 1052 2272 est
1086 2216 1435 2271 dubitandum
1480 2222 1722 2269 mortuos

159 2305 400 2376 adjuvari,
434 2317 493 2363 ut
518 2323 639 2363 cum
669 2308 749 2363 eis
778 2307 1181 2363 misericordias
1210 2313 1400 2378 agatur
1434 2320 1465 2358 a
1494 2304 1720 2359 Domino

157 2414 305 2468 quam
338 2414 527 2454 eorum
554 2410 776 2469 peccata
802 2407 1135 2453 meruerunt.
1169 2397 1282 2452 Hoc
1313 2397 1453 2450 enim
1494 2411 1523 2450 a
1556 2395 1721 2465 patri-

158 2488 250 2543 bus
282 2489 533 2543 traditum
569 2489 820 2543 universa
854 2490 1104 2543 observat
1130 2486 1391 2550 Ecclesia,
1417 2492 1477 2539 ut
1508 2499 1607 2554 pro
1641 2484 1723 2539 eis

157 2579 241 2649 qui
291 2579 341 2634 in
390 2579 637 2650 corporis
687 2588 741 2634 et
782 2577 1059 2651 sanguinis
1102 2577 1299 2634 Christi
1348 2575 1722 2632 communione

158 2666 379 2724 defuncti
421 2678 568 2735 sunt,
612 2683 733 2723 cum
774 2668 839 2723 ad
887 2669 1059 2738 ipsum
1107 2666 1428 2723 sacrificium
1455 2666 1585 2721 "loco
1624 2682 1722 2721 suo

157 2767 666 2824 commemorantur,
713 2768 917 2824 oretur,
953 2773 1016 2813 ac
1047 2773 1144 2828 pro
1177 2756 1281 2812 illis
1308 2771 1520 2827 quoque
1551 2756 1602 2811 id
1635 2755 1720 2830 ofe

156 2846 277 2910 ferri
303 2858 777 2915 commemoretur.
807 2847 938 2904 Cum
968 2863 1099 2903 vero
1127 2863 1314 2903 eorum
1346 2848 1723 2904 commendan-

157 2939 333 2991 dorum
376 2952 543 2993 causa
573 2953 735 3007 opera
786 2937 1168 2993 misericordiae
1209 2936 1564 3000 celebrantur,
1602 2936 1724 3005 quis

155 3028 228 3081 eis
254 3028 460 3084 dubitet
496 3028 780 3099 suffragari
821 3044 918 3099 pro
952 3028 1144 3099 quibus
1170 3028 1441 3083 orationes
1468 3027 1579 3082 Deo
1614 3042 1724 3081 non

156 3118 375 3174 inaniter
428 3119 766 3190 allegantur?
807 3117 923 3173 Non
968 3118 1186 3172 omnino
1233 3116 1605 3187 ambigendum
1640 3124 1723 3170 cst

1819 1941 1945 1995 dum
1991 1949 2110 2008 est,
2148 1943 2275 2011 quia
2319 1943 2546 2012 pretiosa
2589 1943 2643 1995 in
2693 1954 2964 2013 conspectu
3003 1942 3213 1998 Domini
3256 1960 3397 1999 mors

1819 2041 2118 2085 sanctorum
2151 2033 2267 2102 ejus
2312 2030 2663 2105 (Psal.cxv);
2708 2035 2998 2088 secundum
3049 2035 3150 2088 hoc
3214 2044 3398 2089 autent

1820 2122 2117 2177 timendum
2184 2131 2307 2187 est,
2372 2122 2496 2193 quia
2576 2139 2715 2177 mors
2779 2134 3107 2193 peccatorum
3173 2126 3395 2194 pessima

1821 2210 1993 2284 (Psal.
2021 2212 2215 2284 xxxm)
2242 2230 2254 2265 :
2284 2213 2529 2282 ideoque,
2578 2222 2800 2283 propter
2841 2228 3011 2283 spem,
3048 2214 3104 2270 in
3136 2217 3395 2271 memoria

1819 2312 2022 2359 aeterna
2075 2305 2181 2359 erit
2223 2302 2435 2372 justus;
2492 2314 2713 2375 propter
2771 2306 3038 2371 timorem,
3095 2308 3162 2362 ab
3214 2308 3397 2362 auditu

1820 2391 1964 2447 malo
2002 2408 2105 2447 non
2139 2393 2367 2448 timebit.
2406 2394 2521 2448 Erit
2557 2396 2698 2449 enim
2729 2396 2941 2450 auditus
2985 2412 3092 2466 quo
3128 2396 3303 2452 nullus
3329 2398 3401 2453 sit

1823 2480 2016 2551 major,
2046 2484 2264 2552 quando
2290 2484 2494 2541 dicitur
2537 2486 2769 2540 sinistris
2796 2504 2808 2539 :
2839 2487 2919 2540 Ite
2953 2488 3007 2540 in
3040 2488 3205 2557 ignem
3246 2499 3399 2542 ater-

1823 2588 1947 2626 num
1969 2572 2183 2643 (Matth.
2210 2573 2357 2645 xxv).
2406 2576 2487 2630 Ab
2518 2576 2617 2630 hoc
2660 2576 2843 2631 auditu
2891 2576 3032 2632 malo
3070 2576 3249 2646 justus
3292 2596 3396 2635 nor.

1823 2648 2050 2730 tiniebit,
2094 2674 2273 2720 erunt»
2305 2667 2447 2721 enim
2482 2667 2547 2721 ad
2608 2668 2904 2731 dexteram,
2954 2670 3093 2723 inter
3129 2669 3245 2725 illos
3277 2671 3395 2739 qui-

1821 2758 1921 2814 bus
1945 2759 2189 2814 dicetur:
2225 2757 2418 2823 Venite,
2448 2758 2697 2812 benedicti
2743 2757 2921 2813 Patris
2969 2761 3068 2813 mei
3093 2803 3105 2825 ,
3148 2762 3394 2831 percipite

1822 2862 2035 2916 regnum
2068 2847 2281 2919 (lbid.).
2335 2847 2393 2905 1n
2444 2844 2545 2903 hac
2591 2859 2769 2903 autem
2817 2849 2948 2915 vita,
3000 2865 3103 2918 qua
3134 2850 3399 2905 mediante

1823 2953 2033 2993 summa
2061 2939 2202 2994 bona
2235 2949 2289 2995 et
2314 2949 2437 2996 ante
2465 2955 2671 2995 summa
2709 2940 2848 2994 mala
2875 2941 3109 3005 ducitur,
3140 2940 3190 2993 in
3223 2942 3398 2996 medio

1823 3030 2088 3084 bonorum
2135 3031 2505 3100 malorumque
2534 3032 2851 3097 mediorum,
2894 3033 2944 3086 id
2974 3042 3058 3086 est
3101 3034 3155 3086 in
3211 3043 3401 3088 neutra

1822 3129 1978 3187 parte
2004 3135 2358 3185 summorum,
2388 3122 2511 3189 quia
2539 3129 2591 3175 et
2628 3123 2766 3176 bona
2797 3137 3127 3191 quamcunque
3157 3123 3243 3177 hic
3277 3121 3396 3177 fue-

157 3208 249 3261 isla
279 3209 539 3278 prodesse
573 3207 863 3276 defunctis;
907 3208 999 3264 sed
1028 3207 1223 3263 talibus
1252 3208 1342 3277 qui
1371 3208 1444 3261 ita
1471 3207 1723 3261 vixerunt
1750 3212 1795 3272 C
1828 3208 1938 3261 rint
1990 3208 2198 3263 homini
2227 3209 2278 3262 in
2310 3210 2709 3279 comparatione
2764 3211 3027 3264 bonorum
3071 3223 3396 3267 aeternorum

155 3305 272 3349 ante
295 3307 552 3360 mortem,
610 3308 668 3351 ut
714 3296 920 3367 possint
960 3295 1039 3351 eis
1085 3295 1199 3350 haec
1244 3295 1394 3349 utilia
1443 3309 1561 3349 esse
1608 3304 1728 3364 post

155 3395 391 3439 mortem.
439 3384 577 3439 Nam
618 3386 710 3456 qui
757 3385 872 3440 sine
914 3384 1041 3450 fide,
1089 3399 1209 3454 quae
1252 3399 1349 3453 per
1387 3383 1727 3438 dilectionem

154 3487 429 3545 operatur,
473 3477 700 3547 ejusque
741 3476 1097 3533 sacramentis
1125 3477 1189 3531 de
1219 3476 1533 3545 corporibus
1574 3476 1727 3531 exie-

156 3576 292 3630 runt,
344 3566 553 3621 frustm
584 3568 688 3622 illis
716 3582 744 3620 a
772 3567 885 3622 suis
940 3567 1307 3637 hujuscemodi
1354 3567 1571 3637 pietatis
1622 3566 1725 3620 im-

156 3656 449 3723 penduntur
496 3657 671 3712 oflicia
721 3673 736 3713 :
778 3655 929 3725 cujus
975 3659 1098 3712 dum
1148 3658 1234 3712 hic
1277 3666 1458 3712 essent
1504 3657 1727 3726 pignore

156 3755 459 3810 caruerunt,
488 3746 576 3800 vel
606 3761 710 3801 non
739 3746 1095 3817 suscipientes
1115 3787 1129 3812 ,
1158 3746 1237 3802 vel
1267 3747 1319 3801 in
1346 3761 1572 3801 vacuum
1603 3762 1721 3802 sus-

154 3832 400 3903 cipientes
462 3838 560 3892 Dei
607 3838 870 3919 gratiam,
905 3846 961 3894 et
1003 3838 1105 3893 sibi
1152 3855 1255 3894 non
1305 3839 1728 3894 miscricordiam

153 3928 601 3997 thesaurizantes,
649 3932 743 4003 sed
786 3923 942 3997 iram.
989 3932 1105 3987 Non
1154 3948 1281 4003 ergo
1328 3932 1556 3987 mortuis
1585 3947 1723 3986 nova

155 4018 334 4073 merita
372 4029 783 4092 comparantur,
825 4036 947 4095 cum
974 4036 1072 4090 pro
1104 4022 1185 4076 eis
1210 4020 1334 4075 boni
1363 4019 1562 4088 aliquid
1593 4034 1724 4089 ope-

151 4116 330 4163 rantur
354 4110 465 4174 sui,
497 4110 594 4165 sed
620 4124 805 4165 eorum
843 4110 1268 4181 praecedentibus
1300 4108 1505 4163 meritis
1532 4123 1721 4163 conse-

151 4199 357 4266 qnentia
389 4200 499 4263 ista
528 4199 850 4254 redduntur.
881 4214 905 4240 ι
933 4196 1048 4254 Νοη
1077 4200 1219 4255 enim
1250 4200 1449 4254 victum
1476 4207 1595 4254 est:
1623 4198 1727 4252 nisi

154 4304 264 4345 cum
317 4290 407 4346 hic
431 4291 705 4356 viverent,
736 4299 797 4362 ut
842 4292 957 4346 hmo
998 4306 1092 4346 eos
1137 4289 1337 4360 aliquid
1382 4289 1722 4360 adjuvarcnt,

157 4393 264 4434 cum
303 4380 394 4435 hic
428 4380 617 4437 vivere
653 4379 1007 4443 destitissent.
1062 4380 1130 4435 Et
1179 4381 1299 4435 ideo
1338 4377 1495 4434 istam
1531 4378 1727 4433 finiens

152 4470 372 4541 quisque
399 4471 596 4536 vitam,
628 4470 729 4526 nisi
755 4471 900 4541 quod
931 4470 1125 4533 meruit
1161 4471 1214 4525 in
1254 4470 1388 4541 ipsa,
1409 4485 1517 4525 non
1546 4478 1725 4539 potest

1831 3299 1972 3353 nulla
1999 3309 2142 3365 sunt,
2179 3309 2233 3355 et
2264 3301 2403 3354 mala
2431 3316 2758 3370 qumcunque
2789 3302 2838 3355 in
2868 3303 2968 3357 hac
2995 3303 3101 3356 vita
3127 3305 3406 3373 experitur

1831 3389 2009 3453 homo,
2030 3390 2083 3444 in
2112 3392 2512 3459 comparatione
2538 3390 2677 3461 ignis
2699 3392 2884 3445 arterni
2914 3407 3012 3447 nec
3041 3394 3401 3462 comparanda

1831 3490 1955 3535 sunt
1989 3499 2001 3534 :
2040 3482 2093 3535 in
2122 3482 2223 3537 hac
2248 3496 2375 3552 ergo
2402 3483 2685 3537 medietate
2712 3484 2833 3537 vitae
2860 3482 2987 3538 illud
3013 3485 3165 3553 quod
3193 3468 3403 3539 audivi-

1829 3588 1949 3626 mus
1982 3588 2127 3627 nunc
2152 3587 2217 3626 ex
2244 3573 2536 3644 Evangelio
2566 3581 2749 3627 tenere
2774 3573 3059 3628 debemus:
3084 3574 3183 3640 Qui
3210 3576 3404 3637 credit,

1831 3662 2022 3731 inquit,
2053 3663 2109 3716 in
2138 3678 2244 3727 me,
2277 3663 2400 3717 licet
2437 3663 2717 3727 moriatur,
2748 3663 2877 3717 vivit
2908 3662 3091 3734 (Joan.
3127 3666 3225 3732 x1).
3265 3664 3403 3732 Quid

1827 3762 1939 3816 est,
1958 3754 2234 3816 moriatur,
2282 3753 2443 3806 vivit?
2496 3752 2646 3807 Licet
2691 3753 2953 3806 moriatur
2994 3768 3241 3823 corpore,
3273 3754 3405 3808 vivit

1829 3844 2043 3912 spiritu.
2070 3843 2272 3899 Deinde
2297 3845 2539 3914 adjungit
2564 3863 2576 3897 :
2606 3844 2672 3897 Et
2698 3845 2787 3911 qui
2816 3845 2933 3899 vivit
2952 3854 2999 3897 et
3027 3845 3186 3898 credit
3213 3846 3267 3899 in
3301 3862 3406 3910 me,

1828 3950 1931 3988 non
1956 3934 2211 3987 morietur
2238 3934 2291 3986 in
2318 3944 2567 3987 mter-num
2599 3933 2807 4005 (.lbid..).
2845 3932 3005 3988 Certe
3045 3933 3174 3987 licet
3208 3934 3407 3988 moria-

1828 4034 1951 4079 tur:
1978 4026 2245 4094 quomodo
2280 4026 2325 4080 si
2373 4041 2484 4079 non
2528 4026 2808 4091 moniatur,
2837 4026 2931 4081 sed
2970 4025 3106 4081 licet
3136 4028 3397 4096 moriatur

1828 4116 1895 4170 ad
1927 4125 2155 4185 tempus,
2187 4133 2299 4171 non.
2318 4120 2578 4173 morietur
2612 4120 2664 4172 in
2710 4120 3006 4174 aeternum?
3040 4118 3130 4175 Sic
3161 4121 3260 4176 ista
3290 4121 3400 4175 sol-

1827 4207 1972 4260 vitur
2007 4208 2249 4275 quaestio,
2284 4217 2342 4260 ut
2371 4223 2491 4262 non.
2519 4208 2626 4262 sint
2668 4209 2815 4263 inter
2841 4224 2899 4263 se
2929 4210 3200 4264 contraria
3238 4208 3405 4264 verba

1828 4295 2107 4359 Veritatis,
2133 4303 2192 4350 ut
2218 4296 2428 4365 possint
2452 4296 2720 4351 instruere
2751 4296 2942 4351 alecto
2973 4297 3207 4367 pietatis.
3238 4296 3402 4368 Ergo,

1827 4384 1965 4440 licet.
1978 4400 2206 4455 corpore
2233 4386 2487 4440 morituri.
2526 4386 2713 4451 manus,
2746 4387 2996 4450 vivimus,
3029 4383 3080 4442 si
3111 4388 3402 4442 credimus.

1829 4472 1922 4526 Est
1964 4481 2147 4528 autem
2186 4472 2320 4528 fides
2365 4482 2549 4528 nostra
2602 4474 2840 4530 maxime
2884 4475 3119 4530 discreta
3163 4476 3230 4530 ab
3255 4474 3407 4531 omni

150 4562 340 4618 habere
386 4574 518 4634 post
564 4564 755 4631 ipsam.
815 4563 1201 4619 Permittantur
1246 4576 1376 4635 ergo
1426 4560 1513 4631 pia
1563 4558 1724 4615 corda
1754 4552 1804 4610 D
1830 4560 1936 4617 fide
1974 4562 2253 4635 gentilium
2305 4563 2365 4621 in
2405 4566 2803 4620 resurrectione
2844 4574 3199 4621 mortuorum.
3253 4566 3407 4623 Hanc

147 4651 430 4708 eharorum
478 4654 549 4709 de
597 4669 818 4709 suorum
871 4653 1133 4709 mortibus
1178 4652 1486 4708 contristari
1536 4650 1724 4707 dolore

148 4741 389 4809 sanabili,
417 4750 475 4798 et
501 4742 856 4799 consolabiles
884 4742 1149 4813 lacrymas
1178 4741 1402 4797 fundant
1423 4740 1727 4796 conditione

146 4835 352 4890 mortali
381 4853 394 4889 :
432 4852 579 4907 quas
605 4837 713 4892 cito
742 4836 998 4907 reprimat
1026 4835 1147 4892 ﬁdei
1170 4836 1444 4906 gaudium,
1476 4848 1582 4903 qua
1608 4849 1725 4888 cre-

148 4926 339 4981 duntur
365 4927 584 4992 ﬁdeles,
610 4928 824 4996 quando
852 4927 1172 4993 moriuntur,
1200 4925 1471 4997 paululum
1506 4939 1535 4977 a
1571 4923 1729 4979 nobis

146 5012 289 5070 abire
316 5026 375 5071 et
411 5017 486 5072 ad
517 5015 742 5071 meliora
780 5015 1031 5070 transire.
1063 5014 1416 5071 Consolemur
1441 5027 1535 5067 eos
1562 5011 1725 5065 etiam

147 5116 236 5170 per
264 5103 516 5160 fraterna
550 5106 828 5176 obsequia,
864 5104 979 5161 sive
1016 5120 1135 5176 qua:
1161 5104 1441 5159 funeribus
1469 5100 1729 5156 exhiben-

152 5201 247 5258 tur,
281 5195 396 5250 sive
428 5210 558 5265 qnae
585 5195 828 5251 dolenter
862 5195 1207 5260 adhibentur,
1233 5210 1303 5250 ne
1334 5194 1403 5248 sit
1424 5192 1571 5262 justa
1599 5206 1730 5261 que-

150 5282 251 5335 rela
276 5283 583 5338 dicentium
611 5300 624 5337 :
652 5282 891 5339 Sustinui
915 5283 1071 5339 simul
1089 5285 1179 5354 qui
1220 5284 1637 5349 contristaretur,
1683 5290 1733 5338 ct

151 5372 397 5443 nonfuit;
424 5382 485 5427 et
514 5372 878 5449 consolantes,
909 5384 956 5429 et
987 5390 1089 5428 non
1121 5373 1292 5426 inveni
1315 5371 1485 5443 (Psal.
1513 5374 1726 5444 uvm).

150 5458 230 5515 Sit
269 5479 385 5534 pro.
415 5464 643 5517 viribus
678 5477 807 5517 cura
860 5462 1147 5533 sepeliendi
1205 5469 1259 5516 et
1311 5461 1553 5531 sepulcra
1604 5476 1732 5516 con-

151 5554 419 5621 struendi,
460 5554 593 5625 quia
643 5560 699 5608 et
741 5552 855 5608 haec
906 5554 958 5608 in
989 5552 1288 5623 Scripturis
1334 5554 1536 5607 sanctis
1589 5553 1732 5607 inter

151 5638 281 5694 bona
317 5657 490 5713 opera
524 5640 779 5711 deputata
808 5650 949 5697 sunt.
990 5640 1102 5697 Nec
1131 5641 1302 5695 solum
1335 5642 1388 5695 in
1415 5642 1730 5711 corporibus

1830 4651 1976 4705 enim
2021 4652 2240 4707 omnino
2279 4652 2355 4707 illi
2399 4668 2507 4707 non
2551 4654 2834 4723 recipiunt,
2861 4656 2988 4725 quia
3020 4656 3110 4709 ubi
3142 4656 3405 4726 recipiant

1832 4757 1937 4796 non
1968 4741 2190 4798 habent.
2234 4742 2287 4799 Α
2320 4744 2553 4799 Domino.
2591 4744 2733 4799 enim
2786 4753 3119 4815 praeparatur
3160 4744 3407 4800 voluntas

1830 4834 2086 4899 hominis,
2115 4842 2173 4891 ut
2197 4835 2273 4891 sit;
2292 4833 2411 4891 fidei
2449 4836 2864 4905 receptaculum.
2904 4835 3045 4891 Dicit
3071 4834 3269 4890 ludatis
3297 4834 3400 4890 Do—

1832 4924 2048 4977 minus:
2080 4922 2263 4978 Sermo
2298 4939 2441 4978 meus
2475 4940 2582 4979 nan
2613 4925 2762 4995 capit.
2784 4924 2844 4979 iu
2879 4924 3019 4979 vobis
3049 4922 3229 4995 (Iona.
3260 4921 3401 4994 vm).

1832 5012 1974 5083 Ergo
2015 5017 2069 5066 in
2103 5013 2190 5068 his
2221 5014 2365 5083 capit
2400 5014 2451 5068 in
2481 5014 2673 5083 quibus
2704 5014 2908 5073 invenit
2930 5015 3070 5083 quod
3104 5013 3301 5083 capiat.
3350 5012 3406 5067 In

1832 5102 1919 5156 his
1957 5102 2101 5156 enim
2132 5102 2341 5159 invenit
2366 5103 2506 5171 quod
2546 5103 2724 5172 capiat
2753 5117 2931 5160 sermo
2957 5102 3058 5172 quia
3075 5102 3237 5172 capit,
3268 5101 3410 5169 quod

1834 5193 1974 5247 Deus
2006 5193 2305 5262 pollicendo
2365 5208 2473 5248 non
2516 5194 2729 5263 decipit.
2789 5192 2879 5248 Ille
2918 5193 3063 5248 enim
3093 5192 3183 5261 qui
3220 5191 3413 5259 qua-iit

1832 5297 1989 5337 ovem
2020 5282 2305 5352 perditam,
2333 5290 2387 5337 et
2412 5298 2571 5351 quam
2604 5290 2811 5352 quaerat
2857 5282 3023 5346 novit,
3056 5289 3109 5335 et
3137 5279 3227 5334 ubi
3256 5294 3407 5347 quie-

1834 5380 1939 5435 rat,
1968 5380 2022 5425 et
2046 5371 2315 5441 quomodo
2349 5370 2467 5441 ejus
2508 5370 2746 5425 membra
2795 5355 3036 5440 dispersa
3083 5368 3323 5437 colligat,
3355 5376 3410 5421 et

1834 5460 1888 5513 in
1925 5474 2087 5514 unam
2130 5459 2358 5513 salutem
2406 5459 2634 5529 redigat,
2672 5467 2727 5514 et
2770 5458 2843 5514 ita
2880 5458 3172 5514 constituat
3198 5454 3407 5511 uteam

1833 5550 2060 5604 ulterius
2093 5566 2201 5605 non
2234 5534 2456 5619 perdat.
2488 5549 2835 5605 Consolemur
2858 5563 2985 5619 ergo
3022 5562 3121 5603 nos
3153 5548 3405 5611 invicem,

1834 5649 1888 5695 et
1921 5640 1975 5694 in
2005 5640 2091 5696 his
2118 5640 2457 5695 sermonibus
2485 5639 2702 5694 nostris.
2754 5640 2936 5694 Potest
2971 5654 3077 5695 non
3100 5637 3284 5695 dolere
3309 5650 3408 5691 cor

219 5793 245 5823 ι
279 5780 461 5840 Locus
512 5791 823 5853 corruptus.
882 5779 1012 5839 Vide
1057 5788 1303 5838 sanetum
1343 5779 1715 5851 Augustinum,
1761 5777 1854 5831 lib.
1890 5776 1956 5832 de
1986 5774 2137 5841 Fide,
2174 5773 2278 5844 Spe
2304 5782 2358 5829 et
2384 5773 2674 5837 Charitate,
2710 5786 2826 5842 cap.
2862 5771 2980 5827 “0.
