3922 6376
461 357 556 414 131

1102 354 1163 411 Β.
1205 355 1456 412 RABANI
1496 352 1711 410 MAURI
1752 349 2069 408 ARCHIEP.
2113 347 2422 408 MOGUNT.
2462 347 2744 406 OPERUM
2782 347 2958 406 PARS
2997 347 3060 404 ll.

3629 345 3742 403 139.

457 473 751 529 humanunt
781 465 1033 524 defuncto
1061 467 1383 523 charissimo
1421 485 1433 520 :
1481 466 1673 522 melius
1705 475 1882 520 tamen
1911 479 2038 518 con-
2070 462 2114 521 Α
2143 469 2227 515 set
2250 458 2530 516 evidenter
2576 459 2775 515 indicio
2803 461 3020 514 virtutis
3043 457 3340 523 declarata,
3382 461 3590 530 regina,
3621 459 3744 516 voti

460 559 603 616 dolet
635 568 690 612 et
731 564 953 612 sanatur
991 570 1086 611 cor
1123 557 1438 619 humanum,
1464 570 1624 626 quam
1673 568 1778 606 non
1808 551 2041 607 dolendo

462 652 535 708 sit
574 650 947 704 inhumanum.
994 647 1162 721 Maria
1191 647 1419 701 Domino
1456 645 1786 710 cohaarebat,
1816 653 1870 700 et
1899 661 2042 699 mor—

464 752 611 798 tmnn
645 739 869 794 fratrem
899 736 1150 792 dolebat:
1194 737 1288 791 sed
1319 738 1446 807 quid
1477 737 1692 791 miraris
1717 735 1841 803 quia
1874 735 2044 790 Maria

463 831 677 885 dolebat
710 837 855 891 tunc,
890 844 1011 882 cum
1063 827 1177 896 ipse
1223 830 1385 883 etiam
1417 827 1673 882 Dominus
1703 812 1899 881 ﬂebat?
1935 827 2045 880 Mo-

463 939 591 978 vere
640 931 820 977 autem
871 920 1116 990 quemvis
1161 929 1336 990 potest
1382 919 1650 988 quomodo
1695 917 1856 973 ﬂebat
1903 935 2041 972 mor-

465 1021 640 1076 tuum,
692 1011 736 1065 si
777 1010 1032 1065 continuo
1063 1009 1216 1080 jubet
1251 1009 1518 1064 victurum
1562 1026 1575 1062 :
1617 1025 1727 1064 non
1775 1018 2048 1063 mortuum

463 1100 624 1154 ﬂebat
659 1114 819 1169 quem
866 1099 982 1169 ipse
1024 1099 1324 1161 suscitavit,
1368 1099 1460 1153 sed
1495 1108 1723 1154 mortem
1751 1113 1913 1168 quam
1947 1097 2049 1152 sibi

465 1190 626 1246 homo
654 1189 928 1258 peccando
974 1188 1313 1257 comparavit
1340 1205 1352 1240 :
1380 1187 1422 1241 si
1453 1188 1597 1241 enim
1629 1197 1911 1258 peccatum
1942 1202 2050 1241 non

464 1280 861 1352 praecessisset,
909 1279 1028 1334 sine
1068 1277 1232 1332 dubio
1268 1293 1414 1332 mors
1458 1286 1641 1333 secuta
1689 1294 1796 1334 non
1839 1277 2047 1334 fuisset.

467 1371 663 1426 Secuta
685 1379 767 1426 est
793 1385 921 1440 ergo
948 1383 1097 1423 mors
1118 1367 1277 1422 etiam
1303 1368 1567 1437 corporis,
1593 1384 1752 1438 quam
1777 1368 2054 1439 praecessit

465 1476 614 1516 mors
658 1461 870 1515 animae.
928 1459 1073 1513 Mors
1121 1455 1312 1512 anima:
1358 1459 1971 1531 prmcrssitdiﬂ'erendo,
2000 1468 2055 1513 et

468 1566 616 1606 mors
647 1553 893 1622 corporis
920 1560 1105 1607 secuta
1131 1562 1236 1618 est,
1259 1555 1541 1609 deserente
1566 1551 1743 1605 anima
1773 1569 1786 1605 :
1817 1550 2056 1606 deseruit

465 1642 672 1708 volens,
718 1651 774 1696 et
801 1651 988 1697 coacta
1030 1652 1114 1698 est
1146 1644 1332 1698 nolens
1358 1644 1626 1697 deserere.
1668 1641 1948 1711 Tanquam
1979 1640 2054 1695 illi

471 1733 747 1788 diceretur
768 1730 1105 1787 :'Recessisti
1145 1734 1212 1787 ab
1241 1748 1308 1788 eo
1338 1747 1496 1801 quem
1535 1732 1757 1803 diligere
1798 1729 2053 1794 debuisti,

2143 563 2365 619 compos
2389 547 2593 614 eﬂ’ecta,
2633 551 2705 604 ita
2741 549 2978 605 salutare
3005 549 3206 621 lignum
3240 548 3367 603 fecit
3408 563 3598 602 secare
3641 563 3752 620 per

2144 643 2401 707 medium,
2431 649 2572 696 utet
2603 655 2818 696 crucem
2871 637 3339 708 Constantinopoli
3381 635 3624 692 deferret
3667 639 3750 695 ad

2147 731 2336 799 filium,
2361 741 2416 787 et
2443 747 2660 788 crucem
2693 731 3079 804 Hierosolymis
3104 729 3280 786 thecis
3304 731 3575 802 argenteis
3606 745 3751 786 con-

2147 826 2311 878 ditam
2349 833 2684 890 reservaret;
2712 825 2764 880 in
2793 825 2909 880 loco
2943 821 3060 898 (sic)
3087 838 3183 878 usa
3210 823 3452 892 sapiente
3485 820 3748 887 consilio,

2148 914 2354 970 scilicet
2382 925 2443 970 ut
2464 915 2554 970 ubi
2582 913 2766 970 fuerat
2788 915 3047 971 membris
3079 914 3376 969 Dominicis
3400 922 3587 984 aptata
3616 929 3751 985 sup-

2148 1005 2330 1076 plicio,
2360 1006 2560 1062 ibidem
2589 1005 2829 1078 gloriﬁca
2851 1013 3208 1082 veneraretur
3238 1020 3269 1059 a
3296 1005 3513 1075 populo.
3543 1004 3752 1060 Multo-

2151 1111 2270 1149 rum
2295 1095 2478 1164 itaque
2504 1103 2806 1164 temporum
2835 1093 3052 1149 labente
3091 1093 3385 1157 curriculo,
3428 1108 3575 1157 eum,
3622 1092 3749 1147 exi-

2151 1193 2309 1255 gente
2335 1185 2475 1241 mole
2511 1191 2857 1256 peccatorum
2898 1183 3201 1248 hominum,
3232 1182 3489 1254 flagellari
3517 1181 3754 1253 pennit-

2157 1286 2294 1332 teret
2317 1279 2576 1334 Dominus
2612 1278 2865 1349 populum
2907 1278 3280 1334 Christianum
3335 1293 3433 1348 per
3476 1277 3751 1333 savitiam

2152 1383 2507 1438 paganorum,
2535 1369 2772 1424 Choere
2805 1369 3021 1438 quidam
3049 1367 3309 1438 profanus
3339 1379 3394 1424 et
3424 1369 3630 1438 impius
3657 1383 3751 1425 re-

2155 1476 2315 1530 gnum
2344 1472 2427 1514 est
2455 1461 2681 1531 adeptus
2702 1460 3013 1525 Persarum,
3042 1461 3134 1530 qui
3168 1461 3222 1515 in
3259 1469 3464 1516 tantam
3490 1477 3750 1531 prorutu-

2155 1565 2283 1620 pere
2311 1559 2395 1606 est
2430 1566 2591 1606 ausus
2618 1551 2968 1622 proterviam,
2998 1560 3054 1607 ut
3099 1554 3168 1607 ab
3217 1553 3408 1608 incolis
3443 1553 3752 1608 vicinarum

2155 1641 2419 1711 gentium,
2461 1656 2596 1710 quos
2620 1643 2821 1711 impetu
2851 1650 3070 1696 vastans
3113 1642 3400 1698 barbarico
3426 1659 3526 1698 suo
3557 1642 3756 1698 nefan-

2156 1733 2226 1785 do
2251 1732 2561 1802 subjugaret
2592 1732 2850 1794 dominio,
2875 1730 2978 1787 coli
3011 1747 3070 1787 se
3113 1731 3331 1800 juberet
3371 1743 3431 1787 ut
3461 1733 3662 1797 Deum,
3688 1741 3752 1788 nt

468 1824 660 1880 recede
699 1823 766 1877 ab
807 1837 873 1878 eo
902 1837 1062 1892 quem
1108 1823 1362 1879 dilexisti.
1396 1823 1527 1890 Quis
1562 1823 1704 1876 enim
1733 1820 1848 1875 vult
1875 1821 2049 1876 mori?
2078 1812 2123 1871 B
2153 1832 2371 1877 vocaret
2396 1837 2454 1878 se
2487 1838 2668 1893 regem
2703 1831 2988 1893 regum,‘et
3018 1824 3294 1878 dominum
3323 1825 3749 1880 dominantium.

467 1915 697 1970 Prorsus
752 1929 932 1980 nemo,
969 1923 1024 1970 et
1051 1915 1125 1970 ita
1165 1930 1346 1980 nemo,
1385 1923 1445 1968 ut
1471 1913 1628 1968 beato
1653 1912 1812 1968 Petro
1840 1913 2051 1968 dicere-

469 2017 593 2062 tur:
619 2005 768 2059 Alter
793 2015 841 2060 te
872 2007 1063 2075 cinget,
1099 2015 1145 2059 et
1190 2008 1318 2075 feret
1349 2022 1450 2076 quo
1485 2015 1537 2058 tu
1581 2021 1685 2058 non
1711 2005 1804 2057 vis.
1837 2001 1897 2057 Si
1925 2017 2055 2073 ergo

471 2095 616 2149 nulla
641 2104 785 2149 esset
811 2096 1000 2150 mortis
1032 2095 1354 2161 amaritudo,
1387 2111 1489 2150 non
1519 2102 1662 2151 esset
1691 2109 1885 2166 magna
1916 2109 2058 2147 mar-

471 2194 650 2256 tyrum
676 2186 957 2241 fortitudo.
1021 2185 1098 2240 lta
1128 2196 1184 2240 et
1208 2186 1496 2257 Apostolus
1521 2203 1533 2238 :
1561 2185 1637 2238 De
1658 2183 2056 2248 dormientibus,

472 2277 668 2347 inquit,
706 2275 826 2330 nolo
859 2293 945 2331 vos
976 2278 1239 2347 ignorare,
1285 2279 1497 2348 fratres,
1547 2285 1604 2330 ut
1636 2291 1741 2329 non
1779 2274 2058 2327 contriste-

471 2367 622 2434 mini,
651 2369 782 2422 sicut
808 2376 854 2422 et
887 2379 1083 2438 gentes,
1104 2385 1222 2439 qua:
1249 2384 1389 2438 spem
1411 2384 1513 2422 non
1535 2367 1756 2431 habent;
1795 2379 1902 2419 non
1935 2373 2060 2418 tan-

473 2467 586 2511 tum
617 2457 714 2522 ait,
746 2467 801 2511 ut
838 2474 940 2512 non
971 2458 1366 2523 contristemini,
1397 2455 1490 2511 sed
1521 2465 1580 2510 ut
1606 2470 1713 2509 non
1749 2454 1830 2509 sic
1854 2453 2060 2509 contri-

475 2549 714 2613 stemini,
731 2551 1182 2621 quemadmodum
1207 2557 1398 2619 gentes,
1422 2564 1537 2618 qua:
1557 2562 1697 2617 spem
1724 2561 1827 2599 non
1847 2544 2061 2599 habent.

474 2637 708 2693 Necesse
743 2648 827 2692 est
856 2638 1003 2692 enim
1045 2647 1103 2692 ut
1139 2635 1558 2701 contristemini,
1599 2635 1692 2690 sed
1731 2634 1823 2689 ubi
1862 2633 2066 2688 contri-

476 2727 674 2783 staris?
707 2725 810 2783 Ubi
839 2743 1037 2798 corpus
1073 2728 1216 2799 quod
1241 2727 1373 2781 vivit
1403 2741 1470 2781 ex
1501 2725 1680 2779 anima
1707 2722 1766 2778 iit
1791 2723 2062 2789 exanime,

479 2821 791 2876 discedente
833 2822 1045 2887 anima;
1085 2821 1175 2890 qui
1215 2819 1546 2883 ambulabat,
1583 2816 1759 2886 jacet;
1806 2815 2066 2886 loqueba-

481 2917 591 2974 tur,
633 2917 809 2973 tacet;
848 2907 990 2962 oculi
1042 2909 1215 2963 lucem
1265 2925 1370 2962 non
1419 2907 1658 2977 capiunt,
1711 2920 1871 2960 aures
1921 2903 2066 2959 nulla

482 3013 614 3054 voce
638 3007 943 3068 patescunt,
980 2999 1160 3052 omnia
1213 2999 1577 3053 membrorum
1605 2994 1777 3051 ollicia
1807 2995 2066 3064 conquie-

481 3097 695 3143 verunt.
772 3086 889 3141 Non
934 3095 1017 3142 est
1062 3089 1153 3158 qui
1194 3096 1418 3143 movear
1446 3102 1662 3158 gressus
1691 3087 1758 3141 ad
1786 3085 2068 3140 ambulan-

491 3178 640 3243 dum,
676 3192 869 3231 manus
911 3178 979 3233 ad
1026 3179 1379 3248 cperandum,
1413 3191 1603 3232 sensus
1656 3177 1723 3231 ad
1767 3176 2069 3246 percipien-
2097 3154 2143 3218 Ο

484 3267 633 3321 dum.
665 3265 855 3320 Nonne
887 3266 990 3322 ista
1028 3277 1112 3321 est
1138 3267 1346 3330 domus,
1376 3281 1535 3334 quam
1568 3265 1752 3320 nescio
1786 3264 1906 3333 quis
1936 3263 2072 3317 invi-

484 3356 661 3413 sibilis
696 3357 973 3412 habitator
1000 3357 1260 3411 ornahat?
1294 3356 1552 3412 Discessit
1579 3357 1670 3426 qui
1703 3370 1808 3410 non
1836 3354 2070 3420 videtur,
2135 3359 2138 3362 ’

486 3448 750 3503 remansit
775 3448 917 3516 quod
950 3462 1072 3502 cum
1107 3447 1290 3506 dolore
1316 3447 1638 3502 videbatur:
1665 3448 1768 3501 ista
1797 3453 1882 3501 est
1911 3461 2072 3500 causa

489 3538 745 3593 tristitize.
784 3536 842 3592 Si
883 3537 998 3592 haec
1027 3546 1112 3592 est
1150 3533 1315 3594 causa
1355 3539 1609 3604 tristitiae,
1637 3537 1796 3605 hujus
1840 3537 2076 3591 tristitiae

484 3645 606 3702 qua
631 3629 965 3685 consolatio?
1001 3630 1137 3697 Quia
1189 3630 1303 3700 ipse
1335 3629 1596 3684 Dominus
1639 3629 1692 3683 in
1728 3629 1905 3699 jussu,
1938 3637 1993 3683 et
2021 3629 2074 3682 in

486 3734 621 3776 voce
651 3719 983 3787 archangeli,
1015 3727 1070 3774 et
1118 3719 1172 3773 in
1203 3719 1356 3784 tuba,
1405 3719 1695 3773 descendet
1729 3719 1794 3772 de
1821 3717 1980 3783 caalo,
2025 3724 2079 3771 et

492 3811 692 3867 mortui
735 3811 791 3866 in
826 3810 1046 3866 Christo
1090 3818 1371 3879 resurgent
1406 3809 1596 3878 primi;
1639 3806 1832 3862 deinde
1873 3822 1972 3862 nos
2002 3807 2081 3860 vi-

493 3913 706 3969 ventes,
745 3905 838 3974 qui
874 3901 1066 3973 reliqui
1093 3916 1301 3966 sumus,
1332 3899 1492 3955 simul
1521 3914 1642 3954 cum
1674 3899 1780 3954 illis
1808 3900 2082 3968 rapicmnr

500 3998 554 4052 in
597 3998 851 4061 nubibus,
897 3997 1110 4051 obviam
1147 3994 1365 4051 Christo
1403 3995 1458 4049 in
1489 4010 1638 4061 aera,
1669 4001 1723 4048 et
1765 3994 1840 4048 ita
1869 4009 2084 4064 semper

500 4102 623 4141 cum
655 4087 883 4140 Domino
909 4086 1132 4140 erimus.
1187 4084 1382 4140 Pereat
1419 4082 1780 4149 contristatio,
1812 4083 1904 4137 ubi
1935 4090 2084 4136 tanta

497 4187 581 4231 est
632 4176 967 4242 consolatio;
1021 4177 1336 4247 detergatur
1384 4173 1562 4229 luctus
1595 4188 1667 4228 ex
1692 4173 1903 4238 animo;
1952 4171 2086 4228 fides

498 4267 732 4338 expellat
759 4267 1000 4321 dolorem
1027 4283 1041 4322 :
1069 4266 1123 4321 in
1155 4275 1301 4320 tanta
1324 4280 1436 4335 spe,
1469 4279 1576 4320 non
1604 4264 1758 4319 decet
1786 4276 1906 4317 esse
1933 4262 2089 4317 triste

501 4357 760 4428 templum
792 4355 920 4412 Dei:
948 4356 1025 4412 ibi
1078 4356 1288 4411 habitat
1319 4355 1492 4410 bonus
1540 4354 1865 4418 consolator,
1894 4351 1966 4407 ibi
1997 4353 2090 4422 qui

502 4461 606 4502 non
647 4446 786 4500 fallit
823 4447 1141 4516 promissor.
1175 4445 1300 4500 Scio
1336 4452 1396 4499 ut
1426 4453 1698 4500 mortuum
1734 4444 1823 4497 diu
1871 4443 2092 4514 planga-

507 4555 645 4602 mus,
694 4539 946 4609 quoniam
987 4552 1134 4592 mors
1162 4553 1346 4592 amara
1381 4545 1482 4593 est.
1513 4537 1618 4592 Per
1668 4537 1815 4591 illam
1843 4539 2091 4592 transivit

504 4640 558 4684 et
583 4630 861 4683 Dominus.
906 4627 1188 4684 Sulliciant
1224 4628 1340 4683 haec
1374 4642 1546 4698 pauca
1582 4627 1833 4682 charitati
1872 4637 2084 4682 vestrm.

507 4719 826 4775 Consoletur
872 4719 1254 4785 abundantius,
1290 4719 1380 4789 qui
1421 4735 1526 4774 non
1577 4719 1775 4790 migrat
1817 4721 1882 4774 de
1929 4719 2093 4773 corde

509 4819 722 4876 vestro,
760 4810 855 4865 sed
896 4811 969 4863 ita
1012 4809 1264 4880 dignatur
1300 4809 1574 4877 habitare,
1609 4819 1669 4864 ut
1700 4825 1800 4865 nos
1842 4810 2094 4880 dignetur

511 4903 672 4958 etiam
701 4902 757 4956 in
785 4900 894 4955 fine
928 4900 1178 4954 invitare.
1207 4901 1399 4956 Amen.

1053 5011 1335 5066 HOMILIA
1387 5011 1552 5068 LXX.

517 5116 773 5158 rsvsusm
801 5117 1018 5158 sane”:
1040 5119 1215 5166 noue
1234 5119 1650 5161 coomosrssms
1686 5119 1873 5160 cnucrs
1899 5104 2092 5160 DOItht

1010 5189 1203 5229 NOSTRI
1225 5191 1347 5231 .IESU
1365 5191 1600 5252 CHRI'STI.

591 5262 854 5332 Tempore
886 5263 974 5319 illo
1003 5272 1311 5334 postquam,
1336 5264 1942 5337 ConstantinoAngusto
1967 5283 2096 5322 con-

519 5362 604 5412 tra
632 5355 964 5412 Maxentium
994 5368 1282 5428 tyrannum
1313 5369 1634 5428 properante
1665 5361 1731 5414 ad
1761 5361 1982 5425 bellum,
2019 5360 2095 5415 si-

521 5463 684 5521 gnum
705 5456 903 5502 sanctae
924 5450 1101 5503 crucis
1129 5449 1346 5504 cmlitus
1375 5449 1559 5503 fuisset
1586 5460 1881 5516 ostensum,
1913 5463 1968 5507 et
1986 5454 2100 5522 ipso

522 5537 755 5592 feliciter
782 5539 1059 5593 obtinente
1096 5540 1451 5609 triumphum,
1486 5541 1552 5592 ab
1582 5539 1781 5594 llclcna
1816 5542 1925 5611 jam
1973 5543 2099 5596 dicti

522 5628 779 5699 principis
834 5638 1005 5682 matre
1045 5639 1230 5683 sancta
1262 5645 1394 5684 crux
1434 5629 1624 5684 fuisset
1661 5631 1899 5693 inventa,
1937 5641 2104 5701 atque

523 5733 621 5788 per
648 5721 1208 5792 sanitatemzegrotiet
1237 5719 1700 5776 resuscitaliouem
1739 5723 1934 5776 mortui
1976 5721 2105 5777 fuis-

2158 1913 2268 1970 Nec
2298 1915 2402 1970 hoc
2436 1914 2608 1971 solum
2637 1915 2684 1969 ei
2712 1914 3003 1968 abundavit
3037 1913 3105 1968 ad
3137 1930 3247 1970 suae
3275 1915 3648 1972 damnationis
3673 1917 3757 1970 in-

2158 2006 2398 2071 teritum,
2450 2021 2638 2061 verum
2689 2006 2852 2059 etiam
2897 2004 3111 2076 Syriam
3152 2014 3208 2061 et
3246 2005 3589 2062 Palaestinam
3627 2023 3753 2061 cum

2159 2092 2498 2166 subjugasset
2520 2103 2574 2148 et
2603 2093 2911 2165 Egyptum,
2942 2110 3104 2165 regna
3127 2110 3246 2164 qua:
3263 2104 3417 2150 extra
3439 2105 3494 2174 et
3519 2096 3664 2151 infra
3689 2096 3756 2151 li-

2161 2186 2394 2240 mitanea
2427 2185 2867 2256 glomerabantur
2893 2200 2989 2256 per
3016 2186 3280 2241 circulum
3309 2202 3408 2243 suo
3433 2189 3757 2244 crudelissi—

2162 2292 2250 2331 mo
2277 2275 2586 2348 subjugaret
2607 2277 2923 2333 dominatui.
2955 2276 3382 2350 Hierosolymam
3415 2280 3662 2345 advenit,
3693 2295 3759 2335 ac

2162 2367 2426 2424 ecclesias
2468 2367 2672 2423 Christi
2714 2367 2996 2430 subvertit,
3034 2376 3310 2437 totamque
3355 2369 3642 2426 ﬁnitimam
3676 2385 3760 2426 rc-

2163 2458 2376 2528 gionem
2407 2457 2653 2521 vastavit,
2687 2457 2924 2512 incendit
2951 2466 3115 2526 atque
3145 2459 3424 2527 praedavit.
3454 2458 3536 2513 Ad
3564 2459 3758 2530 sepul-

2164 2564 2317 2604 crum
2351 2564 2482 2620 ergo
2511 2550 2721 2604 Domini
2753 2566 2876 2605 cum
2914 2549 3172 2605 voluisset
3206 2550 3484 2615 accedere,
3530 2554 3761 2606 territus

2166 2639 2363 2704 rediit;
2398 2639 2490 2695 sed
2514 2649 2694 2693 tamen
2718 2639 2847 2710 ligni
2877 2639 3131 2695 salutaris
3171 2649 3404 2709 partem,
3429 2655 3594 2710 quam
3633 2640 3763 2695 reli-

2165 2729 2316 2801 giosa
2357 2730 2542 2800 regina
2593 2731 2667 2784 ibi
2697 2730 2749 2784 in
2788 2729 3158 2785 testimonium
3186 2729 3402 2784 virtutis
3434 2729 3760 2799 reliquerat,

2167 2822 2484 2892 asportavit.
2510 2820 2738 2876 Fecerat
2762 2837 2994 2891 namque
3035 2820 3138 2875 sibi
3181 2830 3382 2876 turrem
3415 2832 3760 2892 argenteam,

2169 2912 2223 2966 in
2255 2927 2361 2981 qua
2395 2910 2845 2967 interlucentibus
2881 2915 3107 2982 gemmis
3134 2914 3386 2966 thronum
3411 2921 3765 2966 exstruxerat

2153 3019 2416 3071 aureum,
2446 3006 2536 3059 ubi
2570 3004 2699 3059 solis
2731 3006 3046 3076 quadrigam
3074 3015 3131 3060 et
3157 3006 3334 3060 lumen
3369 3004 3451 3058 vel
3477 3003 3765 3059 stellarum

2177 3096 2445 3166 imagines
2491 3095 2872 3159 collocaverat,
2922 3106 3084 3165 atque
3127 3110 3223 3166 per
3270 3094 3510 3149 occultas
3554 3094 3765 3149 ﬁstulas

2174 3201 2328 3256 aqua;
2354 3195 2562 3240 meatus
2595 3186 2913 3251 adduxerat,
2945 3196 3000 3240 et
3037 3187 3192 3256 quasi
3235 3189 3366 3241 deus
3396 3186 3636 3255 pluviam
3673 3186 3765 3240 de-

2172 3291 2334 3345 super
2364 3275 2652 3330 videretur
2693 3275 2921 3340 infundi,
2962 3287 3017 3330 et
3054 3279 3179 3331 dum
3215 3277 3570 3332 subterraneo
3597 3292 3764 3346 specu

2175 3367 2329 3434 equis
2357 3366 2408 3420 in
2435 3367 2666 3420 circuitu
2696 3368 3057 3433 trahentibus,
3094 3369 3428 3423 circumacta
3478 3369 3649 3422 turris
3683 3367 3768 3422 fa-

2175 3459 2326 3512 brica
2351 3473 2564 3513 movere
2588 3458 2889 3524 videbatur,
2921 3461 3075 3528 quasi
3111 3461 3507 3530 quodammodo
3524 3461 3763 3528 rugitum

2177 3548 2400 3602 tonitrui
2421 3547 2575 3615 juxta
2608 3549 3021 3618 possibilitatem
3045 3552 3270 3605 artificis
3298 3553 3683 3606 mentiebatur.
3713 3553 3765 3606 In

2179 3640 2280 3694 hoc
2305 3641 2485 3717 itaque
2511 3640 2629 3695 loco
2657 3626 2838 3696 sedem
2866 3642 2967 3695 sibi
2992 3650 3300 3712 paraverat,
3326 3651 3487 3712 atque
3505 3642 3662 3710 juxta
3681 3660 3766 3708 ea,

2181 3729 2334 3799 quasi
2367 3729 2571 3800 collega
2601 3729 2731 3794 Deo,
2760 3745 2975 3785 erucem
3004 3731 3339 3787 Domiuieam
3362 3743 3642 3802 posuerat.
3685 3735 3770 3789 Fi-

2181 3822 2254 3877 lio
2294 3837 2393 3877 suo
2441 3838 2609 3894 regno
2651 3823 2868 3889 tradito,
2909 3825 3025 3894 ipse
3070 3825 3123 3878 in
3172 3825 3358 3879 fanum
3396 3826 3767 3896 hujuscemodi

2182 3912 2472 3967 residebat.
2507 3912 2599 3967 Illo
2625 3912 2806 3981 itaque
2837 3922 3078 3982 tempore
3108 3911 3389 3969 Gracchus
3415 3929 3599 3969 arcem
3630 3923 3772 3969 teuc-

2182 4003 2274 4058 bat
2292 4001 2523 4077 imperii,
2551 4003 2632 4056 vir
2656 4003 2822 4058 armis
2835 4013 3106 4068 strenuus,
3137 4005 3321 4076 lingua
3351 4007 3622 4070 eruditus,
3647 4022 3766 4062 cor-

2185 4105 2317 4162 pore
2348 4091 2594 4158 decorus,
2624 4101 2678 4146 et
2703 4093 2950 4161 quamvis
2973 4095 3220 4150 saeculari
3247 4096 3391 4150 actui
3424 4095 3665 4162 deditus,
3690 4105 3768 4152 to-

2188 4189 2274 4236 tus
2298 4189 2478 4236 tamen
2527 4192 2645 4237 erat
2669 4182 2771 4237 [ide
2796 4183 3130 4250 catholicus;
3159 4193 3215 4238 et
3249 4199 3377 4255 ergo
3420 4185 3518 4239 Dei
3547 4186 3769 4241 cultori-

2188 4275 2289 4329 bus
2333 4273 2576 4343 supplex,
2622 4275 2915 4330 benevolus
2953 4291 3018 4330 ac
3064 4279 3311 4333 devotus.
3341 4278 3579 4347 Pergens
3609 4279 3768 4348 igitur

2192 4364 2333 4418 filius
2389 4363 2628 4420 Chosroe
2676 4374 2866 4420 contra
2923 4365 3246 4431 Gracchum,
3283 4367 3438 4438 juxta
3468 4368 3766 4424 Danubium

2195 4472 2449 4526 magnum
2478 4457 2699 4512 fluvium
2733 4460 2979 4516 consedit
3009 4460 3300 4514 exercitus.
3333 4460 3571 4515 Tandem
3610 4462 3770 4531 inspi-

2196 4556 2352 4601 rante
2377 4547 2665 4602 clementia
2697 4548 3017 4615 Salvatoris,
3052 4551 3293 4620 utrisque
3318 4551 3762 4620 principibuspla-

2195 4639 2307 4693 cuit
2359 4649 2419 4693 ut
2457 4640 2554 4709 ipsi
2586 4641 2779 4712 singuli
2817 4642 2870 4696 iu
2899 4642 3075 4696 medio
3099 4650 3263 4712 ponte
3289 4641 3527 4697 ﬂuminis
3551 4644 3768 4698 dimica-

2195 4730 2302 4782 turi
2343 4729 2717 4800 conlligerent,
2767 4741 2822 4786 et
2860 4732 2947 4787 cui
2976 4748 3095 4787 sors
3120 4732 3404 4786 victoriam
3438 4735 3767 4797 contulisset,

2196 4821 2311 4891 ipse
2332 4820 2450 4876 sine
2479 4822 2675 4877 damno
2699 4824 2981 4894 victorque
3007 4823 3280 4880 exercitus
3309 4824 3596 4894 imperium
3628 4842 3771 4878 usur-

2196 4921 2368 4980 paret.
2403 4913 2688 4967 Decretum
2715 4915 2875 4968 etiam
2907 4928 3029 4967 cum
3064 4914 3377 4983 juramento
3404 4915 3678 4984 processit,
3716 4926 3771 4968 ut

2198 5004 2244 5057 si
2272 5003 2468 5072 aliquis
2523 5020 2590 5058 ex
2647 5019 2834 5058 eorum
2882 5003 3081 5073 populo
3112 5004 3342 5074 principi
3373 5021 3470 5060 suo
3513 5005 3693 5059 venire
3719 5005 3769 5058 in

2199 5094 2456 5148 auxilium
2488 5094 2936 5162 prtesumpsisset,
2962 5095 3216 5150 cruribus
3229 5097 3426 5150 excisis
3439 5106 3493 5150 et
3516 5095 3770 5161 brachiis,

2201 5185 2256 5239 in
2292 5182 2489 5238 flumen
2534 5191 2889 5253 mergeretur.
2918 5184 3162 5254 (luxuque
3193 5187 3408 5254 utrique
3435 5185 3627 5255 popqu
3663 5185 3772 5240 lure

2202 5274 2380 5345 pactio
2405 5273 2712 5342 placuisset,
2747 5273 2978 5328 invicem
3009 5285 3069 5329 ut
3095 5276 3294 5331 dictmn
3327 5285 3412 5330 est
3439 5277 3771 5343 dimicantes,

2204 5363 2445 5430 adeoque
2494 5363 2544 5415 in
2595 5362 2774 5430 pontis
2829 5364 3005 5419 medio
3051 5375 3179 5420 sunt
3213 5367 3509 5436 congressi.
3544 5365 3773 5421 Tandem

2199 5455 2440 5524 pulsatus
2473 5453 2733 5509 Dominus
2762 5454 3015 5527 lacrymis
3043 5456 3502 5522 Christianorum,
3533 5471 3626 5526 per
3672 5459 3776 5512 vir-

2205 5554 2370 5599 tutem
2412 5554 2614 5598 sancta:
2652 5545 2851 5607 crucis,
2893 5532 3074 5601 cui-se
3110 5547 3196 5600 die
3233 5549 3420 5602 eodeni
3451 5558 3776 5602 memoratus

2215 5635 2462 5704 princeps
2491 5635 2748 5689 attentius
2789 5636 3288 5702 commendaverat,
3322 5637 3464 5690 fideli
3495 5652 3593 5689 suo
3619 5636 3775 5693 Cruc—

2208 5727 2308 5781 cho
2335 5724 2580 5781 Christus
2610 5728 2877 5782 ('Utlt‘c:~‘sil
2920 5730 2984 5784 de
3013 5730 3166 5784 hoste
3199 5729 3564 5799 triumphum;
3598 5738 3749 5785 tuum
