3922 6318
220 362 317 415 1&1

1184 359 1488 416 llOMlleE
1528 360 1615 415 DE
1654 358 1894 413 FESTIS
1932 357 2341 424 anqulS,
2382 358 2531 415 ETC.

3376 362 3482 423 £35

216 492 316 543 quo
348 478 550 532 mentis
582 479 811 534 mutatio
842 478 1029 533 Chosr.
1052 499 1082 532 υ
1136 478 1331 531 invasit
1374 477 1697 538 exercitum,
1744 482 1803 528 ut
1836 479 1875 537 Α
1906 474 2161 529 caelorum
2192 474 2451 528 Dominus
2482 473 2647 529 totius
2684 474 2865 529 mundi
2894 476 3159 546 passionis
3181 492 3484 537 sacramen-

219 584 319 625 nou
349 573 523 623 solum
544 570 861 640 praedictam
893 568 1197 637 pactionem
1229 582 1568 637 nequaquam
1606 564 1802 618 vellent

219 657 626 723 transcendere,
680 660 771 712 sed
822 659 983 711 etiam
1026 656 1345 720 voluntarie,
1378 671 1497 710 cum
1528 655 1673 707 omni
1706 668 1800 707 sua

220 752 414 806 familia
445 759 617 822 atque
646 750 794 822 prole
820 749 1067 804 Graccho
1089 764 1147 803 se
1176 750 1471 803 subderent
1504 756 1611 800 tam
1656 756 1803 815 pole-

218 850 352 896 state
375 856 543 911 quam
566 839 692 895 fide.
737 840 882 906 Quos
918 839 1007 893 ille
1054 839 1357 908 bcnigniter
1401 837 1701 904 suscipiens
1748 835 1799 889 in

221 934 318 988 hoc
345 933 450 987 illis
473 932 820 986 clementiam
856 931 1127 1001 praestitit,
1158 940 1215 989 ut
1252 947 1445 986 omnes
1476 930 1542 984 ad
1600 929 1801 997 baptis-

219 1042 361 1079 mum
411 1022 797 1080 convolarent:
830 1023 973 1093 quod
1003 1024 1074 1076 ita
1106 1038 1165 1078 se
1192 1021 1427 1076 facturos
1454 1036 1573 1076 esse
1612 1035 1801 1075 omnes

220 1119 419 1189 pariter
464 1118 893 1187 spoponderunt.
932 1116 1049 1187 Ipse
1096 1128 1274 1170 autem
1306 1114 1801 1170 Christianissimus

218 1209 602 1278 princepscum
627 1222 724 1261 suo
750 1215 957 1260 tantum
976 1207 1222 1262 exercitu
1247 1222 1410 1277 regna
1424 1221 1542 1273 qua:
1564 1204 1801 1259 Chosroe

220 1308 460 1353 tenuerat
484 1299 907 1369 circumquaque
934 1298 1291 1368 perlustrans,
1320 1300 1385 1352 ad
1420 1298 1603 1353 sedem
1633 1297 1798 1365 ipsius

216 1390 379 1443 venit.
426 1388 565 1444 Cum
604 1390 792 1459 paucis
838 1390 905 1443 ad
954 1404 1076 1443 cum
1121 1390 1385 1452 ascendit,
1414 1388 1801 1455 sedentemque

218 1496 337 1535 eum
366 1481 421 1534 in
452 1480 650 1536 throno
670 1495 837 1536 aureo
865 1481 1085 1553 reperit.
1114 1479 1300 1533 Nullus
1326 1494 1561 1547 namque
1590 1494 1654 1532 ex
1684 1476 1800 1544 ejus

217 1572 455 1627 exercitu
512 1571 708 1636 fuerat,
755 1572 847 1641 qui
886 1573 933 1627 ei
989 1570 1259 1627 excidium
1302 1570 1424 1625 belli
1457 1570 1799 1640 aliquatenus

219 1662 535 1721 nuntiasset,
564 1662 687 1731 quia
715 1671 937 1732 propter
973 1677 1085 1717 sua:
1114 1661 1452 1717 crudelitatis
1490 1662 1798 1731 superbiam

216 1769 334 1807 eum
356 1768 551 1807 omnes
574 1767 800 1807 exosum
828 1753 1133 1817 habebant;
1161 1768 1260 1807 nec
1290 1752 1577 1818 immerito,
1604 1753 1797 1822 quippe

1904 573 1955 618 ta
1986 580 2082 632 per
2104 564 2206 618 hoc
2242 564 2444 617 aditum
2471 564 2837 633 completurus
2860 566 3085 631 introiit,
3117 582 3225 622 non
3254 583 3311 622 se
3350 584 3482 639 pur-

1900 666 2171 727 puratum,
2203 670 2303 709 nec
2331 654 2638 709 diademate
2661 656 2919 711 nitentem
2953 658 3211 722 exhibuit,
3239 667 3327 713 aut
3358 654 3482 727 equi

1899 743 2131 813 potentis
2165 740 2468 795 vehiculum
2498 742 2800 809 requisivit,
2830 744 2921 795 sed
2948 742 3166 797 humilis
3196 744 3343 797 aselli
3370 754 3483 799 ter-

1898 848 1962 901 ga
1995 830 2250 909 insidens,
2284 829 2582 884 cultoribus
2628 830 2738 884 suis
2772 831 3089 886 humilitatis
3123 832 3365 901 exempla
3385 848 3482 888 're-

1899 920 2074 990 liquit.
2125 918 2275 973 Tunc
2325 920 2621 988 imperator
2659 919 2898 987 gaudens
2932 920 2986 972 in
3016 921 3242 976 Domino
3272 923 3339 976 de
3364 922 3481 976 visu

1898 1008 2155 1078 angelico,
2203 1008 2565 1077 depositisque
2597 1007 2806 1077 imperii
2846 1007 3163 1077 insignibus,
3192 1011 3481 1066 discalcea-

1901 1107 2008 1162 tus,
2042 1098 2307 1165 protinus,
2328 1098 2491 1151 lintea
2519 1105 2725 1150 tantum
2751 1112 2884 1150 zona
2910 1100 3246 1167 pra-cinctus,
3264 1116 3481 1155 crucem

1899 1188 2109 1244 Domini
2142 1201 2304 1241 manu
2334 1186 2658 1255 suscipiens,
2685 1184 2934 1255 perfusus
2956 1185 3093 1241 facie
3114 1186 3389 1258 Iacrymis,
3414 1190 3482 1242 ad

1900 1277 2094 1334 caelum
2124 1276 2337 1332 oculum
2365 1277 2578 1345 erigens
2602 1278 2950 1346 properabat,
2974 1278 3040 1332 ad
3073 1288 3283 1348 portam
3313 1292 3484 1349 usque

1898 1368 2268 1439 progrediens.
2305 1366 2423 1419 Mox
2451 1366 2540 1419 illo
2568 1366 2844 1439 humiliter
2876 1370 3292 1439 propinquante;
3337 1371 3484 1426 duri-

1901 1461 1973 1513 tia
2012 1459 2248 1529 lapidum
2282 1459 2503 1513 cmleste
2551 1460 2816 1528 persensit
2853 1462 3159 1530 imperium,
3195 1462 3483 1532 statimque

1898 1559 2052 1619 porta
2077 1564 2135 1604 se
2179 1550 2465 1620 subrigens
2490 1548 2717 1604 liberum
2746 1550 3071 1606 intrantibus
3100 1552 3351 1621 patefecit
3395 1553 3479 1607 iu-

1899 1657 2163 1711 gressum.
2196 1641 2445 1709 Odorque
2472 1642 2823 1696 suavissimus
2852 1645 2963 1711 qui,
2998 1644 3255 1699 volitante
3278 1645 3474 1699 divini-

1903 1742 1987 1787 tus
2014 1747 2145 1786 aura
2175 1732 2240 1785 de
2266 1731 2551 1786 Persarum
2582 1734 2877 1800 provincia,
2900 1748 2998 1804 per
3030 1734 3183 1807 longa
3212 1744 3479 1792 terrarum

218 1848 305 1919 qui
336 1847 623 1903 manifeste
654 1848 763 1903 Deo
797 1857 917 1901 erat
941 1848 1267 1909 contrarius,
1296 1848 1565 1916 quomodo
1591 1820 1797 1901 avar’e'a,
1829 1826 1873 1884 Β
1904 1822 2075 1892 spatia
2113 1820 2498 1891 Hierosolymis
2532 1820 2705 1876 fuerat
2730 1823 2952 1891 illapsus
2979 1835 3251 1879 momento
3288 1827 3478 1881 eodem

217 1950 335 1994 tura
368 1939 463 1993 Dei
521 1954 644 1994 esse
690 1939 957 2007 potuisset
986 1938 1232 1991 amatus?
1273 1936 1518 2006 Cumque
1549 1937 1801 1991 tremefa-

218 2040 334 2085 ctus
360 2029 710 2084 salutationis
737 2029 899 2083 verba
944 2027 1209 2097 proferret
1252 2026 1522 2090 Graccho,
1579 2026 1667 2079 ille
1715 2040 1802 2079 re-

219 2119 466 2191 spondit:
489 2120 547 2174 Si
582 2120 662 2174 vis
686 2120 914 2174 salutem
942 2120 1165 2183 habere,
1191 2135 1289 2189 pro
1335 2135 1399 2174 eo
1429 2118 1567 2187 quod
1597 2118 1797 2188 lignum

219 2220 415 2265 sancta:
457 2212 659 2275 erucis,
696 2211 943 2280 quamvis
991 2210 1263 2281 indignus,
1307 2208 1603 2264 honoriﬁce
1644 2206 1799 2274 juxta

220 2300 493 2355 modulum
545 2310 695 2354 tuum
750 2300 1020 2365 tractasti,
1073 2300 1116 2355 si
1158 2300 1380 2353 credere
1420 2299 1648 2352 Domino
1674 2295 1800 2350 Jesu

219 2392 432 2445 Christo
461 2391 715 2451 volucris,
756 2400 811 2445 et
838 2406 1054 2445 servum
1094 2402 1144 2443 te
1172 2390 1313 2443 illius
1336 2405 1457 2443 esse
1487 2387 1802 2458 promiseris

219 2483 368 2552 cujus
397 2498 501 2555 ego
522 2501 638 2538 sum
667 2483 921 2549 famulus,
953 2483 1005 2537 in
1043 2484 1273 2537 veritate
1296 2480 1577 2536 confessus
1612 2479 1800 2541 fueris,

220 2592 441 2647 regnum
487 2575 585 2629 tibi
615 2575 901 2629 Persarum
946 2583 1154 2629 tantum
1208 2589 1329 2628 cum
1376 2572 1705 2643 patrimonio
1749 2578 1804 2624 et

220 2665 407 2726 vitam,
450 2664 694 2733 acceptis
724 2678 754 2716 a
786 2671 839 2717 te
867 2662 1018 2733 pacis
1050 2662 1347 2726 obsidibus,
1372 2662 1545 2725 dabo;
1579 2662 1661 2714 sin
1709 2675 1804 2712 au-

219 2766 319 2810 tem
349 2756 500 2809 aliud
524 2756 720 2826 egeris,
756 2771 876 2809 mox
914 2769 1034 2809 meo
1058 2754 1235 2826 gladio
1268 2754 1531 2808 interibis.
1562 2752 1805 2822 Cumque

218 2847 303 2901 ille
333 2862 679 2915 nequaquam
708 2846 1095 2915 acquiesceret,
1120 2844 1401 2921 Gracchus
1429 2852 1671 2898 extracto
1694 2843 1806 2913 gla-

216 2939 304 2992 dio
334 2948 507 3007 caput
534 2937 675 2991 illius
700 2937 1019 3007 amputavit.
1063 2936 1267 2989 Tamen
1299 2935 1513 3005 sepeliri
1538 2949 1661 2988 eum
1684 2933 1803 3001 jus-

215 3028 302 3089 sit,
326 3028 473 3099 quia
504 3042 600 3080 rex
629 3026 830 3091 fuerat,
863 3026 1029 3079 filium
1059 3034 1239 3079 autem
1269 3026 1388 3094 ejus
1411 3023 1804 3094 baptizarijus—

215 3117 306 3181 sit,
339 3117 569 3187 ipseque
594 3130 716 3170 eum
750 3117 815 3170 de
844 3131 999 3170 sacro
1023 3114 1173 3171 fonte
1205 3116 1467 3186 suscepit;
1497 3124 1617 3170 erat
1655 3116 1800 3169 enim

1903 1926 2011 1980 quo
2032 1912 2096 1965 de
2118 1910 2240 1964 fano
2269 1910 2504 1964 Chosroe
2531 1920 2715 1964 sancta
2744 1927 2875 1965 crux
2907 1912 3082 1967 fuerat
3108 1914 3353 1971 Graccho
3384 1917 3477 1970 ba-

1898 2004 2105 2073 julante
2128 2016 2368 2071 egressa,
2390 2011 2517 2055 tunc
2542 2002 2722 2065 rediit,
2748 2004 3095 2073 omniumque
3122 2015 3337 2075 pectora
3361 2022 3484 2077 gra-

1904 2102 2083 2148 tanter
2131 2092 2345 2147 infudit.
2394 2090 2657 2146 Vincebat
2682 2093 2827 2146 enim
2862 2103 3103 2149 aromata
3143 2097 3324 2151 omnia
3347 2107 3485 2152 terc-

1902 2175 2085 2239 binthi’
2103 2193 2292 2237 natura
2318 2183 2401 2237 vel
2429 2182 2656 2236 balsami
2694 2191 2853 2252 atque
2889 2186 3142 2254 myrrhae.
3188 2185 3485 2248 Confestim

1903 2277 2067 2346 igitur
2092 2274 2366 2343 popularis
2392 2274 2569 2344 gaudii
2601 2272 2743 2327 favor
2774 2275 2827 2328 in
2856 2274 2965 2328 alto
2994 2276 3237 2331 sublatus
3262 2276 3353 2331 Dei
3370 2276 3486 2332 lau-

1904 2369 2063 2422 dabat
2118 2367 2413 2435 potentiam
2442 2383 2455 2429 ;
2508 2367 2692 2435 sicque
2728 2366 2993 2436 gloriosus
3014 2367 3285 2438 Augustus
3306 2384 3486 2423 erum-

1904 2478 2038 2532 pens
2066 2462 2118 2515 in
2150 2462 2399 2515 laudibus
2424 2462 2529 2513 ait:
2560 2461 2603 2515 0
2632 2477 2785 2525 crux,
2818 2462 3131 2515 admirabile
3158 2464 3390 2533 signum,
3426 2463 3481 2517 in

1905 2570 2007 2624 qua
2034 2554 2292 2607 Dominus
2313 2564 2495 2608 noster
2511 2552 2668 2607 Jesus
2682 2552 2929 2607 Christus
2953 2553 3045 2606 Dei
3071 2553 3237 2607 Filius
3259 2570 3486 2623 suspen-

1906 2662 2016 2710 sus,
2036 2661 2133 2714 pro
2158 2654 2461 2699 nostrorum
2488 2646 2725 2714 pondere
2749 2645 3035 2699 criminum
3056 2646 3245 2700 mortis
3258 2646 3482 2699 damna-

1904 2741 1980 2793 vit
1996 2739 2309 2811 [portavit?]
2336 2740 2677 2810 supplicium,
2707 2750 2761 2795 et
2782 2741 3000 2809 sanguis
3021 2738 3137 2809 ejus
3159 2742 3483 2806 adorandus,

1907 2832 2116 2887 thronis
2148 2843 2201 2888 et
2230 2833 2456 2902 angelis,
2485 2833 2656 2886 niveis
2689 2832 3014 2886 cautioribus
3042 2832 3283 2884 radiante
3328 2835 3483 2883 turba

1904 2921 2146 2987 virtuais,
2185 2922 2384 2976 effusus
2407 2932 2491 2976 est
2520 2923 2571 2974 in
2600 2922 2772 2991 pretio
2800 2930 2999 2975 nostra:
3032 2920 3247 2973 salutis!
3282 2920 3324 2974 Ο
3353 2936 3483 2973 crux

1908 3012 2238 3081 Splendidior
2260 3014 2439 3077 astris,
2474 3013 2672 3066 mundo
2709 3012 2961 3076 celebris,
3003 3012 3312 3065 hominibus
3353 3011 3488 3064 mul—

1906 3116 2019 3160 tum
2076 3105 2344 3171 amabilis,
2385 3105 2622 3159 sanctior
2680 3092 2976 3159 universis!
3013 3116 3131 3171 qum
3178 3101 3287 3156 sola
3318 3102 3479 3169 digna

216 3179 399 3266 ειεξρώ
427 3179 723 3265 agnorum.
770 3210 1170 3279 Descriplioncs
1218 3179 1380 3265 cum;
1415 3210 1565 3280 mgni
1612 3210 1802 3263 per”-
1832 3179 1874 3241 C
1908 3194 2053 3249 fuisti
2086 3205 2301 3265 portare
2333 3196 2591 3249 talentum
2618 3195 2833 3260 mundi;
2859 3194 3014 3247 dulce
3041 3192 3265 3263 lignum,
3310 3193 3489 3247 dulces

216 3318 333 3355 rum
364 3302 467 3355 sub
489 3300 609 3371 ejus
641 3301 857 3354 nomine
887 3298 1035 3363 fecit,
1062 3308 1342 3369 totumque
1371 3309 1656 3370 argentum
1689 3308 1804 3352 tur—

218 3392 290 3446 ris
320 3391 469 3445 illius
498 3392 555 3445 in
576 3393 812 3461 przedain
851 3392 931 3445 sui
978 3392 1252 3446 exercitus
1286 3392 1575 3461 deputavit,
1610 3407 1803 3445 aurum

215 3488 347 3536 vero
372 3481 460 3537 vel
494 3496 739 3552 gemmas
769 3481 821 3534 in
849 3481 995 3536 vasis
1024 3482 1107 3536 vel
1131 3482 1456 3536 utensilibus
1493 3483 1559 3536 ad
1590 3489 1801 3535 restau—

217 3574 487 3625 rationem
525 3571 899 3636 ecclesiarum,
943 3587 1079 3639 quas
1132 3580 1392 3643 tyrannus
1437 3574 1799 3637 destruxerat,

216 3662 539 3716 reservavit.
593 3660 904 3731 Suscipiens
935 3662 1095 3733 igitur
1118 3662 1570 3732 gloriosis~inium
1598 3663 1802 3732 lignum

217 3752 412 3815 crucis,
440 3751 590 3821 quod
614 3751 809 3820 impius
832 3760 1229 3821 asportaverat,
1263 3752 1688 3823 Hierosolymam
1712 3754 1804 3807 de-

216 3842 372 3907 tulit;
406 3844 713 3914 gaudentes
742 3859 932 3897 omnes
975 3842 1154 3913 populi
1205 3858 1327 3897 cum
1387 3846 1552 3899 ramis
1600 3845 1803 3915 palma-

215 3952 356 4000 rum,
387 3936 569 3990 cereis
595 3946 650 3990 et
680 3936 1016 4006 lampadibus
1042 3938 1123 3990 vel
1150 3938 1368 3991 diverso
1403 3936 1588 4007 gloria:
1635 3951 1801 4006 appa-

216 4034 353 4091 ratu,
377 4041 508 4080 cum
559 4026 778 4096 hymnis
818 4036 873 4082 et
909 4028 1137 4081 canticis
1179 4028 1392 4082 obviam
1421 4028 1511 4080 alii
1548 4037 1799 4097 pergunt,

218 4126 378 4185 atque
431 4117 530 4170 alii
592 4118 1015 4186 subsequuntur.
1064 4118 1307 4187 Cumque
1375 4120 1671 4187 imperator
1738 4120 1805 4172 de

217 4217 398 4260 tuente
422 4205 625 4260 Oliveti
675 4207 1046 4261 descendisset
1083 4223 1179 4276 per
1212 4224 1333 4261 eam
1378 4217 1586 4276 portam
1639 4223 1801 4277 quam

216 4296 478 4351 Dominus
508 4298 810 4351 intraverat
837 4299 1051 4365 quando
1100 4300 1167 4351 ad
1211 4299 1517 4367 passionem
1556 4308 1801 4362 venerat,

218 4387 328 4457 ipse
378 4389 534 4459 regio
574 4386 925 4459 [diademate]
970 4398 1025 4443 et
1056 4390 1393 4443 ornamentis
1436 4388 1803 4457 imperialibus

217 4478 528 4540 decoratus,
553 4477 751 4532 sedens
787 4478 1044 4533 voluisset
1076 4480 1304 4543 intrare,
1353 4488 1572 4549 repente
1602 4478 1802 4546 lapides

218 4578 381 4637 porta:
404 4569 824 4634 descendentes,
853 4569 1155 4624 clauserunt
1185 4586 1242 4624 se
1268 4571 1517 4629 invicem.
1546 4580 1597 4623 et
1628 4569 1803 4624 factus

217 4668 298 4715 est
318 4660 503 4728 paries
527 4674 688 4711 unus.
732 4658 977 4729 Cumque
1006 4660 1333 4715 mirarentur
1361 4662 1594 4725 attoniti,
1635 4663 1802 4715 nimio

218 4758 425 4805 terrore
454 4748 766 4812 constricti,
785 4750 1137 4818 respicientes
1161 4752 1213 4805 in
1242 4739 1431 4817 altum,
1460 4753 1707 4805 viderunt
1726 4752 1803 4805 si-

218 4856 376 4909 gnum
428 4848 636 4895 sancte
675 4840 853 4904 crucis
903 4841 956 4893 in
979 4842 1138 4904 coalo,
1184 4841 1433 4897 flammeo
1478 4842 1683 4913 fulgore
1713 4858 1803 4895 re-

217 4931 525 4999 iplendere.
553 4930 795 5001 Angelus
824 4933 967 4985 enim
1014 4933 1226 4988 Domini
1278 4936 1545 5005 aspiciens
1584 4936 1709 4989 illud
1750 4937 1802 4989 in

218 5021 485 5089 manibus,
536 5024 693 5078 stetit
723 5036 902 5092 super
949 5034 1159 5092 portam
1222 5035 1275 5081 ct
1308 5028 1414 5081 ait:
1459 5029 1681 5093 Quando
1710 5043 1798 5082 rex

1906 3287 2106 3353 clavos,
2163 3289 2316 3342 dulce
2366 3288 2572 3357 pondus
2614 3287 2887 3341 sustinuit.
2950 3284 3105 3339 Salva
3164 3296 3484 3355 praesentem

1906 3390 2200 3445 catervam,
2228 3381 2281 3433 in
2312 3379 2416 3434 tuis
2442 3380 2599 3433 hodie
2623 3380 2869 3434 laudibus
2883 3386 3287 3448 congregatam,
3312 3386 3365 3430 et
3393 3385 3485 3430 tuo

1903 3469 2103 3523 vexillo
2130 3470 2421 3539 signatam.
2453 3469 2581 3524 llaec
2609 3484 2730 3524 cum
2760 3469 3007 3531 dixisset,
3038 3468 3485 3536 pretiosissimam

1903 3571 2111 3630 partem
2139 3561 2290 3629 ligni,
2322 3577 2482 3631 quain
2513 3577 2694 3617 secum
2721 3561 3008 3625 detulerat,
3035 3559 3151 3613 loco
3181 3574 3277 3613 suo
3324 3559 3482 3612 resti—

1906 3652 2027 3705 tuit.
2046 3650 2195 3705 Tunc
2218 3660 2509 3707 renovante
2526 3651 2753 3707 Domino
2769 3653 2987 3721 antiqua
3008 3652 3285 3715 miracula,
3299 3651 3385 3704 die
3400 3666 3488 3705 eo-

1906 3745 2023 3799 dem
2054 3754 2296 3799 morluus
2319 3761 2457 3801 unus
2478 3746 2678 3815 recepit
2701 3746 2970 3815 propriam
2990 3746 3184 3809 vitam;
3212 3743 3489 3814 paralytici

1903 3846 2137 3905 quatuor
2162 3837 2341 3904 adepti
2372 3844 2498 3890 sunt
2521 3838 2804 3889 sanitatem
2832 3836 3120 3898 amissam;
3152 3835 3347 3902 leprosi
3388 3835 3483 3887 de—

1904 3942 2020 3981 cem
2069 3936 2243 3980 cutem
2295 3933 2617 3995 receperunt
2666 3926 2951 3988 mundam;
2981 3924 3286 3993 quindecim
3341 3938 3478 3991 quu-

1905 4034 2008 4086 que
2048 4020 2173 4072 eieci
2224 4018 2326 4071 luci
2368 4028 2491 4071 sunt
2520 4016 2791 4079 restituti;
2824 4015 3039 4084 plurimi
3069 4028 3282 4083 quoque
3318 4008 3485 4065 adac-

1906 4112 2155 4166 monihus
2179 4110 2371 4178 erepti,
2401 4109 2664 4178 multique
2691 4124 2719 4159 a
2744 4106 2909 4159 variis
2929 4116 3051 4160 sunt
3081 4104 3485 4158 infirmitatibus

1906 4182 2136 4256 liber‘ati.
2170 4200 2319 4255 Tune
2370 4200 2682 4269 imperator,
2714 4199 2960 4252 oratione
2985 4205 3223 4266 peracta,
3260 4194 3491 4249 offerens

1906 4296 2070 4349 multa
2105 4294 2348 4356 donaria,
2382 4292 2639 4345 ecclesias
2668 4304 2918 4360 reparare
2954 4289 3080 4343 fecit
3108 4289 3220 4342 suis
3264 4288 3491 4355 sumpti-

1906 4386 2025 4447 bus,
2056 4383 2285 4436 reddens
2302 4381 2580 4450 privilegia
2606 4381 2927 4434 auctoritate
2952 4379 3181 4449 prolata,
3200 4378 3489 4432 restituens

1908 4474 2148 4542 captivos
2182 4472 2233 4525 in
2274 4471 2510 4541 propria,
2546 4471 2678 4523 dans
2704 4479 3002 4539 opportuna
3034 4468 3315 4537 praesidia;
3347 4466 3489 4519 Con-

1911 4562 2314 4629 stantiimpolim
2352 4560 2529 4623 rediit,
2557 4559 2726 4613 fretus
2755 4559 2933 4612 divina
2985 4561 3338 4628 providentia.
3430 4555 3485 4607 In

1911 4664 2110 4710 sanctae
2160 4654 2336 4708 crucis
2382 4652 2681 4723 signaculo,
2719 4650 3100 4704 miraculorum
3145 4649 3371 4717 plurima
3407 4649 3488 4701 iii—

1907 4755 2204 4807 cremcnta,
2238 4746 2473 4799 donante
2504 4744 2730 4796 Domino
2756 4750 2943 4795 nostro
2979 4739 3104 4795 Jesn
3137 4740 3369 4802 Christo,
3400 4738 3487 4794 cui

1906 4851 1985 4894 est
2032 4841 2204 4893 honor
2253 4845 2303 4891 et
2350 4835 2540 4906 gloria.
2592 4850 2713 4889 cum
2764 4833 2926 4887 Patre
2955 4842 3011 4886 et
3055 4831 3256 4901 Spiritu
3290 4830 3489 4883 Sancto

1906 4932 2300 5000 omnipotente,
2329 4944 2424 4997 per
2453 4926 2635 4983 onmia
2674 4924 2868 4981 saecula
2902 4923 3238 4979 saeculorum.
3293 4920 3496 4975 Anicu-
