3922 6324
1128 346 1191 403 Β.
1232 348 1489 407 RABANI
1527 349 1745 407 MAURI
1780 351 2101 409 ARCHIEP.
2144 354 2453 414 MOGUNT.
2495 358 2781 417 OPERUI
2817 360 2997 420 PARS
3028 363 3095 420 II.

3645 363 3752 419 tu

475 471 3751 519 -—————___.__..____.____.____._________________________

835 853 1343 1009 HOMILIIE
1451 849 1582 1007 IN
1691 855 2040 1011 EVANi

2159 855 2357 1009 HA
2466 860 2613 1016 E'l‘
2716 866 3371 1031 EPIS’MLAS.

1934 1100 2289 1117 ﬁ

1059 1179 1454 1236 PREFATIO.

864 1272 949 1327 An
974 1272 1298 1329 Lornamuu
1329 1274 1650 1330 Aucusruu.

536 1364 927 1437 Amantissimo
964 1366 1277 1433 imperatori
1303 1364 1585 1422 Lormnro
1611 1366 1855 1437 Augusto
1880 1370 2050 1433 salus,

469 1437 703 1495 victoria
719 1445 775 1491 et
801 1436 911 1491 vita
946 1444 1227 1506 perpetua.

532 1549 838 1621 Cognoscat
878 1546 1096 1601 almitas
1133 1526 1435 1611 vestra,'mi
1478 1546 1715 1609 domine,
1741 1549 1887 1616 quod
1911 1547 2053 1602 sicut

461 1638 699 1712 primam
729 1645 938 1709 partem
963 1626 1311 1692 humiliarum
1339 1636 1392 1691 in
1419 1637 1679 1692 lectiones
1712 1639 2052 1710 evangelicas
2130 1636 2131 1639 “

460 1728 963 1800 atque'apostolieas
989 1728 1120 1782 mihi
1145 1728 1390 1784 scribere
1408 1728 1673 1798 iussistis,
1698 1746 1859 1801 quam
1885 1733 2048 1787 etiam

461 1839 492 1879 a
518 1822 693 1879 Natali
718 1821 930 1878 Domini
953 1819 1444 1892 incipiens,-usque
1482 1823 1534 1877 in
1579 1824 1793 1895 vigilias
1828 1824 2052 1881 Pascha:

456 1914 708 1986 perduxi,
757 1922 813 1968 et
840 1912 996 1969 vobis
1045 1921 1325 1983 peractam
1355 1914 1655 1980 transmisi,
1686 1915 1758 1969 ita
1786 1930 1824 1969 a.
1840 1915 2051 1970 Pascha

458 2021 631 2077 usque
660 2008 728 2062 ad
766 2006 1013 2077 quintam
1048 2006 1311 2062 decimam
1340 2005 1677 2062 Dominicam
1701 2015 1821 2077 post
1860 2007 2053 2062 Pente-

453 2106 663 2163 costen,
693 2096 995 2161 secundam.
1008 2105 1220 2167 partem
1245 2097 1509 2167 pertraxi,
1530 2105 1590 2152 ut
1612 2098 1888 2154 haberetis
1907 2099 2052 2169 quod

454 2188 510 2243 in
548 2188 835 2258 pmseutia
859 2196 1046 2244 vestra
1073 2196 1318 2256 tempore
1341 2188 1486 2242 veris
1508 2197 1563 2242 et
1581 2188 1807 2255 aestatis,
1829 2190 1884 2244 si.
1898 2189 2053 2244 vobis

455 2282 529 2337 ita
555 2282 813 2352 placeret,
843 2281 994 2337 horis
1022 2280 1459 2351 competentibus
1486 2279 1779 2351 legeretur.
1808 2280 2050 2337 Tertiam

454 2386 587 2426 vero
617 2380 830 2442 partem
856 2386 889 2426 a
912 2371 1148 2427 termino
1171 2385 1333 2441 supra
1362 2379 1550 2425 notato
1588 2385 1761 2442 usque
1790 2373 1860 2427 ad
1889 2372 2051 2429 finem

454 2462 581 2518 anni
610 2461 927 2533 perducere,
957 2461 1004 2516 si
1042 2461 1184 2517 Deus
1235 2462 1310 2515 ita
1354 2460 1611 2528 voluerit,
1660 2462 1840 2533 cogito
1890 2472 2052 2533 atque

2079 1194 2131 1249 Α
2158 1189 2247 1241 ubi
2275 1188 2515 1245 Christus
2539 1204 2616 1247 est
2642 1195 2713 1249 ad
2739 1198 3009 1256 dexteram
3037 1204 3133 1259 Dei
3151 1207 3336 1264 sedens
3351 1228 3373 1277 ;
3393 1231 3513 1285 qua
3531 1236 3750 1280 sursum
3794 1189 3803 1200 ν

2155 1291 2277 1336 sunt
2316 1285 2503 1352 sapite,
2523 1302 2625 1341 non
2645 1306 2762 1359 qua:
2786 1309 2943 1362 super
2967 1305 3184 1355 terram.
3211 1301 3290 1357 Ac
3322 1307 3369 1360 si
3410 1308 3625 1367 dicatur
3648 1332 3757 1374 nos

2156 1374 2246 1477 qui
2278 1375 2343 1428 ad
2375 1376 2662 1480 imaginem
2704 1393 2907 1440 sancta;
2945 1385 3228 1448 Trinitatis
3278 1396 3480 1453 conditi
3535 1417 3750 1473 sumus,

2156 1645 2359 1715 ginem,
2418 1656 2474 1703 et
2529 1652 2620 1720 qui
2667 1653 2811 1710 trino
2847 1668 3071 1724 peccato
3099 1665 3336 1722 maxime
3361 1668 3661 1730 decidimus
3690 1676 3749 1732 in

2158 1745 2409 1804 mortem,
2452 1740 2505 1794 id
2528 1749 2631 1809 est,
2666 1743 2720 1797 in
2750 1748 3078 1817 cogitatione
3111 1753 3316 1825 iniqua,
3351 1758 3402 1813 in
3432 1762 3753 1821 delectatio.

2157 1840 2226 1879 ne
2253 1827 2433 1883 carnis
2454 1845 2575 1884 cum
2605 1847 2871 1897 consensu
2896 1853 3120 1909 operum
3142 1846 3430 1917 malorum,
3453 1854 3615 1909 tertio
3635 1857 3756 1913 cle—

2156 1918 2263 1971 vati
2299 1917 2365 1973 de
2387 1918 2557 1986 fonte,
2589 1925 2906 1981 remissione
2931 1933 3173 1988 omnium
3220 1948 3569 2005 peccatorum
3612 1950 3749 2016 per-

2156 2019 2312 2077 cepta
2336 2023 2434 2079 per
2452 2010 2653 2067 Christi
2677 2017 2928 2085 gratiam,
2952 2021 3094 2076 sicut
3119 2024 3233 2094 ipse
3261 2029 3535 2087 tertiadie
3560 2010 3753 2092 re-suro

2158 2102 2319 2167 rexit,
2366 2118 2464 2158 nos
2494 2120 2841 2175 resurgamus
2893 2112 2960 2166 ad
3014 2114 3203 2172 vitam.
3241 2117 3349 2175 Nos
3384 2137 3513 2179 vero
3538 2126 3582 2180 si
3607 2142 3752 2183 con-

2156 2205 2377 2261 surgere
2400 2194 2645 2263 cupimus
2658 2213 2780 2250 cum
2797 2199 3034 2267 Christo,
3067 2205 3220 2275 prius
3234 2210 3533 2267 moriamur
3545 2217 3752 2273 mundo

2154 2290 2209 2337 et
2228 2284 2679 2353 concupiscentiis
2700 2290 3030 2359 carnalibus,
3058 2304 3116 2350 et
3141 2297 3478 2368 deponamus
3500 2313 3749 2364 veterem

2155 2374 2451 2441 hominem,
2486 2376 2535 2430 id
2559 2386 2663 2442 est,
2682 2380 2891 2453 malam
2922 2384 3277 2454 voluntatem,
3309 2391 3395 2447 vel
3431 2409 3586 2449 usum
3609 2412 3743 2467 pra-

2154 2482 2281 2521 vum
2308 2474 2363 2521 et
2386 2468 2773 2527 delectationes
2795 2476 3088 2544 pessimos;
3120 2480 3408 2539 induamus
3455 2501 3555 2541 nos
3585 2489 3747 2544 beni-

451 2552 708 2617 decerno,
734 2559 790 2608 et
811 2551 963 2608 vobis
983 2564 1104 2606 eam
1133 2550 1405 2618 similiter,
1437 2567 1561 2608 eum
1589 2553 1828 2623 perlecta
1854 2551 2041 2618 fuerit,
2073 2567 2119 2626 Β
2148 2561 2359 2630 gnitate
2389 2568 2448 2614 ut
2467 2564 2727 2630 proximis
2756 2568 2958 2622 neStris
2982 2584 3103 2623 cum
3134 2574 3283 2628 omni
3315 2576 3601 2635 devotione
3630 2582 3738 2637 bo-

453 2643 820 2699 transmittere
866 2634 1121 2713 dispono,
1170 2642 1262 2698 ubi
1308 2643 1475 2698 etiam
1538 2658 1708 2714 prope
1752 2644 2044 2698 terminum

458 2734 630 2806 ipsius
654 2731 927 2805 operis'de
950 2741 1261 2789 sanctorum
1284 2731 1693 2800 festivitatibus,
1718 2750 1819 2790 nec
1848 2748 1953 2788 non
1990 2744 2045 2791 et

451 2825 521 2880 de
547 2824 669 2881 aliis
698 2823 1128 2890 celebritatibus,
1167 2832 1288 2895 quae
1314 2826 1381 2880 de
1402 2825 1629 2880 diversis
1654 2825 1832 2880 causis
1858 2825 2045 2880 obser-

447 2916 642 2972 vandae
668 2933 697 2971 a
720 2915 967 2985 patribus
991 2922 1209 2971 statutae
1247 2923 1399 2980 sunt,
1426 2930 1707 2971 sermones
1749 2916 2043 2985 conscripti

451 3015 727 3062 tenentur.
754 3006 837 3061 Ad
860 3015 1166 3061 extremum
1188 3021 1319 3061 vero
1340 3005 1604 3061 lectiones
1629 3022 1750 3076 qua:
1779 3006 1831 3059 in
1854 3006 2043 3061 defun-

452 3107 666 3154 ctorum
713 3096 914 3168 vigiliis
944 3095 1198 3166 leguntur
1215 3095 1373 3166 juxta
1416 3098 1559 3166 quod
1600 3097 1913 3168 postulastis
1941 3114 2043 3168 po-

448 3190 568 3245 sitae
589 3198 735 3245 sunt.
760 3188 880 3243 Fiat
901 3188 1118 3243 Dontini
1142 3188 1393 3244 voluntas
1428 3200 1487 3244 ut
1535 3199 1643 3243 tam
1693 3190 1759 3243 ad
1802 3200 2039 3244 vestram

442 3294 606 3350 quam
655 3280 726 3334 ad
770 3287 1077 3334 vestrorum
1131 3278 1422 3333 utilitatem
1462 3278 1762 3348 proficuum
1800 3281 1893 3334 sit.
1927 3281 2040 3351 Ego

443 3372 613 3437 enim,
637 3380 898 3442 quantum
916 3371 1091 3441 potui,
1116 3368 1255 3437 feci;
1287 3386 1383 3425 vos
1411 3380 1593 3425 autem
1624 3372 1766 3441 quod
1790 3372 1919 3425 mihi
1944 3373 2044 3426 im-

440 3461 775 3532 possibilitas
796 3461 1083 3531 denegavit
1104 3477 1202 3532 per
1222 3471 1460 3516 vestram
1487 3477 1673 3516 sanam
1697 3462 2038 3531 prudentiam

441 3558 498 3606 et
526 3551 727 3607 bonum
781 3550 1023 3607 studium
1071 3550 1359 3622 adimpleri
1410 3567 1517 3606 non
1571 3552 1776 3607 dubito.
1812 3552 2039 3611 Conﬁdo

442 3656 575 3714 ergo
588 3641 733 3712 quod
754 3640 980 3712 siemihi
1001 3641 1302 3697 consolatio
1326 3657 1433 3697 non
1459 3641 1683 3696 minima
1704 3641 2037 3712 conferatur,

440 3741 497 3788 et
515 3732 668 3788 vobis
691 3748 790 3803 pro
816 3732 1065 3803 perfecto
1097 3747 1266 3804 opere
1315 3741 1521 3789 aeterna
1566 3750 1776 3791 merces
1801 3752 1833 3790 a
1867 3736 2041 3792 bono-

442 3840 562 3880 rum
592 3824 838 3883 omnium
863 3824 1123 3897 largitore
1147 3825 1203 3881 in
1224 3824 1380 3881 caelis
1400 3834 1753 3897 praeparetur.

1132 3967 1351 3984 ῃ

963 4046 1250 4104 ΗΟΜΙῌΑ
1286 4047 1520 4105 PRIMA.

724 4154 779 4196 IN
801 4154 1005 4196 VIGILIA
1028 4156 1244 4198 Ρλεοιιδ
1266 4156 1506 4199 SANNIO
1526 4157 1732 4201 ΜΝΞτο

438 4250 628 4309 Lectio
654 4250 910 4324 Epistulae
940 4250 1087 4310 beati
1113 4251 1268 4310 Pauli
1307 4256 1540 4327 apostoli
1566 4257 1636 4313 ad
1661 4257 2033 4315 Colossenses.

514 4362 753 4431 Fratres,
777 4365 824 4421 si
845 4362 1254 4428 consurrexistis
1277 4384 1398 4423 cum
1425 4367 1655 4436 Christo,
1677 4387 1797 4442 qua:
1820 4389 2036 4428 sursum

437 4466 559 4513 sunt
583 4458 823 4529 quwrite,
848 4457 936 4513 ubi
957 4456 1199 4513 Christus
1213 4468 1287 4515 est
1310 4460 1379 4514 ad
1394 4460 1663 4516 dexteram
1692 4462 1788 4517 Dei
1815 4465 2034 4531 sedens;

436 4565 557 4620 quae
582 4564 797 4603 sursum
830 4558 954 4604 sunt
980 4550 1150 4620 sapite
1177 4589 1192 4616 ,
1217 4565 1321 4604 non
1348 4567 1466 4622 qut:
1504 4569 1662 4623 super
1682 4564 1900 4621 terram,
1925 4566 2031 4612 etc.

511 4639 727 4695 Domini
746 4639 924 4695 nostri
962 4638 1090 4697 Jesu
1118 4639 1321 4696 Christi
1371 4642 1744 4699 honorabilem
1774 4645 2032 4700 solemni-

441 4740 613 4789 tatem
645 4747 741 4789 sua
766 4730 982 4789 favente
1003 4732 1319 4797 clementia.
1346 4732 1547 4791 fratres
1578 4734 1910 4804 charissimi,
1964 4737 2033 4793 li-

437 4823 634 4879 deliter
677 4836 1022 4890 veneremur,
1053 4824 1418 4895 pietatemque
1444 4823 1562 4895 eius
1589 4825 1912 4884 ineffabilem
1939 4830 2032 4885 ad-

438 4913 829 4987 miremur,qui
852 4931 959 4973 non
985 4917 1163 4973 solum
1183 4926 1387 4974 nostra:
1428 4918 1819 4989 redemptionis
1867 4936 2031 4977 causa

436 5005 733 5063 humanam
772 5022 994 5064 carnem
1045 5011 1309 5079 suscepit,
1364 5025 1555 5065 verum
1607 5013 1774 5073 etiam
1818 5014 2031 5070 diversa

440 5109 723 5168 partarum
752 5112 951 5169 genera
978 5114 1079 5169 pro
1109 5108 1296 5154 nostra
1335 5100 1510 5156 salute
1550 5103 1736 5158 subire
1782 5105 2032 5174 dignatus

440 5197 545 5255 est,
569 5198 631 5244 ut
654 5189 780 5246 licet
806 5199 929 5259 post
957 5190 1186 5247 multum
1222 5190 1431 5248 inertiae
1459 5203 1515 5248 et
1554 5195 1788 5265 pigritia:
1830 5207 2030 5271 nostra:

2149 2664 2218 2704 na
2247 2649 2528 2719 faciamus,
2568 2662 2622 2708 et
2660 2665 2783 2726 post
2833 2657 2928 2716 Dei
2984 2661 3327 2721 dilectionem
3382 2668 3519 2724 nihil
3564 2672 3744 2731 amori

2144 2740 2374 2832 proximi
2390 2757 2782 2813 praeponamus,
2807 2748 2900 2803 sed
2922 2759 2982 2805 ut
3004 2752 3248 2823 nosipsos
3282 2756 3403 2812 illos
3427 2759 3739 2832 diligamus.

2146 2828 2432 2900 Sequitur:
2477 2832 2608 2899 Qum
2648 2853 2856 2892 sursum
2896 2854 3018 2896 sunt
3062 2847 3252 2916 sapite,
3295 2864 3399 2903 non
3422 2828 3549 2921 qua;
3575 2869 3739 2925 super

2145 2931 2361 2989 terram,
2395 2933 2604 2980 tantum
2633 2943 2696 2983 ea
2727 2946 2849 3015 qum
2882 2934 3129 2991 cmlestia
3153 2946 3300 3004 sunt,
3328 2956 3434 2995 non
3462 2958 3583 3012 quas
3629 2953 3743 3000 ter-

2145 3014 2361 3080 restria,
2392 3028 2715 3087 quaerentes.
2736 3019 2922 3078 Terra:
2944 3026 3104 3093 mori,
3132 3028 3318 3085 vivere
3338 3041 3523 3087 autem
3550 3033 3742 3093 Domi-

2142 3120 2237 3168 no,
2281 3105 2559 3163 caelestem
2621 3111 2818 3166 sectari
2871 3115 3219 3184 sapientiam,
3262 3128 3371 3176 non
3416 3130 3738 3193 terrenam;

2142 3209 2268 3248 nam
2300 3196 2580 3253 subditur:

2223 3306 2420 3363 Μονιαὶ
2449 3312 2586 3365 enim
2616 3314 2739 3370 estis
2769 3325 2818 3370 et
2849 3319 2953 3372 vita
2981 3329 3159 3375 nostra
3182 3321 3489 3378 abscondita
3512 3334 3590 3381 est
3617 3341 3743 3384 cum

2143 3397 2350 3455 Christo
2374 3397 2429 3456 in
2460 3404 2589 3470 Deo,
2617 3409 2744 3476 quia
2774 3410 2865 3465 filii
2890 3412 2982 3467 Dei
3012 3428 3217 3469 sumus.
3268 3416 3420 3473 Unde
3446 3420 3695 3488 sequitur
3720 3439 3736 3478 :

2144 3490 2277 3545 Cum
2306 3494 2451 3547 enim
2481 3490 2721 3553 Christus
2742 3504 3041 3572 apparuerit
3068 3504 3173 3559 vita
3191 3517 3391 3573 nostra,
3417 3519 3543 3564 tunc
3565 3523 3613 3565 et
3644 3530 3739 3568 vos

2142 3583 2456 3652 apparebitis
2485 3603 2602 3639 cum
2624 3589 2736 3658 ipso
2760 3591 2814 3643 in
2837 3590 3025 3661 gleria.
3068 3594 3314 3651 Nondum
3341 3599 3487 3653 enim
3515 3608 3742 3672 apparet

2143 3674 2271 3742 quid
2300 3684 2356 3729 et
2383 3678 2573 3745 quales
2599 3676 2765 3734 futuri
2796 3697 2984 3738 sumus
3027 3686 3093 3739 ad
3118 3686 3412 3756 judicium;
3441 3706 3563 3745 eum
3592 3690 3739 3748 enirn

2141 3762 2390 3821 Christus
2418 3768 2483 3821 ad
2501 3767 2823 3836 iudicandos
2848 3773 3001 3830 vivos
3039 3784 3095 3830 et
3132 3787 3375 3835 mortuos
3404 3774 3739 3852 apparuerit,

2144 3864 2271 3912 tunc
2306 3867 2362 3912 et
2393 3874 2493 3914 nos
2523 3861 2682 3915 simul
2715 3879 2836 3935 cum
2880 3865 2997 3935 ipso
3043 3870 3443 3938 apparebimus,
3480 3872 3536 3925 in
3566 3873 3739 3942 gloria

2062 3924 2107 3986 C
2143 3948 2524 4001 resurrecturi.
2582 3948 2748 4006 Nobis
2775 3924 2920 4007 enim
2948 3963 3001 4010 et
3038 3924 3137 4026 pro
3159 3959 3316 4014 nobis
3346 3924 3604 4016 Christus
3643 3978 3743 4019 na-

2142 4035 2332 4100 scitur,
2356 4038 2560 4106 patitur
2580 4050 2638 4095 et
2660 4044 2978 4110 resurrexit,
3010 4055 3069 4100 ut
3094 4063 3194 4102 nos
3219 4048 3272 4105 in
3300 4050 3409 4104 vita
3434 4066 3532 4121 per
3558 4053 3738 4122 ipson)

2145 4128 2497 4182 renasicamur
2527 4129 2580 4183 in
2617 4130 3076 4202 tribulationibus,
3127 4146 3183 4193 et
3219 4152 3345 4193 cum
3373 4155 3439 4195 eo
3472 4142 3528 4195 in
3570 4143 3741 4198 virtu-

2141 4212 2285 4269 tibus
2331 4231 2699 4288 resurgamus.
2754 4222 2947 4280 Omnia
2987 4227 3133 4282 enim
3182 4242 3283 4299 per
3329 4230 3505 4299 ipsum
3547 4232 3601 4287 in
3632 4235 3739 4290 hac

2140 4314 2299 4359 nocte
2341 4317 2645 4364 restaurata
2687 4321 2854 4367 sunt:
2893 4314 2948 4368 in
2994 4316 3096 4372 hac
3135 4318 3332 4389 quippe
3370 4330 3528 4376 nocte
3577 4324 3739 4392 quasi

2137 4395 2393 4463 primitiae
2432 4398 2543 4467 ipse
2565 4404 2883 4470 resurrexit,
2911 4413 2973 4460 ut
2992 4422 3091 4461 nos
3124 4422 3314 4464 omnes
3338 4420 3525 4480 postea
3554 4428 3738 4469 resur-

2137 4499 2358 4554 gamus;
2392 4486 2445 4540 in
2470 4488 2572 4544 hac
2596 4504 2725 4561 ergo
2754 4501 2913 4549 nocte
2948 4497 3236 4565 captivitas
3259 4508 3442 4554 nostra
3470 4488 3723 4568 solvitur,

2137 4576 2247 4628 vita
2273 4575 2328 4630 in
2352 4576 2523 4631 Adam
2556 4581 2757 4636 amissa
2791 4592 3147 4653 restauratur,
3191 4587 3245 4642 in
3275 4589 3377 4644 hac
3402 4602 3561 4647 nocte
3607 4608 3732 4663 pro-

2138 4667 2403 4734 t0p|astus
2448 4668 2620 4725 Adam
2670 4687 2700 4725 a
2728 4676 3163 4745 peregrinatione
3206 4680 3350 4734 redit
3386 4682 3453 4735 ad
3498 4685 3730 4752 patriam

2138 4757 2403 4825 paradisi;
2430 4758 2484 4812 in
2509 4760 2612 4816 hac
2639 4765 2784 4818 enim
2805 4777 2961 4822 nocte
2990 4754 3287 4825 Dominieaa
3315 4776 3730 4829 resurrectionis

2134 4848 2419 4914 paradisus
2445 4852 2696 4907 omnibus
2728 4863 2895 4925 patet,
2949 4858 3082 4913 nulli
3119 4859 3390 4915 clauditur
3440 4862 3543 4916 nisi
3574 4878 3605 4915 a
3642 4879 3730 4917 se-

2136 4934 2274 5004 ipso,
2300 4938 2429 4992 nulli
2468 4942 2711 5009 aperitur
2736 4945 2837 4999 nisi
2868 4961 2898 4999 a
2920 4946 3139 5003 Christo
3160 4965 3176 5013 ;
3201 4959 3257 5005 et
3284 4951 3406 5005 ideo
3430 4962 3552 5005 cum
3580 4952 3727 5006 omni

2134 5025 2493 5083 sollicitudine
2521 5046 2808 5089 caveamus
2837 5051 2904 5090 ne
2932 5046 3154 5108 propter
3175 5053 3340 5110 opera
3363 5040 3583 5107 diaboli,
3607 5058 3727 5111 qua:

2133 5117 2455 5184 pertrahunt
2495 5120 2563 5174 ad
2604 5121 2901 5189 interitum,
2945 5137 3193 5195 apertum
3228 5129 3384 5183 nobis
3418 5129 3521 5183 iter
3563 5130 3717 5199 regni

2134 5205 2370 5263 caelestis
2415 5224 2513 5264 nos
2549 5210 2647 5279 ipsi
2678 5212 3018 5280 claudamus,
3050 5216 3146 5271 sed
3203 5218 3382 5287 potius
3432 5234 3528 5288 per
3557 5234 3720 5288 opera

439 5294 688 5335 somnum
737 5295 845 5335 non
894 5280 1071 5346 inviti,
1100 5281 1194 5337 sed
1235 5282 1549 5347 voluntarii,
1575 5295 1774 5341 sancte
1792 5297 1847 5342 et
1871 5287 2028 5343 Chri-
2056 5264 2107 5322 D
2125 5294 2351 5363 iustitiae
2374 5308 2431 5353 et
2457 5264 2845 5358 misericordia:
2892 5264 3110 5373 planum
3141 5264 3298 5362 nobis
3328 5264 3724 5364 iterrfucialinus

438 5367 629 5423 stiante
648 5368 926 5440 religionis
946 5370 1229 5427 dulcedine
1258 5384 1608 5443 provocante,
1655 5376 1708 5430 in
1752 5378 2030 5433 sanctissi-

440 5475 542 5514 ma:
570 5457 933 5517 solemnitatis
956 5469 1226 5516 conventu
1250 5466 1637 5535 expergefacti,
1691 5466 1920 5543 libenter
1972 5477 2029 5523 et

2132 5388 2201 5441 ad
2238 5403 2461 5459 regnum
2491 5387 2771 5446 cmloru'm.
2819 5394 2961 5463 Ergo
2999 5395 3303 5451 humilitate
3331 5406 3515 5451 nostra
3547 5398 3719 5452 Immi-

2131 5476 2337 5532 litatent
2368 5494 2468 5549 pro
2495 5481 2649 5535 nobis
2675 5480 2885 5537 Domini
2915 5485 3085 5538 nostri
3135 5485 3188 5539 in
3212 5486 3529 5539 memoriam
3569 5501 3721 5541 revo-

439 5550 633 5605 devote
652 5555 774 5605 cum
803 5551 1323 5608 omnisollicitudiue
1341 5570 1707 5626 resurgamus,
1732 5560 2024 5616 secundum
2130 5581 2333 5632 cemus,
2359 5569 2631 5624 humiliter
2660 5570 2714 5626 in
2746 5572 2845 5627 ista
2867 5574 3172 5644 vigilemus,
3202 5575 3480 5629 humiliter
3506 5576 3572 5630 ad
3596 5592 3715 5631 eum

440 5641 569 5697 illud
592 5643 734 5712 quod
757 5640 1045 5712 Apostolus
1070 5645 1147 5698 ait
1169 5645 1222 5698 in
1249 5646 1502 5714 pnesenti
1529 5647 1789 5705 lectione:
1825 5655 1879 5705 δέ
1897 5668 2023 5705 con-

439 5733 740 5788 surrexistt's
796 5748 914 5787 cum
969 5731 1198 5799 Christo,
1252 5751 1367 5803 qua’
1405 5752 1611 5790 sursum
1647 5748 1764 5793 sunt
1784 5742 2023 5811 qua'n'le,

2128 5672 2348 5712 oremus
2408 5662 2498 5729 qui
2548 5662 2705 5722 nobis
2760 5663 2929 5734 gloria
2981 5665 3062 5718 sui
3115 5667 3351 5721 nominis
3399 5667 3723 5726 illuminavit

2133 5746 2270 5801 hanc
2320 5758 2556 5816 noctem,
2582 5752 2667 5805 cui
2691 5752 2919 5809 dicimus
2952 5771 2963 5809 :
2992 5753 3130 5808 Deus
3161 5770 3329 5818 meus.
3371 5754 3612 5812 iiluminn
3646 5769 3722 5813 ειη
