3922 6364
108 417 196 474 137

1170 405 1478 469 ΠΟΜΙΙᾹΑΞ
1522 409 1586 466 ΙΝ
1622 406 1873 466 EVANG.
1915 406 2004 463 ΕΤ
2042 403 2261 463 EPIST.

3252 401 3359 463 158

114 537 270 593 uebras
296 540 513 595 nostras.
551 528 806 601 illumque
836 536 1177 601 rogemusgut
1201 528 1444 596 prmlieat
1487 527 1662 583 lucem
1691 528 1744 591 Α
1768 525 2005 581 invisere
2031 523 2360 594 sepulcrum,
2409 520 2548 578 duas
2585 519 2820 577 fidelium
2862 520 3046 591 plebes
3082 518 3364 576 Judaicam

113 624 328 681 cordibus
348 619 566 683 nostris,
584 627 644 673 ut
673 617 1123 688 quemadmodum
1151 616 1511 687 gaudentibus
1539 629 1670 671 ocu-

114 716 170 769 lis
207 714 354 769 istum
383 707 723 780 splendorem
755 706 1017 761 luminum
1061 708 1353 771 cernimus,
1414 707 1487 761 ita
1510 704 1671 775 hujus

115 806 262 861 noctis
306 801 621 872 praeclaram
655 799 882 871 gloriam
913 797 1215 853 illuminata
1260 806 1443 852 mente
1491 796 1675 851 videa-

117 912 215 951 tuus
230 896 497 965 ipsumque
525 906 808 961 precemur
822 897 880 944 ut
900 889 1151 944 exaudiat
1179 905 1276 945 nos
1314 889 1599 960 vigilantes
1620 889 1674 943 in

119 984 415 1041 solemnitate
437 996 536 1037 sua
565 981 657 1051 qui
687 979 949 1036 dormivit
993 994 1093 1049 pro
1120 980 1293 1036 salute
1321 990 1528 1033 nostra.
1584 977 1678 1032 Vi-

121 1076 307 1146 giletuus
339 1087 465 1143 ergo
512 1080 569 1127 et
602 1085 820 1127 oremus
866 1069 1190 1135 forinsecus,
1242 1078 1299 1124 et
1350 1069 1675 1124 intrinsecus

122 1168 237 1221 hanc
276 1164 500 1235 vigiliam
542 1162 898 1219 celebremus.
971 1163 1115 1217 Dens
1153 1161 1310 1216 nobis
1345 1160 1583 1231 loquitur
1621 1160 1674 1215 iu

121 1260 396 1315 lectionibus
435 1260 570 1325 suis,
616 1260 843 1314 Domino
876 1258 1163 1329 loquamur
1204 1258 1256 1312 in
1286 1258 1541 1329 precibus
1572 1272 1672 1312 no-

119 1354 243 1409 stris.
291 1349 342 1407 Si
371 1352 586 1423 eloquia
608 1350 726 1420 ejus
760 1352 1078 1408 obedienter
1099 1352 1405 1417 audiamus,
1438 1352 1491 1406 in
1522 1351 1677 1407 nobis

117 1445 294 1500 habitat
324 1460 478 1515 quem
528 1460 805 1517 rogemus,
857 1444 945 1500 cui
984 1453 1069 1501 est
1106 1446 1280 1501 honor
1306 1453 1361 1499 et
1406 1442 1577 1515 gloria
1621 1443 1675 1498 in

117 1533 281 1588 saecula
328 1533 668 1589 saeculorum.
730 1533 925 1589 Amen.

681 1645 958 1703 HOMILIA
999 1648 1063 1703 II.

508 1732 641 1771 ITEI
672 1733 725 1772 IN
757 1733 992 1773 εΑιςΒΑτο
1020 1734 1241 1775 8ΑΝοΤο.

204 1811 369 1865 Lectio
392 1810 565 1865 sancti
594 1810 865 1880 Evangelii
892 1812 1187 1866 secundum
1219 1811 1546 1867 Mattltzeum.

180 1899 232 1953 in
257 1900 341 1954 illo
362 1911 613 1970 tempore,
651 1917 857 1971 vespere
894 1900 1098 1955 sabbati
1124 1918 1241 1969 quae
1261 1901 1469 1955 lucescit
1495 1902 1549 1953 in
1570 1900 1681 1969 pri-

112 2005 187 2043 ma
220 1991 429 2054 sabbati,
464 1991 601 2045 venit
630 1989 806 2044 Maria
852 1990 1165 2060 Magdaleue
1217 2002 1265 2047 et
1297 1992 1466 2046 altera
1507 1990 1684 2044 Maria

116 2079 261 2133 ridere
284 2080 598 2149 sepulcrum,
642 2088 730 2136 etc
743 2120 757 2134 .

172 2167 513 2234 Quarendum
537 2178 621 2224 est
649 2169 803 2225 nobis
822 2185 920 2227 cur
942 2178 1153 2226 noctem
1185 2170 1482 2227 Dominicte
1511 2187 1685 2227 resur-

115 2258 341 2313 rectionis
380 2259 706 2330 evangelista
750 2260 1063 2317 describens
1102 2259 1177 2315 ait
1208 2279 1221 2316 :
1269 2259 1484 2333 Vespere
1508 2272 1683 2316 autem

112 2348 290 2402 sabbati
325 2365 437 2420 qua:
458 2349 670 2403 lucescit
698 2351 754 2403 in
773 2351 944 2421 prima
967 2350 1187 2415 sabbati,
1236 2367 1358 2407 cum
1388 2360 1684 2408 consuetus

112 2437 227 2490 ordo
254 2447 552 2507 temporum
573 2439 770 2493 habeat
797 2454 1074 2510 vesperam
1104 2440 1275 2509 magis
1307 2442 1685 2497 tenebrescere

114 2525 159 2578 in
188 2535 384 2581 noctem
408 2542 571 2597 quam
608 2527 660 2581 in
692 2528 833 2583 diem
864 2528 1156 2584 lucescere.
1207 2527 1317 2585 Sed
1348 2529 1577 2601 mystice
1605 2530 1684 2585 lo-

111 2632 265 2685 quens
290 2619 617 2689 evangelista
660 2627 921 2690 quantum
950 2620 1230 2691 dignitatis
1276 2621 1397 2680 haec
1428 2622 1685 2678 sacratis-

112 2708 232 2762 sima
255 2725 357 2764 nox
382 2709 448 2765 de
476 2710 646 2780 gloria
670 2712 858 2766 evictae
878 2710 1070 2765 mortis
1092 2712 1381 2782 acceperit,
1406 2711 1682 2767 insinuare

114 2798 300 2853 studuit
339 2800 463 2855 dum
501 2799 617 2870 ejus
642 2800 924 2855 exordium
963 2815 1072 2870 quo
1099 2801 1306 2855 devota:
1354 2800 1570 2856 Christo
1605 2799 1683 2856 fe-

115 2891 262 2945 minae
304 2892 356 2946 in
385 2893 706 2961 obsequium
734 2892 880 2946 illius
925 2892 1149 2962 vigilare
1196 2892 1479 2960 cmperint,
1536 2892 1681 2948 inse-

113 2994 349 3053 quentem
363 2983 477 3052 jam
499 2984 639 3039 diem
664 2983 933 3039 lucescere
948 2982 1236 3052 perhibuit.
1267 2982 1401 3037 Nam
1426 2981 1685 3037 Dominus

115 3084 293 3129 auctor
318 3083 370 3130 et
394 3076 673 3131 ordinator
701 3086 1020 3144 temporum,
1065 3074 1155 3143 qui
1191 3074 1242 3128 in
1276 3072 1464 3128 ultima
1508 3074 1683 3129 noctis

114 3165 260 3233 hujus
289 3176 436 3236 parte
474 3166 731 3231 surrexit,
784 3175 950 3220 totam
981 3180 1101 3220 eam
1142 3164 1398 3219 nimirum
1442 3179 1682 3220 resurre-

112 3254 296 3308 ctionis
320 3253 492 3309 lucem
526 3254 769 3310 festivam
807 3255 1037 3309 reddidit
1070 3262 1126 3309 et
1148 3270 1431 3309 coruscam
1466 3272 1477 3308 :
1508 3254 1678 3325 siqui-

111 3346 224 3399 dem
274 3345 339 3398 ab
365 3345 590 3400 exordio
629 3345 914 3399 mundana:
939 3344 1231 3399 creationis
1266 3358 1437 3414 usque
1460 3343 1566 3399 huc
1609 3343 1680 3398 ita

114 3445 401 3503 temporum
456 3450 648 3490 cursus
699 3434 1132 3505 distinguebatur
1187 3442 1247 3488 ut
1303 3435 1419 3490 dies
1468 3443 1682 3491 noctem

108 3526 425 3593 praecederet
461 3526 613 3597 juxta
640 3525 883 3580 ordinem
925 3524 1172 3580 videlicet
1198 3524 1388 3596 prima:
1415 3526 1684 3580 conditio-

113 3616 209 3681 nis,
246 3618 348 3671 hac
379 3628 557 3673 autem
586 3625 743 3672 nocte
785 3630 881 3687 per
910 3616 1224 3687 mysterium
1271 3616 1683 3672 resurrectionis

109 3702 310 3760 Domini
342 3713 641 3777 temporum
662 3706 795 3760 ordo
815 3714 1053 3760 mutatus
1081 3714 1182 3761 est.
1213 3705 1346 3760 Nam
1366 3706 1491 3776 quia
1528 3715 1683 3762 nocte

110 3799 396 3853 resurrexit
421 3815 453 3852 a
484 3800 731 3859 mortuis,
772 3798 859 3853 die
886 3814 1016 3852 vero
1044 3806 1299 3867 sequente
1324 3798 1561 3866 ejus'lem
1593 3815 1680 3853 rc-

109 3888 453 3943 surrectionis
484 3888 731 3943 effectum
782 3888 1056 3957 discipulis
1076 3889 1328 3953 ostendit,
1373 3904 1437 3944 ac
1463 3889 1683 3959 partici-

109 3985 224 4045 pato
271 3992 394 4031 cum
431 3978 514 4033 eis
554 3977 803 4032 convivio
851 3978 1136 4033 veritatem
1166 3978 1383 4032 virtutis
1413 3993 1525 4032 sua:
1578 3980 1682 4032 mi-

114 4066 342 4121 tantibus
392 4066 554 4121 simul
598 4074 653 4120 et
690 4066 1047 4137 gaudentibus
1076 4067 1328 4131 astruxit,
1383 4067 1683 4122 rectissime

112 4169 207 4207 nox
244 4155 333 4208 illa
375 4156 655 4225 sequentis
701 4154 804 4210 diei
853 4153 1138 4222 conjuncta
1180 4164 1264 4209 est
1306 4154 1433 4219 luci,
1486 4169 1551 4209 ac
1605 4154 1683 4209 sic

116 4252 398 4317 temporum
438 4248 574 4302 ordo
626 4255 861 4302 statutus
912 4255 973 4302 ut
999 4247 1113 4301 dies
1147 4255 1359 4302 noctem
1403 4256 1679 4316 sequatur.

114 4335 168 4389 Et
188 4337 403 4406 quidem
426 4337 708 4407 aptissime
744 4337 1014 4405 quondam
1041 4336 1182 4391 diem
1209 4337 1529 4405 sequebatur
1554 4352 1681 4401 nox,

114 4426 222 4495 quia
243 4428 403 4481 homo
432 4443 465 4481 a
493 4428 611 4482 luce
638 4427 875 4495 paradisi
910 4426 1179 4497 peccando
1209 4426 1410 4496 lapsus,
1451 4428 1501 4481 in
1526 4425 1684 4495 hujus

112 4517 271 4570 seculi
296 4519 557 4572 tenebras
580 4531 957 4585 rerumnasque
981 4515 1201 4571 decidit.
1229 4516 1519 4586 Aptissime
1543 4532 1682 4571 nunc

114 4606 212 4660 dies
241 4609 489 4676 sequitur
521 4615 732 4661 noctem
776 4607 989 4675 quando
1015 4620 1113 4675 per
1138 4605 1297 4660 fidem
1331 4607 1681 4661 resurrectio-

114 4698 183 4752 nis
206 4714 235 4752 a
261 4701 472 4769 peccati
503 4699 737 4753 tenebris
762 4708 817 4753 et
841 4699 1031 4753 umbra
1062 4698 1251 4753 mortis
1273 4698 1340 4763 ad
1364 4697 1533 4752 lucem
1559 4700 1682 4754 vita:

114 4786 307 4843 Christo
357 4789 625 4860 largiente
690 4789 1015 4843 reducitnur.
1077 4788 1413 4858 Quaproer
1461 4802 1682 4842 necesse

112 4888 200 4942 est.
223 4881 421 4937 fratres
447 4881 691 4951 benigni,
720 4890 776 4933 ut
803 4882 928 4950 quia
956 4888 1167 4936 noctem
1192 4882 1331 4935 hanc
1355 4880 1679 4950 prmcipuam

113 4969 264 5037 gratia
298 4970 601 5025 Dominicaz
645 4971 1057 5025 resurrectionis
1100 4970 1420 5025 illustratam
1474 4986 1675 5041 cogno-

112 5058 285 5124 rimus,
317 5061 421 5129 ipsi
454 5075 671 5130 quoque
698 5074 949 5115 curemus
971 5060 1198 5115 sollicite
1250 5069 1310 5114 ut
1340 5075 1677 5130 nequaquam

114 5149 214 5215 ejus
242 5152 511 5220 particula
549 5162 733 5206 nostro
762 5153 814 5205 in
844 5153 1007 5207 corde
1042 5153 1397 5214 tenebrcscat,
1444 5150 1537 5206 sed
1568 5160 1678 5205 tota

115 5241 328 5299 lucescat
374 5244 429 5298 in
475 5245 637 5298 diem.
681 5244 746 5297 Et
786 5260 927 5298 nunc
973 5243 1219 5298 videlicet
1264 5244 1419 5297 nobis
1473 5242 1679 5313 vigilias

115 5334 255 5399 digna
282 5334 574 5388 devotione
601 5333 775 5388 laudis
801 5334 1102 5404 agentibus,
1144 5333 1423 5401 completis
1466 5347 1677 5401 quoque

117 5423 311 5493 vigiliis,
355 5424 544 5479 sobria
596 5440 661 5478 ac
690 5440 825 5495 pura
876 5425 1203 5481 conscientia
1253 5424 1517 5478 Dominici
1570 5424 1676 5478 diei

114 5511 366 5576 paschalia
405 5512 548 5566 festa
596 5512 947 5567 celebremus.

188 5599 346 5669 Venit,
377 5604 577 5671 inquit,
601 5603 778 5657 Maria
799 5602 1106 5673 Magdalene
1143 5615 1188 5657 et
1212 5604 1377 5659 altera
1405 5605 1579 5659 Maria
1605 5606 1678 5660 vi-

115 5691 221 5745 dere
237 5695 553 5763 sepulcrum.
582 5692 708 5747 Date
734 5694 891 5747 unius
913 5693 1143 5748 nominis
1171 5696 1513 5764 ejusdemque
1530 5710 1676 5749 amo-

117 5786 182 5837 ris
216 5801 277 5841 ac
298 5785 603 5841 devotionis
636 5783 863 5849 feminat,
909 5797 1024 5852 qua:
1052 5785 1381 5838 Dominicum
1414 5794 1674 5839 venerunt

465 5878 739 5936 PATRGL.
781 5876 910 5935 CX.

1776 614 1985 669 scilicet
2014 620 2066 666 et
2097 610 2353 683 gentilem
2382 610 2689 679 designant,
2719 623 2840 679 quce
2879 623 2986 663 uno
3018 616 3180 678 atque
3207 609 3369 664 indis

1776 706 1939 762 simili
1968 705 2145 761 studio
2188 703 2495 775 passionem
2534 701 3093 770 resurrectionemque
3136 700 3216 755 sui
3258 698 3367 756 Re-

1777 798 2073 866 demptoris
2097 809 2418 866 quacunque
2441 793 2561 862 ejus
2580 793 2818 849 Ecclesia
2846 807 2945 863 per
2967 792 3153 847 orbem
3176 790 3368 847 ditiusa

1776 898 1861 944 est
1912 886 2191 944 celebrare
2216 878 2549 942 desiderant.
2603 883 2755 951 Quod
2786 893 2966 939 autem
3000 892 3162 938 terra:
3193 889 3371 937 motus

1777 988 2097 1050 resurgeute
2145 978 2373 1035 Domino
2428 976 2494 1032 de
2522 975 2789 1045 sepulcro,
2850 976 2990 1031 sicut
3040 975 3205 1032 etiam
3247 989 3370 1029 mo—

1778 1069 1952 1125 riente
1982 1068 2037 1123 in
2061 1083 2221 1124 cruce
2252 1067 2425 1123 factus
2453 1075 2535 1123 est
2563 1081 2811 1138 magnus,
2852 1066 3121 1138 signiﬁcat
3148 1075 3369 1122 terrena

1776 1161 1929 1231 prius
1968 1159 2130 1214 corda
2162 1168 2215 1215 et
2251 1158 2458 1214 cmlcsti
2487 1171 2582 1228 spe
2608 1154 2812 1224 dejecta
2859 1170 2952 1225 per
2984 1154 3139 1211 fidem
3164 1155 3373 1229 passio-

1778 1251 1864 1306 nis
1918 1267 1982 1305 ac
2008 1249 2431 1305 resurrectionis
2452 1248 2569 1318 ejus
2608 1244 2964 1302 concutienda
3011 1244 3077 1299 ad
3107 1232 3374 1315 pmuiten-

1777 1340 1909 1395 tiam
1963 1354 2030 1395 ac
2058 1338 2377 1394 saluberrim
2458 1351 2659 1409 pavore
2690 1343 2934 1407 permota
2966 1335 3033 1389 ad
3071 1335 3236 1390 vitam
3282 1350 3375 1391 su-

1775 1431 2106 1488 blimandam
2149 1436 2481 1501 perpetuam.
2540 1427 2693 1495 Quod
2724 1427 2948 1496 angelus
2984 1427 3222 1487 advenit,
3276 1429 3375 1483 ob—

1777 1524 2024 1594 sequium
2052 1537 2162 1578 suae
2182 1521 2456 1576 servitutis
2482 1521 2624 1590 quod
2653 1519 2881 1574 Domino
2910 1519 3093 1573 debuit
3111 1518 3372 1585 exsolvit;

1778 1616 1900 1684 quia
1943 1613 2088 1669 enim
2134 1611 2384 1666 Christus
2438 1610 2579 1664 Deus
2630 1618 2677 1664 et
2729 1608 2889 1663 homo
2931 1618 3033 1673 est,
3089 1608 3377 1665 interdicta

1778 1705 2131 1761 humanitatis
2155 1704 2274 1774 ejus
2306 1716 2524 1771 semper
2560 1700 2870 1772 angelorum
2908 1699 3206 1755 ministeria
3261 1698 3376 1756 Deo

1777 1796 1959 1852 debita
2004 1811 2111 1849 non
2140 1795 2356 1857 desunt,
2400 1792 2541 1847 sicut
2579 1790 2831 1861 inquisita
2875 1791 3048 1845 sancti
3097 1789 3378 1863 Evangelii

1710 1886 1757 1944 B
1787 1885 2161 1955 copiosissime
2190 1883 2385 1954 probat
2410 1881 2655 1936 historia.
2715 1880 2963 1935 Revolvit
3006 1887 3186 1936 autem
3237 1880 3376 1952 lapi—

1785 1974 1929 2040 dem,
1958 1989 2064 2029 non
2095 1982 2157 2027 ut
2208 1986 2496 2043 egressuro
2524 1971 2753 2027 Domino
2774 1968 2997 2040 januam
3026 1970 3248 2042 pandat,
3279 1969 3379 2030 sed

1786 2081 2037 2137 egressus
2063 2064 2180 2134 ejus
2210 2065 2321 2136 jam
2354 2063 2482 2118 facti
2507 2062 2817 2118 hominibus
2845 2070 3064 2133 prmstet
3085 2062 3369 2119 indicium.

1785 2156 1888 2223 Qui
1909 2157 2052 2212 enim
2096 2154 2342 2210 mortalis
2370 2153 2544 2209 adhuc
2572 2152 2757 2208 clauso
2782 2152 3009 2224 virginis
3030 2162 3182 2208 utero
3202 2152 3380 2223 potuit

1785 2247 2059 2303 nascendo
2102 2246 2360 2300 mundum
2388 2243 2595 2314 ingredi
2667 2244 2781 2313 ipse
2822 2245 3026 2314 absque
3057 2244 3164 2300 ulla
3190 2245 3379 2301 dubie-

1786 2345 1895 2392 tate
1919 2336 2031 2406 jam
2064 2335 2237 2390 factus
2268 2333 2591 2389 immortalis
2635 2334 2820 2390 clauso
2840 2334 2968 2391 licet
2994 2336 3242 2408 sepulcro
3279 2352 3378 2408 po-

1787 2428 1890 2481 tuit
1916 2426 2245 2498 resurgendo
2271 2425 2517 2489 exii-etde
2549 2425 2770 2480 mundo.
2808 2424 2916 2482 Nec
2941 2429 3376 2497 prmtcreundnm

1786 2531 1957 2587 quare
1987 2517 2142 2573 testis
2169 2516 2461 2571 Dominica:
2487 2518 2900 2572 resurrectionis
2930 2518 3151 2589 angelus
3182 2520 3380 2576 sedens

1784 2609 2116 2680 apparuerit,
2141 2622 2262 2663 cum
2304 2608 2350 2662 is
2383 2606 2473 2677 qui
2514 2606 2811 2663 nativitatis
2847 2606 2963 2678 ejus
3000 2608 3201 2664 mundo
3248 2625 3380 2683 gau-
3442 2676 3451 2685 ι

1784 2701 1933 2756 dium
1956 2701 2378 2772 evangelizabat,
2430 2700 2585 2771 juxta
2612 2708 2860 2770 pastores
2890 2702 3105 2759 stetisse
3128 2702 3375 2775 legatur:

1783 2801 1929 2850 stare
1955 2792 2152 2863 quippe
2172 2791 2461 2862 pugnantis
2493 2798 2599 2860 est,
2636 2793 2824 2848 sedere
2859 2794 3156 2865 regnantis.
3197 2794 3266 2850 Et
3292 2811 3381 2851 re-

1784 2895 1871 2942 cte
1898 2894 2045 2941 stans
2075 2885 2324 2955 apparuit
2351 2882 2574 2954 angelus
2613 2884 2705 2955 qui
2747 2884 3037 2941 adventum
3067 2886 3280 2942 Domini
3318 2886 3375 2942 in

1784 2980 1986 3034 mundo
2024 2977 2372 3048 praedicabat,
2428 2983 2487 3030 ut
2522 2976 2684 3031 etiam
2718 2977 2911 3034 stando
2964 2977 3205 3050 signaret
3253 2980 3380 3049 quia

1784 3070 1832 3124 is
1881 3082 2041 3139 quem
2068 3066 2397 3138 praedicabat
2448 3066 2515 3120 ad
2544 3064 2921 3121 debellandum
2954 3066 3143 3122 mundi
3172 3068 3379 3138 princi-

1783 3175 1905 3229 pem
1931 3158 2157 3213 veniret.
2188 3156 2355 3212 Recte
2378 3171 2557 3228 praeco
2584 3157 3001 3213 resurrectionis
3026 3154 3143 3227 ejus
3168 3158 3375 3215 sedisse

1708 3233 1753 3295 (ἶ
1786 3260 2137 3314 memoratur,
2188 3258 2248 3304 ut
2292 3250 2457 3304 etiam
2507 3250 2744 3305 sedendo
2799 3249 3075 3323 tlguraret,
3127 3262 3381 3325 superato

1784 3343 1974 3399 mortis
2002 3350 2240 3407 auctore,
2287 3343 2468 3398 sedem
2500 3342 2648 3413 regni
2689 3341 2802 3412 jam
2831 3344 3210 3402 conscendisse
3255 3361 3380 3417 per-

1784 3436 1953 3506 petui,
1991 3436 2056 3491 de
2081 3450 2185 3505 qua
2233 3436 2347 3505 ipse
2397 3436 2557 3503 paulo
2596 3445 2719 3507 post
2751 3437 3033 3509 discipulis
3078 3455 3370 3512 apparens,

1784 3527 1859 3580 ait
1888 3543 1901 3580 :
1937 3526 2072 3580 Data
2092 3534 2167 3581 est
2192 3525 2320 3579 mihi
2344 3526 2510 3580 omnis
2534 3537 2760 3596 potestas
2791 3529 2847 3582 in
2876 3529 3001 3585 celo
3045 3540 3092 3585 et
3120 3533 3175 3585 in
3212 3540 3377 3589 terra.

1780 3617 1851 3670 Et
1871 3615 2194 3684 evangelista
2227 3614 2442 3670 Marcus
2470 3634 2483 3670 :
2516 3616 2585 3671 Et
2612 3618 2865 3674 Dominus
2893 3622 3125 3692 quidem,
3177 3623 3376 3695 inquit,

1782 3706 1958 3771 Jesus,
2008 3713 2281 3775 postquam
2309 3705 2511 3761 locutus
2537 3717 2613 3761 est
2634 3709 2709 3763 eis
2748 3721 3046 3781 assumptus
3072 3722 3147 3768 est
3194 3713 3249 3767 in
3276 3730 3377 3770 ca:-

1785 3797 1895 3849 lum
1911 3806 1957 3850 et
1985 3797 2125 3850 sedet
2161 3813 2192 3848 a
2219 3794 2418 3849 dextris
2504 3797 2600 3853 Dei
2642 3838 2658 3864 ,
2734 3798 2965 3856 Sedcbat
3003 3812 3180 3858 autem
3213 3819 3378 3875 super

1784 3888 2014 3956 lapidem
2050 3888 2350 3943 revolutum
2394 3903 2502 3957 quo
2547 3890 2744 3945 ostium
2771 3894 3103 3948 monumenti
3156 3894 3375 3952 claude-

1784 3981 1963 4046 batur,
2013 3990 2071 4034 ut
2104 3979 2339 4036 claustra
2371 3978 2667 4035 inferorum
2718 3997 2812 4036 sua
2858 3982 3005 4036 illum
3030 3984 3230 4040 virtute
3280 3986 3375 4042 de.

1777 4070 1978 4140 jecisse
2029 4085 2093 4125 ac
2114 4084 2402 4140 superasse
2433 4070 2671 4135 doceret,
2704 4078 2970 4139 quatenus
2991 4087 3180 4129 omnes
3233 4089 3371 4145 quos

1784 4160 1859 4214 ibt
1891 4173 2016 4213 suos
2060 4158 2376 4223 invenisset,
2431 4158 2499 4212 ad
2527 4159 2763 4229 paradisi
2800 4158 2972 4215 lucem
3022 4162 3375 4235 requiemque

1784 4248 2112 4313 sublevaret,
2153 4247 2309 4317 juxta
2342 4247 2472 4303 illud
2507 4248 2880 4318 propheticum
2912 4269 2925 4303 :
2968 4248 3044 4305 Tu
3066 4268 3268 4324 quoque
3316 4255 3373 4310 in

1783 4340 2039 4408 sanguine
2073 4339 2365 4393 testamenti
2419 4340 2498 4392 tui
2540 4338 2771 4394 eduxisti
2818 4341 3013 4396 vinctos
3056 4344 3122 4398 de
3160 4344 3279 4398 lacu
3314 4347 3373 4400 iu

1782 4446 1882 4502 quo
1906 4445 2010 4482 non
2043 4439 2116 4483 est
2162 4446 2322 4499 aqua.

1857 4517 1989 4572 Erat
2056 4530 2296 4590 aspectus
2346 4520 2457 4590 ejus
2520 4521 2653 4575 sicut
2702 4521 2900 4593 fulgur,
2971 4531 3017 4577 et
3066 4526 3372 4582 vestimenta

1784 4609 1899 4678 ejus
1937 4610 2069 4662 sicut
2110 4611 2200 4663 nix
2231 4624 2245 4663 :
2276 4620 2334 4665 ιιι
2364 4611 2480 4681 ipso
2505 4627 2717 4682 quoque
2767 4613 2950 4668 habitu
2998 4629 3062 4669 ac
3091 4615 3240 4670 vultu
3296 4618 3371 4673 si-

1782 4700 2085 4771 gniﬁcaret,
2117 4702 2242 4770 quia
2277 4702 2323 4754 is
2354 4702 2506 4772 cujus
2528 4702 2753 4773 gloriam
2783 4706 3196 4762 resurrectionis
3222 4724 3365 4764 nun-

1784 4790 1970 4855 tiabat,
2020 4798 2074 4845 et
2100 4791 2355 4846 terribilis
2380 4792 2449 4847 ad
2475 4794 2842 4848 damnandum
2874 4796 3151 4866 reprobos.
3192 4806 3249 4853 et
3274 4799 3368 4854 bc-

1782 4882 1974 4951 nignus
1999 4890 2144 4937 esset
2189 4897 2252 4937 ac
2278 4884 2505 4940 blandus
2532 4884 2600 4939 ad
2630 4886 3015 4943 consolandum
3043 4890 3260 4947 electos.
3306 4892 3365 4946 ln

1780 4970 1992 5044 fulgure
2018 4973 2161 5028 enim
2192 4982 2367 5030 terror
2411 4976 2643 5044 timoris,
2693 4979 2747 5033 in
2777 4980 2900 5036 nive
2922 4990 3104 5038 autem
3158 4984 3367 5039 blandi-

1783 5071 2024 5117 mentum
2054 5064 2305 5120 eandoris
2332 5068 2688 5137 exprimitur;
2725 5069 2779 5124 in
2805 5069 2959 5138 cujus
2988 5073 3247 5129 indicium
3275 5075 3364 5131 di-

1779 5152 1917 5206 vina:
1947 5152 2285 5208 discretionis
2341 5155 2454 5224 ipse
2492 5172 2706 5226 quoque
2751 5159 2974 5229 angelus
3018 5171 3262 5232 apparet,
3306 5174 3366 5221 et

1780 5242 2030 5296 custodes
2048 5243 2287 5312 sepulcri
2325 5245 2519 5313 impios
2549 5246 2742 5302 timore
2777 5258 3063 5318 perterret,
3114 5267 3179 5306 ac
3213 5269 3360 5308 mor-

1780 5342 1994 5386 tuorum
2017 5333 2189 5387 instar
2213 5341 2370 5389 terra:
2401 5338 2715 5405 prosternit,
2761 5346 2816 5393 et
2848 5340 3174 5397 visitatrices
3217 5345 3363 5415 ejus-

1782 5421 1900 5475 dem
1931 5422 2158 5491 sepulcri
2201 5425 2472 5493 piissitnas
2508 5428 2737 5498 benigna
2765 5429 3130 5487 consolatione
3156 5432 3361 5491 refovet

1782 5526 1846 5565 ac
1892 5526 1959 5566 ne
2006 5524 2234 5582 paveant
2282 5515 2569 5571 cenfortat.
2620 5518 2844 5590 insuper
2888 5522 3052 5577 etiam
3105 5522 3353 5581 familiari

1784 5604 1944 5659 affatu
1971 5608 2121 5675 prior
2152 5609 2265 5678 ipse
2295 5611 2418 5679 quia
2445 5612 2611 5666 sciret
2639 5612 2822 5668 Jesum
2850 5629 3092 5683 quaerere
3122 5608 3272 5683 dicit,
3302 5629 3362 5675 et

1782 5693 1905 5760 quia
1930 5694 2041 5762 jam
2073 5700 2309 5752 surrexit
2336 5699 2501 5763 addit,
2539 5716 2658 5756 mox
2682 5702 2843 5756 etiam
2874 5704 3016 5772 lpsas
3062 5705 3359 5762 honoriﬁco

1782 5799 1846 5838 ac
1867 5784 2139 5841 lartlssimo
2159 5788 2398 5843 subditas
2424 5790 2719 5847 ministerio
2736 5793 2986 5863 gmdium
3008 5796 3335 5851 resurrectio

2925 5883 2963 5943 5

1710 4575 1760 4634 D
