3922 6354
582 349 679 400 tm

1269 343 1326 398 ll.
1369 344 1619 398 llABA‘Nl
1663 345 1879 402 MAURI
1917 346 2236 404 AliClllEP.
2280 349 2589 406 MOGUNT.
2631 351 2912 410 OPERUM
2955 355 3130 410 PARS
3169 357 3231 412 ll.

3759 367 3849 419 liii

576 462 659 514 itis
689 474 804 527 ejus
846 457 1218 530 evangelistam
1264 460 1538 528 prtecepit.
1593 459 1660 514 Et
1689 476 1850 530 quam
1877 460 2058 517 felices
2094 461 2170 515 fe-
2206 469 2250 524 Α
2280 478 2467 532 genius
2492 479 2613 518 eum
2638 465 2726 534 qui
2771 464 2972 520 Pascha
2995 479 3226 522 nostrum
3256 473 3556 526 immolatus
3598 486 3672 528 est
3705 478 3850 531 Clu-i-

576 553 736 604 miua:
789 565 908 618 qua:
939 548 1184 619 angelico
1223 547 1396 604 doctae
1431 549 1653 605 oraculo
1704 552 2035 622 triumphum
2087 568 2168 607 re-

575 640 929 696 surrectionis
962 639 1162 694 mundo
1189 639 1515 696 anmmtiare
1545 651 1883 709 meruerunt,
1931 657 1995 698 ac
2020 658 2167 698 mor-

578 732 683 786 tuis
742 731 882 799 quod
925 730 1032 783 Eva
1079 731 1390 800 serpentino
1419 732 1641 787 seducta
1684 731 1849 786 aifatu
1889 734 2160 787 contraxit

577 823 857 891 imperium
888 820 1180 889 przedicarc
1209 821 1474 876 dirutum!
1509 820 1723 888 Quanto
1753 820 2024 878 feliciores
2049 825 2166 877 aui-

577 930 676 966 tuu:
708 914 949 966 Virorum
979 912 1181 980 pariter
1208 920 1262 967 et
1286 911 1630 977 feminarum,
1682 920 1948 982 quotquot
1986 915 2040 968 in
2077 915 2163 968 die

571 1003 756 1071 jtnlicii
804 1003 1073 1071 percussis
1127 1017 1323 1072 pavore
1369 1003 1611 1071 acdigua
1642 1003 1846 1057 ultione
1897 1004 2160 1074 reprobis,

576 1093 701 1160 ipsa:
747 1091 953 1146 etclesti
982 1093 1154 1164 gratia
1196 1091 1389 1156 adﬁatu
1444 1083 1776 1161 triumphare
1799 1092 1864 1145 de
1890 1101 2059 1146 morte
2111 1105 2162 1146 ct

571 1183 822 1248 gaudium
873 1184 1046 1236 beatae
1090 1183 1505 1236 resurrectionis
1550 1183 1756 1236 intrare
1817 1183 2156 1237 meruerint!

570 1274 927 1328 thrrentilnis
983 1282 1162 1327 autem
1207 1273 1285 1328 eis
1331 1273 1702 1342 erangclizare
1747 1273 2023 1344 discipulis
2067 1290 2160 1330 oc-

569 1363 741 1415 iurrit
771 1361 928 1418 Jesus
973 1379 1175 1433 easque
1223 1363 1441 1430 salutat,
1492 1364 1786 1419 ostendens
1812 1380 1872 1420 se
1909 1365 2161 1420 omnibus

572 1453 673 1504 iter
698 1453 952 1508 virtutum
985 1454 1388 1519 inchoantibus,
1420 1464 1482 1509 ut
1505 1455 1572 1509 ad
1595 1454 1821 1508 salutem
1846 1464 2158 1526 perpetuam

572 1544 855 1609 pervenire
883 1552 1107 1612 queant,
1160 1541 1465 1610 adjuvando
1494 1559 1805 1599 occurrere.

646 1632 665 1684 Ι
674 1633 760 1686 Ila.-
779 1643 951 1687 autem
973 1643 1323 1700 accesserunt,
1359 1643 1406 1688 et
1430 1645 1705 1689 tenuerunt
1727 1635 1881 1705 pedes
1909 1635 2041 1704 ejus.
2069 1634 2161 1689 Vi-

567 1727 815 1790 deamus,
847 1725 1068 1792 fratres,
1113 1727 1165 1780 in
1203 1727 1452 1782 Domimo
1500 1737 1814 1797 resurgente
1857 1742 1886 1781 a
1927 1729 2160 1783 mortuis

2268 563 2400 618 stus,
2433 563 2492 608 ut
2521 555 2771 609 inchoata
2797 557 3066 625 paschalis
3094 559 3271 629 gaudii
3290 561 3547 616 solemnia
3574 578 3674 619 nos
3697 568 3850 636 digne

2267 658 2522 714 peragere
2565 653 2622 700 et
2663 661 2761 717 per
2815 647 2927 703 haec
2976 650 3289 721 contingere
3331 653 3397 706 ad
3442 655 3638 724 gaudia
3694 656 3847 714 faciat

2268 736 2616 805 sempiterna,
2687 748 2981 809 praestante
3030 741 3148 812 ipso
3194 741 3424 798 Domino
3469 755 3657 804 nostra
3723 747 3845 805 Jesu

2265 823 2501 887 Christo.
2525 827 2767 897 quicum
2804 829 2909 884 Deo
2949 830 3112 886 Patre
3158 841 3213 886 ct
3239 831 3443 903 Spiritu
3487 846 3681 893 sancto
3725 841 3846 896 vivit

2265 927 2319 971 et
2361 929 2550 989 regnat
2597 920 2652 975 in
2693 921 2885 976 είυοιιιτι
2915 923 3254 978 surculorum.
3310 925 3502 980 Amen.

2840 1031 3120 1088 llOMlLlA
3152 1035 3237 1089 ΙΙΙ.

2714 1118 2766 1156 LV
2798 1117 2884 1156 [ΗΕ
2917 1119 3132 1159 SANCTE
3163 1114 3399 1161 ῐδλεειιῆῑ.

2369 1189 2552 1246 Lectio
2581 1190 2831 1262 Epistula:
2863 1193 3010 1247 Pauli
3043 1196 3268 1262 apostoli
3302 1198 3368 1249 ad
3398 1198 3736 1256 Corinthios.

2334 1277 2571 1343 Fratres,
2607 1294 2889 1353 expurgatu
2936 1295 3074 1338 vetus
3103 1283 3434 1353 fermentum.
3483 1300 3539 1343 ut
3570 1292 3687 1346 sitis
3727 1311 3844 1348 uera

2261 1371 2578 1440 conspersit),
2615 1373 2748 1426 sicut
2774 1374 2896 1426 estis
2921 1375 3112 1443 azymi.
3144 1374 3352 1430 Etenim
3392 1383 3586 1448 pascha
3619 1394 3846 1439 nostrum

2258 1461 2558 1517 immolatus
2584 1471 2658 1516 est
2707 1462 2962 1518 Christus.

2329 1553 2674 1611 Resurrectio
2726 1555 2934 1610 Domini
2981 1557 3151 1612 nostri
3205 1557 3329 1612 Jesu
3377 1559 3601 1626 Christi,
3657 1562 3843 1622 fratres

2259 1646 2584 1714 charissimi,
2641 1646 2800 1704 ﬁdem
2839 1657 3080 1703 nostram
3118 1651 3340 1705 roborat
3392 1669 3515 1708 cum
3562 1655 3702 1711 facta
3732 1675 3841 1712 ere-

2261 1737 2423 1802 ditur,
2468 1737 2893 1808 memoriamque
2947 1737 3064 1806 ejus
3114 1751 3340 1796 renovat
3385 1759 3504 1797 cum
3540 1745 3842 1801 solemniter

569 1818 854 1871 veritatem
912 1827 1113 1872 nostnc
1157 1818 1358 1882 carnis,
1410 1817 1688 1872 videamus
1733 1816 1961 1888 gloriam
2006 1832 2159 1873 nova:
2190 1806 2234 1864 Β
2261 1828 2582 1883 celebratur,
2625 1806 2866 1885 Denique
2892 1845 3013 1884 cum
3052 1839 3176 1886 ante
3203 1847 3376 1888 annos
3404 1835 3670 1904 plurimos
3699 1836 3842 1893 cmi-

571 1908 1010 1978 incorruptionis.
1085 1906 1346 1979 Superius
1392 1907 1589 1978 quippe
1634 1907 1832 1962 lectum
1887 1917 1973 1961 est
2029 1908 2156 1976 quia

566 1999 751 2052 clauso
801 1999 1038 2053 surrexit
1085 2008 1476 2064 monumento;
1547 2014 1688 2052 mine
1735 2007 1912 2052 autem
1963 1999 2157 2068 legitur

565 2091 706 2158 quod
756 2090 1012 2146 mulieres
1043 2099 1333 2145 tenuerunt
1363 2091 1528 2160 pedes
1556 2088 1674 2158 ejus
1718 2099 1771 2144 et
1795 2089 2158 2144 adoraverunt

564 2200 704 2236 (ιιιιιι.
745 2181 998 2237 Surrexit
1023 2183 1166 2237 enim
1189 2182 1374 2237 clauso
1398 2184 1536 2238 ostio
1563 2183 1895 2238 monumenti
1923 2193 1978 2237 ct
2001 2184 2151 2247 exiit,

563 2288 622 2330 ut
654 2277 956 2334 immortale
979 2277 1091 2348 jam
1122 2276 1321 2333 factum
1347 2278 1564 2333 doceret
1589 2292 1709 2332 esse
1739 2292 1956 2347 corpus,
2012 2277 2153 2346 quod

564 2372 616 2424 in
646 2380 992 2426 monumento
1043 2370 1283 2425 clausum
1313 2370 1489 2425 fuerat
1519 2379 1814 2424 mortuum.
1869 2369 2154 2423 Tenendas

567 2461 886 2517 mulieribus
927 2463 1157 2532 praebuit
1200 2461 1433 2531 plantas,
1512 2469 1572 2515 ut
1619 2476 1801 2514 veram
1846 2476 1904 2516 se
1955 2460 2156 2516 habere

565 2568 787 2607 carnem
844 2568 964 2622 qua:
992 2553 1312 2608 mortalibus
1347 2553 1491 2623 tangi
1537 2561 1720 2622 posset
1761 2553 2055 2606 intimaret.

635 2642 732 2706 Ite,
782 2643 978 2712 inquit,
1015 2643 1251 2696 nuntiate
1282 2641 1536 2710 fratribus
1558 2643 1686 2696 meis
1728 2651 1784 2694 ut
1813 2650 1930 2694 eant
1969 2642 2023 2694 in
2050 2638 2156 2694 Ga-

564 2731 782 2796 lilwam,
827 2733 898 2786 ibi
939 2749 1019 2787 me
1047 2731 1312 2786 videbunt.
1365 2731 1408 2787 Ο
1442 2732 1578 2786 mira
1615 2733 1789 2803 pictas
1839 2730 2152 2797 Salvatoris,

565 2825 698 2876 mira
762 2824 1107 2894 benignitas!
1153 2823 1298 2889 Quos
1346 2831 1471 2876 ante
1525 2823 1832 2891 passionem
1867 2822 2157 2891 discipulos

562 2926 615 2966 et
667 2913 959 2980 aliquando
992 2913 1154 2966 etiam
1208 2927 1394 2966 servos
1430 2925 1623 2964 vocare
1649 2919 2022 2973 consueverat,
2059 2912 2156 2966 bos

562 3015 680 3072 post
719 3005 1168 3060 resurrectionem
1207 3003 1407 3058 fratres
1440 3001 1692 3073 appellat,
1745 3010 1803 3054 ut
1831 3009 1886 3055 et
1913 2999 2154 3069 ejusdem

562 3112 618 3149 se
663 3095 1014 3149 immanitatis
1062 3110 1223 3163 quant
1279 3101 1333 3146 et
1385 3093 1648 3146 habuerat
1691 3089 1931 3144 habitum
1971 3106 2154 3145 resur-

2259 1926 2373 1972 stus
2400 1919 2779 1983 resurrexerit,
2834 1935 2939 1974 non
2965 1920 3198 1976 absurde
3225 1921 3453 1977 dicimus
3490 1927 3708 1993 quando
3751 1941 3840 1980 an-

2258 2009 2554 2063 niversario
2580 2009 2752 2064 reditu
2785 2010 2883 2064 ista
2911 2010 3223 2066 solemnitas
3256 2023 3634 2082 praesentatur.
3680 2016 3842 2072 Παξῐο

2261 2098 2513 2151 Dominus
2538 2099 2856 2154 resurrexit.
2881 2098 3031 2164 Quod
3058 2114 3188 2168 ergo
3210 2101 3366 2155 annis
3393 2103 3651 2160 omnibus
3680 2107 3838 2160 itera-

2259 2199 2346 2244 tur
2397 2205 2520 2245 cum
2573 2191 2718 2245 omni
2768 2191 3048 2245 devotione
3091 2205 3250 2260 agere
3288 2193 3566 2258 debemus,
3621 2197 3840 2264 etquo!

2257 2280 2422 2334 semel
2453 2279 2651 2336 factum
2680 2289 2780 2342 est,
2813 2282 2916 2334 fide
2946 2295 3166 2334 necesse
3190 2290 3357 2336 estut
3384 2291 3683 2340 teneamus.
3717 2285 3839 2338 Illud

2259 2370 2460 2424 factum
2492 2378 2579 2424 est
2631 2379 2688 2423 ut
2729 2356 3139 2435 redimeremur,
3173 2372 3274 2425 hoc
3302 2373 3608 2427 institutum
3642 2385 3727 2429 est
3779 2391 3839 2427 ne

2256 2461 2713 2515 oblivisceremur.
2746 2459 2877 2513 Nam
2909 2461 2998 2529 qui
3041 2461 3202 2515 ismm
3231 2461 3370 2516 diem
3401 2463 3560 2531 digne
3581 2464 3731 2532 cupit
3764 2481 3842 2518 ce-

2257 2551 2490 2617 lebrare,
2525 2553 2816 2605 meminere
2844 2551 3004 2605 debet
3039 2552 3179 2620 quod
3209 2551 3482 2619 apostolus
3521 2551 3721 2607 Paulus
3773 2555 3840 2605 ait

2259 2643 2310 2696 in
2355 2642 2604 2712 pnesenti
2665 2640 2895 2696 lectione
2929 2660 2941 2694 :
2983 2641 3284 2711 Expurgate
3323 2654 3466 2697 vetus
3508 2644 3839 2712 fermentum.

2259 2742 2313 2785 ut
2348 2733 2461 2786 sitis
2487 2749 2618 2786 nova
2657 2734 2948 2802 conspersio
2985 2734 3116 2787 sicut
3141 2737 3262 2788 estis
3289 2736 3482 2805 azymi.
3534 2736 3834 2790 Excluden-

2258 2826 2382 2881 dum
2405 2841 2534 2895 ergo
2560 2840 2720 2879 omne
2761 2825 3081 2879 fermentum
3110 2828 3314 2895 peccati
3354 2828 3420 2880 de
3442 2828 3700 2881 cordibus
3746 2844 3837 2880 no-

2257 2918 2384 2972 stris
2412 2925 2493 2970 est
2521 2925 2579 2970 ut
2601 2931 2732 2984 pura
2765 2924 2942 2968 mente
2979 2925 3033 2969 et
3049 2927 3195 2971 recta
3219 2917 3551 2972 conscientia
3582 2928 3840 2988 tanquam

2257 3021 2425 3076 panes
2475 3005 2651 3076 azymi
2690 3003 3002 3069 cllicianntr,
3052 3014 3111 3059 ut
3159 3015 3304 3062 recte
3361 3006 3570 3061 Pascha
3627 3007 3842 3062 Domini

2259 3098 2533 3152 celebrare
2558 3096 2844 3165 possimus.
2900 3096 3095 3149 Verum
3123 3097 3165 3150 si
3192 3095 3512 3151 fermentum
3546 3100 3759 3167 peccati
3791 3109 3842 3152 ct

562 3188 734 3255 gendo
777 3185 1130 3250 resumpsissc
1173 3191 1518 3246 monstraret,
1575 3193 1630 3235 et
1657 3180 1774 3236 illos
1822 3195 2034 3250 quoque
2083 3182 2149 3234 ad
2181 3154 2222 3214 Ο
2257 3189 2474 3241 malitia:
2532 3188 2584 3240 in
2620 3186 2781 3240 corde
2829 3199 3093 3250 tenemus,
3155 3202 3259 3240 non
3307 3202 3579 3242 tueremur
3634 3188 3845 3243 Pascha

562 3278 976 3347 promerendam
1008 3275 1466 3346 spectandumque
1501 3275 1555 3327 in
1581 3288 1674 3326 sua
1705 3286 1867 3326 carne
1894 3285 2147 3325 coronam

564 3369 1012 3433 immortalitatis,
1061 3383 1165 3438 qua
1207 3367 1320 3436 ipse.
1371 3368 1483 3436 jam
1515 3366 1922 3435 prwentinebat,
1971 3364 2140 3432 erige-

566 3472 663 3515 ret.
724 3461 866 3515 Sane
889 3461 1030 3530 quozl
1060 3476 1117 3514 se
1147 3460 1198 3513 in
1231 3458 1447 3512 Galilzea
1479 3455 1766 3511 videndum
1811 3472 1839 3508 a
1872 3455 2150 3524 discipulis

564 3554 832 3622 pl'tudixit,
874 3560 928 3605 et
956 3554 1096 3606 sicut
1132 3549 1407 3618 sequentia
1441 3547 1613 3603 sancti
1649 3545 1923 3617 Evangelii
1964 3545 2144 3598 decla-

566 3652 707 3708 rant,
753 3643 1015 3704 reshiimit,
1075 3642 1239 3694 etiam
1289 3640 1341 3693 in
1383 3639 1483 3692 hoc
1529 3638 1755 3706 mystice
1804 3645 1858 3690 ct
1891 3639 2145 3689 virtutem

563 3752 673 3788 sua:
704 3735 1116 3788 resurrectionis
1159 3741 1212 3786 et
1243 3741 1440 3784 nostra!
1479 3728 1779 3799 profectum
1812 3728 1937 3780 vita:
1984 3727 2144 3794 Spiri-

565 3828 684 3882 talis
743 3828 998 3880 insinuat.
1071 3823 1285 3879 Galilaaa
1335 3823 1530 3892 quippe
1583 3818 1968 3888 transmigratio
2006 3817 2146 3885 facta

566 3925 998 3992 interpretatur;
1042 3928 1096 3971 et
1143 3918 1282 3971 bene
1320 3917 1371 3970 in
1405 3914 1620 3970 Galilaca
1665 3913 1876 3966 videtur
1923 3927 1952 3964 a
1987 3911 2146 3964 disci-

562 4015 703 4082 pulis
740 4013 828 4082 qui
852 4010 966 4077 jam
999 4012 1063 4065 de
1087 4017 1260 4064 morte
1283 4008 1351 4061 ad
1386 4007 1572 4071 vitam,
1615 4007 1677 4057 de
1706 4005 2048 4072 corruptione
2080 4003 2146 4056 ad

563 4102 1045 4172 itn:orruplionem,
1101 4101 1166 4153 de
1201 4113 1355 4168 pcena
1402 4096 1882 4164 transmigravet'at
1921 4094 1988 4146 ad
2036 4092 2148 4160 glo—

565 4195 724 4259 riam,
786 4202 844 4245 ut
873 4191 1149 4245 victoriam
1186 4186 1596 4243 resurrectionis
1627 4201 1732 4236 nou
1761 4184 1932 4237 solum
1961 4190 2143 4234 osten-

564 4288 715 4340 sione
740 4283 983 4352 corporis
1007 4290 1060 4335 et
1084 4279 1456 4342 exhortatione
1486 4275 1774 4337 sermonis,
1811 4273 1905 4327 sed
1931 4274 2148 4326 nomine

565 4390 778 4445 quoque
826 4373 923 4426 loci
977 4372 1028 4424 in
1084 4385 1191 4440 quo
1250 4374 1555 4438 appareret,
1611 4376 1667 4417 et
1709 4363 2018 4430 loqueretur
2069 4361 2149 4415 eis

566 4466 986 4522 commendaret.
1046 4459 1151 4515 Sed
1172 4458 1451 4527 ctnosipsi
1512 4456 1706 4527 gaudio
1737 4453 2147 4507 resurrectionis

563 4559 680 4627 ejus
711 4558 781 4610 ita
811 4553 980 4608 solum
1011 4562 1139 4629 tunc
1179 4549 1280 4602 frui
1334 4547 1592 4608 valemus,
1643 4545 1685 4597 si
1734 4559 1876 4598 nunc
1923 4544 1987 4597 de
2032 4558 2151 4595 cor-

567 4648 773 4718 ruptela
822 4645 1071 4698 vitiorum
1127 4640 1193 4693 ad
1242 4640 1499 4691 virtutum
1543 4650 1707 4703 opera
1767 4633 2153 4698 transmigrare

567 4738 879 4809 satagimus.
915 4733 1064 4790 Unde
1090 4729 1388 4784 curandum
1417 4738 1774 4793 summopere,
1806 4721 2000 4775 fratres
2025 4721 2149 4782 mei,

566 4840 625 4884 ut
655 4829 781 4898 quia
837 4821 1250 4880 resurrectionis
1294 4817 1502 4873 Domini
1551 4825 1604 4868 et
1645 4813 1944 4867 Sulvatoris
1983 4811 2153 4864 nostri

569 4929 781 4988 tet'npus
829 4914 1144 4985 agnovimus
1189 4909 1313 4978 quia
1364 4907 1480 4977 ejus
1521 4905 1778 4959 solemnia
1819 4902 2153 4956 celebramus

569 5008 838 5064 continuis
873 5007 1141 5059 bonorum
1163 5014 1386 5070 operum
1411 4995 1758 5066 profectibus,
1813 4993 1878 5045 ad
1909 4999 2150 5045 eontem-

567 5101 819 5172 plandatn
848 5096 964 5164 ejus
990 5093 1362 5150 celsitudinem
1390 5087 1853 5151 transmigrcmus.
1885 5083 2019 5147 Quia
2058 5097 2152 5133 no-

570 5201 696 5249 stra:
723 5185 1134 5246 resurrectionis
1165 5195 1373 5250 tempus
1409 5181 1738 5249 ignoramus,
1787 5175 1927 5243 quod
1973 5181 2149 5224 tamen

573 5283 811 5336 futurum
866 5276 1012 5331 nullo
1040 5273 1195 5328 modo
1251 5269 1591 5338 ambigimus,
1659 5274 1712 5319 et
1739 5263 1884 5316 muni
1937 5259 2149 5329 quidem

573 5380 627 5426 et
655 5371 707 5423 in
747 5368 848 5421 hac
876 5363 1145 5434 praecipue
1176 5368 1332 5413 nocte
1359 5372 1458 5426 pro
1487 5354 1601 5422 ejus
1629 5361 2028 5421 exspectatione
2076 5349 2152 5402 vi-

573 5462 727 5532 gilias
767 5470 1010 5528 agamus,
1049 5453 1393 5506 Obsecremus
1427 5445 1851 5501 miscricordiam
1885 5443 2022 5495 illius
2061 5439 2151 5507 qui

577 5558 880 5622 susceptam
917 5563 1012 5616 pro
1033 5545 1188 5599 nobis
1234 5541 1508 5597 humiliter
1543 5546 1771 5591 mortem
1827 5551 1949 5588 mox
1993 5532 2156 5587 subli—

578 5643 737 5697 miter
765 5639 1054 5710 superavit,
1096 5644 1155 5690 ut
1185 5642 1382 5688 nostra:
1414 5646 1511 5686 nos
1539 5640 1777 5698 tempore
1811 5625 2158 5682 resurrectio-

581 5736 662 5790 nis
703 5735 768 5786 de.
795 5740 966 5787 morte
994 5730 1060 5782 ad
1092 5729 1252 5781 vitam
1299 5722 1690 5792 transmigrare
1716 5719 1996 5777 concedat.
2052 5718 2157 5772 llo-

2252 3277 2463 3333 Domini
2491 3277 2787 3340 celebrare,
2817 3285 2871 3330 et
2899 3276 3019 3328 ideo
3045 3276 3329 3345 Apostolus
3357 3278 3428 3330 ait
3461 3295 3473 3330 :
3526 3277 3844 3348 Expurgate

2251 3378 2390 3424 vetus
2413 3368 2750 3434 fermentum,
2773 3377 2825 3419 ut
2850 3367 2962 3419 sitis
2996 3384 3124 3420 nova
3145 3369 3460 3436 conspersio,
3495 3371 3626 3422 sicut
3665 3373 3846 3440 azymi

2251 3459 2390 3512 estis.
2421 3457 2607 3527 Azymi
2641 3473 2844 3515 sumus.
2893 3457 2936 3510 si
2982 3457 3140 3510 alieni
3169 3473 3354 3512 sumus
3401 3459 3470 3511 ab
3501 3461 3647 3514 omni
3701 3479 3844 3516 coa-

2249 3550 2543 3618 seriptioue
2610 3549 2831 3617 peccati.
2898 3547 3164 3600 Modicum
3207 3548 3351 3601 enim
3395 3549 3733 3617 fermentum,
3791 3562 3843 3602 nt

2254 3641 2533 3711 Apostolus
2556 3640 2653 3703 ait,
2685 3648 2842 3692 totam
2868 3655 3095 3691 massam
3121 3640 3405 3708 corrmupit
3434 3656 3451 3700 ;
3494 3648 3549 3693 et
3579 3641 3699 3694 ideo
3747 3657 3840 3694 ex“-

2249 3746 2480 3800 purgare
2525 3728 2831 3796 ctabjicere
2864 3729 3118 3782 debemus
3147 3744 3176 3780 a
3207 3729 3361 3782 nobis
3405 3745 3564 3782 omne
3610 3729 3842 3784 fermen-

2252 3838 2361 3885 tum
2402 3821 2607 3889 peccati
2657 3828 2715 3872 ut
2746 3817 2847 3872 frui
2881 3828 3042 3872 tantte
3065 3819 3283 3873 Pascha:
3321 3819 3681 3874 solemnitatis
3729 3839 3842 3875 me-

2251 3929 2483 3967 reamur.
2523 3911 2657 3978 Quia
2679 3910 2967 3979 participes
2999 3925 3129 3980 ergo
3161 3925 3258 3965 nos
3307 3907 3486 3964 facere
3511 3920 3714 3964 sancta
3746 3913 3845 3966 Pa-

2249 4003 2393 4056 sclne
2448 4001 2706 4053 Dominus
2751 3999 2936 4062 voluit,
2988 4014 3204 4053 oremus
3257 4007 3314 4051 ut
3342 4009 3685 4054 sacramenta
3727 4001 3842 4069 ejus

2249 4093 2408 4160 digne
2439 4105 2739 4150 sumamus,
2771 4097 2824 4140 ut
2855 4088 2975 4156 jure
3007 4088 3434 4142 benedictionem
3463 4088 3682 4144 Domini
3713 4107 3842 4146 con-

2249 4183 2398 4250 sequi
2450 4195 2768 4234 mereamur.
2821 4179 2942 4233 llaec
2965 4186 3068 4242 est,
3118 4179 3442 4242 charissimi,
3491 4180 3611 4235 dies
3655 4181 3839 4235 Domi-

2250 4275 2382 4326 nicze
2408 4271 2816 4325 resurrectionis
2864 4280 2915 4323 et
2941 4277 3136 4323 nostrtc
3175 4269 3382 4322 initium
3426 4270 3837 4340 redemptionis.

2250 4361 2373 4415 llaec
2397 4370 2496 4424 est,
2549 4361 2786 4429 inquam,
2834 4360 2947 4412 dies
2971 4374 3129 4428 quam
3168 4358 3296 4413 fecit
3324 4359 3609 4413 Dominus.
3642 4360 3840 4415 Exsul-

2253 4459 2424 4504 temus
2447 4450 2500 4502 in
2529 4465 2608 4512 ea,
2659 4451 2795 4502 hanc
2816 4464 3004 4502 omnes
3029 4463 3160 4502 voce
3189 4464 3444 4514 consona,
3476 4449 3596 4503 lteto
3624 4450 3840 4519 spiritu,

2255 4545 2416 4596 corde
2445 4541 2678 4596 contrito
2699 4541 3055 4602 celebremus,
3106 4547 3161 4593 et
3196 4555 3419 4608 agatnus
3452 4541 3759 4607 spiritalem
3790 4541 3842 4593 in

2256 4633 2474 4702 psalmis
2523 4639 2576 4685 et
2615 4631 2826 4700 hymnis
2855 4630 3093 4684 laetitiam
3145 4630 3196 4683 in
3223 4632 3537 4683 memoriam
3571 4633 3844 4700 passionis

2257 4736 2311 4780 et
2351 4723 2758 4779 resurrectionis
2797 4721 2992 4776 Christi
3047 4723 3098 4774 in
3131 4737 3225 4790 spe
3257 4721 3451 4775 futura:
3491 4722 3637 4775 Viue.
3701 4723 3843 4777 Ecce

2258 4817 2357 4870 ista
2381 4817 2486 4880 die,
2537 4815 2750 4883 quando
2782 4814 3080 4868 audivimus
3129 4813 3376 4878 Alleluia,
3439 4815 3846 4882 quodammodo

2258 4907 2469 4960 la-tatur
2515 4906 2737 4973 spiritus
2760 4915 2966 4966 noster,
3013 4901 3424 4970 ctjueuntiitate
3452 4910 3596 4957 totus
3625 4905 3848 4973 perfun-

2257 4998 2436 5051 ditur:
2471 4994 2694 5048 Alleluia
2725 5009 2956 5060 namque
2987 4991 3102 5045 Iaus
3133 4993 3186 5045 in
3212 4990 3426 5045 excelsis
3454 4991 3684 5046 Domino
3712 4995 3846 5047 dici-

2259 5097 2362 5141 tur.
2392 5087 2530 5152 Quia
2560 5085 2714 5138 nobis
2739 5084 2988 5138 convenit
3023 5093 3080 5136 ut
3106 5083 3295 5134 devota
3331 5089 3510 5134 mente
3530 5084 3678 5134 omni
3710 5093 3846 5134 tetu-

2257 5194 2405 5247 pure,
2433 5177 2517 5231 die
2544 5184 2719 5228 tamen
2745 5175 2843 5227 isto
2873 5174 3138 5242 prtecipue
3159 5171 3369 5223 laudem
3397 5170 3448 5221 in
3475 5169 3714 5223 excelsis
3748 5171 3845 5222 Du«

2260 5269 2404 5322 mino
2443 5268 2805 5326 decantemus,
2840 5264 3016 5326 idest,
3068 5277 3171 5316 non
3195 5261 3366 5315 solum
3398 5273 3514 5322 ore,
3556 5261 3652 5312 sed
3677 5262 3845 5313 etiam

2259 5374 2419 5428 opere
2445 5356 2679 5427 perfecte
2723 5355 3004 5409 Dominum
3045 5361 3286 5406 nostrum
3337 5366 3468 5404 voce
3503 5360 3559 5404 et
3580 5351 3755 5404 corde
3799 5353 3846 5402 i‘t

2260 5450 2504 5502 laudibus
2530 5448 2797 5501 exsultare
2826 5446 3154 5508 studi-anuis,
3185 5454 3243 5496 ut
3280 5459 3378 5497 nos
3409 5443 3459 5496 in
3485 5443 3702 5497 etnlesti
3739 5446 3846 5496 vita

2260 5555 2356 5608 per
2382 5538 2530 5592 illum
2565 5537 2833 5590 exsultare
2863 5549 3182 5597 mercamur,
3211 5534 3299 5602 qui
3326 5548 3448 5587 cum
3479 5533 3590 5586 Deo
3629 5541 3691 5586 et
3722 5531 3846 5600 Spi-

2262 5630 2367 5682 ritu
2395 5635 2578 5682 sancto
2616 5627 2744 5679 vivit
2766 5634 2820 5679 et
2855 5631 3040 5694 regnat
3071 5638 3208 5677 ιιι-ιειε
3239 5623 3376 5677 Deus
3421 5637 3522 5690 per
3561 5621 3848 5676 immorta-

2264 5717 2330 5771 lia
2373 5717 2565 5772 smcula
2596 5716 2932 5770 seculorum.
2989 5715 3177 5766 Amen.
