3922 6320
242 295 331 350 lii
1346 293 1648 353 ilOMll.l.F.
1690 293 1752 348 IN
1790 292 2039 350 EV'ANG.
2083 293 2170 348 ET
2206 289 2422 346 EPlS'l‘.

816 404 1094 462 HOMILIA
1128 406 1214 461 IV.

626 513 757 554 tua
785 515 837 552 IN
869 515 955 553 ωε
983 513 1200 554 εΑΝοτ-,ε
1231 513 1462 553 ΡΑΒΩΗΒ.

383 585 577 643 Lectio
598 589 772 643 sancti
795 587 1066 658 Evangelii
1093 588 1384 643 secundum
1409 586 1668 642 Marcum.

318 674 499 730 Maria
551 675 869 746 Hagdalene
929 689 977 731 et
1028 676 1206 731 Maria
1253 677 1460 740 Jacobi,
1508 686 1554 730 et
1611 674 1825 732 Salonae

243 775 481 821 emerunt
511 776 750 822 aromata
792 777 848 821 ut
892 768 1146 823 venientes
1183 777 1429 838 ungerent
1460 764 1494 820 Ι
1501 782 1642 820 esum

315 857 580 924 Audistis,
630 857 827 916 fratres
871 860 1196 923 cliarissimi,
1238 859 1381 930 quod
1411 868 1611 912 sanetae
1641 855 1828 911 mulie-

248 961 338 1002 res
397 963 520 1018 quae
570 950 854 1004 Dominum
911 948 1126 1004 fuerant
1189 954 1389 1006 secuta:
1437 963 1559 1004 cum
1617 961 1829 1001 areum-

247 1037 414 1102 tibus,
463 1037 531 1092 ad
571 1048 978 1093 monumentum
1033 1046 1320 1103 venerunt,
1394 1045 1449 1092 et
1499 1051 1622 1090 eum
1669 1048 1829 1103 quem

248 1125 519 1181 viventem
577 1127 881 1183 dilexerant
933 1137 990 1183 et
1036 1126 1149 1196 jam
1199 1138 1414 1182 mortuo
1478 1124 1830 1180 humanitatis

246 1217 638 1287 obsequuntur.
673 1218 781 1274 Sed
837 1234 924 1275 res
955 1228 1102 1291 gesta
1148 1218 1350 1290 aliquid
1403 1219 1455 1272 in
1497 1225 1682 1272 sancta
1732 1214 1831 1269 Ec-

247 1309 411 1363 clesia
464 1310 640 1381 signat
707 1311 1038 1382 gerendum;
1101 1312 1181 1366 sic
1225 1311 1420 1380 quippe
1468 1321 1687 1363 necesse
1750 1312 1832 1360 est

248 1406 311 1450 ut
340 1398 622 1454 audiamus
671 1416 792 1470 qua:
841 1399 982 1455 facta
1028 1408 1174 1466 sunt,
1218 1410 1486 1469 quatenus
1538 1397 1834 1467 cogitemus

247 1481 414 1536 etiam
439 1499 561 1552 qua:
598 1485 754 1539 nobis
780 1493 907 1541 sunt
930 1501 992 1540 ex
1020 1502 1211 1542 eorum
1237 1486 1536 1541 imitatione
1556 1483 1830 1548 facienda;

250 1579 307 1624 et
355 1587 456 1626 nos
485 1588 616 1644 ergo
660 1575 714 1629 in
751 1589 818 1630 eo
863 1576 954 1646 qui
997 1585 1081 1632 est
1126 1585 1374 1633 mortuus
1427 1577 1733 1640 credentes,
1787 1573 1832 1628 si

250 1662 419 1718 odore
470 1664 728 1720 virtutum
763 1665 946 1722 referti
969 1683 1092 1723 cum
1124 1667 1377 1737 opinione
1399 1668 1662 1723 bonorum
1705 1679 1836 1736 ope-

253 1769 373 1806 rum
423 1755 712 1811 Dominum
767 1759 1083 1827 quzerimus,
1137 1759 1207 1814 ad
1246 1767 1655 1814 monumentum
1709 1741 1909 1827 pro-B

252 1842 396 1898 feeto
452 1843 593 1900 illius
647 1862 769 1901 cum
809 1848 1143 1903 aromatibus
1193 1849 1456 1902 venimus.
1506 1847 1614 1901 lllze
1655 1855 1836 1901 autem

254 1935 510 1990 mulieres
554 1938 775 2008 angelos
805 1939 990 1994 vident
1022 1954 1142 2009 qua:
1164 1954 1287 1995 eum
1310 1938 1641 1993 aromatibus
1678 1951 1838 1992 vene-

254 2021 403 2089 runt,
431 2026 558 2096 quia
588 2027 837 2090 videlicet
869 2028 971 2084 illa:
995 2037 1203 2084 mentes
1232 2043 1495 2098 supernos
1524 2029 1668 2083 cives
1693 2029 1837 2098 aspi-

255 2117 429 2182 ciunt,
459 2133 580 2187 quae
607 2133 731 2172 cum
756 2119 1014 2173 virtutum
1044 2119 1302 2174 odoribus
1323 2120 1390 2172 ad
1430 2119 1708 2172 Dominum
1739 2133 1838 2188 per

254 2216 445 2264 sancta
465 2209 729 2264 desideria
762 2211 1200 2281 proﬁciscuntur.
1251 2210 1555 2266 Notandum
1583 2225 1710 2265 vero
1735 2225 1836 2264 no-

255 2297 340 2353 bis
362 2307 471 2364 est,
525 2301 784 2370 quidnam
815 2303 886 2356 sit
913 2303 1056 2371 quod
1087 2302 1143 2356 in
1167 2301 1371 2356 dextris
1401 2301 1588 2356 sedere
1617 2299 1839 2370 angelus

255 2391 518 2445 cernitur.
558 2391 692 2458 Quid
719 2408 950 2461 namque
988 2407 1083 2463 per
1105 2394 1380 2447 sinistram
1433 2393 1534 2446 nisi
1557 2393 1664 2445 vita
1700 2406 1840 2460 pra:-

255 2483 418 2538 sens?
441 2481 582 2548 Quid
607 2497 735 2536 vero
767 2499 864 2553 per
887 2484 1130 2540 dextram
1168 2485 1286 2540 nisi
1335 2494 1592 2554 perpetua
1620 2485 1732 2538 vita
1766 2484 1840 2539 si-

235 2575 490 2644 .gnatur?
515 2574 664 2630 Unde
685 2576 943 2645 scriptum
957 2583 1040 2631 est
1061 2591 1075 2630 :
1097 2575 1248 2630 Larva
1269 2575 1380 2644 ejus
1403 2576 1495 2629 sub
1516 2575 1680 2643 capite
1703 2589 1837 2639 meo,

254 2673 302 2717 et
329 2663 544 2717 dextera
572 2662 714 2717 illius
739 2662 1121 2734 amplexabitur
1141 2681 1238 2718 me.
1265 2664 1399 2730 Quia
1429 2664 1589 2733 igitur
1610 2661 1841 2717 Redem-

255 2761 380 2821 ptor
396 2765 581 2806 noster
600 2751 712 2820 jam
741 2755 1024 2823 praesentis
1049 2755 1173 2808 vita:
1193 2755 1590 2824 corruptionem
1610 2753 1839 2808 transie-

259 2852 363 2907 rat,
393 2843 485 2912 qui
530 2844 781 2898 nuntiare
826 2859 1114 2914 perennem
1156 2843 1271 2911 ejus
1302 2845 1467 2898 vitam
1511 2852 1752 2904 venerat,
1785 2843 1838 2896 in

259 2935 450 2988 dextra
509 2936 758 2999 sedebat;
805 2936 904 3004 .qui
951 2935 1087 2990 stola
1130 2937 1359 2991 candida
1406 2944 1690 3005 coopertus
1747 2950 1841 3004 ap-

260 3027 460 3096 paruit,
500 3027 626 3094 quia
679 3026 988 3080 festivitatis
1037 3034 1235 3080 nostra:
1287 3027 1480 3095 gaudia
1539 3024 1833 3087 nuntiavit;

259 3117 465 3169 candor
493 3116 690 3170 etenim
721 3115 884 3170 vestis
927 3115 1265 3184 splendorem
1313 3125 1508 3168 nostra:
1559 3115 1837 3169 denuntiat
1865 3085 1908 3146 Ο

261 3205 639 3259 solemnitatis.
675 3204 881 3259 Nostra:
919 3206 1182 3268 dieainns,
1233 3220 1299 3266 an
1351 3205 1492 3259 sum?
1537 3204 1640 3257 Sed
1675 3212 1730 3255 ut
1761 3204 1832 3256 l’a-

265 3305 474 3349 teamur
501 3295 701 3359 verius,
723 3303 776 3348 et
801 3310 912 3348 sua:
949 3295 1190 3349 dicamus
1209 3303 1262 3347 et
1285 3303 1498 3348 nostrae.
1527 3293 1615 3346 llla
1646 3294 1841 3362 quippe

265 3385 642 3452 Redemptoris
686 3385 854 3438 nostri
889 3385 1234 3448 resurrectio,
1261 3393 1316 3439 et
1362 3392 1544 3439 nostra
1575 3382 1841 3438 festivitas

265 3477 389 3541 fuit,
428 3478 556 3546 quia
603 3492 699 3531 nos
741 3478 808 3531 ad
845 3478 1306 3531 immortalitatem
1336 3476 1567 3542 reduxit,
1599 3484 1652 3531 et
1683 3490 1842 3548 ange-

265 3570 440 3621 lorum
485 3566 747 3621 festivitas
797 3567 1044 3630 exstitit,
1094 3569 1219 3636 quia
1276 3580 1375 3620 nos
1429 3565 1730 3619 revocando
1774 3565 1842 3618 ad

262 3657 508 3712 cmlestia
536 3671 723 3708 eorum
754 3670 1036 3710 numerum
1091 3655 1346 3724 implevit.
1395 3655 1450 3708 In
1490 3669 1586 3707 sua
1625 3667 1752 3724 ergo
1780 3670 1842 3708 ac

264 3757 457 3801 nostra
509 3744 798 3798 festivitate
848 3744 1072 3813 angelus
1118 3744 1168 3798 in
1208 3743 1343 3798 albis
1390 3745 1630 3799 vestibus
1681 3759 1844 3812 appa-

266 3835 415 3896 ruit,
465 3833 590 3902 quia
641 3833 766 3886 dum
820 3847 918 3886 nos
960 3847 1056 3899 per
1102 3831 1549 3885 resurrectionem
1604 3832 1844 3886 Domini-

267 3939 389 3978 cam
424 3924 489 3976 ad
526 3937 758 3991 superna
800 3923 1137 3984 reducimur,
1167 3922 1400 3975 cmlestis
1435 3923 1621 3989 patriae
1649 3923 1844 3975 damna

268 4023 613 4084 reparantur.
647 4014 750 4069 Sed
777 4013 905 4083 quid
933 4013 1209 4068 venientes
1236 4012 1462 4067 feminas
1512 4013 1704 4066 allatur
1746 4028 1843 4066 au-

269 4107 501 4157 dimnus.

347 4191 524 4244 Nolite
567 4207 919 4260 expavescere.
949 4189 1027 4243 Ac
1058 4190 1100 4244 si
1130 4198 1313 4257 aperte
1359 4191 1498 4242 dicat
1549 4208 1559 4241 :
1611 4189 1849 4243 Paveant

271 4281 346 4334 illi
377 4281 466 4348 qui
508 4296 612 4334 non
657 4287 841 4333 amant
888 4279 1172 4332 adventum
1210 4293 1562 4346 supernorum
1610 4279 1843 4341 civium;

271 4373 660 4441 pertimescant
689 4371 777 4438 qui
817 4369 1122 4423 carnalibus
1149 4369 1430 4422 desideriis
1461 4369 1628 4438 pressi
1659 4370 1724 4421 ad
1752 4385 1847 4421 eo-

274 4478 395 4514 rum
426 4476 484 4513 se
532 4461 840 4512 societatem
869 4459 1174 4530 pertingere
1220 4474 1376 4530 posse
1406 4461 1708 4528 desperant.
1745 4460 1848 4514 Vos

272 4560 455 4604 autem
499 4564 595 4602 cur
643 4549 1021 4616 pertimescitis
1061 4549 1149 4616 qui
1181 4558 1388 4602 vestros
1435 4549 1682 4602 concives
1705 4548 1851 4602 vide-

275 4644 390 4696 tis?
429 4640 579 4694 Unde
617 4649 672 4694 et
706 4639 984 4694 Mattlneus
1029 4640 1276 4708 angelum
1317 4641 1627 4709 apparuisse
1651 4640 1852 4693 desci-

275 4734 442 4793 licus,
475 4733 548 4784 ait
582 4750 594 4784 :

354 4821 483 4872 lfrut
509 4831 746 4888 aspectus
771 4821 887 4889 ejus
923 4829 1056 4873 sicut
1085 4821 1285 4891 fulgur,
1314 4832 1359 4874 et
1405 4823 1696 4875 vesimcuta
1737 4824 1850 4892 ejus

275 4912 508 4966 candida
539 4913 671 4964 sicut
700 4911 817 4964 nix:
854 4911 909 4963 ln
950 4910 1156 4980 fulgure
1183 4913 1379 4966 etenim
1437 4921 1607 4968 terror
1647 4905 1869 4967 timoris

274 5012 395 5064 est,
435 5001 488 5053 in
542 5001 664 5054 nive
709 5010 885 5054 autem
933 5001 1351 5054 blandimentum
1399 5004 1662 5056 candoris.
1717 5002 1853 5068 Quia

275 5106 412 5144 vero
447 5091 792 5158 omnipotens
821 5089 977 5151 Deus,
1013 5099 1066 5142 et
1091 5091 1344 5143 terribilis
1376 5101 1460 5143 est
1484 5093 1852 5160 peccatoribus

277 5187 338 5232 et
374 5177 604 5231 blandus
645 5176 828 5245 justis,
882 5189 1024 5231 recte
1075 5179 1222 5232 testis
1274 5181 1680 5233 resurrectionis
1735 5179 1853 5247 cjus

278 5267 506 5336 angelus
550 5277 606 5320 et
645 5267 698 5320 in
733 5267 938 5336 fulgure
971 5268 1146 5321 vultus
1197 5277 1252 5321 et
1287 5267 1337 5320 in
1381 5271 1611 5323 candore
1641 5270 1854 5323 habitus

276 5359 711 5419 demonstratur,
740 5365 796 5409 ut
839 5358 904 5411 de
935 5358 1047 5424 ipsa
1074 5371 1166 5409 sua
1212 5358 1387 5424 specie
1427 5367 1480 5411 et
1513 5367 1736 5411 terreret
1773 5373 1856 5411 re—

277 5447 482 5515 probus
508 5455 564 5501 et
599 5445 858 5499 mulceret
903 5447 1040 5515 pios.
1092 5445 1238 5498 Unde
1267 5456 1412 5499 recte
1453 5460 1663 5514 quoque
1691 5460 1856 5514 popu-

277 5533 393 5590 inm
447 5551 548 5606 per
593 5537 864 5591 desertum
925 5537 1253 5607 gradientem
1314 5534 1558 5589 columna
1615 5535 1751 5606 ignis
1802 5535 1854 5588 in

281 5637 442 5684 nocte
487 5638 546 5684 et
598 5627 851 5682 columna
891 5630 1046 5682 nubis
1107 5629 1326 5696 praeibat
1379 5629 1428 5682 in
1482 5629 1585 5682 die.
1631 5626 1686 5680 lu
1736 5628 1856 5697 igne

3404 288 3506 342 ΗΞ

1847 406 1900 465 Α
1923 403 2122 459 etenim
2149 412 2327 455 terror
2348 409 2452 460 est.
2486 399 2538 451 in
2583 400 2721 454 nube
2753 407 2935 454 autem
2970 401 3190 456 visionis
3211 401 3330 456 lene
3354 401 3505 457 blan-

1924 490 2237 545 dimentum.
2267 489 2392 544 Dies
2442 505 2569 544 vero
2618 490 2780 558 justi,
2836 499 2892 544 ct
2938 506 3048 544 nov
3093 491 3352 562 accipitur
3394 493 3506 547 vita

1922 578 2254 650 peccatoris;
2309 577 2451 632 unde
2492 586 2547 632 et
2588 579 2865 634 conversis
2903 580 3282 649 peccatoribus
3311 580 3508 637 Paulus

1924 671 2056 727 dicit
2087 689 2100 724 :
2136 669 2340 725 Fuistis
2369 669 2653 740 aliquando
2682 673 2926 736 tenebrat,
2971 689 3108 727 mmc
3133 682 3306 727 autem
3336 672 3428 728 lux
3453 675 3507 728 in

1928 762 2168 816 Domino.
2197 761 2254 814 ln
2281 761 2369 816 die
2403 777 2534 831 ergo
2577 775 2674 830 per
2707 763 2904 818 nubem
2936 763 3183 819 columna
3212 774 3507 821 monstrata

1926 861 2028 917 est,
2057 861 2114 907 et
2136 853 2188 906 in
2228 862 2383 907 nocte
2409 866 2508 922 per
2545 853 2747 922 ignem,
2773 855 2866 923 qui
2895 857 3238 930 omnipotens
3268 857 3411 913 Deus
3455 866 3512 916 et

1926 943 2156 998 blandus
2179 943 2340 1013 justis
2378 952 2434 1000 et
2462 944 2720 999 terribilis
2760 945 3041 1015 apparebit
3088 944 3302 1014 injustis
3336 965 3348 1000 :
3377 948 3509 1002 istos

1929 1037 1983 1092 in
2008 1037 2210 1107 judicio
2236 1037 2460 1093 veniens
2499 1053 2596 1106 per
2625 1037 2866 1094 lenitatis
2918 1038 3374 1094 mansuetudinem
3417 1039 3502 1094 dc-

1930 1129 2150 1194 mnleet,
2187 1112 2458 1184 illosuvero
2503 1145 2598 1198 per
2623 1129 2847 1200 justitize
2890 1127 3282 1184 districtiouem
3322 1138 3506 1185 terret.

1932 1217 2038 1272 Sed
2055 1217 2166 1287 jam
2206 1216 2332 1285 quid
2356 1217 2576 1286 angelus
2596 1218 2885 1288 subjungat
2914 1218 3215 1272 audiamus.

2000 1307 2183 1361 Iesum
2208 1293 2447 1375 quarritis
2500 1307 2860 1362 Nazarenum.
2892 1307 3051 1364 Iesus
3080 1308 3275 1363 Latino
3303 1307 3515 1378 eloquio

1932 1397 2205 1462 salutaris,
2232 1397 2285 1452 id
2315 1405 2399 1452 est
2421 1395 2664 1452 Salvator
2691 1397 3092 1467 interpretatur.
3115 1397 3183 1452 At
3209 1414 3341 1452 vero
3363 1399 3515 1453 multi

1935 1496 2063 1542 tunc
2087 1485 2247 1542 Jesus
2278 1487 2386 1542 dici
2431 1495 2704 1557 poterant,
2735 1503 2842 1542 non
2873 1479 3056 1542 tamen
3091 1489 3518 1544 substantialitcr

1933 1577 2028 1631 sed
2079 1577 2476 1647 nuncupative;
2527 1577 2648 1632 ideo
2685 1587 2742 1633 et
2785 1578 2936 1633 locus
2961 1577 3322 1647 subjungitur,
3353 1587 3411 1634 ut
3453 1580 3520 1632 de

1935 1680 2044 1736 quo
2079 1665 2208 1723 Iesu
2258 1667 2461 1722 dictum
2510 1667 2584 1722 sit
2617 1665 3014 1732 manifestetur,
3043 1667 3402 1722 Nazarenam.
3453 1669 3522 1723 Et

1935 1774 2156 1814 causam
2205 1759 2454 1830 protinus
2505 1759 2726 1825 subdit,
2769 1759 3113 1828 cruciﬁxum;
3159 1767 3321 1828 atque
3371 1758 3522 1814 addi-

1937 1849 2017 1903 dit
2042 1867 2056 1900 :

2009 1940 2250 1995 Surrexit
2274 1957 2378 1996 non
2408 1951 2482 1995 est
2514 1941 2619 1996 hic.
2650 1941 2773 1996 Non
2803 1952 2878 1996 est
2923 1943 3006 1995 hic
3041 1941 3239 1996 dicitur
3262 1956 3358 2011 per
3385 1956 3522 2011 prte-

1937 2032 2168 2087 sentiam
2191 2034 2392 2096 carnis,
2417 2034 2510 2103 qui
2542 2044 2719 2088 tamen
2745 2047 3007 2104 nusquam
3035 2031 3222 2088 deerat
3255 2048 3354 2103 per
3387 2049 3524 2102 pra:-

1937 2127 2169 2181 sentiam
2198 2128 2515 2198 majestatis.

2008 2216 2112 2273 Sed
2139 2219 2228 2283 ite,
2255 2219 2413 2273 d'cite
2449 2219 2721 2291 discipulis
2749 2222 2862 2290 ejus
2888 2229 2937 2274 et
2988 2218 3148 2274 Petro
3180 2236 3306 2292 quia
3332 2235 3525 2290 pm'cc-

1937 2309 2023 2360 det
2046 2324 2136 2362 vos
2175 2309 2233 2361 in
2259 2305 2558 2363 Galilmam.
2591 2308 2954 2376 Quaerendum
2995 2310 3152 2365 nobis
3188 2317 3272 2365 est
3303 2325 3401 2364 cur
3430 2325 3526 2364 no-

1938 2395 2162 2451 minatis
2185 2395 2463 2466 discipulis
2487 2395 2680 2452 Petrus
2703 2398 3016 2470 designetur
3043 2413 3110 2454 ex
3144 2398 3398 2454 nomine?
3419 2397 3526 2453 Sed

1939 2488 1982 2541 si
2015 2489 2159 2543 hunc
2185 2486 2407 2558 angelus
2434 2487 2752 2542 nominatim
2786 2505 2892 2542 non
2919 2489 3269 2559 exprimeret,
3297 2489 3387 2558 qui
3415 2503 3527 2543 ma-

1938 2577 2164 2648 gistrum
2185 2588 2474 2648 negaverat
2486 2580 2670 2634 venire
2686 2579 2828 2632 inter
2843 2579 3134 2649 discipulos
3155 2593 3260 2634 non
3283 2579 3524 2633 auderet.

1942 2668 2178 2722 Vocatur
2204 2679 2332 2738 ergo
2354 2682 2424 2722 ex
2450 2668 2666 2724 nomine
2700 2684 2770 2723 ne
2798 2669 3111 2738 desperaret
3131 2684 3197 2722 ex
3222 2669 3524 2738 negatione.

1940 2757 2060 2826 Qua
2095 2759 2148 2812 in
2179 2774 2238 2812 re
2265 2759 2713 2813 considerandum
2759 2759 2915 2814 nobis
2948 2767 3032 2814 est
3058 2775 3156 2813 cur
3179 2760 3527 2828 omnipotens

1942 2849 2084 2903 Deus
2105 2857 2228 2902 eum
2259 2863 2418 2918 quem
2449 2859 2656 2903 cunette
2686 2848 2938 2903 Ecclesia:
2968 2849 3223 2918 prmierre
3251 2847 3528 2918 disposue-

1944 2945 2047 3000 rat,
2075 2937 2283 2992 ancillae
2316 2952 2500 2992 vocem
2545 2938 2931 3006 pertimescere
2955 2947 3010 2990 et
3047 2937 3284 3006 scipsum
3331 2951 3527 3008 negare

1945 3025 2274 3094 permiserit.
2323 3025 2475 3092 Quod
2520 3026 2776 3080 nimirum
2828 3041 3036 3097 magna).
3083 3034 3262 3080 actum
3311 3027 3530 3094 pietatis

1940 3115 2343 3184 dispensatione
2381 3117 2778 3186 cognoscimus,
2830 3127 2890 3172 ut
2935 3119 2980 3172 is
3005 3117 3097 3188 qui
3148 3118 3360 3173 futurus
3408 3129 3528 3171 erat

1941 3215 2127 3276 pastor
2159 3205 2417 3262 ECClCSliB
2459 3207 2512 3260 in
2540 3223 2637 3262 sua
2666 3209 2822 3277 culpa
2871 3208 3106 3264 disceret
3143 3209 3377 3278 qualiter
3407 3208 3530 3262 aliis

1942 3295 2190 3350 misereri
2234 3296 2528 3350 debuisset.
2579 3295 2736 3351 Prius
2779 3297 2962 3366 itaque
2988 3312 3110 3352 eum
3133 3297 3484 3352 ostenditsibi
3511 3339 3525 3360 ,

1940 3395 1996 3440 et
2050 3393 2175 3438 tunc
2222 3386 2512 3455 praeposuit
2559 3387 2808 3450 exteris,
2860 3395 2919 3440 ut
2960 3402 3024 3442 ex
3071 3403 3169 3442 sua
3216 3388 3525 3442 infirmitate

1941 3482 2295 3544 cognosceret
2316 3489 2477 3542 quam
2506 3474 2931 3528 misericorditer
2952 3476 3125 3530 aliena
3156 3476 3369 3529 inﬁrma
3399 3476 3528 3530 tole-

1945 3571 2106 3616 raret.
2142 3561 2284 3617 Bene
2311 3571 2490 3616 autem
2513 3563 2578 3616 de
2609 3562 2966 3634 Redemptore
2993 3574 3177 3619 nostro
3203 3565 3402 3619 dicitur
3425 3583 3436 3617 ε

2018 3651 2280 3704 Prwcedct
2309 3669 2395 3705 vos
2439 3653 2493 3706 in
2537 3650 2815 3717 Galileam,
2848 3653 2917 3706 ibi
2959 3671 3074 3706 eum
3125 3655 3356 3709 videbitis
3396 3657 3528 3708 sicut

1944 3743 2078 3795 dixit
2133 3743 2293 3794 vobis.
2351 3740 2626 3795 Galilzeam
2669 3758 2900 3811 uanique
2947 3744 3339 3810 transmigratio
3386 3743 3527 3812 facta

1946 3835 2361 3901 interpretatur;
2389 3831 2502 3898 jam
2532 3834 2729 3903 quippe
2759 3833 3089 3902 Redemptor
3127 3845 3312 3888 noster
3340 3849 3370 3887 a
3399 3850 3525 3903 pas-

1945 3925 2097 3980 sione
2125 3925 2192 3978 ad
2222 3925 2694 3988 resurrectionem,
2727 3939 2758 3979 a
2783 3933 2955 3980 morte
2986 3926 3052 3978 ad
3083 3926 3269 3988 vitam,
3310 3942 3337 3978 a
3368 3940 3524 3996 ptena

1949 4017 2014 4068 ad
2037 4016 2285 4086 gloriam,
2315 4031 2344 4067 a
2381 4015 2728 4083 corruptione
2753 4015 2820 4069 ad
2851 4016 3309 4084 incorruptionem
3351 4024 3526 4069 trans—

1949 4106 2224 4175 migrarat,
2266 4114 2321 4158 et
2355 4105 2502 4173 prius
2532 4113 2652 4173 post
2679 4105 3128 4158 resurrectionem
3163 4106 3214 4157 in
3241 4105 3456 4158 Galiltca
3495 4120 3524 4157 a

1948 4193 2222 4263 discipulis
2252 4194 2486 4258 videtur,
2526 4195 2651 4263 quia
2699 4195 3109 4248 resurrectionis
3140 4193 3255 4261 ejus
3299 4194 3523 4262 gloriam

1949 4294 2064 4355 post
2104 4286 2210 4338 lasti
2254 4285 2584 4350 videbimus,
2636 4287 2680 4340 si
2727 4289 2884 4340 modo
2912 4302 2940 4339 a
2979 4287 3122 4340 vitiis
3164 4289 3231 4340 ad
3266 4289 3524 4342 virtutum

1951 4377 2318 4430 celsitudinem
2376 4376 2840 4445 transmigramus.
2873 4377 2973 4442 Qui
3013 4391 3144 4443 ergo
3187 4376 3239 4429 in
3281 4376 3527 4444 sepulcro

1953 4469 2250 4529 nuntiatur,
2277 4468 2329 4520 in
2360 4467 2831 4537 transmigratione
2867 4469 3184 4530 ostenditur,
3217 4468 3339 4534 quia
3370 4467 3414 4521 is
3435 4467 3525 4535 qui

1951 4557 2003 4608 in
2041 4555 2452 4611 mortiﬁcatione
2502 4558 2680 4610 carnis
2719 4558 3052 4621 agnoscitur,
3084 4557 3133 4608 in
3181 4557 3527 4626 transmigra-

1949 4645 2093 4698 tione
2139 4647 2336 4698 mentis
2365 4646 2594 4698 videtur.
2645 4646 3114 4716 'l‘ransmigremus
3147 4648 3213 4698 ad
3245 4646 3468 4699 virtutes
3495 4661 3525 4698 a

1948 4733 2112 4797 vitiis,
2145 4741 2201 4785 ut
2230 4733 2647 4802 Redemptorcm
2699 4743 2940 4787 nostrum
2975 4735 3028 4786 in
3077 4734 3290 4788 Galilaaa
3345 4733 3527 4802 videre

1957 4837 2278 4876 mereamur.
2312 4821 2537 4889 Adjuvet
2564 4823 2903 4890 omnipotens
2934 4824 3071 4875 Deus
3099 4824 3166 4875 ad
3195 4823 3354 4875 vitam
3382 4822 3524 4876 desi-

1959 4909 2166 4964 derium
2193 4917 2454 4973 nostrum,
2499 4911 2588 4979 qui
2616 4925 2712 4977 pro
2741 4911 2894 4964 nobis
2937 4911 2986 4964 in
3020 4920 3191 4964 morte
3233 4911 3378 4964 dedit
3405 4911 3526 4962 uni-

1960 5012 2082 5050 cum
2104 4995 2273 5048 lilium
2311 5012 2464 5049 suum
2496 5013 2591 5064 per
2631 5000 2875 5051 eumdem
2909 4997 3090 5051 Jesum
3122 4997 3393 5052 Christum
3428 4997 3529 5050 Do—

1959 5092 2160 5143 minum
2191 5098 2455 5153 nostrum,
2483 5090 2571 5158 qui
2599 5105 2721 5143 cum
2757 5106 2821 5144 eo
2849 5091 2978 5144 vivit
3003 5099 3053 5142 et
3082 5100 3268 5158 regnat
3295 5091 3432 5141 Deus
3475 5087 3526 5139 in

1959 5179 2161 5230 unitate
2192 5177 2426 5245 Spiritus
2474 5180 2646 5233 sancti
2703 5181 2840 5233 Deus
2867 5194 2963 5250 per
2991 5181 3168 5232 omnia
3209 5177 3402 5232 sazeula
3432 5191 3519 5229 sae

1960 5269 2220 5320 culorum.
2249 5266 2440 5320 Amen.

2561 5356 2838 5413 liOillLlA
2885 5355 2942 5409 ν.

2621 5463 2775 5501 rasit
2802 5449 2864 5501 n.

2275 5536 2460 5591 Lectio
2496 5537 2722 5592 Actuum
2752 5537 3134 5605 apostolorum.

2036 5627 2100 5680 1η
2143 5628 2322 5680 diebus
2353 5628 2457 5680 illis
2497 5638 2638 5681 stans
2681 5627 2866 5681 Pt-trus
2893 5628 2944 5680 iu
2970 5626 3137 5679 incilia
3162 5623 3321 5679 vlebis
3351 5617 3484 5675 dixit
3502 5627 3525 5669 .'
