  <div class='ocr_page' id='page_1' title='image "/cluster/home/n/w/nwhite01/storage/ocr_20150623/110/uva.x000827066/079.png"; bbox 0 0 3922 6342; ppageno 0'>
   <div class='ocr_carea' id='block_1_1' title="bbox 385 294 496 353">
    <p class='ocr_par' dir='ltr' id='par_1_1' title="bbox 385 294 496 353">
     <span class='ocr_line' id='line_1_1' title="bbox 385 294 496 353; baseline 0.036 -4"><span class='ocrx_word' id='word_1_1' title='bbox 385 294 496 353; x_wconf 67' lang='grc'><strong>445</strong></span> 
     </span>
    </p>
   </div>
   <div class='ocr_carea' id='block_1_2' title="bbox 1038 296 1986 372">
    <p class='ocr_par' dir='ltr' id='par_1_2' title="bbox 1038 296 1986 357">
     <span class='ocr_line' id='line_1_2' title="bbox 1038 296 1986 357; baseline 0.005 -6"><span class='ocrx_word' id='word_1_2' title='bbox 1038 296 1101 352; x_wconf 85' lang='grc' dir='ltr'><strong>Β.</strong></span> <span class='ocrx_word' id='word_1_3' title='bbox 1142 297 1400 354; x_wconf 80' lang='lat' dir='ltr'><strong>RABANI</strong></span> <span class='ocrx_word' id='word_1_4' title='bbox 1438 297 1659 355; x_wconf 45' lang='lat' dir='ltr'><strong>M&#39;AURI</strong></span> <span class='ocrx_word' id='word_1_5' title='bbox 1701 297 1986 357; x_wconf 75' lang='lat' dir='ltr'><strong>ARCHIE!</strong></span> 
     </span>
    </p>
   </div>
   <div class='ocr_carea' id='block_1_3' title="bbox 2094 296 3031 372">
    <p class='ocr_par' dir='ltr' id='par_1_3' title="bbox 2094 302 3031 372">
     <span class='ocr_line' id='line_1_3' title="bbox 2094 302 3031 372; baseline 0.014 -13"><span class='ocrx_word' id='word_1_6' title='bbox 2094 302 2386 365; x_wconf 61' lang='lat' dir='ltr'><strong>IOGUNT.</strong></span> <span class='ocrx_word' id='word_1_7' title='bbox 2428 308 2715 369; x_wconf 77' lang='lat' dir='ltr'><strong>OPERUM</strong></span> <span class='ocrx_word' id='word_1_8' title='bbox 2751 313 2933 372; x_wconf 80' lang='lat' dir='ltr'><strong>PARS</strong></span> <span class='ocrx_word' id='word_1_9' title='bbox 2968 316 3031 372; x_wconf 89' lang='lat' dir='ltr'><strong>ll.</strong></span> 
     </span>
    </p>
   </div>
   <div class='ocr_carea' id='block_1_4' title="bbox 3578 320 3679 380">
    <p class='ocr_par' dir='ltr' id='par_1_4' title="bbox 3578 320 3679 380">
     <span class='ocr_line' id='line_1_4' title="bbox 3578 320 3679 380; baseline 0.03 -3"><span class='ocrx_word' id='word_1_10' title='bbox 3578 320 3679 380; x_wconf 68' lang='grc' dir='ltr'><strong>ιιι</strong></span> 
     </span>
    </p>
   </div>
   <div class='ocr_carea' id='block_1_5' title="bbox 400 410 3684 503">
    <p class='ocr_par' dir='ltr' id='par_1_5' title="bbox 400 410 3684 503">
     <span class='ocr_line' id='line_1_5' title="bbox 400 410 3684 503; baseline 0.005 -38"><span class='ocrx_word' id='word_1_11' title='bbox 400 410 512 466; x_wconf 85' lang='lat' dir='ltr'><strong>Viri</strong></span> <span class='ocrx_word' id='word_1_12' title='bbox 539 410 753 482; x_wconf 79' lang='lat' dir='ltr'><strong>fratres,</strong></span> <span class='ocrx_word' id='word_1_13' title='bbox 785 425 871 464; x_wconf 77' lang='lat' dir='ltr'><strong>vos</strong></span> <span class='ocrx_word' id='word_1_14' title='bbox 901 412 1045 464; x_wconf 83' lang='lat' dir='ltr'><strong>scitis</strong></span> <span class='ocrx_word' id='word_1_15' title='bbox 1088 411 1229 482; x_wconf 88' lang='lat' dir='ltr'><strong>quod</strong></span> <span class='ocrx_word' id='word_1_16' title='bbox 1276 411 1478 481; x_wconf 84' lang='lat' dir='ltr'><strong>factum</strong></span> <span class='ocrx_word' id='word_1_17' title='bbox 1521 420 1596 467; x_wconf 85' lang='lat' dir='ltr'><strong>est</strong></span> <span class='ocrx_word' id='word_1_18' title='bbox 1632 412 1844 467; x_wconf 80' lang='lat' dir='ltr'><strong>verbum</strong></span> <span class='ocrx_word' id='word_1_19' title='bbox 1887 429 1982 484; x_wconf 88' lang='lat' dir='ltr'><strong>per</strong></span> <span class='ocrx_word' id='word_1_20' title='bbox 2010 417 2156 482; x_wconf 83' lang='grc' dir='ltr'><strong>Αοι)</strong></span> <span class='ocrx_word' id='word_1_21' title='bbox 2206 430 2555 490; x_wconf 71' lang='lat' dir='ltr'><strong>peccatorum</strong></span> <span class='ocrx_word' id='word_1_22' title='bbox 2600 428 3064 497; x_wconf 69' lang='lat' dir='ltr'><strong>magnitudinem;</strong></span> <span class='ocrx_word' id='word_1_23' title='bbox 3113 436 3355 503; x_wconf 72' lang='lat' dir='ltr'><strong>corporis</strong></span> <span class='ocrx_word' id='word_1_24' title='bbox 3393 447 3479 493; x_wconf 75' lang='grc' dir='ltr'><strong>ρει</strong></span> <span class='ocrx_word' id='word_1_25' title='bbox 3531 454 3684 500; x_wconf 67' lang='lat' dir='ltr'><strong>mors</strong></span> 
     </span>
    </p>
   </div>
   <div class='ocr_carea' id='block_1_6' title="bbox 389 502 1985 577">
    <p class='ocr_par' dir='ltr' id='par_1_6' title="bbox 389 502 1985 577">
     <span class='ocr_line' id='line_1_6' title="bbox 389 502 1985 577; baseline 0.002 -18"><span class='ocrx_word' id='word_1_26' title='bbox 389 506 687 560; x_wconf 77' lang='lat' dir='ltr'><strong>universam</strong></span> <span class='ocrx_word' id='word_1_27' title='bbox 733 502 1019 569; x_wconf 75' lang='lat' dir='ltr'><strong>Judtzam,</strong></span> <span class='ocrx_word' id='word_1_28' title='bbox 1070 504 1327 575; x_wconf 77' lang='lat' dir='ltr'><strong>incipiens</strong></span> <span class='ocrx_word' id='word_1_29' title='bbox 1375 523 1407 559; x_wconf 93' lang='lat' dir='ltr'><strong>a</strong></span> <span class='ocrx_word' id='word_1_30' title='bbox 1445 502 1693 573; x_wconf 76' lang='lat' dir='ltr'><strong>Calilwa,</strong></span> <span class='ocrx_word' id='word_1_31' title='bbox 1726 515 1842 577; x_wconf 82' lang='lat' dir='ltr'><strong>post</strong></span> <span class='ocrx_word' id='word_1_32' title='bbox 1897 506 1985 562; x_wconf 84' lang='lat' dir='ltr'><strong>ba-</strong></span> 
     </span>
    </p>
   </div>
   <div class='ocr_carea' id='block_1_7' title="bbox 386 592 1981 667">
    <p class='ocr_par' dir='ltr' id='par_1_7' title="bbox 386 592 1981 667">
     <span class='ocr_line' id='line_1_7' title="bbox 386 592 1981 667; baseline 0.003 -20"><span class='ocrx_word' id='word_1_33' title='bbox 386 595 637 667; x_wconf 82' lang='lat' dir='ltr'><strong>ptismum</strong></span> <span class='ocrx_word' id='word_1_34' title='bbox 672 592 815 667; x_wconf 81' lang='lat' dir='ltr'><strong>quod</strong></span> <span class='ocrx_word' id='word_1_35' title='bbox 844 592 1152 666; x_wconf 63' lang='lat' dir='ltr'><strong>praedicavit</strong></span> <span class='ocrx_word' id='word_1_36' title='bbox 1199 592 1462 661; x_wconf 78' lang='lat' dir='ltr'><strong>Joannes,</strong></span> <span class='ocrx_word' id='word_1_37' title='bbox 1489 596 1672 651; x_wconf 73' lang='lat' dir='ltr'><strong>Iesum</strong></span> <span class='ocrx_word' id='word_1_38' title='bbox 1712 613 1745 650; x_wconf 94' lang='lat' dir='ltr'><strong>a</strong></span> <span class='ocrx_word' id='word_1_39' title='bbox 1791 595 1981 653; x_wconf 78' lang='lat' dir='ltr'><strong>Nasa-</strong></span> 
     </span>
    </p>
   </div>
   <div class='ocr_carea' id='block_1_8' title="bbox 388 684 689 751">
    <p class='ocr_par' dir='ltr' id='par_1_8' title="bbox 388 684 689 751">
     <span class='ocr_line' id='line_1_8' title="bbox 388 684 689 751; baseline 0.007 -12"><span class='ocrx_word' id='word_1_40' title='bbox 388 684 503 739; x_wconf 84' lang='lat' dir='ltr'><strong>retlt</strong></span> <span class='ocrx_word' id='word_1_41' title='bbox 523 724 540 751; x_wconf 93' lang='lat'><strong>,</strong></span> <span class='ocrx_word' id='word_1_42' title='bbox 579 692 689 741; x_wconf 90' lang='lat' dir='ltr'><strong>etc.</strong></span> 
     </span>
    </p>
   </div>
   <div class='ocr_carea' id='block_1_9' title="bbox 458 775 1986 850">
    <p class='ocr_par' dir='ltr' id='par_1_9' title="bbox 458 775 1986 850">
     <span class='ocr_line' id='line_1_9' title="bbox 458 775 1986 850; baseline 0.005 -20"><span class='ocrx_word' id='word_1_43' title='bbox 458 775 707 832; x_wconf 84' lang='lat' dir='ltr'><strong>Breviter</strong></span> <span class='ocrx_word' id='word_1_44' title='bbox 728 778 911 833; x_wconf 82' lang='lat' dir='ltr'><strong>omnia</strong></span> <span class='ocrx_word' id='word_1_45' title='bbox 939 792 1060 848; x_wconf 70' lang='lat' dir='ltr'><strong>quae</strong></span> <span class='ocrx_word' id='word_1_46' title='bbox 1086 777 1138 832; x_wconf 93' lang='lat' dir='ltr'><strong>in</strong></span> <span class='ocrx_word' id='word_1_47' title='bbox 1168 775 1428 850; x_wconf 83' lang='lat' dir='ltr'><strong>Symbolo</strong></span> <span class='ocrx_word' id='word_1_48' title='bbox 1458 780 1811 837; x_wconf 73' lang='lat' dir='ltr'><strong>continentur</strong></span> <span class='ocrx_word' id='word_1_49' title='bbox 1834 798 1986 840; x_wconf 84' lang='lat' dir='ltr'><strong>com-</strong></span> 
     </span>
    </p>
   </div>
   <div class='ocr_carea' id='block_1_10' title="bbox 388 866 1983 943">
    <p class='ocr_par' dir='ltr' id='par_1_10' title="bbox 388 866 1983 943">
     <span class='ocr_line' id='line_1_10' title="bbox 388 866 1983 943; baseline 0.006 -24"><span class='ocrx_word' id='word_1_50' title='bbox 388 866 579 937; x_wconf 76' lang='lat' dir='ltr'><strong>plexus</strong></span> <span class='ocrx_word' id='word_1_51' title='bbox 629 875 719 923; x_wconf 86' lang='lat' dir='ltr'><strong>est</strong></span> <span class='ocrx_word' id='word_1_52' title='bbox 764 868 1039 937; x_wconf 77' lang='lat' dir='ltr'><strong>apostolus</strong></span> <span class='ocrx_word' id='word_1_53' title='bbox 1088 867 1284 924; x_wconf 77' lang='lat' dir='ltr'><strong>Petrus</strong></span> <span class='ocrx_word' id='word_1_54' title='bbox 1340 869 1395 925; x_wconf 90' lang='lat' dir='ltr'><strong>in</strong></span> <span class='ocrx_word' id='word_1_55' title='bbox 1445 868 1678 927; x_wconf 74' lang='lat' dir='ltr'><strong>lectione</strong></span> <span class='ocrx_word' id='word_1_56' title='bbox 1728 876 1983 943; x_wconf 68' lang='lat' dir='ltr'><strong>praesenti</strong></span> 
     </span>
    </p>
   </div>
   <div class='ocr_carea' id='block_1_11' title="bbox 388 959 1988 1035">
    <p class='ocr_par' dir='ltr' id='par_1_11' title="bbox 388 959 1988 1035">
     <span class='ocr_line' id='line_1_11' title="bbox 388 959 1988 1035; baseline 0.004 -22"><span class='ocrx_word' id='word_1_57' title='bbox 388 974 550 1029; x_wconf 87' lang='lat' dir='ltr'><strong>quam</strong></span> <span class='ocrx_word' id='word_1_58' title='bbox 608 960 859 1026; x_wconf 79' lang='lat' dir='ltr'><strong>audistis,</strong></span> <span class='ocrx_word' id='word_1_59' title='bbox 904 959 1103 1018; x_wconf 78' lang='lat' dir='ltr'><strong>fratres</strong></span> <span class='ocrx_word' id='word_1_60' title='bbox 1129 962 1469 1029; x_wconf 88' lang='lat' dir='ltr'><strong>eharissimi,</strong></span> <span class='ocrx_word' id='word_1_61' title='bbox 1522 966 1667 1035; x_wconf 88' lang='lat' dir='ltr'><strong>quod</strong></span> <span class='ocrx_word' id='word_1_62' title='bbox 1701 964 1861 1022; x_wconf 78' lang='lat' dir='ltr'><strong>Jesus</strong></span> <span class='ocrx_word' id='word_1_63' title='bbox 1916 966 1988 1022; x_wconf 87' lang='lat' dir='ltr'><strong>sit</strong></span> 
     </span>
    </p>
   </div>
   <div class='ocr_carea' id='block_1_12' title="bbox 387 1052 1985 1125">
    <p class='ocr_par' dir='ltr' id='par_1_12' title="bbox 387 1052 1985 1125">
     <span class='ocr_line' id='line_1_12' title="bbox 387 1052 1985 1125; baseline 0.006 -18"><span class='ocrx_word' id='word_1_64' title='bbox 387 1052 637 1109; x_wconf 84' lang='lat' dir='ltr'><strong>Christus</strong></span> <span class='ocrx_word' id='word_1_65' title='bbox 660 1095 677 1121; x_wconf 94' lang='lat'><strong>,</strong></span> <span class='ocrx_word' id='word_1_66' title='bbox 707 1056 850 1125; x_wconf 86' lang='lat' dir='ltr'><strong>quod</strong></span> <span class='ocrx_word' id='word_1_67' title='bbox 877 1057 1121 1112; x_wconf 84' lang='lat' dir='ltr'><strong>omnium</strong></span> <span class='ocrx_word' id='word_1_68' title='bbox 1147 1058 1217 1113; x_wconf 84' lang='lat' dir='ltr'><strong>sit</strong></span> <span class='ocrx_word' id='word_1_69' title='bbox 1240 1059 1518 1115; x_wconf 83' lang='lat' dir='ltr'><strong>Dominus.</strong></span> <span class='ocrx_word' id='word_1_70' title='bbox 1552 1059 1715 1116; x_wconf 88' lang='lat' dir='ltr'><strong>Stans</strong></span> <span class='ocrx_word' id='word_1_71' title='bbox 1744 1062 1889 1117; x_wconf 91' lang='lat' dir='ltr'><strong>enim</strong></span> <span class='ocrx_word' id='word_1_72' title='bbox 1930 1063 1985 1117; x_wconf 87' lang='lat' dir='ltr'><strong>in</strong></span> 
     </span>
    </p>
   </div>
   <div class='ocr_carea' id='block_1_13' title="bbox 385 1143 1988 1223">
    <p class='ocr_par' dir='ltr' id='par_1_13' title="bbox 385 1143 1988 1223">
     <span class='ocr_line' id='line_1_13' title="bbox 385 1143 1988 1223; baseline 0.006 -25"><span class='ocrx_word' id='word_1_73' title='bbox 385 1145 560 1199; x_wconf 81' lang='lat' dir='ltr'><strong>medio</strong></span> <span class='ocrx_word' id='word_1_74' title='bbox 599 1143 764 1215; x_wconf 85' lang='lat' dir='ltr'><strong>plebis</strong></span> <span class='ocrx_word' id='word_1_75' title='bbox 800 1146 933 1202; x_wconf 66' lang='lat' dir='ltr'><strong>dixit</strong></span> <span class='ocrx_word' id='word_1_76' title='bbox 959 1164 979 1202; x_wconf 87' lang='lat'><strong><em>:</em></strong></span> <span class='ocrx_word' id='word_1_77' title='bbox 1016 1147 1130 1202; x_wconf 81' lang='lat' dir='ltr'><strong>Viri</strong></span> <span class='ocrx_word' id='word_1_78' title='bbox 1146 1149 1360 1218; x_wconf 73' lang='lat' dir='ltr'><strong>fratres,</strong></span> <span class='ocrx_word' id='word_1_79' title='bbox 1404 1168 1495 1206; x_wconf 80' lang='lat' dir='ltr'><strong>vos</strong></span> <span class='ocrx_word' id='word_1_80' title='bbox 1542 1152 1690 1207; x_wconf 79' lang='lat' dir='ltr'><strong>scitis</strong></span> <span class='ocrx_word' id='word_1_81' title='bbox 1724 1154 1865 1223; x_wconf 85' lang='lat' dir='ltr'><strong>quod</strong></span> <span class='ocrx_word' id='word_1_82' title='bbox 1906 1153 1988 1222; x_wconf 78' lang='lat' dir='ltr'><strong>fa-</strong></span> 
     </span>
    </p>
   </div>
   <div class='ocr_carea' id='block_1_14' title="bbox 386 1236 1983 1314">
    <p class='ocr_par' dir='ltr' id='par_1_14' title="bbox 386 1236 1983 1314">
     <span class='ocr_line' id='line_1_14' title="bbox 386 1236 1983 1314; baseline 0.006 -25"><span class='ocrx_word' id='word_1_83' title='bbox 386 1242 529 1289; x_wconf 85' lang='lat' dir='ltr'><strong>ctum</strong></span> <span class='ocrx_word' id='word_1_84' title='bbox 567 1244 646 1291; x_wconf 88' lang='lat' dir='ltr'><strong>est</strong></span> <span class='ocrx_word' id='word_1_85' title='bbox 684 1236 893 1292; x_wconf 77' lang='lat' dir='ltr'><strong>uerbum</strong></span> <span class='ocrx_word' id='word_1_86' title='bbox 921 1254 1015 1309; x_wconf 84' lang='lat' dir='ltr'><strong>per</strong></span> <span class='ocrx_word' id='word_1_87' title='bbox 1050 1240 1347 1295; x_wconf 76' lang='lat' dir='ltr'><strong>universam</strong></span> <span class='ocrx_word' id='word_1_88' title='bbox 1389 1241 1640 1298; x_wconf 72' lang='lat' dir='ltr'><strong>Judwam</strong></span> <span class='ocrx_word' id='word_1_89' title='bbox 1662 1284 1677 1309; x_wconf 92' lang='lat'><strong>,</strong></span> <span class='ocrx_word' id='word_1_90' title='bbox 1729 1244 1983 1314; x_wconf 88' lang='lat' dir='ltr'><strong>incipiens</strong></span> 
     </span>
    </p>
   </div>
   <div class='ocr_carea' id='block_1_15' title="bbox 385 1325 1985 1406">
    <p class='ocr_par' dir='ltr' id='par_1_15' title="bbox 385 1325 1985 1406">
     <span class='ocr_line' id='line_1_15' title="bbox 385 1325 1985 1406; baseline 0.005 -25"><span class='ocrx_word' id='word_1_91' title='bbox 385 1328 527 1381; x_wconf 82' lang='lat' dir='ltr'><strong>enim</strong></span> <span class='ocrx_word' id='word_1_92' title='bbox 563 1343 598 1382; x_wconf 78' lang='lat' dir='ltr'><strong>tt</strong></span> <span class='ocrx_word' id='word_1_93' title='bbox 633 1325 899 1395; x_wconf 79' lang='lat' dir='ltr'><strong>Galiltea,</strong></span> <span class='ocrx_word' id='word_1_94' title='bbox 944 1342 1060 1402; x_wconf 88' lang='lat' dir='ltr'><strong>post</strong></span> <span class='ocrx_word' id='word_1_95' title='bbox 1120 1332 1435 1404; x_wconf 75' lang='lat' dir='ltr'><strong>baptismum</strong></span> <span class='ocrx_word' id='word_1_96' title='bbox 1483 1335 1623 1405; x_wconf 87' lang='lat' dir='ltr'><strong>quod</strong></span> <span class='ocrx_word' id='word_1_97' title='bbox 1680 1335 1985 1406; x_wconf 73' lang='lat' dir='ltr'><strong>prtedicavit</strong></span> 
     </span>
    </p>
   </div>
   <div class='ocr_carea' id='block_1_16' title="bbox 385 1415 1985 1492">
    <p class='ocr_par' dir='ltr' id='par_1_16' title="bbox 385 1415 1985 1492">
     <span class='ocr_line' id='line_1_16' title="bbox 385 1415 1985 1492; baseline 0.004 -21"><span class='ocrx_word' id='word_1_98' title='bbox 385 1415 642 1483; x_wconf 81' lang='lat' dir='ltr'><strong>Joannes,</strong></span> <span class='ocrx_word' id='word_1_99' title='bbox 684 1418 867 1473; x_wconf 80' lang='lat' dir='ltr'><strong>Jesum</strong></span> <span class='ocrx_word' id='word_1_100' title='bbox 906 1436 939 1473; x_wconf 90' lang='lat' dir='ltr'><strong>a</strong></span> <span class='ocrx_word' id='word_1_101' title='bbox 970 1418 1259 1474; x_wconf 76' lang='lat' dir='ltr'><strong>Nazaretlz.</strong></span> <span class='ocrx_word' id='word_1_102' title='bbox 1291 1420 1488 1476; x_wconf 80' lang='lat' dir='ltr'><strong>Totum</strong></span> <span class='ocrx_word' id='word_1_103' title='bbox 1528 1423 1615 1479; x_wconf 90' lang='lat' dir='ltr'><strong>hic</strong></span> <span class='ocrx_word' id='word_1_104' title='bbox 1663 1424 1867 1492; x_wconf 81' lang='lat' dir='ltr'><strong>pariter</strong></span> <span class='ocrx_word' id='word_1_105' title='bbox 1893 1424 1985 1478; x_wconf 88' lang='lat' dir='ltr'><strong>de-</strong></span> 
     </span>
    </p>
   </div>
   <div class='ocr_carea' id='block_1_17' title="bbox 388 1510 1983 1580">
    <p class='ocr_par' dir='ltr' id='par_1_17' title="bbox 388 1510 1983 1580">
     <span class='ocr_line' id='line_1_17' title="bbox 388 1510 1983 1580; baseline 0.007 -20"><span class='ocrx_word' id='word_1_106' title='bbox 388 1515 746 1576; x_wconf 87' lang='lat' dir='ltr'><strong>monstratur,</strong></span> <span class='ocrx_word' id='word_1_107' title='bbox 773 1510 917 1580; x_wconf 87' lang='lat' dir='ltr'><strong>quod</strong></span> <span class='ocrx_word' id='word_1_108' title='bbox 951 1511 1207 1565; x_wconf 88' lang='lat' dir='ltr'><strong>mundqu</strong></span> <span class='ocrx_word' id='word_1_109' title='bbox 1238 1511 1348 1567; x_wconf 89' lang='lat' dir='ltr'><strong>Deo</strong></span> <span class='ocrx_word' id='word_1_110' title='bbox 1378 1514 1733 1569; x_wconf 82' lang='lat' dir='ltr'><strong>reconciliare</strong></span> <span class='ocrx_word' id='word_1_111' title='bbox 1781 1514 1983 1571; x_wconf 90' lang='lat' dir='ltr'><strong>missus</strong></span> 
     </span>
    </p>
   </div>
   <div class='ocr_carea' id='block_1_18' title="bbox 387 1597 1981 1672">
    <p class='ocr_par' dir='ltr' id='par_1_18' title="bbox 387 1597 1981 1672">
     <span class='ocr_line' id='line_1_18' title="bbox 387 1597 1981 1672; baseline 0.004 -21"><span class='ocrx_word' id='word_1_112' title='bbox 387 1598 462 1651; x_wconf 80' lang='lat' dir='ltr'><strong>sit</strong></span> <span class='ocrx_word' id='word_1_113' title='bbox 509 1597 783 1664; x_wconf 71' lang='lat' dir='ltr'><strong>Christus,</strong></span> <span class='ocrx_word' id='word_1_114' title='bbox 828 1599 973 1671; x_wconf 90' lang='lat' dir='ltr'><strong>quod</strong></span> <span class='ocrx_word' id='word_1_115' title='bbox 1018 1597 1244 1656; x_wconf 83' lang='lat' dir='ltr'><strong>Joannis</strong></span> <span class='ocrx_word' id='word_1_116' title='bbox 1270 1616 1405 1656; x_wconf 90' lang='lat' dir='ltr'><strong>voce</strong></span> <span class='ocrx_word' id='word_1_117' title='bbox 1437 1611 1522 1657; x_wconf 89' lang='lat' dir='ltr'><strong>est</strong></span> <span class='ocrx_word' id='word_1_118' title='bbox 1569 1618 1749 1672; x_wconf 65' lang='lat' dir='ltr'><strong>praeco</strong></span> <span class='ocrx_word' id='word_1_119' title='bbox 1797 1613 1981 1671; x_wconf 91' lang='lat' dir='ltr'><strong>natus,</strong></span> 
     </span>
    </p>
   </div>
   <div class='ocr_carea' id='block_1_19' title="bbox 387 1689 1984 1764">
    <p class='ocr_par' dir='ltr' id='par_1_19' title="bbox 387 1689 1984 1764">
     <span class='ocr_line' id='line_1_19' title="bbox 387 1689 1984 1764; baseline 0.004 -21"><span class='ocrx_word' id='word_1_120' title='bbox 387 1691 533 1764; x_wconf 73' lang='lat' dir='ltr'><strong>quod</strong></span> <span class='ocrx_word' id='word_1_121' title='bbox 563 1689 768 1761; x_wconf 85' lang='lat' dir='ltr'><strong>Spiritu</strong></span> <span class='ocrx_word' id='word_1_122' title='bbox 789 1700 979 1748; x_wconf 87' lang='lat' dir='ltr'><strong>sancto</strong></span> <span class='ocrx_word' id='word_1_123' title='bbox 1001 1700 1314 1762; x_wconf 85' lang='lat' dir='ltr'><strong>perunctus,</strong></span> <span class='ocrx_word' id='word_1_124' title='bbox 1343 1694 1487 1764; x_wconf 90' lang='lat' dir='ltr'><strong>quod</strong></span> <span class='ocrx_word' id='word_1_125' title='bbox 1512 1692 1623 1749; x_wconf 85' lang='lat' dir='ltr'><strong>Deo</strong></span> <span class='ocrx_word' id='word_1_126' title='bbox 1647 1694 1984 1750; x_wconf 88' lang='lat' dir='ltr'><strong>inbabitaute</strong></span> 
     </span>
    </p>
   </div>
   <div class='ocr_carea' id='block_1_20' title="bbox 2086 516 3686 588">
    <p class='ocr_par' dir='ltr' id='par_1_20' title="bbox 2086 516 3686 588">
     <span class='ocr_line' id='line_1_20' title="bbox 2086 516 3686 588; baseline 0.013 -20"><span class='ocrx_word' id='word_1_127' title='bbox 2086 516 2303 584; x_wconf 83' lang='lat' dir='ltr'><strong>quando</strong></span> <span class='ocrx_word' id='word_1_128' title='bbox 2347 517 2415 572; x_wconf 90' lang='lat' dir='ltr'><strong>ab</strong></span> <span class='ocrx_word' id='word_1_129' title='bbox 2463 519 2644 574; x_wconf 87' lang='lat' dir='ltr'><strong>anima</strong></span> <span class='ocrx_word' id='word_1_130' title='bbox 2690 522 2976 577; x_wconf 88' lang='lat' dir='ltr'><strong>deseritur.</strong></span> <span class='ocrx_word' id='word_1_131' title='bbox 3009 523 3092 579; x_wconf 86' lang='lat' dir='ltr'><strong>Ah</strong></span> <span class='ocrx_word' id='word_1_132' title='bbox 3140 525 3226 581; x_wconf 92' lang='lat' dir='ltr'><strong>his</strong></span> <span class='ocrx_word' id='word_1_133' title='bbox 3276 527 3487 585; x_wconf 88' lang='lat' dir='ltr'><strong>duobus</strong></span> <span class='ocrx_word' id='word_1_134' title='bbox 3535 548 3686 588; x_wconf 89' lang='lat' dir='ltr'><strong>mor-</strong></span> 
     </span>
    </p>
   </div>
   <div class='ocr_carea' id='block_1_21' title="bbox 2088 606 3684 679">
    <p class='ocr_par' dir='ltr' id='par_1_21' title="bbox 2088 606 3684 679">
     <span class='ocr_line' id='line_1_21' title="bbox 2088 606 3684 679; baseline 0.013 -19"><span class='ocrx_word' id='word_1_135' title='bbox 2088 606 2158 661; x_wconf 92' lang='lat' dir='ltr'><strong>tis</strong></span> <span class='ocrx_word' id='word_1_136' title='bbox 2209 609 2499 676; x_wconf 72' lang='lat' dir='ltr'><strong>generibus</strong></span> <span class='ocrx_word' id='word_1_137' title='bbox 2546 612 2996 668; x_wconf 87' lang='lat' dir='ltr'><strong>resuscitatorum</strong></span> <span class='ocrx_word' id='word_1_138' title='bbox 3046 614 3183 671; x_wconf 86' lang='lat' dir='ltr'><strong>duas</strong></span> <span class='ocrx_word' id='word_1_139' title='bbox 3222 618 3454 676; x_wconf 90' lang='lat' dir='ltr'><strong>dicimus</strong></span> <span class='ocrx_word' id='word_1_140' title='bbox 3500 638 3684 679; x_wconf 87' lang='lat' dir='ltr'><strong>resur-</strong></span> 
     </span>
    </p>
   </div>
   <div class='ocr_carea' id='block_1_22' title="bbox 2087 698 3686 787">
    <p class='ocr_par' dir='ltr' id='par_1_22' title="bbox 2087 698 3686 787">
     <span class='ocr_line' id='line_1_22' title="bbox 2087 698 3686 787; baseline 0.013 -36"><span class='ocrx_word' id='word_1_141' title='bbox 2087 698 2378 754; x_wconf 89' lang='lat' dir='ltr'><strong>rectiones.</strong></span> <span class='ocrx_word' id='word_1_142' title='bbox 2411 698 2566 758; x_wconf 87' lang='lat' dir='ltr'><strong>Nunc</strong></span> <span class='ocrx_word' id='word_1_143' title='bbox 2618 712 2798 757; x_wconf 87' lang='lat' dir='ltr'><strong>autem</strong></span> <span class='ocrx_word' id='word_1_144' title='bbox 2843 704 3148 761; x_wconf 87' lang='lat' dir='ltr'><strong>animarum</strong></span> <span class='ocrx_word' id='word_1_145' title='bbox 3208 709 3261 763; x_wconf 91' lang='lat' dir='ltr'><strong>in</strong></span> <span class='ocrx_word' id='word_1_146' title='bbox 3300 711 3544 768; x_wconf 81' lang='lat' dir='ltr'><strong>Ecclesia</strong></span> <span class='ocrx_word' id='word_1_147' title='bbox 3585 731 3686 787; x_wconf 87' lang='lat' dir='ltr'><strong>per</strong></span> 
     </span>
    </p>
   </div>
   <div class='ocr_carea' id='block_1_23' title="bbox 2088 786 3687 874">
    <p class='ocr_par' dir='ltr' id='par_1_23' title="bbox 2088 786 3687 874">
     <span class='ocr_line' id='line_1_23' title="bbox 2088 786 3687 874; baseline 0.012 -34"><span class='ocrx_word' id='word_1_148' title='bbox 2088 786 2284 843; x_wconf 86' lang='lat' dir='ltr'><strong>Filiqu</strong></span> <span class='ocrx_word' id='word_1_149' title='bbox 2315 790 2430 856; x_wconf 88' lang='lat' dir='ltr'><strong>Dei,</strong></span> <span class='ocrx_word' id='word_1_150' title='bbox 2460 789 2696 846; x_wconf 80' lang='lat' dir='ltr'><strong>Verbum</strong></span> <span class='ocrx_word' id='word_1_151' title='bbox 2727 794 2844 860; x_wconf 87' lang='lat' dir='ltr'><strong>Dei,</strong></span> <span class='ocrx_word' id='word_1_152' title='bbox 2876 794 2937 849; x_wconf 92' lang='lat' dir='ltr'><strong>ﬁt</strong></span> <span class='ocrx_word' id='word_1_153' title='bbox 2963 800 3314 865; x_wconf 87' lang='lat' dir='ltr'><strong>resurrectio,</strong></span> <span class='ocrx_word' id='word_1_154' title='bbox 3338 805 3557 871; x_wconf 78' lang='lat' dir='ltr'><strong>quando</strong></span> <span class='ocrx_word' id='word_1_155' title='bbox 3585 820 3687 874; x_wconf 87' lang='lat' dir='ltr'><strong>per</strong></span> 
     </span>
    </p>
   </div>
   <div class='ocr_carea' id='block_1_24' title="bbox 2087 879 3680 961">
    <p class='ocr_par' dir='ltr' id='par_1_24' title="bbox 2087 879 3680 961">
     <span class='ocr_line' id='line_1_24' title="bbox 2087 879 3680 961; baseline 0.011 -30"><span class='ocrx_word' id='word_1_156' title='bbox 2087 879 2318 949; x_wconf 77' lang='lat' dir='ltr'><strong>gratiam</strong></span> <span class='ocrx_word' id='word_1_157' title='bbox 2346 879 2444 935; x_wconf 88' lang='lat' dir='ltr'><strong>Dei</strong></span> <span class='ocrx_word' id='word_1_158' title='bbox 2468 881 2756 939; x_wconf 69' lang='lat' dir='ltr'><strong>viviﬁcatze</strong></span> <span class='ocrx_word' id='word_1_159' title='bbox 2776 895 3065 957; x_wconf 89' lang='lat' dir='ltr'><strong>resurgent</strong></span> <span class='ocrx_word' id='word_1_160' title='bbox 3084 902 3114 940; x_wconf 91' lang='lat' dir='ltr'><strong>a</strong></span> <span class='ocrx_word' id='word_1_161' title='bbox 3137 899 3313 945; x_wconf 90' lang='lat' dir='ltr'><strong>morte</strong></span> <span class='ocrx_word' id='word_1_162' title='bbox 3334 891 3639 961; x_wconf 81' lang='lat' dir='ltr'><strong>iniquitatis</strong></span> <span class='ocrx_word' id='word_1_163' title='bbox 3662 912 3680 959; x_wconf 87' lang='lat'><strong>;</strong></span> 
     </span>
    </p>
   </div>
   <div class='ocr_carea' id='block_1_25' title="bbox 2087 969 3684 1051">
    <p class='ocr_par' dir='ltr' id='par_1_25' title="bbox 2087 969 3684 1051">
     <span class='ocr_line' id='line_1_25' title="bbox 2087 969 3684 1051; baseline 0.01 -27"><span class='ocrx_word' id='word_1_164' title='bbox 2087 976 2143 1024; x_wconf 91' lang='lat' dir='ltr'><strong>et</strong></span> <span class='ocrx_word' id='word_1_165' title='bbox 2172 969 2286 1025; x_wconf 83' lang='lat' dir='ltr'><strong>haec</strong></span> <span class='ocrx_word' id='word_1_166' title='bbox 2311 980 2394 1026; x_wconf 91' lang='lat' dir='ltr'><strong>est</strong></span> <span class='ocrx_word' id='word_1_167' title='bbox 2437 972 2612 1042; x_wconf 87' lang='lat' dir='ltr'><strong>prima</strong></span> <span class='ocrx_word' id='word_1_168' title='bbox 2645 976 2994 1043; x_wconf 86' lang='lat' dir='ltr'><strong>resurrectio,</strong></span> <span class='ocrx_word' id='word_1_169' title='bbox 3023 993 3187 1047; x_wconf 89' lang='lat' dir='ltr'><strong>quam</strong></span> <span class='ocrx_word' id='word_1_170' title='bbox 3231 982 3323 1051; x_wconf 91' lang='lat' dir='ltr'><strong>qui</strong></span> <span class='ocrx_word' id='word_1_171' title='bbox 3371 982 3592 1048; x_wconf 83' lang='lat' dir='ltr'><strong>habent,</strong></span> <span class='ocrx_word' id='word_1_172' title='bbox 3624 985 3684 1039; x_wconf 90' lang='lat' dir='ltr'><strong>in</strong></span> 
     </span>
    </p>
   </div>
   <div class='ocr_carea' id='block_1_26' title="bbox 2087 1062 3681 1144">
    <p class='ocr_par' dir='ltr' id='par_1_26' title="bbox 2087 1062 3681 1144">
     <span class='ocr_line' id='line_1_26' title="bbox 2087 1062 3681 1144; baseline 0.009 -31"><span class='ocrx_word' id='word_1_173' title='bbox 2087 1062 2345 1127; x_wconf 88' lang='lat' dir='ltr'><strong>secunda,</strong></span> <span class='ocrx_word' id='word_1_174' title='bbox 2370 1077 2493 1133; x_wconf 67' lang='lat' dir='ltr'><strong>quae</strong></span> <span class='ocrx_word' id='word_1_175' title='bbox 2531 1071 2618 1119; x_wconf 87' lang='lat' dir='ltr'><strong>est</strong></span> <span class='ocrx_word' id='word_1_176' title='bbox 2662 1080 2975 1137; x_wconf 84' lang='lat' dir='ltr'><strong>corporum,</strong></span> <span class='ocrx_word' id='word_1_177' title='bbox 3025 1068 3260 1126; x_wconf 79' lang='lat' dir='ltr'><strong>feliciter</strong></span> <span class='ocrx_word' id='word_1_178' title='bbox 3310 1084 3592 1144; x_wconf 88' lang='lat' dir='ltr'><strong>resurgeut</strong></span> <span class='ocrx_word' id='word_1_179' title='bbox 3621 1074 3681 1128; x_wconf 91' lang='lat' dir='ltr'><strong>iu</strong></span> 
     </span>
    </p>
   </div>
   <div class='ocr_carea' id='block_1_27' title="bbox 2086 1148 3679 1235">
    <p class='ocr_par' dir='ltr' id='par_1_27' title="bbox 2086 1148 3679 1235">
     <span class='ocr_line' id='line_1_27' title="bbox 2086 1148 3679 1235; baseline 0.012 -32"><span class='ocrx_word' id='word_1_180' title='bbox 2086 1148 2253 1205; x_wconf 89' lang='lat' dir='ltr'><strong>vitam</strong></span> <span class='ocrx_word' id='word_1_181' title='bbox 2276 1161 2557 1209; x_wconf 61' lang='lat' dir='ltr'><strong>aeternam.</strong></span> <span class='ocrx_word' id='word_1_182' title='bbox 2574 1155 2949 1228; x_wconf 82' lang='lat' dir='ltr'><strong>Resurgentet</strong></span> <span class='ocrx_word' id='word_1_183' title='bbox 2972 1159 3119 1230; x_wconf 90' lang='lat' dir='ltr'><strong>impii</strong></span> <span class='ocrx_word' id='word_1_184' title='bbox 3152 1165 3525 1235; x_wconf 86' lang='lat' dir='ltr'><strong>unusquisque</strong></span> <span class='ocrx_word' id='word_1_185' title='bbox 3553 1181 3679 1222; x_wconf 88' lang='lat' dir='ltr'><strong>cum</strong></span> 
     </span>
    </p>
   </div>
   <div class='ocr_carea' id='block_1_28' title="bbox 2087 1246 3678 1326">
    <p class='ocr_par' dir='ltr' id='par_1_28' title="bbox 2087 1246 3678 1326">
     <span class='ocr_line' id='line_1_28' title="bbox 2087 1246 3678 1326; baseline 0.013 -31"><span class='ocrx_word' id='word_1_186' title='bbox 2087 1257 2185 1296; x_wconf 88' lang='lat' dir='ltr'><strong>sua</strong></span> <span class='ocrx_word' id='word_1_187' title='bbox 2209 1257 2395 1309; x_wconf 86' lang='lat' dir='ltr'><strong>carne,</strong></span> <span class='ocrx_word' id='word_1_188' title='bbox 2426 1255 2485 1300; x_wconf 94' lang='lat' dir='ltr'><strong>ut</strong></span> <span class='ocrx_word' id='word_1_189' title='bbox 2511 1262 2634 1301; x_wconf 91' lang='lat' dir='ltr'><strong>cum</strong></span> <span class='ocrx_word' id='word_1_190' title='bbox 2658 1246 2872 1306; x_wconf 87' lang='lat' dir='ltr'><strong>diabolo</strong></span> <span class='ocrx_word' id='word_1_191' title='bbox 2894 1259 2949 1307; x_wconf 90' lang='lat' dir='ltr'><strong>et</strong></span> <span class='ocrx_word' id='word_1_192' title='bbox 2985 1253 3191 1323; x_wconf 81' lang='lat' dir='ltr'><strong>angelis</strong></span> <span class='ocrx_word' id='word_1_193' title='bbox 3218 1254 3335 1324; x_wconf 84' lang='lat' dir='ltr'><strong>ejus</strong></span> <span class='ocrx_word' id='word_1_194' title='bbox 3359 1260 3678 1326; x_wconf 88' lang='lat' dir='ltr'><strong>puniantur.</strong></span> 
     </span>
    </p>
   </div>
   <div class='ocr_carea' id='block_1_29' title="bbox 2089 1331 3684 1422">
    <p class='ocr_par' dir='ltr' id='par_1_29' title="bbox 2089 1331 3684 1422">
     <span class='ocr_line' id='line_1_29' title="bbox 2089 1331 3684 1422; baseline 0.013 -36"><span class='ocrx_word' id='word_1_195' title='bbox 2089 1331 2201 1388; x_wconf 89' lang='lat' dir='ltr'><strong>lloc</strong></span> <span class='ocrx_word' id='word_1_196' title='bbox 2242 1337 2550 1393; x_wconf 82' lang='lat' dir='ltr'><strong>certissime</strong></span> <span class='ocrx_word' id='word_1_197' title='bbox 2592 1339 2871 1397; x_wconf 89' lang='lat' dir='ltr'><strong>sciendum</strong></span> <span class='ocrx_word' id='word_1_198' title='bbox 2921 1354 3028 1409; x_wconf 92' lang='lat' dir='ltr'><strong>est,</strong></span> <span class='ocrx_word' id='word_1_199' title='bbox 3053 1346 3197 1415; x_wconf 86' lang='lat' dir='ltr'><strong>quod</strong></span> <span class='ocrx_word' id='word_1_200' title='bbox 3244 1364 3403 1405; x_wconf 89' lang='lat' dir='ltr'><strong>nemo</strong></span> <span class='ocrx_word' id='word_1_201' title='bbox 3433 1351 3539 1405; x_wconf 87' lang='lat' dir='ltr'><strong>nisi</strong></span> <span class='ocrx_word' id='word_1_202' title='bbox 3584 1367 3684 1422; x_wconf 90' lang='lat' dir='ltr'><strong>per</strong></span> 
     </span>
    </p>
   </div>
   <div class='ocr_carea' id='block_1_30' title="bbox 2087 1426 3682 1506">
    <p class='ocr_par' dir='ltr' id='par_1_30' title="bbox 2087 1426 3682 1506">
     <span class='ocr_line' id='line_1_30' title="bbox 2087 1426 3682 1506; baseline 0.011 -25"><span class='ocrx_word' id='word_1_203' title='bbox 2087 1426 2383 1482; x_wconf 88' lang='lat' dir='ltr'><strong>indebitam</strong></span> <span class='ocrx_word' id='word_1_204' title='bbox 2434 1431 2863 1489; x_wconf 88' lang='lat' dir='ltr'><strong>misericordiam</strong></span> <span class='ocrx_word' id='word_1_205' title='bbox 2911 1437 3007 1491; x_wconf 89' lang='lat' dir='ltr'><strong>Dei</strong></span> <span class='ocrx_word' id='word_1_206' title='bbox 3048 1438 3387 1506; x_wconf 85' lang='lat' dir='ltr'><strong>liberabitur,</strong></span> <span class='ocrx_word' id='word_1_207' title='bbox 3415 1452 3468 1497; x_wconf 90' lang='lat' dir='ltr'><strong>et</strong></span> <span class='ocrx_word' id='word_1_208' title='bbox 3518 1458 3682 1500; x_wconf 89' lang='lat' dir='ltr'><strong>nemo</strong></span> 
     </span>
    </p>
   </div>
   <div class='ocr_carea' id='block_1_31' title="bbox 2087 1518 3683 1592">
    <p class='ocr_par' dir='ltr' id='par_1_31' title="bbox 2087 1518 3683 1592">
     <span class='ocr_line' id='line_1_31' title="bbox 2087 1518 3683 1592; baseline 0.013 -21"><span class='ocrx_word' id='word_1_209' title='bbox 2087 1518 2189 1573; x_wconf 91' lang='lat' dir='ltr'><strong>nisi</strong></span> <span class='ocrx_word' id='word_1_210' title='bbox 2234 1534 2333 1588; x_wconf 92' lang='lat' dir='ltr'><strong>per</strong></span> <span class='ocrx_word' id='word_1_211' title='bbox 2360 1521 2600 1577; x_wconf 85' lang='lat' dir='ltr'><strong>debitum</strong></span> <span class='ocrx_word' id='word_1_212' title='bbox 2631 1523 2897 1592; x_wconf 88' lang='lat' dir='ltr'><strong>judicium</strong></span> <span class='ocrx_word' id='word_1_213' title='bbox 2924 1528 3291 1587; x_wconf 88' lang='lat' dir='ltr'><strong>damnabitur.</strong></span> <span class='ocrx_word' id='word_1_214' title='bbox 3317 1534 3470 1589; x_wconf 85' lang='lat' dir='ltr'><strong>Tunc</strong></span> <span class='ocrx_word' id='word_1_215' title='bbox 3503 1536 3683 1592; x_wconf 87' lang='lat' dir='ltr'><strong>sancti</strong></span> 
     </span>
    </p>
   </div>
   <div class='ocr_carea' id='block_1_32' title="bbox 2087 1611 3683 1699">
    <p class='ocr_par' dir='ltr' id='par_1_32' title="bbox 2087 1611 3683 1699">
     <span class='ocr_line' id='line_1_32' title="bbox 2087 1611 3683 1699; baseline 0.012 -34"><span class='ocrx_word' id='word_1_216' title='bbox 2087 1611 2265 1666; x_wconf 87' lang='lat' dir='ltr'><strong>sciunt</strong></span> <span class='ocrx_word' id='word_1_217' title='bbox 2291 1612 2521 1683; x_wconf 90' lang='lat' dir='ltr'><strong>plenius,</strong></span> <span class='ocrx_word' id='word_1_218' title='bbox 2566 1618 2697 1686; x_wconf 89' lang='lat' dir='ltr'><strong>quid</strong></span> <span class='ocrx_word' id='word_1_219' title='bbox 2725 1619 2852 1674; x_wconf 91' lang='lat' dir='ltr'><strong>boni</strong></span> <span class='ocrx_word' id='word_1_220' title='bbox 2881 1620 2996 1688; x_wconf 83' lang='lat' dir='ltr'><strong>eius</strong></span> <span class='ocrx_word' id='word_1_221' title='bbox 3044 1625 3336 1682; x_wconf 86' lang='lat' dir='ltr'><strong>contulerit</strong></span> <span class='ocrx_word' id='word_1_222' title='bbox 3373 1630 3571 1699; x_wconf 88' lang='lat' dir='ltr'><strong>gratia,</strong></span> <span class='ocrx_word' id='word_1_223' title='bbox 3597 1630 3683 1684; x_wconf 90' lang='lat' dir='ltr'><strong>vel</strong></span> 
     </span>
    </p>
   </div>
   <div class='ocr_carea' id='block_1_33' title="bbox 2087 1705 3685 1789">
    <p class='ocr_par' dir='ltr' id='par_1_33' title="bbox 2087 1705 3685 1789">
     <span class='ocr_line' id='line_1_33' title="bbox 2087 1705 3685 1789; baseline 0.012 -31"><span class='ocrx_word' id='word_1_224' title='bbox 2087 1705 2215 1774; x_wconf 88' lang='lat' dir='ltr'><strong>quid</strong></span> <span class='ocrx_word' id='word_1_225' title='bbox 2245 1716 2429 1761; x_wconf 89' lang='lat' dir='ltr'><strong>essent</strong></span> <span class='ocrx_word' id='word_1_226' title='bbox 2454 1710 2730 1764; x_wconf 88' lang='lat' dir='ltr'><strong>consecuti</strong></span> <span class='ocrx_word' id='word_1_227' title='bbox 2763 1712 2808 1766; x_wconf 88' lang='lat' dir='ltr'><strong>si</strong></span> <span class='ocrx_word' id='word_1_228' title='bbox 2837 1713 3017 1768; x_wconf 89' lang='lat' dir='ltr'><strong>divina</strong></span> <span class='ocrx_word' id='word_1_229' title='bbox 3054 1732 3147 1772; x_wconf 87' lang='lat' dir='ltr'><strong>eos</strong></span> <span class='ocrx_word' id='word_1_230' title='bbox 3186 1721 3427 1789; x_wconf 89' lang='lat' dir='ltr'><strong>gratuito</strong></span> <span class='ocrx_word' id='word_1_231' title='bbox 3455 1737 3685 1777; x_wconf 89' lang='lat' dir='ltr'><strong>munere</strong></span> 
     </span>
    </p>
   </div>
   <div class='ocr_carea' id='block_1_34' title="bbox 384 1775 1986 1875">
    <p class='ocr_par' dir='ltr' id='par_1_34' title="bbox 384 1782 1981 1854">
     <span class='ocr_line' id='line_1_34' title="bbox 384 1782 1981 1854; baseline 0.004 -19"><span class='ocrx_word' id='word_1_232' title='bbox 384 1795 487 1851; x_wconf 90' lang='lat' dir='ltr'><strong>per</strong></span> <span class='ocrx_word' id='word_1_233' title='bbox 513 1782 773 1838; x_wconf 87' lang='lat' dir='ltr'><strong>miracula</strong></span> <span class='ocrx_word' id='word_1_234' title='bbox 816 1783 1161 1850; x_wconf 84' lang='lat' dir='ltr'><strong>declaratus,</strong></span> <span class='ocrx_word' id='word_1_235' title='bbox 1191 1785 1333 1854; x_wconf 89' lang='lat' dir='ltr'><strong>quod</strong></span> <span class='ocrx_word' id='word_1_236' title='bbox 1372 1785 1665 1841; x_wconf 75' lang='lat' dir='ltr'><strong>crucifixus</strong></span> <span class='ocrx_word' id='word_1_237' title='bbox 1692 1796 1747 1841; x_wconf 90' lang='lat' dir='ltr'><strong>et</strong></span> <span class='ocrx_word' id='word_1_238' title='bbox 1778 1802 1808 1840; x_wconf 92' lang='lat' dir='ltr'><strong>a</strong></span> <span class='ocrx_word' id='word_1_239' title='bbox 1835 1802 1981 1841; x_wconf 90' lang='lat' dir='ltr'><strong>mor-</strong></span> 
     </span>
    </p>
   </div>
   <div class='ocr_carea' id='block_1_35' title="bbox 2094 1775 3683 1875">
    <p class='ocr_par' dir='ltr' id='par_1_35' title="bbox 2094 1796 3683 1875">
     <span class='ocr_line' id='line_1_35' title="bbox 2094 1796 3683 1875; baseline 0.012 -26"><span class='ocrx_word' id='word_1_240' title='bbox 2094 1811 2194 1851; x_wconf 92' lang='lat' dir='ltr'><strong>non</strong></span> <span class='ocrx_word' id='word_1_241' title='bbox 2236 1796 2505 1867; x_wconf 86' lang='lat' dir='ltr'><strong>elegisset.</strong></span> <span class='ocrx_word' id='word_1_242' title='bbox 2531 1800 2683 1857; x_wconf 89' lang='lat' dir='ltr'><strong>Tunc</strong></span> <span class='ocrx_word' id='word_1_243' title='bbox 2724 1804 2828 1857; x_wconf 89' lang='lat' dir='ltr'><strong>erit</strong></span> <span class='ocrx_word' id='word_1_244' title='bbox 2860 1805 2973 1875; x_wconf 89' lang='lat' dir='ltr'><strong>ipse</strong></span> <span class='ocrx_word' id='word_1_245' title='bbox 3010 1807 3151 1863; x_wconf 90' lang='lat' dir='ltr'><strong>Deus</strong></span> <span class='ocrx_word' id='word_1_246' title='bbox 3173 1820 3486 1867; x_wconf 87' lang='lat' dir='ltr'><strong>sanctorum</strong></span> <span class='ocrx_word' id='word_1_247' title='bbox 3516 1814 3683 1868; x_wconf 87' lang='lat' dir='ltr'><strong>satie-</strong></span> 
     </span>
    </p>
   </div>
   <div class='ocr_carea' id='block_1_36' title="bbox 389 1872 1986 1946">
    <p class='ocr_par' dir='ltr' id='par_1_36' title="bbox 389 1872 1986 1946">
     <span class='ocr_line' id='line_1_36' title="bbox 389 1872 1986 1946; baseline 0.004 -21"><span class='ocrx_word' id='word_1_248' title='bbox 389 1872 495 1927; x_wconf 90' lang='lat' dir='ltr'><strong>Iuis</strong></span> <span class='ocrx_word' id='word_1_249' title='bbox 517 1873 809 1929; x_wconf 87' lang='lat' dir='ltr'><strong>suscitatus</strong></span> <span class='ocrx_word' id='word_1_250' title='bbox 836 1874 1058 1945; x_wconf 88' lang='lat' dir='ltr'><strong>suisque</strong></span> <span class='ocrx_word' id='word_1_251' title='bbox 1083 1873 1464 1931; x_wconf 86' lang='lat' dir='ltr'><strong>manifestatus</strong></span> <span class='ocrx_word' id='word_1_252' title='bbox 1484 1916 1498 1941; x_wconf 90' lang='lat'><strong>,</strong></span> <span class='ocrx_word' id='word_1_253' title='bbox 1539 1877 1681 1946; x_wconf 91' lang='lat' dir='ltr'><strong>quod</strong></span> <span class='ocrx_word' id='word_1_254' title='bbox 1700 1874 1867 1944; x_wconf 80' lang='lat' dir='ltr'><strong>judex</strong></span> <span class='ocrx_word' id='word_1_255' title='bbox 1915 1877 1986 1932; x_wconf 89' lang='lat' dir='ltr'><strong>sit</strong></span> 
     </span>
    </p>
   </div>
   <div class='ocr_carea' id='block_1_37' title="bbox 388 1963 1985 2038">
    <p class='ocr_par' dir='ltr' id='par_1_37' title="bbox 388 1963 1985 2038">
     <span class='ocr_line' id='line_1_37' title="bbox 388 1963 1985 2038; baseline 0 -20"><span class='ocrx_word' id='word_1_256' title='bbox 388 1964 632 2018; x_wconf 91' lang='lat' dir='ltr'><strong>omnium</strong></span> <span class='ocrx_word' id='word_1_257' title='bbox 659 1963 713 2017; x_wconf 91' lang='lat' dir='ltr'><strong>in</strong></span> <span class='ocrx_word' id='word_1_258' title='bbox 742 1964 848 2019; x_wconf 87' lang='lat' dir='ltr'><strong>fine</strong></span> <span class='ocrx_word' id='word_1_259' title='bbox 883 1973 1164 2033; x_wconf 86' lang='lat' dir='ltr'><strong>venturus,</strong></span> <span class='ocrx_word' id='word_1_260' title='bbox 1193 1968 1446 2038; x_wconf 87' lang='lat' dir='ltr'><strong>quodque</strong></span> <span class='ocrx_word' id='word_1_261' title='bbox 1480 1968 1645 2023; x_wconf 88' lang='lat' dir='ltr'><strong>etiam</strong></span> <span class='ocrx_word' id='word_1_262' title='bbox 1673 1984 1771 2038; x_wconf 89' lang='lat' dir='ltr'><strong>per</strong></span> <span class='ocrx_word' id='word_1_263' title='bbox 1801 1969 1985 2024; x_wconf 64' lang='lat' dir='ltr'><strong>Eccle-</strong></span> 
     </span>
    </p>
   </div>
   <div class='ocr_carea' id='block_1_38' title="bbox 384 2053 1982 2124">
    <p class='ocr_par' dir='ltr' id='par_1_38' title="bbox 384 2053 1982 2124">
     <span class='ocr_line' id='line_1_38' title="bbox 384 2053 1982 2124; baseline 0.003 -15"><span class='ocrx_word' id='word_1_264' title='bbox 384 2054 524 2109; x_wconf 82' lang='lat' dir='ltr'><strong>siam</strong></span> <span class='ocrx_word' id='word_1_265' title='bbox 553 2067 709 2109; x_wconf 90' lang='lat' dir='ltr'><strong>suam</strong></span> <span class='ocrx_word' id='word_1_266' title='bbox 736 2069 835 2124; x_wconf 90' lang='lat' dir='ltr'><strong>per</strong></span> <span class='ocrx_word' id='word_1_267' title='bbox 870 2053 1029 2110; x_wconf 82' lang='lat' dir='ltr'><strong>ﬁdem</strong></span> <span class='ocrx_word' id='word_1_268' title='bbox 1060 2062 1233 2111; x_wconf 92' lang='lat' dir='ltr'><strong>totum</strong></span> <span class='ocrx_word' id='word_1_269' title='bbox 1252 2057 1325 2111; x_wconf 89' lang='lat' dir='ltr'><strong>sit</strong></span> <span class='ocrx_word' id='word_1_270' title='bbox 1349 2057 1537 2112; x_wconf 89' lang='lat' dir='ltr'><strong>orbem</strong></span> <span class='ocrx_word' id='word_1_271' title='bbox 1566 2056 1982 2115; x_wconf 89' lang='lat' dir='ltr'><strong>illuminaturus.</strong></span> 
     </span>
    </p>
   </div>
   <div class='ocr_carea' id='block_1_39' title="bbox 387 2143 1024 2216">
    <p class='ocr_par' dir='ltr' id='par_1_39' title="bbox 387 2143 1024 2216">
     <span class='ocr_line' id='line_1_39' title="bbox 387 2143 1024 2216; baseline -0.003 -17"><span class='ocrx_word' id='word_1_272' title='bbox 387 2143 598 2200; x_wconf 82' lang='lat' dir='ltr'><strong>Deinde</strong></span> <span class='ocrx_word' id='word_1_273' title='bbox 643 2144 988 2216; x_wconf 86' lang='lat' dir='ltr'><strong>subjungitur</strong></span> <span class='ocrx_word' id='word_1_274' title='bbox 1011 2162 1024 2197; x_wconf 95' lang='lat'>:</span> 
     </span>
    </p>
   </div>
   <div class='ocr_carea' id='block_1_40' title="bbox 461 2233 1985 2308">
    <p class='ocr_par' dir='ltr' id='par_1_40' title="bbox 461 2233 1985 2308">
     <span class='ocr_line' id='line_1_40' title="bbox 461 2233 1985 2308; baseline 0.002 -19"><span class='ocrx_word' id='word_1_275' title='bbox 461 2233 737 2302; x_wconf 83' lang='lat' dir='ltr'><strong>Quomodo</strong></span> <span class='ocrx_word' id='word_1_276' title='bbox 787 2235 939 2290; x_wconf 67' lang='lat' dir='ltr'><strong>unxit</strong></span> <span class='ocrx_word' id='word_1_277' title='bbox 970 2251 1091 2289; x_wconf 83' lang='lat' dir='ltr'><strong>eum</strong></span> <span class='ocrx_word' id='word_1_278' title='bbox 1141 2234 1519 2308; x_wconf 75' lang='lat' dir='ltr'><strong>Deus‘Spiritu</strong></span> <span class='ocrx_word' id='word_1_279' title='bbox 1570 2247 1752 2292; x_wconf 86' lang='lat' dir='ltr'><strong>sancto</strong></span> <span class='ocrx_word' id='word_1_280' title='bbox 1792 2248 1842 2292; x_wconf 86' lang='lat' dir='ltr'><strong>et</strong></span> <span class='ocrx_word' id='word_1_281' title='bbox 1881 2239 1985 2293; x_wconf 82' lang='lat' dir='ltr'><strong>vir-</strong></span> 
     </span>
    </p>
   </div>
   <div class='ocr_carea' id='block_1_41' title="bbox 388 2322 1984 2396">
    <p class='ocr_par' dir='ltr' id='par_1_41' title="bbox 388 2322 1984 2396">
     <span class='ocr_line' id='line_1_41' title="bbox 388 2322 1984 2396; baseline 0.003 -18"><span class='ocrx_word' id='word_1_282' title='bbox 388 2334 514 2380; x_wconf 79' lang='lat' dir='ltr'><strong>tute.</strong></span> <span class='ocrx_word' id='word_1_283' title='bbox 540 2322 742 2380; x_wconf 76' lang='lat' dir='ltr'><strong>[luctus</strong></span> <span class='ocrx_word' id='word_1_284' title='bbox 760 2333 845 2380; x_wconf 89' lang='lat' dir='ltr'><strong>est</strong></span> <span class='ocrx_word' id='word_1_285' title='bbox 869 2338 997 2396; x_wconf 86' lang='lat' dir='ltr'><strong>ergo</strong></span> <span class='ocrx_word' id='word_1_286' title='bbox 1015 2323 1172 2380; x_wconf 82' lang='lat' dir='ltr'><strong>Jcsus</strong></span> <span class='ocrx_word' id='word_1_287' title='bbox 1194 2340 1299 2380; x_wconf 90' lang='lat' dir='ltr'><strong>non</strong></span> <span class='ocrx_word' id='word_1_288' title='bbox 1330 2326 1451 2383; x_wconf 91' lang='lat' dir='ltr'><strong>oleo</strong></span> <span class='ocrx_word' id='word_1_289' title='bbox 1477 2326 1700 2393; x_wconf 61' lang='lat' dir='ltr'><strong>visiluili,</strong></span> <span class='ocrx_word' id='word_1_290' title='bbox 1720 2328 1815 2383; x_wconf 85' lang='lat' dir='ltr'><strong>sed</strong></span> <span class='ocrx_word' id='word_1_291' title='bbox 1844 2328 1984 2383; x_wconf 90' lang='lat' dir='ltr'><strong>dono</strong></span> 
     </span>
    </p>
   </div>
   <div class='ocr_carea' id='block_1_42' title="bbox 386 2415 1979 2487">
    <p class='ocr_par' dir='ltr' id='par_1_42' title="bbox 386 2415 1979 2487">
     <span class='ocr_line' id='line_1_42' title="bbox 386 2415 1979 2487; baseline 0 -16"><span class='ocrx_word' id='word_1_292' title='bbox 386 2416 577 2487; x_wconf 67' lang='lat' dir='ltr'><strong>gratia:</strong></span> <span class='ocrx_word' id='word_1_293' title='bbox 625 2415 909 2487; x_wconf 88' lang='lat' dir='ltr'><strong>spiritalis,</strong></span> <span class='ocrx_word' id='word_1_294' title='bbox 965 2430 1088 2486; x_wconf 62' lang='lat' dir='ltr'><strong>quae</strong></span> <span class='ocrx_word' id='word_1_295' title='bbox 1127 2416 1308 2471; x_wconf 88' lang='lat' dir='ltr'><strong>omnia</strong></span> <span class='ocrx_word' id='word_1_296' title='bbox 1360 2416 1594 2487; x_wconf 87' lang='lat' dir='ltr'><strong>pleniter</strong></span> <span class='ocrx_word' id='word_1_297' title='bbox 1636 2417 1979 2482; x_wconf 82' lang='lat' dir='ltr'><strong>continebat;</strong></span> 
     </span>
    </p>
   </div>
   <div class='ocr_carea' id='block_1_43' title="bbox 385 2508 1984 2581">
    <p class='ocr_par' dir='ltr' id='par_1_43' title="bbox 385 2508 1984 2581">
     <span class='ocr_line' id='line_1_43' title="bbox 385 2508 1984 2581; baseline 0.001 -17"><span class='ocrx_word' id='word_1_298' title='bbox 385 2510 531 2581; x_wconf 81' lang='lat' dir='ltr'><strong>quod</strong></span> <span class='ocrx_word' id='word_1_299' title='bbox 558 2508 755 2565; x_wconf 84' lang='lat' dir='ltr'><strong>visibili</strong></span> <span class='ocrx_word' id='word_1_300' title='bbox 811 2509 1151 2580; x_wconf 88' lang='lat' dir='ltr'><strong>signiﬁcatur</strong></span> <span class='ocrx_word' id='word_1_301' title='bbox 1203 2519 1481 2581; x_wconf 85' lang='lat' dir='ltr'><strong>unguento</strong></span> <span class='ocrx_word' id='word_1_302' title='bbox 1520 2525 1629 2581; x_wconf 90' lang='lat' dir='ltr'><strong>quo</strong></span> <span class='ocrx_word' id='word_1_303' title='bbox 1674 2510 1984 2581; x_wconf 84' lang='lat' dir='ltr'><strong>baptizatos</strong></span> 
     </span>
    </p>
   </div>
   <div class='ocr_carea' id='block_1_44' title="bbox 387 2598 1983 2673">
    <p class='ocr_par' dir='ltr' id='par_1_44' title="bbox 387 2598 1983 2673">
     <span class='ocr_line' id='line_1_44' title="bbox 387 2598 1983 2673; baseline 0.001 -18"><span class='ocrx_word' id='word_1_304' title='bbox 387 2602 543 2673; x_wconf 83' lang='lat' dir='ltr'><strong>ungit</strong></span> <span class='ocrx_word' id='word_1_305' title='bbox 580 2598 857 2667; x_wconf 82' lang='lat' dir='ltr'><strong>Ecclesia,</strong></span> <span class='ocrx_word' id='word_1_306' title='bbox 891 2600 1016 2656; x_wconf 90' lang='lat' dir='ltr'><strong>dum</strong></span> <span class='ocrx_word' id='word_1_307' title='bbox 1046 2614 1145 2670; x_wconf 87' lang='lat' dir='ltr'><strong>per</strong></span> <span class='ocrx_word' id='word_1_308' title='bbox 1176 2600 1575 2671; x_wconf 91' lang='lat' dir='ltr'><strong>impositionem</strong></span> <span class='ocrx_word' id='word_1_309' title='bbox 1625 2618 1818 2658; x_wconf 90' lang='lat' dir='ltr'><strong>manus</strong></span> <span class='ocrx_word' id='word_1_310' title='bbox 1864 2602 1983 2672; x_wconf 87' lang='lat' dir='ltr'><strong>epi-</strong></span> 
     </span>
    </p>
   </div>
   <div class='ocr_carea' id='block_1_45' title="bbox 389 2689 1982 2764">
    <p class='ocr_par' dir='ltr' id='par_1_45' title="bbox 389 2689 1982 2764">
     <span class='ocr_line' id='line_1_45' title="bbox 389 2689 1982 2764; baseline 0 -16"><span class='ocrx_word' id='word_1_311' title='bbox 389 2692 539 2764; x_wconf 86' lang='lat' dir='ltr'><strong>scopi</strong></span> <span class='ocrx_word' id='word_1_312' title='bbox 560 2692 797 2763; x_wconf 89' lang='lat' dir='ltr'><strong>Spiritus</strong></span> <span class='ocrx_word' id='word_1_313' title='bbox 822 2689 1152 2761; x_wconf 88' lang='lat' dir='ltr'><strong>septiformis</strong></span> <span class='ocrx_word' id='word_1_314' title='bbox 1178 2692 1492 2759; x_wconf 85' lang='lat' dir='ltr'><strong>invocatur;</strong></span> <span class='ocrx_word' id='word_1_315' title='bbox 1519 2693 1574 2755; x_wconf 87' lang='lat' dir='ltr'><strong>in</strong></span> <span class='ocrx_word' id='word_1_316' title='bbox 1599 2709 1703 2763; x_wconf 89' lang='lat' dir='ltr'><strong>qua</strong></span> <span class='ocrx_word' id='word_1_317' title='bbox 1728 2694 1982 2748; x_wconf 89' lang='lat' dir='ltr'><strong>similitu-</strong></span> 
     </span>
    </p>
   </div>
   <div class='ocr_carea' id='block_1_46' title="bbox 387 2780 1982 2856">
    <p class='ocr_par' dir='ltr' id='par_1_46' title="bbox 387 2780 1982 2856">
     <span class='ocr_line' id='line_1_46' title="bbox 387 2780 1982 2856; baseline 0 -17"><span class='ocrx_word' id='word_1_318' title='bbox 387 2785 515 2841; x_wconf 87' lang='lat' dir='ltr'><strong>dine</strong></span> <span class='ocrx_word' id='word_1_319' title='bbox 549 2799 715 2856; x_wconf 88' lang='lat' dir='ltr'><strong>super</strong></span> <span class='ocrx_word' id='word_1_320' title='bbox 739 2799 863 2839; x_wconf 91' lang='lat' dir='ltr'><strong>eum</strong></span> <span class='ocrx_word' id='word_1_321' title='bbox 888 2780 1219 2853; x_wconf 86' lang='lat' dir='ltr'><strong>baptizatum</strong></span> <span class='ocrx_word' id='word_1_322' title='bbox 1251 2781 1488 2855; x_wconf 82' lang='lat' dir='ltr'><strong>Spiritus</strong></span> <span class='ocrx_word' id='word_1_323' title='bbox 1513 2792 1734 2840; x_wconf 87' lang='lat' dir='ltr'><strong>sanctus</strong></span> <span class='ocrx_word' id='word_1_324' title='bbox 1762 2785 1816 2839; x_wconf 90' lang='lat' dir='ltr'><strong>in</strong></span> <span class='ocrx_word' id='word_1_325' title='bbox 1857 2800 1982 2855; x_wconf 90' lang='lat' dir='ltr'><strong>spe-</strong></span> 
     </span>
    </p>
   </div>
   <div class='ocr_carea' id='block_1_47' title="bbox 388 2874 1985 2946">
    <p class='ocr_par' dir='ltr' id='par_1_47' title="bbox 388 2874 1985 2946">
     <span class='ocr_line' id='line_1_47' title="bbox 388 2874 1985 2946; baseline -0.002 -14"><span class='ocrx_word' id='word_1_326' title='bbox 388 2877 474 2932; x_wconf 91' lang='lat' dir='ltr'><strong>cic</strong></span> <span class='ocrx_word' id='word_1_327' title='bbox 493 2874 758 2932; x_wconf 71' lang='lat' dir='ltr'><strong>columbae</strong></span> <span class='ocrx_word' id='word_1_328' title='bbox 779 2875 1079 2931; x_wconf 87' lang='lat' dir='ltr'><strong>descendit.</strong></span> <span class='ocrx_word' id='word_1_329' title='bbox 1115 2874 1270 2930; x_wconf 86' lang='lat' dir='ltr'><strong>Tunc</strong></span> <span class='ocrx_word' id='word_1_330' title='bbox 1290 2874 1587 2931; x_wconf 76' lang='lat' dir='ltr'><strong>Ecclesium</strong></span> <span class='ocrx_word' id='word_1_331' title='bbox 1625 2892 1778 2931; x_wconf 90' lang='lat' dir='ltr'><strong>suam</strong></span> <span class='ocrx_word' id='word_1_332' title='bbox 1807 2874 1985 2946; x_wconf 70' lang='lat' dir='ltr'><strong>praeli-</strong></span> 
     </span>
    </p>
   </div>
   <div class='ocr_carea' id='block_1_48' title="bbox 390 2963 1985 3037">
    <p class='ocr_par' dir='ltr' id='par_1_48' title="bbox 390 2963 1985 3037">
     <span class='ocr_line' id='line_1_48' title="bbox 390 2963 1985 3037; baseline 0 -17"><span class='ocrx_word' id='word_1_333' title='bbox 390 2979 588 3035; x_wconf 89' lang='lat' dir='ltr'><strong>gurare</strong></span> <span class='ocrx_word' id='word_1_334' title='bbox 607 2964 862 3037; x_wconf 89' lang='lat' dir='ltr'><strong>dignatus</strong></span> <span class='ocrx_word' id='word_1_335' title='bbox 880 2972 973 3021; x_wconf 87' lang='lat' dir='ltr'><strong>est</strong></span> <span class='ocrx_word' id='word_1_336' title='bbox 993 3004 1009 3031; x_wconf 93' lang='lat'><strong>,</strong></span> <span class='ocrx_word' id='word_1_337' title='bbox 1035 2963 1091 3019; x_wconf 88' lang='lat' dir='ltr'><strong>in</strong></span> <span class='ocrx_word' id='word_1_338' title='bbox 1122 2978 1230 3035; x_wconf 91' lang='lat' dir='ltr'><strong>qua</strong></span> <span class='ocrx_word' id='word_1_339' title='bbox 1257 2964 1529 3035; x_wconf 67' lang='lat' dir='ltr'><strong>praecipue</strong></span> <span class='ocrx_word' id='word_1_340' title='bbox 1554 2965 1816 3035; x_wconf 83' lang='lat' dir='ltr'><strong>baptizati</strong></span> <span class='ocrx_word' id='word_1_341' title='bbox 1842 2966 1985 3020; x_wconf 90' lang='lat' dir='ltr'><strong>acci-</strong></span> 
     </span>
    </p>
   </div>
   <div class='ocr_carea' id='block_1_49' title="bbox 386 3055 1985 3129">
    <p class='ocr_par' dir='ltr' id='par_1_49' title="bbox 386 3055 1985 3129">
     <span class='ocr_line' id='line_1_49' title="bbox 386 3055 1985 3129; baseline -0.001 -18"><span class='ocrx_word' id='word_1_342' title='bbox 386 3058 545 3129; x_wconf 84' lang='lat' dir='ltr'><strong>piunt</strong></span> <span class='ocrx_word' id='word_1_343' title='bbox 565 3055 829 3128; x_wconf 88' lang='lat' dir='ltr'><strong>Spiritum</strong></span> <span class='ocrx_word' id='word_1_344' title='bbox 852 3063 1130 3123; x_wconf 89' lang='lat' dir='ltr'><strong>sanctum;</strong></span> <span class='ocrx_word' id='word_1_345' title='bbox 1165 3064 1294 3111; x_wconf 91' lang='lat' dir='ltr'><strong>tunc</strong></span> <span class='ocrx_word' id='word_1_346' title='bbox 1319 3055 1464 3127; x_wconf 80' lang='lat' dir='ltr'><strong>enim</strong></span> <span class='ocrx_word' id='word_1_347' title='bbox 1494 3055 1874 3127; x_wconf 85' lang='lat' dir='ltr'><strong>intelligendus</strong></span> <span class='ocrx_word' id='word_1_348' title='bbox 1900 3066 1985 3111; x_wconf 91' lang='lat' dir='ltr'><strong>est</strong></span> 
     </span>
    </p>
   </div>
   <div class='ocr_carea' id='block_1_50' title="bbox 2092 1888 3683 1971">
    <p class='ocr_par' dir='ltr' id='par_1_50' title="bbox 2092 1888 3683 1971">
     <span class='ocr_line' id='line_1_50' title="bbox 2092 1888 3683 1971; baseline 0.011 -32"><span class='ocrx_word' id='word_1_349' title='bbox 2092 1894 2197 1952; x_wconf 88' lang='lat' dir='ltr'><strong>tas,</strong></span> <span class='ocrx_word' id='word_1_350' title='bbox 2228 1888 2513 1943; x_wconf 87' lang='lat' dir='ltr'><strong>beatorum</strong></span> <span class='ocrx_word' id='word_1_351' title='bbox 2542 1888 2888 1957; x_wconf 88' lang='lat' dir='ltr'><strong>jucunditas,</strong></span> <span class='ocrx_word' id='word_1_352' title='bbox 2926 1904 2980 1949; x_wconf 91' lang='lat' dir='ltr'><strong>et</strong></span> <span class='ocrx_word' id='word_1_353' title='bbox 3018 1898 3197 1952; x_wconf 88' lang='lat' dir='ltr'><strong>omnia</strong></span> <span class='ocrx_word' id='word_1_354' title='bbox 3241 1915 3576 1971; x_wconf 62' lang='lat' dir='ltr'><strong>quaecunque</strong></span> <span class='ocrx_word' id='word_1_355' title='bbox 3608 1901 3683 1956; x_wconf 89' lang='lat' dir='ltr'><strong>ab</strong></span> 
     </span>
    </p>
   </div>
   <div class='ocr_carea' id='block_1_51' title="bbox 2089 1976 3708 2055">
    <p class='ocr_par' dir='ltr' id='par_1_51' title="bbox 2089 1976 3708 2055">
     <span class='ocr_line' id='line_1_51' title="bbox 2089 1976 3708 2055; baseline 0.011 -25"><span class='ocrx_word' id='word_1_356' title='bbox 2089 1976 2168 2031; x_wconf 91' lang='lat' dir='ltr'><strong>eis</strong></span> <span class='ocrx_word' id='word_1_357' title='bbox 2202 1976 2425 2033; x_wconf 89' lang='lat' dir='ltr'><strong>honeste</strong></span> <span class='ocrx_word' id='word_1_358' title='bbox 2459 1978 2753 2035; x_wconf 88' lang='lat' dir='ltr'><strong>desiderari</strong></span> <span class='ocrx_word' id='word_1_359' title='bbox 2807 1992 3053 2051; x_wconf 85' lang='lat' dir='ltr'><strong>possunt,</strong></span> <span class='ocrx_word' id='word_1_360' title='bbox 3102 1993 3158 2040; x_wconf 90' lang='lat' dir='ltr'><strong>et</strong></span> <span class='ocrx_word' id='word_1_361' title='bbox 3204 1988 3347 2053; x_wconf 88' lang='lat' dir='ltr'><strong>vita,</strong></span> <span class='ocrx_word' id='word_1_362' title='bbox 3392 1989 3571 2055; x_wconf 89' lang='lat' dir='ltr'><strong>salus,</strong></span> <span class='ocrx_word' id='word_1_363' title='bbox 3622 2000 3708 2049; x_wconf 75' lang='lat' dir='ltr'><strong>et.</strong></span> 
     </span>
    </p>
   </div>
   <div class='ocr_carea' id='block_1_52' title="bbox 2089 2065 3683 2144">
    <p class='ocr_par' dir='ltr' id='par_1_52' title="bbox 2089 2065 3683 2144">
     <span class='ocr_line' id='line_1_52' title="bbox 2089 2065 3683 2144; baseline 0.009 -26"><span class='ocrx_word' id='word_1_364' title='bbox 2089 2065 2283 2131; x_wconf 89' lang='lat' dir='ltr'><strong>victus,</strong></span> <span class='ocrx_word' id='word_1_365' title='bbox 2314 2073 2369 2121; x_wconf 89' lang='lat' dir='ltr'><strong>et</strong></span> <span class='ocrx_word' id='word_1_366' title='bbox 2393 2068 2569 2137; x_wconf 85' lang='lat' dir='ltr'><strong>cepia,</strong></span> <span class='ocrx_word' id='word_1_367' title='bbox 2597 2077 2652 2123; x_wconf 92' lang='lat' dir='ltr'><strong>et</strong></span> <span class='ocrx_word' id='word_1_368' title='bbox 2672 2069 2862 2139; x_wconf 87' lang='lat' dir='ltr'><strong>gloria,</strong></span> <span class='ocrx_word' id='word_1_369' title='bbox 2894 2080 2950 2126; x_wconf 90' lang='lat' dir='ltr'><strong>et</strong></span> <span class='ocrx_word' id='word_1_370' title='bbox 2976 2072 3168 2136; x_wconf 86' lang='lat' dir='ltr'><strong>honor,</strong></span> <span class='ocrx_word' id='word_1_371' title='bbox 3217 2084 3274 2130; x_wconf 92' lang='lat' dir='ltr'><strong>et</strong></span> <span class='ocrx_word' id='word_1_372' title='bbox 3315 2092 3440 2144; x_wconf 81' lang='lat' dir='ltr'><strong>pax,</strong></span> <span class='ocrx_word' id='word_1_373' title='bbox 3473 2086 3683 2133; x_wconf 81' lang='lat' dir='ltr'><strong>:eterna</strong></span> 
     </span>
    </p>
   </div>
   <div class='ocr_carea' id='block_1_53' title="bbox 2087 2158 3683 2238">
    <p class='ocr_par' dir='ltr' id='par_1_53' title="bbox 2087 2158 3683 2238">
     <span class='ocr_line' id='line_1_53' title="bbox 2087 2158 3683 2238; baseline 0.007 -24"><span class='ocrx_word' id='word_1_374' title='bbox 2087 2158 2389 2225; x_wconf 82' lang='lat' dir='ltr'><strong>beatitudo,</strong></span> <span class='ocrx_word' id='word_1_375' title='bbox 2420 2170 2476 2214; x_wconf 88' lang='lat' dir='ltr'><strong>et</strong></span> <span class='ocrx_word' id='word_1_376' title='bbox 2504 2161 2661 2215; x_wconf 86' lang='lat' dir='ltr'><strong>beata</strong></span> <span class='ocrx_word' id='word_1_377' title='bbox 2692 2164 2994 2227; x_wconf 57' lang='lat' dir='ltr'><strong>aeternitas,</strong></span> <span class='ocrx_word' id='word_1_378' title='bbox 3016 2165 3103 2219; x_wconf 90' lang='lat' dir='ltr'><strong>cui</strong></span> <span class='ocrx_word' id='word_1_379' title='bbox 3131 2165 3202 2220; x_wconf 92' lang='lat' dir='ltr'><strong>sit</strong></span> <span class='ocrx_word' id='word_1_380' title='bbox 3224 2166 3399 2222; x_wconf 91' lang='lat' dir='ltr'><strong>honor</strong></span> <span class='ocrx_word' id='word_1_381' title='bbox 3423 2177 3479 2223; x_wconf 90' lang='lat' dir='ltr'><strong>et</strong></span> <span class='ocrx_word' id='word_1_382' title='bbox 3509 2169 3683 2238; x_wconf 79' lang='lat' dir='ltr'><strong>gloria</strong></span> 
     </span>
    </p>
   </div>
   <div class='ocr_carea' id='block_1_54' title="bbox 2088 2251 3570 2320">
    <p class='ocr_par' dir='ltr' id='par_1_54' title="bbox 2088 2251 3570 2320">
     <span class='ocr_line' id='line_1_54' title="bbox 2088 2251 3570 2320; baseline 0.007 -18"><span class='ocrx_word' id='word_1_383' title='bbox 2088 2263 2234 2304; x_wconf 89' lang='lat' dir='ltr'><strong>nunc</strong></span> <span class='ocrx_word' id='word_1_384' title='bbox 2252 2259 2307 2305; x_wconf 91' lang='lat' dir='ltr'><strong>et</strong></span> <span class='ocrx_word' id='word_1_385' title='bbox 2334 2265 2570 2320; x_wconf 88' lang='lat' dir='ltr'><strong>semper,</strong></span> <span class='ocrx_word' id='word_1_386' title='bbox 2599 2259 2653 2306; x_wconf 91' lang='lat' dir='ltr'><strong>et</strong></span> <span class='ocrx_word' id='word_1_387' title='bbox 2682 2251 2736 2306; x_wconf 92' lang='lat' dir='ltr'><strong>in</strong></span> <span class='ocrx_word' id='word_1_388' title='bbox 2773 2254 2970 2309; x_wconf 70' lang='lat' dir='ltr'><strong>smcula</strong></span> <span class='ocrx_word' id='word_1_389' title='bbox 3000 2255 3570 2314; x_wconf 73' lang='lat' dir='ltr'><strong>szcculorum.Amen.</strong></span> 
     </span>
    </p>
   </div>
   <div class='ocr_carea' id='block_1_55' title="bbox 2682 2362 3083 2422">
    <p class='ocr_par' dir='ltr' id='par_1_55' title="bbox 2682 2362 3083 2422">
     <span class='ocr_line' id='line_1_55' title="bbox 2682 2362 3083 2422; baseline 0.01 -4"><span class='ocrx_word' id='word_1_390' title='bbox 2682 2362 2968 2421; x_wconf 73' lang='lat' dir='ltr'><strong>HOMlLlA</strong></span> <span class='ocrx_word' id='word_1_391' title='bbox 2994 2367 3083 2422; x_wconf 77' lang='lat' dir='ltr'><strong>Vl.</strong></span> 
     </span>
    </p>
   </div>
   <div class='ocr_carea' id='block_1_56' title="bbox 2648 2450 3127 2493">
    <p class='ocr_par' dir='ltr' id='par_1_56' title="bbox 2648 2450 3127 2493">
     <span class='ocr_line' id='line_1_56' title="bbox 2648 2450 3127 2493; baseline 0.01 -5"><span class='ocrx_word' id='word_1_392' title='bbox 2648 2450 2780 2489; x_wconf 69' lang='grc' dir='ltr'><strong>ῙΤΕΜ</strong></span> <span class='ocrx_word' id='word_1_393' title='bbox 2847 2453 3005 2492; x_wconf 70' lang='grc' dir='ltr'><strong>ΡΕΙΠΔ</strong></span> <span class='ocrx_word' id='word_1_394' title='bbox 3069 2454 3127 2493; x_wconf 84' lang='grc' dir='ltr'><strong>ΙΙ.</strong></span> 
     </span>
    </p>
   </div>
   <div class='ocr_carea' id='block_1_57' title="bbox 2227 2524 3535 2599">
    <p class='ocr_par' dir='ltr' id='par_1_57' title="bbox 2227 2524 3535 2599">
     <span class='ocr_line' id='line_1_57' title="bbox 2227 2524 3535 2599; baseline 0.008 -19"><span class='ocrx_word' id='word_1_395' title='bbox 2227 2524 2414 2582; x_wconf 89' lang='lat' dir='ltr'><strong>Lectio</strong></span> <span class='ocrx_word' id='word_1_396' title='bbox 2460 2527 2635 2582; x_wconf 88' lang='lat' dir='ltr'><strong>sancti</strong></span> <span class='ocrx_word' id='word_1_397' title='bbox 2667 2527 2941 2599; x_wconf 77' lang='lat' dir='ltr'><strong>Evangelii</strong></span> <span class='ocrx_word' id='word_1_398' title='bbox 2974 2546 3269 2588; x_wconf 90' lang='lat' dir='ltr'><strong>secunoum</strong></span> <span class='ocrx_word' id='word_1_399' title='bbox 3310 2531 3535 2592; x_wconf 83' lang='lat' dir='ltr'><strong>Lucam.</strong></span> 
     </span>
    </p>
   </div>
   <div class='ocr_carea' id='block_1_58' title="bbox 2159 2614 3683 2693">
    <p class='ocr_par' dir='ltr' id='par_1_58' title="bbox 2159 2614 3683 2693">
     <span class='ocr_line' id='line_1_58' title="bbox 2159 2614 3683 2693; baseline 0.01 -25"><span class='ocrx_word' id='word_1_400' title='bbox 2159 2614 2226 2670; x_wconf 86' lang='lat' dir='ltr'><strong>In</strong></span> <span class='ocrx_word' id='word_1_401' title='bbox 2248 2616 2339 2670; x_wconf 88' lang='lat' dir='ltr'><strong>illo</strong></span> <span class='ocrx_word' id='word_1_402' title='bbox 2361 2627 2609 2688; x_wconf 87' lang='lat' dir='ltr'><strong>tempore,</strong></span> <span class='ocrx_word' id='word_1_403' title='bbox 2627 2619 2732 2673; x_wconf 83' lang='lat' dir='ltr'><strong>duo</strong></span> <span class='ocrx_word' id='word_1_404' title='bbox 2758 2636 2823 2674; x_wconf 80' lang='lat' dir='ltr'><strong>ea:</strong></span> <span class='ocrx_word' id='word_1_405' title='bbox 2848 2622 3121 2693; x_wconf 80' lang='lat' dir='ltr'><strong>discipulis</strong></span> <span class='ocrx_word' id='word_1_406' title='bbox 3148 2624 3291 2679; x_wconf 81' lang='lat' dir='ltr'><strong>ibant</strong></span> <span class='ocrx_word' id='word_1_407' title='bbox 3324 2628 3378 2681; x_wconf 90' lang='lat' dir='ltr'><strong>in</strong></span> <span class='ocrx_word' id='word_1_408' title='bbox 3404 2627 3683 2683; x_wconf 77' lang='lat' dir='ltr'><strong>castellum</strong></span> 
     </span>
    </p>
   </div>
   <div class='ocr_carea' id='block_1_59' title="bbox 2086 2708 3685 2785">
    <p class='ocr_par' dir='ltr' id='par_1_59' title="bbox 2086 2708 3685 2785">
     <span class='ocr_line' id='line_1_59' title="bbox 2086 2708 3685 2785; baseline 0.009 -25"><span class='ocrx_word' id='word_1_409' title='bbox 2086 2708 2226 2778; x_wconf 86' lang='lat' dir='ltr'><strong>quod</strong></span> <span class='ocrx_word' id='word_1_410' title='bbox 2258 2718 2371 2762; x_wconf 86' lang='lat' dir='ltr'><strong>erat</strong></span> <span class='ocrx_word' id='word_1_411' title='bbox 2401 2709 2455 2763; x_wconf 90' lang='lat' dir='ltr'><strong>in</strong></span> <span class='ocrx_word' id='word_1_412' title='bbox 2479 2712 2649 2780; x_wconf 90' lang='lat' dir='ltr'><strong>spatio</strong></span> <span class='ocrx_word' id='word_1_413' title='bbox 2679 2710 2971 2766; x_wconf 81' lang='lat' dir='ltr'><strong>stadiorum</strong></span> <span class='ocrx_word' id='word_1_414' title='bbox 2991 2717 3266 2785; x_wconf 71' lang='lat' dir='ltr'><strong>sexaginta</strong></span> <span class='ocrx_word' id='word_1_415' title='bbox 3295 2718 3359 2771; x_wconf 87' lang='lat' dir='ltr'><strong>ab</strong></span> <span class='ocrx_word' id='word_1_416' title='bbox 3379 2717 3685 2775; x_wconf 76' lang='lat' dir='ltr'><strong>Jerusalem</strong></span> 
     </span>
    </p>
   </div>
   <div class='ocr_carea' id='block_1_60' title="bbox 2087 2800 3682 2874">
    <p class='ocr_par' dir='ltr' id='par_1_60' title="bbox 2087 2800 3682 2874">
     <span class='ocr_line' id='line_1_60' title="bbox 2087 2800 3682 2874; baseline 0.008 -21"><span class='ocrx_word' id='word_1_417' title='bbox 2087 2800 2294 2854; x_wconf 84' lang='lat' dir='ltr'><strong>nomine</strong></span> <span class='ocrx_word' id='word_1_418' title='bbox 2346 2801 2620 2866; x_wconf 83' lang='lat' dir='ltr'><strong>Emmaus,</strong></span> <span class='ocrx_word' id='word_1_419' title='bbox 2648 2811 2696 2857; x_wconf 86' lang='lat' dir='ltr'><strong>et</strong></span> <span class='ocrx_word' id='word_1_420' title='bbox 2730 2802 2831 2872; x_wconf 89' lang='lat' dir='ltr'><strong>ipsi</strong></span> <span class='ocrx_word' id='word_1_421' title='bbox 2869 2803 3218 2874; x_wconf 84' lang='lat' dir='ltr'><strong>loquebantur</strong></span> <span class='ocrx_word' id='word_1_422' title='bbox 3243 2808 3312 2861; x_wconf 85' lang='lat' dir='ltr'><strong>ad</strong></span> <span class='ocrx_word' id='word_1_423' title='bbox 3347 2808 3567 2864; x_wconf 87' lang='lat' dir='ltr'><strong>invicem</strong></span> <span class='ocrx_word' id='word_1_424' title='bbox 3607 2809 3682 2866; x_wconf 67' lang='lat' dir='ltr'><strong>do</strong></span> 
     </span>
    </p>
   </div>
   <div class='ocr_carea' id='block_1_61' title="bbox 2086 2892 3067 2965">
    <p class='ocr_par' dir='ltr' id='par_1_61' title="bbox 2086 2892 3067 2965">
     <span class='ocr_line' id='line_1_61' title="bbox 2086 2892 3067 2965; baseline 0.007 -19"><span class='ocrx_word' id='word_1_425' title='bbox 2086 2892 2167 2946; x_wconf 87' lang='lat' dir='ltr'><strong>Itis</strong></span> <span class='ocrx_word' id='word_1_426' title='bbox 2198 2892 2437 2948; x_wconf 87' lang='lat' dir='ltr'><strong>omnibus</strong></span> <span class='ocrx_word' id='word_1_427' title='bbox 2458 2911 2576 2965; x_wconf 76' lang='lat' dir='ltr'><strong>qum</strong></span> <span class='ocrx_word' id='word_1_428' title='bbox 2602 2895 2926 2961; x_wconf 83' lang='lat' dir='ltr'><strong>acciderant,</strong></span> <span class='ocrx_word' id='word_1_429' title='bbox 2959 2906 3067 2953; x_wconf 89' lang='lat' dir='ltr'><strong>etc.</strong></span> 
     </span>
    </p>
   </div>
   <div class='ocr_carea' id='block_1_62' title="bbox 2156 2984 3682 3057">
    <p class='ocr_par' dir='ltr' id='par_1_62' title="bbox 2156 2984 3682 3057">
     <span class='ocr_line' id='line_1_62' title="bbox 2156 2984 3682 3057; baseline 0.005 -17"><span class='ocrx_word' id='word_1_430' title='bbox 2156 2984 2214 3041; x_wconf 91' lang='lat' dir='ltr'><strong>lu</strong></span> <span class='ocrx_word' id='word_1_431' title='bbox 2242 2987 2551 3057; x_wconf 85' lang='lat' dir='ltr'><strong>quotidiana</strong></span> <span class='ocrx_word' id='word_1_432' title='bbox 2587 2990 2736 3043; x_wconf 84' lang='lat' dir='ltr'><strong>vobis</strong></span> <span class='ocrx_word' id='word_1_433' title='bbox 2771 2989 3111 3047; x_wconf 86' lang='lat' dir='ltr'><strong>solemnitate</strong></span> <span class='ocrx_word' id='word_1_434' title='bbox 3132 2991 3528 3057; x_wconf 81' lang='lat' dir='ltr'><strong>laborantibus,</strong></span> <span class='ocrx_word' id='word_1_435' title='bbox 3568 2991 3682 3047; x_wconf 84' lang='lat' dir='ltr'><strong>fra-</strong></span> 
     </span>
    </p>
   </div>
   <div class='ocr_carea' id='block_1_63' title="bbox 2088 3074 3680 3150">
    <p class='ocr_par' dir='ltr' id='par_1_63' title="bbox 2088 3074 3680 3150">
     <span class='ocr_line' id='line_1_63' title="bbox 2088 3074 3680 3150; baseline 0.004 -19"><span class='ocrx_word' id='word_1_436' title='bbox 2088 3086 2199 3132; x_wconf 89' lang='lat' dir='ltr'><strong>tres</strong></span> <span class='ocrx_word' id='word_1_437' title='bbox 2239 3077 2579 3142; x_wconf 86' lang='lat' dir='ltr'><strong>charissimi,</strong></span> <span class='ocrx_word' id='word_1_438' title='bbox 2618 3092 2792 3148; x_wconf 85' lang='lat' dir='ltr'><strong>pauca</strong></span> <span class='ocrx_word' id='word_1_439' title='bbox 2838 3079 3104 3150; x_wconf 87' lang='lat' dir='ltr'><strong>loquenda</strong></span> <span class='ocrx_word' id='word_1_440' title='bbox 3148 3074 3304 3146; x_wconf 87' lang='lat' dir='ltr'><strong>sunt,</strong></span> <span class='ocrx_word' id='word_1_441' title='bbox 3351 3092 3405 3137; x_wconf 91' lang='lat' dir='ltr'><strong>et</strong></span> <span class='ocrx_word' id='word_1_442' title='bbox 3445 3080 3680 3137; x_wconf 78' lang='lat' dir='ltr'><strong>fortasse</strong></span> 
     </span>
    </p>
   </div>
   <div class='ocr_carea' id='block_1_64' title="bbox 388 3143 1986 3241">
    <p class='ocr_par' dir='ltr' id='par_1_64' title="bbox 388 3143 1982 3218">
     <span class='ocr_line' id='line_1_64' title="bbox 388 3143 1982 3218; baseline -0.002 -14"><span class='ocrx_word' id='word_1_443' title='bbox 388 3158 587 3205; x_wconf 89' lang='lat' dir='ltr'><strong>unctus</strong></span> <span class='ocrx_word' id='word_1_444' title='bbox 624 3162 749 3203; x_wconf 82' lang='lat' dir='ltr'><strong>cum</strong></span> <span class='ocrx_word' id='word_1_445' title='bbox 785 3143 1043 3202; x_wconf 56' lang='lat' dir='ltr'><strong>Verbum,</strong></span> <span class='ocrx_word' id='word_1_446' title='bbox 1061 3162 1181 3201; x_wconf 79' lang='lat' dir='ltr'><strong>:aro</strong></span> <span class='ocrx_word' id='word_1_447' title='bbox 1228 3146 1428 3218; x_wconf 80' lang='lat' dir='ltr'><strong>factum</strong></span> <span class='ocrx_word' id='word_1_448' title='bbox 1458 3156 1533 3201; x_wconf 85' lang='lat' dir='ltr'><strong>est</strong></span> <span class='ocrx_word' id='word_1_449' title='bbox 1559 3159 1580 3198; x_wconf 87' lang='lat'><strong><em>:</em></strong></span> <span class='ocrx_word' id='word_1_450' title='bbox 1608 3145 1662 3201; x_wconf 89' lang='lat' dir='ltr'><strong>id</strong></span> <span class='ocrx_word' id='word_1_451' title='bbox 1691 3154 1795 3212; x_wconf 90' lang='lat' dir='ltr'><strong>est,</strong></span> <span class='ocrx_word' id='word_1_452' title='bbox 1837 3145 1982 3216; x_wconf 87' lang='lat' dir='ltr'><strong>quod</strong></span> 
     </span>
    </p>
   </div>
   <div class='ocr_carea' id='block_1_65' title="bbox 2094 3143 3680 3241">
    <p class='ocr_par' dir='ltr' id='par_1_65' title="bbox 2094 3143 3680 3241">
     <span class='ocr_line' id='line_1_65' title="bbox 2094 3143 3680 3241; baseline 0.004 -21"><span class='ocrx_word' id='word_1_453' title='bbox 2094 3168 2202 3223; x_wconf 66' lang='lat' dir='ltr'><strong>haec</strong></span> <span class='ocrx_word' id='word_1_454' title='bbox 2238 3168 2423 3221; x_wconf 87' lang='lat' dir='ltr'><strong>utilius</strong></span> <span class='ocrx_word' id='word_1_455' title='bbox 2465 3143 2791 3236; x_wconf 40' lang='lat' dir='ltr'><strong>prode—runt,</strong></span> <span class='ocrx_word' id='word_1_456' title='bbox 2830 3143 2955 3238; x_wconf 82' lang='lat' dir='ltr'><strong>quia</strong></span> <span class='ocrx_word' id='word_1_457' title='bbox 3007 3186 3148 3240; x_wconf 66' lang='lat' dir='ltr'><strong>saepe</strong></span> <span class='ocrx_word' id='word_1_458' title='bbox 3178 3182 3233 3227; x_wconf 90' lang='lat' dir='ltr'><strong>et</strong></span> <span class='ocrx_word' id='word_1_459' title='bbox 3260 3143 3517 3226; x_wconf 85' lang='lat' dir='ltr'><strong>alimenta</strong></span> <span class='ocrx_word' id='word_1_460' title='bbox 3556 3187 3680 3241; x_wconf 65' lang='lat' dir='ltr'><strong>quae</strong></span> 
     </span>
    </p>
   </div>
   <div class='ocr_carea' id='block_1_66' title="bbox 389 3235 1981 3307">
    <p class='ocr_par' dir='ltr' id='par_1_66' title="bbox 389 3235 1981 3307">
     <span class='ocr_line' id='line_1_66' title="bbox 389 3235 1981 3307; baseline -0.002 -13"><span class='ocrx_word' id='word_1_461' title='bbox 389 3240 630 3295; x_wconf 89' lang='lat' dir='ltr'><strong>humana</strong></span> <span class='ocrx_word' id='word_1_462' title='bbox 681 3245 881 3292; x_wconf 87' lang='lat' dir='ltr'><strong>natura</strong></span> <span class='ocrx_word' id='word_1_463' title='bbox 925 3236 1044 3293; x_wconf 89' lang='lat' dir='ltr'><strong>sine</strong></span> <span class='ocrx_word' id='word_1_464' title='bbox 1073 3235 1197 3292; x_wconf 89' lang='lat' dir='ltr'><strong>ullis</strong></span> <span class='ocrx_word' id='word_1_465' title='bbox 1233 3235 1664 3307; x_wconf 57' lang='lat' dir='ltr'><strong>praecedentibus</strong></span> <span class='ocrx_word' id='word_1_466' title='bbox 1715 3238 1981 3291; x_wconf 89' lang='lat' dir='ltr'><strong>bonorum</strong></span> 
     </span>
    </p>
   </div>
   <div class='ocr_carea' id='block_1_67' title="bbox 389 3325 1989 3401">
    <p class='ocr_par' dir='ltr' id='par_1_67' title="bbox 389 3325 1989 3401">
     <span class='ocr_line' id='line_1_67' title="bbox 389 3325 1989 3401; baseline -0.002 -17"><span class='ocrx_word' id='word_1_467' title='bbox 389 3342 618 3401; x_wconf 88' lang='lat' dir='ltr'><strong>operum</strong></span> <span class='ocrx_word' id='word_1_468' title='bbox 651 3327 866 3383; x_wconf 89' lang='lat' dir='ltr'><strong>meritis</strong></span> <span class='ocrx_word' id='word_1_469' title='bbox 902 3326 1013 3382; x_wconf 91' lang='lat' dir='ltr'><strong>Deo</strong></span> <span class='ocrx_word' id='word_1_470' title='bbox 1041 3325 1208 3381; x_wconf 89' lang='lat' dir='ltr'><strong>verbo</strong></span> <span class='ocrx_word' id='word_1_471' title='bbox 1237 3334 1320 3381; x_wconf 91' lang='lat' dir='ltr'><strong>est</strong></span> <span class='ocrx_word' id='word_1_472' title='bbox 1364 3327 1420 3381; x_wconf 92' lang='lat' dir='ltr'><strong>in</strong></span> <span class='ocrx_word' id='word_1_473' title='bbox 1459 3333 1618 3381; x_wconf 91' lang='lat' dir='ltr'><strong>utero</strong></span> <span class='ocrx_word' id='word_1_474' title='bbox 1644 3325 1872 3397; x_wconf 86' lang='lat' dir='ltr'><strong>virginis</strong></span> <span class='ocrx_word' id='word_1_475' title='bbox 1901 3341 1989 3381; x_wconf 91' lang='lat' dir='ltr'><strong>co-</strong></span> 
     </span>
    </p>
   </div>
   <div class='ocr_carea' id='block_1_68' title="bbox 389 3414 1988 3492">
    <p class='ocr_par' dir='ltr' id='par_1_68' title="bbox 389 3414 1988 3492">
     <span class='ocr_line' id='line_1_68' title="bbox 389 3414 1988 3492; baseline -0.002 -19"><span class='ocrx_word' id='word_1_476' title='bbox 389 3419 599 3492; x_wconf 85' lang='lat' dir='ltr'><strong>pulata,</strong></span> <span class='ocrx_word' id='word_1_477' title='bbox 629 3424 691 3474; x_wconf 90' lang='lat' dir='ltr'><strong>ut</strong></span> <span class='ocrx_word' id='word_1_478' title='bbox 714 3416 923 3488; x_wconf 89' lang='lat' dir='ltr'><strong>pariter</strong></span> <span class='ocrx_word' id='word_1_479' title='bbox 943 3414 1125 3483; x_wconf 80' lang='lat' dir='ltr'><strong>divina</strong></span> <span class='ocrx_word' id='word_1_480' title='bbox 1146 3423 1203 3471; x_wconf 92' lang='lat' dir='ltr'><strong>et</strong></span> <span class='ocrx_word' id='word_1_481' title='bbox 1230 3416 1467 3471; x_wconf 89' lang='lat' dir='ltr'><strong>humana</strong></span> <span class='ocrx_word' id='word_1_482' title='bbox 1494 3424 1689 3471; x_wconf 86' lang='lat' dir='ltr'><strong>natura</strong></span> <span class='ocrx_word' id='word_1_483' title='bbox 1710 3431 1816 3469; x_wconf 89' lang='lat' dir='ltr'><strong>una</strong></span> <span class='ocrx_word' id='word_1_484' title='bbox 1840 3422 1988 3471; x_wconf 87' lang='lat' dir='ltr'><strong>esset</strong></span> 
     </span>
    </p>
   </div>
   <div class='ocr_carea' id='block_1_69' title="bbox 390 3505 1988 3582">
    <p class='ocr_par' dir='ltr' id='par_1_69' title="bbox 390 3505 1988 3582">
     <span class='ocr_line' id='line_1_69' title="bbox 390 3505 1988 3582; baseline -0.003 -16"><span class='ocrx_word' id='word_1_485' title='bbox 390 3525 647 3582; x_wconf 88' lang='lat' dir='ltr'><strong>persona,</strong></span> <span class='ocrx_word' id='word_1_486' title='bbox 668 3519 733 3565; x_wconf 83' lang='lat' dir='ltr'><strong>et</strong></span> <span class='ocrx_word' id='word_1_487' title='bbox 750 3508 822 3565; x_wconf 91' lang='lat' dir='ltr'><strong>ob</strong></span> <span class='ocrx_word' id='word_1_488' title='bbox 850 3510 956 3565; x_wconf 89' lang='lat' dir='ltr'><strong>hoc</strong></span> <span class='ocrx_word' id='word_1_489' title='bbox 984 3523 1109 3565; x_wconf 89' lang='lat' dir='ltr'><strong>eum</strong></span> <span class='ocrx_word' id='word_1_490' title='bbox 1136 3507 1461 3564; x_wconf 86' lang='lat' dir='ltr'><strong>conﬁtemur</strong></span> <span class='ocrx_word' id='word_1_491' title='bbox 1480 3516 1666 3562; x_wconf 90' lang='lat' dir='ltr'><strong>natum</strong></span> <span class='ocrx_word' id='word_1_492' title='bbox 1691 3508 1757 3562; x_wconf 87' lang='lat' dir='ltr'><strong>de</strong></span> <span class='ocrx_word' id='word_1_493' title='bbox 1782 3505 1988 3578; x_wconf 89' lang='lat' dir='ltr'><strong>Spiritu</strong></span> 
     </span>
    </p>
   </div>
   <div class='ocr_carea' id='block_1_70' title="bbox 394 3596 1987 3669">
    <p class='ocr_par' dir='ltr' id='par_1_70' title="bbox 394 3596 1987 3669">
     <span class='ocr_line' id='line_1_70' title="bbox 394 3596 1987 3669; baseline -0.004 -11"><span class='ocrx_word' id='word_1_494' title='bbox 394 3610 589 3658; x_wconf 82' lang='lat' dir='ltr'><strong>sancto</strong></span> <span class='ocrx_word' id='word_1_495' title='bbox 632 3610 691 3657; x_wconf 83' lang='lat' dir='ltr'><strong>et</strong></span> <span class='ocrx_word' id='word_1_496' title='bbox 724 3598 894 3655; x_wconf 69' lang='lat' dir='ltr'><strong>Maria</strong></span> <span class='ocrx_word' id='word_1_497' title='bbox 931 3598 1173 3669; x_wconf 78' lang='lat' dir='ltr'><strong>Virgine.</strong></span> <span class='ocrx_word' id='word_1_498' title='bbox 1209 3596 1315 3665; x_wconf 67' lang='lat' dir='ltr'><strong>Qui</strong></span> <span class='ocrx_word' id='word_1_499' title='bbox 1341 3598 1677 3669; x_wconf 83' lang='lat' dir='ltr'><strong>pertransivit</strong></span> <span class='ocrx_word' id='word_1_500' title='bbox 1726 3597 1853 3651; x_wconf 82' lang='lat' dir='ltr'><strong>bene</strong></span> <span class='ocrx_word' id='word_1_501' title='bbox 1898 3597 1987 3667; x_wconf 78' lang='lat' dir='ltr'><strong>fa-</strong></span> 
     </span>
    </p>
   </div>
   <div class='ocr_carea' id='block_1_71' title="bbox 392 3690 1990 3763">
    <p class='ocr_par' dir='ltr' id='par_1_71' title="bbox 392 3690 1990 3763">
     <span class='ocr_line' id='line_1_71' title="bbox 392 3690 1990 3763; baseline -0.004 -13"><span class='ocrx_word' id='word_1_502' title='bbox 392 3694 579 3751; x_wconf 85' lang='lat' dir='ltr'><strong>ciendo</strong></span> <span class='ocrx_word' id='word_1_503' title='bbox 617 3710 681 3749; x_wconf 89' lang='lat' dir='ltr'><strong>ae</strong></span> <span class='ocrx_word' id='word_1_504' title='bbox 708 3692 950 3749; x_wconf 75' lang='lat' dir='ltr'><strong>sanando</strong></span> <span class='ocrx_word' id='word_1_505' title='bbox 999 3708 1178 3747; x_wconf 81' lang='lat' dir='ltr'><strong>omnes</strong></span> <span class='ocrx_word' id='word_1_506' title='bbox 1226 3707 1499 3763; x_wconf 73' lang='lat' dir='ltr'><strong>Oppressus</strong></span> <span class='ocrx_word' id='word_1_507' title='bbox 1530 3708 1563 3744; x_wconf 88' lang='lat' dir='ltr'><strong>a</strong></span> <span class='ocrx_word' id='word_1_508' title='bbox 1601 3690 1835 3756; x_wconf 88' lang='lat' dir='ltr'><strong>diabolo,</strong></span> <span class='ocrx_word' id='word_1_509' title='bbox 1862 3707 1990 3761; x_wconf 83' lang='lat' dir='ltr'><strong>quo-</strong></span> 
     </span>
    </p>
   </div>
   <div class='ocr_carea' id='block_1_72' title="bbox 393 3780 1987 3846">
    <p class='ocr_par' dir='ltr' id='par_1_72' title="bbox 393 3780 1987 3846">
     <span class='ocr_line' id='line_1_72' title="bbox 393 3780 1987 3846; baseline -0.003 -5"><span class='ocrx_word' id='word_1_510' title='bbox 393 3787 542 3842; x_wconf 76' lang='lat' dir='ltr'><strong>niam</strong></span> <span class='ocrx_word' id='word_1_511' title='bbox 589 3784 731 3840; x_wconf 76' lang='lat' dir='ltr'><strong>Deus</strong></span> <span class='ocrx_word' id='word_1_512' title='bbox 767 3792 881 3840; x_wconf 86' lang='lat' dir='ltr'><strong>erat</strong></span> <span class='ocrx_word' id='word_1_513' title='bbox 916 3799 1034 3838; x_wconf 88' lang='lat' dir='ltr'><strong>cum</strong></span> <span class='ocrx_word' id='word_1_514' title='bbox 1071 3782 1184 3837; x_wconf 86' lang='lat' dir='ltr'><strong>illo.</strong></span> <span class='ocrx_word' id='word_1_515' title='bbox 1229 3781 1285 3837; x_wconf 87' lang='lat' dir='ltr'><strong>ld</strong></span> <span class='ocrx_word' id='word_1_516' title='bbox 1327 3780 1627 3846; x_wconf 89' lang='lat' dir='ltr'><strong>est,Pater</strong></span> <span class='ocrx_word' id='word_1_517' title='bbox 1673 3797 1797 3837; x_wconf 91' lang='lat' dir='ltr'><strong>cum</strong></span> <span class='ocrx_word' id='word_1_518' title='bbox 1849 3782 1987 3836; x_wconf 90' lang='lat' dir='ltr'><strong>Filio</strong></span> 
     </span>
    </p>
   </div>
   <div class='ocr_carea' id='block_1_73' title="bbox 393 3873 1988 3947">
    <p class='ocr_par' dir='ltr' id='par_1_73' title="bbox 393 3873 1988 3947">
     <span class='ocr_line' id='line_1_73' title="bbox 393 3873 1988 3947; baseline -0.004 -13"><span class='ocrx_word' id='word_1_519' title='bbox 393 3890 613 3947; x_wconf 83' lang='lat' dir='ltr'><strong>semper</strong></span> <span class='ocrx_word' id='word_1_520' title='bbox 642 3890 883 3941; x_wconf 89' lang='lat' dir='ltr'><strong>manere,</strong></span> <span class='ocrx_word' id='word_1_521' title='bbox 913 3874 1108 3929; x_wconf 90' lang='lat' dir='ltr'><strong>melius</strong></span> <span class='ocrx_word' id='word_1_522' title='bbox 1130 3881 1216 3929; x_wconf 90' lang='lat' dir='ltr'><strong>est</strong></span> <span class='ocrx_word' id='word_1_523' title='bbox 1259 3873 1560 3944; x_wconf 87' lang='lat' dir='ltr'><strong>intelligere</strong></span> <span class='ocrx_word' id='word_1_524' title='bbox 1604 3888 1767 3943; x_wconf 90' lang='lat' dir='ltr'><strong>quam</strong></span> <span class='ocrx_word' id='word_1_525' title='bbox 1795 3874 1988 3928; x_wconf 87' lang='lat' dir='ltr'><strong>divini-</strong></span> 
     </span>
    </p>
   </div>
   <div class='ocr_carea' id='block_1_74' title="bbox 394 3963 1987 4034">
    <p class='ocr_par' dir='ltr' id='par_1_74' title="bbox 394 3963 1987 4034">
     <span class='ocr_line' id='line_1_74' title="bbox 394 3963 1987 4034; baseline -0.005 -10"><span class='ocrx_word' id='word_1_526' title='bbox 394 3977 565 4024; x_wconf 84' lang='lat' dir='ltr'><strong>tatem</strong></span> <span class='ocrx_word' id='word_1_527' title='bbox 585 3967 706 4022; x_wconf 83' lang='lat' dir='ltr'><strong>Filii</strong></span> <span class='ocrx_word' id='word_1_528' title='bbox 733 3981 857 4021; x_wconf 89' lang='lat' dir='ltr'><strong>eum</strong></span> <span class='ocrx_word' id='word_1_529' title='bbox 880 3964 1122 4031; x_wconf 90' lang='lat' dir='ltr'><strong>homine,</strong></span> <span class='ocrx_word' id='word_1_530' title='bbox 1141 3978 1302 4034; x_wconf 91' lang='lat' dir='ltr'><strong>quem</strong></span> <span class='ocrx_word' id='word_1_531' title='bbox 1331 3963 1645 4033; x_wconf 89' lang='lat' dir='ltr'><strong>assumpsit,</strong></span> <span class='ocrx_word' id='word_1_532' title='bbox 1673 3963 1987 4018; x_wconf 82' lang='lat' dir='ltr'><strong>cohabitan-</strong></span> 
     </span>
    </p>
   </div>
   <div class='ocr_carea' id='block_1_75' title="bbox 372 4048 1990 4130">
    <p class='ocr_par' dir='ltr' id='par_1_75' title="bbox 372 4048 1990 4130">
     <span class='ocr_line' id='line_1_75' title="bbox 372 4048 1990 4130; baseline -0.006 -14"><span class='ocrx_word' id='word_1_533' title='bbox 372 4071 507 4116; x_wconf 84' lang='lat' dir='ltr'><strong>‘tem</strong></span> <span class='ocrx_word' id='word_1_534' title='bbox 542 4048 868 4130; x_wconf 80' lang='lat' dir='ltr'><strong>signiﬁcare,</strong></span> <span class='ocrx_word' id='word_1_535' title='bbox 904 4070 973 4112; x_wconf 90' lang='lat' dir='ltr'><strong>ne</strong></span> <span class='ocrx_word' id='word_1_536' title='bbox 1011 4053 1213 4111; x_wconf 85' lang='lat' dir='ltr'><strong>Christi</strong></span> <span class='ocrx_word' id='word_1_537' title='bbox 1248 4069 1537 4125; x_wconf 87' lang='lat' dir='ltr'><strong>personam</strong></span> <span class='ocrx_word' id='word_1_538' title='bbox 1582 4054 1887 4124; x_wconf 89' lang='lat' dir='ltr'><strong>geminaret</strong></span> <span class='ocrx_word' id='word_1_539' title='bbox 1934 4063 1990 4109; x_wconf 89' lang='lat' dir='ltr'><strong>et</strong></span> 
     </span>
    </p>
   </div>
   <div class='ocr_carea' id='block_1_76' title="bbox 395 4143 1714 4215">
    <p class='ocr_par' dir='ltr' id='par_1_76' title="bbox 395 4143 1714 4215">
     <span class='ocr_line' id='line_1_76' title="bbox 395 4143 1714 4215; baseline -0.007 -8"><span class='ocrx_word' id='word_1_540' title='bbox 395 4152 455 4207; x_wconf 91' lang='lat' dir='ltr'><strong>in</strong></span> <span class='ocrx_word' id='word_1_541' title='bbox 494 4163 735 4205; x_wconf 87' lang='lat' dir='ltr'><strong>errorem</strong></span> <span class='ocrx_word' id='word_1_542' title='bbox 764 4147 1059 4202; x_wconf 77' lang='lat' dir='ltr'><strong>maximum</strong></span> <span class='ocrx_word' id='word_1_543' title='bbox 1088 4146 1375 4201; x_wconf 91' lang='lat' dir='ltr'><strong>incideret.</strong></span> <span class='ocrx_word' id='word_1_544' title='bbox 1417 4143 1714 4215; x_wconf 89' lang='lat' dir='ltr'><strong>Sequitur:</strong></span> 
     </span>
    </p>
   </div>
   <div class='ocr_carea' id='block_1_77' title="bbox 474 4232 1989 4307">
    <p class='ocr_par' dir='ltr' id='par_1_77' title="bbox 474 4232 1989 4307">
     <span class='ocr_line' id='line_1_77' title="bbox 474 4232 1989 4307; baseline -0.005 -11"><span class='ocrx_word' id='word_1_545' title='bbox 474 4241 541 4296; x_wconf 82' lang='lat' dir='ltr'><strong>Et</strong></span> <span class='ocrx_word' id='word_1_546' title='bbox 581 4254 676 4295; x_wconf 86' lang='lat' dir='ltr'><strong>nos</strong></span> <span class='ocrx_word' id='word_1_547' title='bbox 713 4232 865 4293; x_wconf 84' lang='lat' dir='ltr'><strong>testes</strong></span> <span class='ocrx_word' id='word_1_548' title='bbox 891 4251 1070 4291; x_wconf 85' lang='lat' dir='ltr'><strong>sumus</strong></span> <span class='ocrx_word' id='word_1_549' title='bbox 1101 4235 1337 4289; x_wconf 86' lang='lat' dir='ltr'><strong>omnium</strong></span> <span class='ocrx_word' id='word_1_550' title='bbox 1362 4250 1481 4307; x_wconf 72' lang='lat' dir='ltr'><strong>quae</strong></span> <span class='ocrx_word' id='word_1_551' title='bbox 1507 4235 1655 4305; x_wconf 83' lang='lat' dir='ltr'><strong>fecit,</strong></span> <span class='ocrx_word' id='word_1_552' title='bbox 1700 4235 1756 4289; x_wconf 87' lang='lat' dir='ltr'><strong>in</strong></span> <span class='ocrx_word' id='word_1_553' title='bbox 1783 4236 1989 4306; x_wconf 84' lang='lat' dir='ltr'><strong>regione</strong></span> 
     </span>
    </p>
   </div>
   <div class='ocr_carea' id='block_1_78' title="bbox 399 4325 1989 4389">
    <p class='ocr_par' dir='ltr' id='par_1_78' title="bbox 399 4325 1989 4389">
     <span class='ocr_line' id='line_1_78' title="bbox 399 4325 1989 4389; baseline -0.005 0"><span class='ocrx_word' id='word_1_554' title='bbox 399 4333 713 4389; x_wconf 68' lang='lat' dir='ltr'><strong>Judteorum</strong></span> <span class='ocrx_word' id='word_1_555' title='bbox 739 4338 787 4384; x_wconf 88' lang='lat' dir='ltr'><strong>et</strong></span> <span class='ocrx_word' id='word_1_556' title='bbox 824 4325 1143 4383; x_wconf 81' lang='lat' dir='ltr'><strong>Jerusalem.</strong></span> <span class='ocrx_word' id='word_1_557' title='bbox 1174 4326 1343 4383; x_wconf 84' lang='lat' dir='ltr'><strong>Recte</strong></span> <span class='ocrx_word' id='word_1_558' title='bbox 1368 4334 1549 4380; x_wconf 90' lang='lat' dir='ltr'><strong>autem</strong></span> <span class='ocrx_word' id='word_1_559' title='bbox 1580 4334 1745 4382; x_wconf 88' lang='lat' dir='ltr'><strong>testes</strong></span> <span class='ocrx_word' id='word_1_560' title='bbox 1774 4341 1833 4381; x_wconf 89' lang='lat' dir='ltr'><strong>se</strong></span> <span class='ocrx_word' id='word_1_561' title='bbox 1869 4340 1989 4381; x_wconf 81' lang='lat' dir='ltr'><strong>esse</strong></span> 
     </span>
    </p>
   </div>
   <div class='ocr_carea' id='block_1_79' title="bbox 398 4415 1990 4488">
    <p class='ocr_par' dir='ltr' id='par_1_79' title="bbox 398 4415 1990 4488">
     <span class='ocr_line' id='line_1_79' title="bbox 398 4415 1990 4488; baseline -0.004 -11"><span class='ocrx_word' id='word_1_562' title='bbox 398 4428 690 4485; x_wconf 87' lang='lat' dir='ltr'><strong>testantur,</strong></span> <span class='ocrx_word' id='word_1_563' title='bbox 719 4418 813 4488; x_wconf 84' lang='lat' dir='ltr'><strong>qui</strong></span> <span class='ocrx_word' id='word_1_564' title='bbox 853 4432 951 4487; x_wconf 88' lang='lat' dir='ltr'><strong>per</strong></span> <span class='ocrx_word' id='word_1_565' title='bbox 988 4416 1301 4470; x_wconf 86' lang='lat' dir='ltr'><strong>universum</strong></span> <span class='ocrx_word' id='word_1_566' title='bbox 1344 4416 1603 4470; x_wconf 90' lang='lat' dir='ltr'><strong>mundum</strong></span> <span class='ocrx_word' id='word_1_567' title='bbox 1663 4415 1813 4470; x_wconf 90' lang='lat' dir='ltr'><strong>missi</strong></span> <span class='ocrx_word' id='word_1_568' title='bbox 1863 4423 1990 4470; x_wconf 92' lang='lat' dir='ltr'><strong>sunt</strong></span> 
     </span>
    </p>
   </div>
   <div class='ocr_carea' id='block_1_80' title="bbox 396 4504 2071 4583">
    <p class='ocr_par' dir='ltr' id='par_1_80' title="bbox 396 4504 2071 4583">
     <span class='ocr_line' id='line_1_80' title="bbox 396 4504 2071 4583; baseline -0.005 -16"><span class='ocrx_word' id='word_1_569' title='bbox 396 4507 1086 4583; x_wconf 69' lang='lat' dir='ltr'><strong>Evangelium,-pra3dicare</strong></span> <span class='ocrx_word' id='word_1_570' title='bbox 1101 4514 1161 4560; x_wconf 94' lang='lat' dir='ltr'><strong>ut</strong></span> <span class='ocrx_word' id='word_1_571' title='bbox 1182 4506 1234 4559; x_wconf 92' lang='lat' dir='ltr'><strong>in</strong></span> <span class='ocrx_word' id='word_1_572' title='bbox 1264 4505 1472 4576; x_wconf 88' lang='lat' dir='ltr'><strong>psalmo</strong></span> <span class='ocrx_word' id='word_1_573' title='bbox 1491 4505 1721 4576; x_wconf 87' lang='lat' dir='ltr'><strong>legimus</strong></span> <span class='ocrx_word' id='word_1_574' title='bbox 1745 4523 1758 4559; x_wconf 93' lang='lat'><strong>:</strong></span> <span class='ocrx_word' id='word_1_575' title='bbox 1784 4504 1853 4559; x_wconf 88' lang='lat' dir='ltr'><strong>In</strong></span> <span class='ocrx_word' id='word_1_576' title='bbox 1881 4522 1994 4559; x_wconf 85' lang='lat' dir='ltr'><strong>om-</strong></span> <span class='ocrx_word' id='word_1_577' title='bbox 2023 4511 2071 4569; x_wconf 89' lang='lat' dir='ltr'><strong>D</strong></span> 
     </span>
    </p>
   </div>
   <div class='ocr_carea' id='block_1_81' title="bbox 395 4596 1989 4666">
    <p class='ocr_par' dir='ltr' id='par_1_81' title="bbox 395 4596 1989 4666">
     <span class='ocr_line' id='line_1_81' title="bbox 395 4596 1989 4666; baseline -0.004 -7"><span class='ocrx_word' id='word_1_578' title='bbox 395 4620 517 4666; x_wconf 70' lang='lat' dir='ltr'><strong>ptem</strong></span> <span class='ocrx_word' id='word_1_579' title='bbox 548 4613 742 4658; x_wconf 88' lang='lat' dir='ltr'><strong>terram</strong></span> <span class='ocrx_word' id='word_1_580' title='bbox 770 4600 925 4654; x_wconf 74' lang='lat' dir='ltr'><strong>exivit</strong></span> <span class='ocrx_word' id='word_1_581' title='bbox 966 4614 1125 4652; x_wconf 87' lang='lat' dir='ltr'><strong>sonus</strong></span> <span class='ocrx_word' id='word_1_582' title='bbox 1145 4613 1346 4661; x_wconf 82' lang='lat' dir='ltr'><strong>eorum,</strong></span> <span class='ocrx_word' id='word_1_583' title='bbox 1371 4608 1419 4651; x_wconf 84' lang='lat' dir='ltr'><strong>et</strong></span> <span class='ocrx_word' id='word_1_584' title='bbox 1448 4598 1503 4651; x_wconf 90' lang='lat' dir='ltr'><strong>in</strong></span> <span class='ocrx_word' id='word_1_585' title='bbox 1522 4596 1654 4666; x_wconf 82' lang='lat' dir='ltr'><strong>ﬁnes</strong></span> <span class='ocrx_word' id='word_1_586' title='bbox 1675 4597 1814 4650; x_wconf 87' lang='lat' dir='ltr'><strong>orbis</strong></span> <span class='ocrx_word' id='word_1_587' title='bbox 1836 4607 1989 4652; x_wconf 78' lang='lat' dir='ltr'><strong>terra:</strong></span> 
     </span>
    </p>
   </div>
   <div class='ocr_carea' id='block_1_82' title="bbox 392 4685 1990 4757">
    <p class='ocr_par' dir='ltr' id='par_1_82' title="bbox 392 4685 1990 4757">
     <span class='ocr_line' id='line_1_82' title="bbox 392 4685 1990 4757; baseline -0.003 -12"><span class='ocrx_word' id='word_1_588' title='bbox 392 4700 555 4747; x_wconf 64' lang='lat' dir='ltr'><strong>uerna</strong></span> <span class='ocrx_word' id='word_1_589' title='bbox 598 4705 797 4747; x_wconf 81' lang='lat' dir='ltr'><strong>eorum.</strong></span> <span class='ocrx_word' id='word_1_590' title='bbox 840 4688 981 4744; x_wconf 88' lang='lat' dir='ltr'><strong>Deus</strong></span> <span class='ocrx_word' id='word_1_591' title='bbox 1029 4686 1195 4742; x_wconf 83' lang='lat' dir='ltr'><strong>Pater</strong></span> <span class='ocrx_word' id='word_1_592' title='bbox 1222 4687 1357 4742; x_wconf 88' lang='lat' dir='ltr'><strong>duas</strong></span> <span class='ocrx_word' id='word_1_593' title='bbox 1400 4686 1453 4741; x_wconf 92' lang='lat' dir='ltr'><strong>in</strong></span> <span class='ocrx_word' id='word_1_594' title='bbox 1484 4685 1703 4743; x_wconf 88' lang='lat' dir='ltr'><strong>Christo</strong></span> <span class='ocrx_word' id='word_1_595' title='bbox 1732 4696 1990 4757; x_wconf 88' lang='lat' dir='ltr'><strong>operatur</strong></span> 
     </span>
    </p>
   </div>
   <div class='ocr_carea' id='block_1_83' title="bbox 394 4776 1991 4851">
    <p class='ocr_par' dir='ltr' id='par_1_83' title="bbox 394 4776 1991 4851">
     <span class='ocr_line' id='line_1_83' title="bbox 394 4776 1991 4851; baseline -0.003 -15"><span class='ocrx_word' id='word_1_596' title='bbox 394 4790 624 4847; x_wconf 75' lang='lat' dir='ltr'><strong>naturas</strong></span> <span class='ocrx_word' id='word_1_597' title='bbox 655 4797 670 4836; x_wconf 88' lang='lat'><strong>:</strong></span> <span class='ocrx_word' id='word_1_598' title='bbox 698 4795 797 4851; x_wconf 86' lang='lat' dir='ltr'><strong>per</strong></span> <span class='ocrx_word' id='word_1_599' title='bbox 824 4794 986 4833; x_wconf 87' lang='lat' dir='ltr'><strong>unam</strong></span> <span class='ocrx_word' id='word_1_600' title='bbox 1010 4794 1133 4848; x_wconf 76' lang='lat' dir='ltr'><strong>qua:</strong></span> <span class='ocrx_word' id='word_1_601' title='bbox 1178 4776 1233 4833; x_wconf 89' lang='lat' dir='ltr'><strong>ei</strong></span> <span class='ocrx_word' id='word_1_602' title='bbox 1271 4778 1573 4833; x_wconf 88' lang='lat' dir='ltr'><strong>communis</strong></span> <span class='ocrx_word' id='word_1_603' title='bbox 1611 4785 1697 4833; x_wconf 90' lang='lat' dir='ltr'><strong>est</strong></span> <span class='ocrx_word' id='word_1_604' title='bbox 1722 4792 1843 4833; x_wconf 89' lang='lat' dir='ltr'><strong>cum</strong></span> <span class='ocrx_word' id='word_1_605' title='bbox 1882 4778 1991 4833; x_wconf 87' lang='lat' dir='ltr'><strong>Deo</strong></span> 
     </span>
    </p>
   </div>
   <div class='ocr_carea' id='block_1_84' title="bbox 399 4868 1991 4940">
    <p class='ocr_par' dir='ltr' id='par_1_84' title="bbox 399 4868 1991 4940">
     <span class='ocr_line' id='line_1_84' title="bbox 399 4868 1991 4940; baseline -0.001 -13"><span class='ocrx_word' id='word_1_606' title='bbox 399 4872 587 4937; x_wconf 85' lang='lat' dir='ltr'><strong>Patre,</strong></span> <span class='ocrx_word' id='word_1_607' title='bbox 629 4886 694 4926; x_wconf 81' lang='lat' dir='ltr'><strong>ex</strong></span> <span class='ocrx_word' id='word_1_608' title='bbox 742 4885 809 4925; x_wconf 91' lang='lat' dir='ltr'><strong>eo</strong></span> <span class='ocrx_word' id='word_1_609' title='bbox 845 4870 987 4940; x_wconf 89' lang='lat' dir='ltr'><strong>quod</strong></span> <span class='ocrx_word' id='word_1_610' title='bbox 1028 4868 1171 4923; x_wconf 92' lang='lat' dir='ltr'><strong>Deus</strong></span> <span class='ocrx_word' id='word_1_611' title='bbox 1211 4877 1327 4934; x_wconf 86' lang='lat' dir='ltr'><strong>est;</strong></span> <span class='ocrx_word' id='word_1_612' title='bbox 1357 4882 1455 4938; x_wconf 88' lang='lat' dir='ltr'><strong>per</strong></span> <span class='ocrx_word' id='word_1_613' title='bbox 1492 4868 1721 4923; x_wconf 86' lang='lat' dir='ltr'><strong>alteram</strong></span> <span class='ocrx_word' id='word_1_614' title='bbox 1767 4884 1876 4940; x_wconf 89' lang='lat' dir='ltr'><strong>qua</strong></span> <span class='ocrx_word' id='word_1_615' title='bbox 1924 4886 1991 4925; x_wconf 80' lang='lat' dir='ltr'><strong>ex</strong></span> 
     </span>
    </p>
   </div>
   <div class='ocr_carea' id='block_1_85' title="bbox 398 4959 1993 5033">
    <p class='ocr_par' dir='ltr' id='par_1_85' title="bbox 398 4959 1993 5033">
     <span class='ocr_line' id='line_1_85' title="bbox 398 4959 1993 5033; baseline 0.001 -16"><span class='ocrx_word' id='word_1_616' title='bbox 398 4963 573 5017; x_wconf 76' lang='lat' dir='ltr'><strong>Maria</strong></span> <span class='ocrx_word' id='word_1_617' title='bbox 592 4962 813 5033; x_wconf 80' lang='lat' dir='ltr'><strong>Virgine</strong></span> <span class='ocrx_word' id='word_1_618' title='bbox 849 4961 1012 5016; x_wconf 88' lang='lat' dir='ltr'><strong>homo</strong></span> <span class='ocrx_word' id='word_1_619' title='bbox 1037 4960 1213 5015; x_wconf 88' lang='lat' dir='ltr'><strong>factus</strong></span> <span class='ocrx_word' id='word_1_620' title='bbox 1241 4961 1345 5015; x_wconf 81' lang='lat' dir='ltr'><strong>est.</strong></span> <span class='ocrx_word' id='word_1_621' title='bbox 1374 4959 1481 5017; x_wconf 88' lang='lat' dir='ltr'><strong>Per</strong></span> <span class='ocrx_word' id='word_1_622' title='bbox 1526 4963 1625 5017; x_wconf 91' lang='lat' dir='ltr'><strong>bas</strong></span> <span class='ocrx_word' id='word_1_623' title='bbox 1660 4963 1797 5017; x_wconf 88' lang='lat' dir='ltr'><strong>duas</strong></span> <span class='ocrx_word' id='word_1_624' title='bbox 1835 4972 1993 5018; x_wconf 91' lang='lat' dir='ltr'><strong>natu—</strong></span> 
     </span>
    </p>
   </div>
   <div class='ocr_carea' id='block_1_86' title="bbox 400 5050 1994 5109">
    <p class='ocr_par' dir='ltr' id='par_1_86' title="bbox 400 5050 1994 5109">
     <span class='ocr_line' id='line_1_86' title="bbox 400 5050 1994 5109; baseline -0.001 0"><span class='ocrx_word' id='word_1_625' title='bbox 400 5069 495 5109; x_wconf 86' lang='lat' dir='ltr'><strong>ras</strong></span> <span class='ocrx_word' id='word_1_626' title='bbox 532 5054 587 5108; x_wconf 90' lang='lat' dir='ltr'><strong>in</strong></span> <span class='ocrx_word' id='word_1_627' title='bbox 632 5067 742 5107; x_wconf 90' lang='lat' dir='ltr'><strong>uno</strong></span> <span class='ocrx_word' id='word_1_628' title='bbox 768 5052 905 5107; x_wconf 85' lang='lat' dir='ltr'><strong>Filio</strong></span> <span class='ocrx_word' id='word_1_629' title='bbox 945 5053 1037 5105; x_wconf 90' lang='lat' dir='ltr'><strong>Dei</strong></span> <span class='ocrx_word' id='word_1_630' title='bbox 1068 5052 1208 5106; x_wconf 89' lang='lat' dir='ltr'><strong>Deus</strong></span> <span class='ocrx_word' id='word_1_631' title='bbox 1241 5050 1403 5105; x_wconf 88' lang='lat' dir='ltr'><strong>Pater</strong></span> <span class='ocrx_word' id='word_1_632' title='bbox 1452 5052 1588 5107; x_wconf 91' lang='lat' dir='ltr'><strong>duas</strong></span> <span class='ocrx_word' id='word_1_633' title='bbox 1639 5052 1769 5108; x_wconf 84' lang='lat' dir='ltr'><strong>facit</strong></span> <span class='ocrx_word' id='word_1_634' title='bbox 1814 5068 1994 5109; x_wconf 90' lang='lat' dir='ltr'><strong>resur-</strong></span> 
     </span>
    </p>
   </div>
   <div class='ocr_carea' id='block_1_87' title="bbox 401 5142 1994 5212">
    <p class='ocr_par' dir='ltr' id='par_1_87' title="bbox 401 5142 1994 5212">
     <span class='ocr_line' id='line_1_87' title="bbox 401 5142 1994 5212; baseline 0.001 -12"><span class='ocrx_word' id='word_1_635' title='bbox 401 5145 672 5200; x_wconf 87' lang='lat' dir='ltr'><strong>rectiones</strong></span> <span class='ocrx_word' id='word_1_636' title='bbox 720 5142 941 5198; x_wconf 89' lang='lat' dir='ltr'><strong>humani</strong></span> <span class='ocrx_word' id='word_1_637' title='bbox 972 5142 1186 5212; x_wconf 90' lang='lat' dir='ltr'><strong>generis</strong></span> <span class='ocrx_word' id='word_1_638' title='bbox 1214 5184 1230 5207; x_wconf 91' lang='lat'><strong>,</strong></span> <span class='ocrx_word' id='word_1_639' title='bbox 1283 5142 1337 5197; x_wconf 93' lang='lat' dir='ltr'><strong>id</strong></span> <span class='ocrx_word' id='word_1_640' title='bbox 1381 5150 1465 5198; x_wconf 86' lang='lat' dir='ltr'><strong>est</strong></span> <span class='ocrx_word' id='word_1_641' title='bbox 1496 5184 1512 5208; x_wconf 91' lang='lat'><strong>,</strong></span> <span class='ocrx_word' id='word_1_642' title='bbox 1568 5144 1878 5199; x_wconf 88' lang='lat' dir='ltr'><strong>animarum</strong></span> <span class='ocrx_word' id='word_1_643' title='bbox 1937 5155 1994 5201; x_wconf 90' lang='lat' dir='ltr'><strong>et</strong></span> 
     </span>
    </p>
   </div>
   <div class='ocr_carea' id='block_1_88' title="bbox 402 5233 1990 5304">
    <p class='ocr_par' dir='ltr' id='par_1_88' title="bbox 402 5233 1990 5304">
     <span class='ocr_line' id='line_1_88' title="bbox 402 5233 1990 5304; baseline 0.001 -14"><span class='ocrx_word' id='word_1_644' title='bbox 402 5249 712 5304; x_wconf 81' lang='lat' dir='ltr'><strong>corporum.</strong></span> <span class='ocrx_word' id='word_1_645' title='bbox 767 5233 976 5287; x_wconf 81' lang='lat' dir='ltr'><strong>[labent</strong></span> <span class='ocrx_word' id='word_1_646' title='bbox 1011 5233 1156 5286; x_wconf 88' lang='lat' dir='ltr'><strong>enim</strong></span> <span class='ocrx_word' id='word_1_647' title='bbox 1203 5241 1259 5288; x_wconf 90' lang='lat' dir='ltr'><strong>et</strong></span> <span class='ocrx_word' id='word_1_648' title='bbox 1304 5233 1499 5289; x_wconf 61' lang='lat' dir='ltr'><strong>anima:</strong></span> <span class='ocrx_word' id='word_1_649' title='bbox 1557 5245 1787 5291; x_wconf 89' lang='lat' dir='ltr'><strong>mortem</strong></span> <span class='ocrx_word' id='word_1_650' title='bbox 1837 5252 1990 5291; x_wconf 90' lang='lat' dir='ltr'><strong>suam</strong></span> 
     </span>
    </p>
   </div>
   <div class='ocr_carea' id='block_1_89' title="bbox 404 5325 1996 5399">
    <p class='ocr_par' dir='ltr' id='par_1_89' title="bbox 404 5325 1996 5399">
     <span class='ocr_line' id='line_1_89' title="bbox 404 5325 1996 5399; baseline 0.003 -18"><span class='ocrx_word' id='word_1_651' title='bbox 404 5327 462 5382; x_wconf 90' lang='lat' dir='ltr'><strong>in</strong></span> <span class='ocrx_word' id='word_1_652' title='bbox 487 5326 764 5395; x_wconf 87' lang='lat' dir='ltr'><strong>impietate</strong></span> <span class='ocrx_word' id='word_1_653' title='bbox 804 5334 966 5395; x_wconf 89' lang='lat' dir='ltr'><strong>atque</strong></span> <span class='ocrx_word' id='word_1_654' title='bbox 1008 5325 1270 5395; x_wconf 86' lang='lat' dir='ltr'><strong>peccatis,</strong></span> <span class='ocrx_word' id='word_1_655' title='bbox 1300 5329 1602 5383; x_wconf 85' lang='lat' dir='ltr'><strong>secundum</strong></span> <span class='ocrx_word' id='word_1_656' title='bbox 1655 5346 1817 5399; x_wconf 88' lang='lat' dir='ltr'><strong>quam</strong></span> <span class='ocrx_word' id='word_1_657' title='bbox 1849 5348 1996 5387; x_wconf 86' lang='lat' dir='ltr'><strong>mor-</strong></span> 
     </span>
    </p>
   </div>
   <div class='ocr_carea' id='block_1_90' title="bbox 405 5420 1989 5488">
    <p class='ocr_par' dir='ltr' id='par_1_90' title="bbox 405 5420 1989 5488">
     <span class='ocr_line' id='line_1_90' title="bbox 405 5420 1989 5488; baseline 0.004 -16"><span class='ocrx_word' id='word_1_658' title='bbox 405 5428 516 5474; x_wconf 81' lang='lat' dir='ltr'><strong>tem</strong></span> <span class='ocrx_word' id='word_1_659' title='bbox 552 5420 750 5473; x_wconf 89' lang='lat' dir='ltr'><strong>mortui</strong></span> <span class='ocrx_word' id='word_1_660' title='bbox 796 5427 955 5483; x_wconf 88' lang='lat' dir='ltr'><strong>sunt,</strong></span> <span class='ocrx_word' id='word_1_661' title='bbox 994 5420 1061 5474; x_wconf 88' lang='lat' dir='ltr'><strong>de</strong></span> <span class='ocrx_word' id='word_1_662' title='bbox 1108 5420 1304 5488; x_wconf 84' lang='lat' dir='ltr'><strong>quibus</strong></span> <span class='ocrx_word' id='word_1_663' title='bbox 1360 5421 1502 5476; x_wconf 88' lang='lat' dir='ltr'><strong>idem</strong></span> <span class='ocrx_word' id='word_1_664' title='bbox 1560 5422 1819 5479; x_wconf 88' lang='lat' dir='ltr'><strong>Dominus</strong></span> <span class='ocrx_word' id='word_1_665' title='bbox 1868 5426 1989 5479; x_wconf 88' lang='lat' dir='ltr'><strong>ait:</strong></span> 
     </span>
    </p>
   </div>
   <div class='ocr_carea' id='block_1_91' title="bbox 406 5508 1994 5579">
    <p class='ocr_par' dir='ltr' id='par_1_91' title="bbox 406 5508 1994 5579">
     <span class='ocr_line' id='line_1_91' title="bbox 406 5508 1994 5579; baseline 0.003 -14"><span class='ocrx_word' id='word_1_666' title='bbox 406 5512 537 5565; x_wconf 83' lang='lat' dir='ltr'><strong>Sine</strong></span> <span class='ocrx_word' id='word_1_667' title='bbox 584 5520 815 5564; x_wconf 84' lang='lat' dir='ltr'><strong>mortuos</strong></span> <span class='ocrx_word' id='word_1_668' title='bbox 857 5508 1074 5579; x_wconf 87' lang='lat' dir='ltr'><strong>sepelire</strong></span> <span class='ocrx_word' id='word_1_669' title='bbox 1110 5522 1342 5566; x_wconf 87' lang='lat' dir='ltr'><strong>mortuos</strong></span> <span class='ocrx_word' id='word_1_670' title='bbox 1374 5529 1534 5578; x_wconf 83' lang='lat' dir='ltr'><strong>suos;</strong></span> <span class='ocrx_word' id='word_1_671' title='bbox 1573 5522 1635 5568; x_wconf 90' lang='lat' dir='ltr'><strong>ut</strong></span> <span class='ocrx_word' id='word_1_672' title='bbox 1684 5516 1891 5571; x_wconf 85' lang='lat' dir='ltr'><strong>scilicet</strong></span> <span class='ocrx_word' id='word_1_673' title='bbox 1940 5518 1994 5570; x_wconf 84' lang='lat' dir='ltr'><strong>in</strong></span> 
     </span>
    </p>
   </div>
   <div class='ocr_carea' id='block_1_92' title="bbox 410 5601 1993 5676">
    <p class='ocr_par' dir='ltr' id='par_1_92' title="bbox 410 5601 1993 5676">
     <span class='ocr_line' id='line_1_92' title="bbox 410 5601 1993 5676; baseline 0.006 -22"><span class='ocrx_word' id='word_1_674' title='bbox 410 5601 588 5654; x_wconf 88' lang='lat' dir='ltr'><strong>anima</strong></span> <span class='ocrx_word' id='word_1_675' title='bbox 619 5602 815 5655; x_wconf 87' lang='lat' dir='ltr'><strong>mortui</strong></span> <span class='ocrx_word' id='word_1_676' title='bbox 867 5602 918 5655; x_wconf 91' lang='lat' dir='ltr'><strong>in</strong></span> <span class='ocrx_word' id='word_1_677' title='bbox 965 5618 1192 5673; x_wconf 90' lang='lat' dir='ltr'><strong>corpore</strong></span> <span class='ocrx_word' id='word_1_678' title='bbox 1220 5615 1462 5659; x_wconf 90' lang='lat' dir='ltr'><strong>mortuos</strong></span> <span class='ocrx_word' id='word_1_679' title='bbox 1496 5608 1805 5676; x_wconf 86' lang='lat' dir='ltr'><strong>sepelirent.</strong></span> <span class='ocrx_word' id='word_1_680' title='bbox 1851 5610 1993 5663; x_wconf 79' lang='lat' dir='ltr'><strong>Mors</strong></span> 
     </span>
    </p>
   </div>
   <div class='ocr_carea' id='block_1_93' title="bbox 409 5691 1991 5764">
    <p class='ocr_par' dir='ltr' id='par_1_93' title="bbox 409 5691 1991 5764">
     <span class='ocr_line' id='line_1_93' title="bbox 409 5691 1991 5764; baseline 0.006 -19"><span class='ocrx_word' id='word_1_681' title='bbox 409 5703 494 5745; x_wconf 81' lang='lat' dir='ltr'><strong>est</strong></span> <span class='ocrx_word' id='word_1_682' title='bbox 553 5691 802 5748; x_wconf 77' lang='lat' dir='ltr'><strong>videlicet</strong></span> <span class='ocrx_word' id='word_1_683' title='bbox 870 5693 1063 5748; x_wconf 57' lang='lat' dir='ltr'><strong>animus</strong></span> <span class='ocrx_word' id='word_1_684' title='bbox 1130 5696 1347 5764; x_wconf 83' lang='lat' dir='ltr'><strong>quando</strong></span> <span class='ocrx_word' id='word_1_685' title='bbox 1406 5698 1545 5751; x_wconf 55' lang='lat' dir='ltr'><strong>lli-ns</strong></span> <span class='ocrx_word' id='word_1_686' title='bbox 1610 5700 1813 5754; x_wconf 78' lang='lat' dir='ltr'><strong>deserit</strong></span> <span class='ocrx_word' id='word_1_687' title='bbox 1874 5717 1991 5755; x_wconf 82' lang='lat' dir='ltr'><strong>eam</strong></span> 
     </span>
    </p>
   </div>
   <div class='ocr_carea' id='block_1_94' title="bbox 2088 3259 3681 3336">
    <p class='ocr_par' dir='ltr' id='par_1_94' title="bbox 2088 3259 3681 3336">
     <span class='ocr_line' id='line_1_94' title="bbox 2088 3259 3681 3336; baseline 0.005 -23"><span class='ocrx_word' id='word_1_688' title='bbox 2088 3260 2267 3315; x_wconf 83' lang='lat' dir='ltr'><strong>minus</strong></span> <span class='ocrx_word' id='word_1_689' title='bbox 2300 3259 2589 3323; x_wconf 85' lang='lat' dir='ltr'><strong>sufﬁciunt,</strong></span> <span class='ocrx_word' id='word_1_690' title='bbox 2626 3262 2837 3317; x_wconf 84' lang='lat' dir='ltr'><strong>avidius</strong></span> <span class='ocrx_word' id='word_1_691' title='bbox 2886 3272 3192 3318; x_wconf 89' lang='lat' dir='ltr'><strong>sumuntur.</strong></span> <span class='ocrx_word' id='word_1_692' title='bbox 3238 3265 3510 3320; x_wconf 86' lang='lat' dir='ltr'><strong>Lectionis</strong></span> <span class='ocrx_word' id='word_1_693' title='bbox 3544 3281 3681 3336; x_wconf 85' lang='lat' dir='ltr'><strong>ergo</strong></span> 
     </span>
    </p>
   </div>
   <div class='ocr_carea' id='block_1_95' title="bbox 2087 3350 3681 3426">
    <p class='ocr_par' dir='ltr' id='par_1_95' title="bbox 2087 3350 3681 3426">
     <span class='ocr_line' id='line_1_95' title="bbox 2087 3350 3681 3426; baseline 0.003 -19"><span class='ocrx_word' id='word_1_694' title='bbox 2087 3350 2409 3422; x_wconf 71' lang='lat' dir='ltr'><strong>evangelicze</strong></span> <span class='ocrx_word' id='word_1_695' title='bbox 2455 3352 2765 3405; x_wconf 86' lang='lat' dir='ltr'><strong>summatim</strong></span> <span class='ocrx_word' id='word_1_696' title='bbox 2807 3369 3026 3409; x_wconf 88' lang='lat' dir='ltr'><strong>sensum</strong></span> <span class='ocrx_word' id='word_1_697' title='bbox 3084 3356 3248 3410; x_wconf 88' lang='lat' dir='ltr'><strong>statui</strong></span> <span class='ocrx_word' id='word_1_698' title='bbox 3290 3371 3394 3410; x_wconf 94' lang='lat' dir='ltr'><strong>non</strong></span> <span class='ocrx_word' id='word_1_699' title='bbox 3441 3372 3539 3426; x_wconf 88' lang='lat' dir='ltr'><strong>per</strong></span> <span class='ocrx_word' id='word_1_700' title='bbox 3572 3358 3681 3412; x_wconf 81' lang='lat' dir='ltr'><strong>sin-</strong></span> 
     </span>
    </p>
   </div>
   <div class='ocr_carea' id='block_1_96' title="bbox 2087 3440 3683 3510">
    <p class='ocr_par' dir='ltr' id='par_1_96' title="bbox 2087 3440 3683 3510">
     <span class='ocr_line' id='line_1_96' title="bbox 2087 3440 3683 3510; baseline 0.005 -16"><span class='ocrx_word' id='word_1_701' title='bbox 2087 3440 2211 3510; x_wconf 86' lang='lat' dir='ltr'><strong>gula</strong></span> <span class='ocrx_word' id='word_1_702' title='bbox 2238 3442 2402 3496; x_wconf 83' lang='lat' dir='ltr'><strong>verba</strong></span> <span class='ocrx_word' id='word_1_703' title='bbox 2447 3442 2773 3509; x_wconf 90' lang='lat' dir='ltr'><strong>discurrere,</strong></span> <span class='ocrx_word' id='word_1_704' title='bbox 2800 3459 2867 3498; x_wconf 90' lang='lat' dir='ltr'><strong>ne</strong></span> <span class='ocrx_word' id='word_1_705' title='bbox 2915 3444 3257 3500; x_wconf 88' lang='lat' dir='ltr'><strong>dilectionem</strong></span> <span class='ocrx_word' id='word_1_706' title='bbox 3308 3456 3543 3501; x_wconf 87' lang='lat' dir='ltr'><strong>vestram</strong></span> <span class='ocrx_word' id='word_1_707' title='bbox 3582 3464 3683 3503; x_wconf 82' lang='lat' dir='ltr'><strong>va-</strong></span> 
     </span>
    </p>
   </div>
   <div class='ocr_carea' id='block_1_97' title="bbox 2088 3530 3681 3605">
    <p class='ocr_par' dir='ltr' id='par_1_97' title="bbox 2088 3530 3681 3605">
     <span class='ocr_line' id='line_1_97' title="bbox 2088 3530 3681 3605; baseline 0.006 -21"><span class='ocrx_word' id='word_1_708' title='bbox 2088 3530 2196 3585; x_wconf 90' lang='lat' dir='ltr'><strong>leat</strong></span> <span class='ocrx_word' id='word_1_709' title='bbox 2258 3547 2438 3587; x_wconf 90' lang='lat' dir='ltr'><strong>sermo</strong></span> <span class='ocrx_word' id='word_1_710' title='bbox 2498 3533 2762 3602; x_wconf 79' lang='lat' dir='ltr'><strong>prolixior</strong></span> <span class='ocrx_word' id='word_1_711' title='bbox 2822 3536 3178 3605; x_wconf 85' lang='lat' dir='ltr'><strong>expositionis</strong></span> <span class='ocrx_word' id='word_1_712' title='bbox 3224 3552 3485 3593; x_wconf 86' lang='lat' dir='ltr'><strong>onerare.</strong></span> <span class='ocrx_word' id='word_1_713' title='bbox 3532 3537 3681 3594; x_wconf 87' lang='lat' dir='ltr'><strong>Ecce</strong></span> 
     </span>
    </p>
   </div>
   <div class='ocr_carea' id='block_1_98' title="bbox 2088 3620 3681 3699">
    <p class='ocr_par' dir='ltr' id='par_1_98' title="bbox 2088 3620 3681 3699">
     <span class='ocr_line' id='line_1_98' title="bbox 2088 3620 3681 3699; baseline 0.006 -24"><span class='ocrx_word' id='word_1_714' title='bbox 2088 3622 2347 3687; x_wconf 89' lang='lat' dir='ltr'><strong>audistis,</strong></span> <span class='ocrx_word' id='word_1_715' title='bbox 2392 3620 2589 3699; x_wconf 82' lang='lat' dir='ltr'><strong>fratres</strong></span> <span class='ocrx_word' id='word_1_716' title='bbox 2618 3625 2954 3691; x_wconf 85' lang='lat' dir='ltr'><strong>charissimi,</strong></span> <span class='ocrx_word' id='word_1_717' title='bbox 3004 3627 3132 3697; x_wconf 87' lang='lat' dir='ltr'><strong>quia</strong></span> <span class='ocrx_word' id='word_1_718' title='bbox 3175 3628 3383 3683; x_wconf 85' lang='lat' dir='ltr'><strong>duobus</strong></span> <span class='ocrx_word' id='word_1_719' title='bbox 3435 3630 3681 3699; x_wconf 86' lang='lat' dir='ltr'><strong>discipu-</strong></span> 
     </span>
    </p>
   </div>
   <div class='ocr_carea' id='block_1_99' title="bbox 2088 3697 3683 3786">
    <p class='ocr_par' dir='ltr' id='par_1_99' title="bbox 2088 3697 3683 3786">
     <span class='ocr_line' id='line_1_99' title="bbox 2088 3697 3683 3786; baseline 0.006 -21"><span class='ocrx_word' id='word_1_720' title='bbox 2088 3712 2156 3767; x_wconf 89' lang='lat' dir='ltr'><strong>lis</strong></span> <span class='ocrx_word' id='word_1_721' title='bbox 2217 3697 2653 3778; x_wconf 85' lang='lat' dir='ltr'><strong>ambulantibus,</strong></span> <span class='ocrx_word' id='word_1_722' title='bbox 2713 3715 2764 3768; x_wconf 90' lang='lat' dir='ltr'><strong>in</strong></span> <span class='ocrx_word' id='word_1_723' title='bbox 2813 3716 2939 3779; x_wconf 84' lang='lat' dir='ltr'><strong>via,</strong></span> <span class='ocrx_word' id='word_1_724' title='bbox 2992 3732 3098 3771; x_wconf 92' lang='lat' dir='ltr'><strong>non</strong></span> <span class='ocrx_word' id='word_1_725' title='bbox 3144 3717 3360 3786; x_wconf 88' lang='lat' dir='ltr'><strong>quidem</strong></span> <span class='ocrx_word' id='word_1_726' title='bbox 3408 3720 3683 3775; x_wconf 84' lang='lat' dir='ltr'><strong>credenti-</strong></span> 
     </span>
    </p>
   </div>
   <div class='ocr_carea' id='block_1_100' title="bbox 2088 3806 3682 3881">
    <p class='ocr_par' dir='ltr' id='par_1_100' title="bbox 2088 3806 3682 3881">
     <span class='ocr_line' id='line_1_100' title="bbox 2088 3806 3682 3881; baseline 0.003 -20"><span class='ocrx_word' id='word_1_727' title='bbox 2088 3806 2226 3869; x_wconf 88' lang='lat' dir='ltr'><strong>bus,</strong></span> <span class='ocrx_word' id='word_1_728' title='bbox 2276 3806 2370 3860; x_wconf 89' lang='lat' dir='ltr'><strong>sed</strong></span> <span class='ocrx_word' id='word_1_729' title='bbox 2402 3814 2581 3860; x_wconf 89' lang='lat' dir='ltr'><strong>tamen</strong></span> <span class='ocrx_word' id='word_1_730' title='bbox 2615 3806 2683 3860; x_wconf 88' lang='lat' dir='ltr'><strong>de</strong></span> <span class='ocrx_word' id='word_1_731' title='bbox 2714 3822 2771 3861; x_wconf 88' lang='lat' dir='ltr'><strong>se</strong></span> <span class='ocrx_word' id='word_1_732' title='bbox 2812 3807 3155 3877; x_wconf 80' lang='lat' dir='ltr'><strong>loquentibus</strong></span> <span class='ocrx_word' id='word_1_733' title='bbox 3199 3809 3461 3864; x_wconf 90' lang='lat' dir='ltr'><strong>Dominus</strong></span> <span class='ocrx_word' id='word_1_734' title='bbox 3510 3826 3682 3881; x_wconf 83' lang='lat' dir='ltr'><strong>appa-</strong></span> 
     </span>
    </p>
   </div>
   <div class='ocr_carea' id='block_1_101' title="bbox 2089 3896 3680 3969">
    <p class='ocr_par' dir='ltr' id='par_1_101' title="bbox 2089 3896 3680 3969">
     <span class='ocr_line' id='line_1_101' title="bbox 2089 3896 3680 3969; baseline 0.003 -18"><span class='ocrx_word' id='word_1_735' title='bbox 2089 3896 2235 3959; x_wconf 88' lang='lat' dir='ltr'><strong>ruit,</strong></span> <span class='ocrx_word' id='word_1_736' title='bbox 2286 3896 2380 3951; x_wconf 88' lang='lat' dir='ltr'><strong>sed</strong></span> <span class='ocrx_word' id='word_1_737' title='bbox 2430 3896 2510 3950; x_wconf 90' lang='lat' dir='ltr'><strong>eis</strong></span> <span class='ocrx_word' id='word_1_738' title='bbox 2561 3896 2794 3965; x_wconf 89' lang='lat' dir='ltr'><strong>speciem</strong></span> <span class='ocrx_word' id='word_1_739' title='bbox 2855 3913 3017 3966; x_wconf 86' lang='lat' dir='ltr'><strong>quam</strong></span> <span class='ocrx_word' id='word_1_740' title='bbox 3070 3909 3522 3969; x_wconf 85' lang='lat' dir='ltr'><strong>recognoscereut</strong></span> <span class='ocrx_word' id='word_1_741' title='bbox 3567 3918 3680 3957; x_wconf 87' lang='lat' dir='ltr'><strong>nou</strong></span> 
     </span>
    </p>
   </div>
   <div class='ocr_carea' id='block_1_102' title="bbox 2089 3988 3686 4058">
    <p class='ocr_par' dir='ltr' id='par_1_102' title="bbox 2089 3988 3686 4058">
     <span class='ocr_line' id='line_1_102' title="bbox 2089 3988 3686 4058; baseline 0.002 -16"><span class='ocrx_word' id='word_1_742' title='bbox 2089 3989 2343 4044; x_wconf 87' lang='lat' dir='ltr'><strong>ostendit.</strong></span> <span class='ocrx_word' id='word_1_743' title='bbox 2364 3988 2479 4043; x_wconf 86' lang='lat' dir='ltr'><strong>Hoc</strong></span> <span class='ocrx_word' id='word_1_744' title='bbox 2507 4003 2636 4058; x_wconf 87' lang='lat' dir='ltr'><strong>ergo</strong></span> <span class='ocrx_word' id='word_1_745' title='bbox 2658 3988 2768 4058; x_wconf 85' lang='lat' dir='ltr'><strong>egit</strong></span> <span class='ocrx_word' id='word_1_746' title='bbox 2794 3988 2925 4043; x_wconf 89' lang='lat' dir='ltr'><strong>foris</strong></span> <span class='ocrx_word' id='word_1_747' title='bbox 2956 3988 3218 4045; x_wconf 87' lang='lat' dir='ltr'><strong>Dominus</strong></span> <span class='ocrx_word' id='word_1_748' title='bbox 3265 3990 3319 4044; x_wconf 91' lang='lat' dir='ltr'><strong>in</strong></span> <span class='ocrx_word' id='word_1_749' title='bbox 3346 3992 3520 4045; x_wconf 89' lang='lat' dir='ltr'><strong>oculis</strong></span> <span class='ocrx_word' id='word_1_750' title='bbox 3556 4007 3686 4047; x_wconf 81' lang='lat' dir='ltr'><strong>cor-</strong></span> 
     </span>
    </p>
   </div>
   <div class='ocr_carea' id='block_1_103' title="bbox 2089 4079 3685 4150">
    <p class='ocr_par' dir='ltr' id='par_1_103' title="bbox 2089 4079 3685 4150">
     <span class='ocr_line' id='line_1_103' title="bbox 2089 4079 3685 4150; baseline 0.003 -17"><span class='ocrx_word' id='word_1_751' title='bbox 2089 4079 2238 4150; x_wconf 87' lang='lat' dir='ltr'><strong>poris</strong></span> <span class='ocrx_word' id='word_1_752' title='bbox 2264 4079 2405 4149; x_wconf 90' lang='lat' dir='ltr'><strong>quod</strong></span> <span class='ocrx_word' id='word_1_753' title='bbox 2438 4079 2579 4149; x_wconf 89' lang='lat' dir='ltr'><strong>apud</strong></span> <span class='ocrx_word' id='word_1_754' title='bbox 2608 4079 2752 4148; x_wconf 91' lang='lat' dir='ltr'><strong>ipsos</strong></span> <span class='ocrx_word' id='word_1_755' title='bbox 2787 4080 3046 4149; x_wconf 83' lang='lat' dir='ltr'><strong>agebatur</strong></span> <span class='ocrx_word' id='word_1_756' title='bbox 3083 4080 3231 4135; x_wconf 90' lang='lat' dir='ltr'><strong>intus</strong></span> <span class='ocrx_word' id='word_1_757' title='bbox 3258 4081 3309 4133; x_wconf 91' lang='lat' dir='ltr'><strong>in</strong></span> <span class='ocrx_word' id='word_1_758' title='bbox 3343 4082 3516 4136; x_wconf 87' lang='lat' dir='ltr'><strong>oculis</strong></span> <span class='ocrx_word' id='word_1_759' title='bbox 3558 4099 3685 4138; x_wconf 82' lang='lat' dir='ltr'><strong>cor-</strong></span> 
     </span>
    </p>
   </div>
   <div class='ocr_carea' id='block_1_104' title="bbox 2091 4168 3685 4238">
    <p class='ocr_par' dir='ltr' id='par_1_104' title="bbox 2091 4168 3685 4238">
     <span class='ocr_line' id='line_1_104' title="bbox 2091 4168 3685 4238; baseline 0.003 -15"><span class='ocrx_word' id='word_1_760' title='bbox 2091 4168 2196 4224; x_wconf 91' lang='lat' dir='ltr'><strong>dis.</strong></span> <span class='ocrx_word' id='word_1_761' title='bbox 2236 4168 2340 4238; x_wconf 87' lang='lat' dir='ltr'><strong>Ipsi</strong></span> <span class='ocrx_word' id='word_1_762' title='bbox 2370 4183 2603 4237; x_wconf 89' lang='lat' dir='ltr'><strong>namque</strong></span> <span class='ocrx_word' id='word_1_763' title='bbox 2639 4169 2780 4237; x_wconf 87' lang='lat' dir='ltr'><strong>apud</strong></span> <span class='ocrx_word' id='word_1_764' title='bbox 2809 4169 3132 4238; x_wconf 90' lang='lat' dir='ltr'><strong>semetipsos</strong></span> <span class='ocrx_word' id='word_1_765' title='bbox 3161 4170 3306 4225; x_wconf 90' lang='lat' dir='ltr'><strong>intus</strong></span> <span class='ocrx_word' id='word_1_766' title='bbox 3340 4179 3395 4226; x_wconf 91' lang='lat' dir='ltr'><strong>et</strong></span> <span class='ocrx_word' id='word_1_767' title='bbox 3422 4171 3685 4231; x_wconf 82' lang='lat' dir='ltr'><strong>amabant</strong></span> 
     </span>
    </p>
   </div>
   <div class='ocr_carea' id='block_1_105' title="bbox 2091 4257 3683 4332">
    <p class='ocr_par' dir='ltr' id='par_1_105' title="bbox 2091 4257 3683 4332">
     <span class='ocr_line' id='line_1_105' title="bbox 2091 4257 3683 4332; baseline 0.006 -19"><span class='ocrx_word' id='word_1_768' title='bbox 2091 4266 2148 4314; x_wconf 89' lang='lat' dir='ltr'><strong>et</strong></span> <span class='ocrx_word' id='word_1_769' title='bbox 2187 4257 2525 4323; x_wconf 88' lang='lat' dir='ltr'><strong>dubitabant,</strong></span> <span class='ocrx_word' id='word_1_770' title='bbox 2553 4258 2637 4313; x_wconf 91' lang='lat' dir='ltr'><strong>eis</strong></span> <span class='ocrx_word' id='word_1_771' title='bbox 2674 4266 2859 4313; x_wconf 88' lang='lat' dir='ltr'><strong>autem</strong></span> <span class='ocrx_word' id='word_1_772' title='bbox 2902 4259 3165 4315; x_wconf 89' lang='lat' dir='ltr'><strong>Dominus</strong></span> <span class='ocrx_word' id='word_1_773' title='bbox 3191 4258 3324 4315; x_wconf 86' lang='lat' dir='ltr'><strong>foris</strong></span> <span class='ocrx_word' id='word_1_774' title='bbox 3348 4272 3402 4318; x_wconf 89' lang='lat' dir='ltr'><strong>et</strong></span> <span class='ocrx_word' id='word_1_775' title='bbox 3437 4277 3683 4332; x_wconf 62' lang='lat' dir='ltr'><strong>praesens</strong></span> 
     </span>
    </p>
   </div>
   <div class='ocr_carea' id='block_1_106' title="bbox 2094 4350 3683 4426">
    <p class='ocr_par' dir='ltr' id='par_1_106' title="bbox 2094 4350 3683 4426">
     <span class='ocr_line' id='line_1_106' title="bbox 2094 4350 3683 4426; baseline 0.005 -23"><span class='ocrx_word' id='word_1_776' title='bbox 2094 4356 2301 4412; x_wconf 85' lang='lat' dir='ltr'><strong>aderat,</strong></span> <span class='ocrx_word' id='word_1_777' title='bbox 2322 4357 2378 4403; x_wconf 92' lang='lat' dir='ltr'><strong>et</strong></span> <span class='ocrx_word' id='word_1_778' title='bbox 2416 4350 2545 4418; x_wconf 83' lang='lat' dir='ltr'><strong>quid</strong></span> <span class='ocrx_word' id='word_1_779' title='bbox 2572 4357 2717 4403; x_wconf 86' lang='lat' dir='ltr'><strong>esset</strong></span> <span class='ocrx_word' id='word_1_780' title='bbox 2739 4366 2842 4403; x_wconf 90' lang='lat' dir='ltr'><strong>non</strong></span> <span class='ocrx_word' id='word_1_781' title='bbox 2872 4352 3212 4406; x_wconf 54' lang='lat' dir='ltr'><strong>ostendebat.</strong></span> <span class='ocrx_word' id='word_1_782' title='bbox 3238 4353 3313 4408; x_wconf 89' lang='lat' dir='ltr'><strong>De</strong></span> <span class='ocrx_word' id='word_1_783' title='bbox 3336 4370 3394 4409; x_wconf 90' lang='lat' dir='ltr'><strong>se</strong></span> <span class='ocrx_word' id='word_1_784' title='bbox 3434 4370 3565 4426; x_wconf 87' lang='lat' dir='ltr'><strong>ergo</strong></span> <span class='ocrx_word' id='word_1_785' title='bbox 3597 4357 3683 4412; x_wconf 83' lang='lat' dir='ltr'><strong>lo-</strong></span> 
     </span>
    </p>
   </div>
   <div class='ocr_carea' id='block_1_107' title="bbox 2094 4441 3682 4510">
    <p class='ocr_par' dir='ltr' id='par_1_107' title="bbox 2094 4441 3682 4510">
     <span class='ocr_line' id='line_1_107' title="bbox 2094 4441 3682 4510; baseline 0.005 -17"><span class='ocrx_word' id='word_1_786' title='bbox 2094 4441 2382 4508; x_wconf 85' lang='lat' dir='ltr'><strong>quentibus</strong></span> <span class='ocrx_word' id='word_1_787' title='bbox 2408 4441 2747 4510; x_wconf 73' lang='lat' dir='ltr'><strong>pnesentiam</strong></span> <span class='ocrx_word' id='word_1_788' title='bbox 2772 4456 2923 4495; x_wconf 87' lang='lat' dir='ltr'><strong>suam</strong></span> <span class='ocrx_word' id='word_1_789' title='bbox 2953 4443 3215 4507; x_wconf 84' lang='lat' dir='ltr'><strong>exhibuit,</strong></span> <span class='ocrx_word' id='word_1_790' title='bbox 3245 4444 3338 4499; x_wconf 88' lang='lat' dir='ltr'><strong>sed</strong></span> <span class='ocrx_word' id='word_1_791' title='bbox 3360 4445 3427 4499; x_wconf 89' lang='lat' dir='ltr'><strong>de</strong></span> <span class='ocrx_word' id='word_1_792' title='bbox 3450 4462 3509 4500; x_wconf 89' lang='lat' dir='ltr'><strong>se</strong></span> <span class='ocrx_word' id='word_1_793' title='bbox 3535 4448 3682 4503; x_wconf 80' lang='lat' dir='ltr'><strong>dubi-</strong></span> 
     </span>
    </p>
   </div>
   <div class='ocr_carea' id='block_1_108' title="bbox 2099 4531 3680 4602">
    <p class='ocr_par' dir='ltr' id='par_1_108' title="bbox 2099 4531 3680 4602">
     <span class='ocr_line' id='line_1_108' title="bbox 2099 4531 3680 4602; baseline 0.004 -17"><span class='ocrx_word' id='word_1_794' title='bbox 2099 4531 2335 4585; x_wconf 86' lang='lat' dir='ltr'><strong>tantibus</strong></span> <span class='ocrx_word' id='word_1_795' title='bbox 2372 4532 2695 4601; x_wconf 80' lang='lat' dir='ltr'><strong>cognitionis</strong></span> <span class='ocrx_word' id='word_1_796' title='bbox 2741 4548 2852 4586; x_wconf 72' lang='lat' dir='ltr'><strong>sua:</strong></span> <span class='ocrx_word' id='word_1_797' title='bbox 2900 4533 3133 4602; x_wconf 88' lang='lat' dir='ltr'><strong>speciem</strong></span> <span class='ocrx_word' id='word_1_798' title='bbox 3165 4535 3468 4590; x_wconf 85' lang='lat' dir='ltr'><strong>abscondit.</strong></span> <span class='ocrx_word' id='word_1_799' title='bbox 3503 4538 3680 4593; x_wconf 79' lang='lat' dir='ltr'><strong>Verba</strong></span> 
     </span>
    </p>
   </div>
   <div class='ocr_carea' id='block_1_109' title="bbox 2098 4622 3688 4696">
    <p class='ocr_par' dir='ltr' id='par_1_109' title="bbox 2098 4622 3688 4696">
     <span class='ocr_line' id='line_1_109' title="bbox 2098 4622 3688 4696; baseline 0.005 -22"><span class='ocrx_word' id='word_1_800' title='bbox 2098 4622 2310 4691; x_wconf 88' lang='lat' dir='ltr'><strong>quidem</strong></span> <span class='ocrx_word' id='word_1_801' title='bbox 2326 4622 2572 4684; x_wconf 88' lang='lat' dir='ltr'><strong>contulit,</strong></span> <span class='ocrx_word' id='word_1_802' title='bbox 2592 4623 2847 4677; x_wconf 88' lang='lat' dir='ltr'><strong>duritiam</strong></span> <span class='ocrx_word' id='word_1_803' title='bbox 2870 4623 3175 4679; x_wconf 88' lang='lat' dir='ltr'><strong>intellectus</strong></span> <span class='ocrx_word' id='word_1_804' title='bbox 3189 4626 3511 4696; x_wconf 83' lang='lat' dir='ltr'><strong>increpavit,</strong></span> <span class='ocrx_word' id='word_1_805' title='bbox 3529 4623 3688 4683; x_wconf 33' lang='lat' dir='ltr'><strong>Scrio&#39;</strong></span> 
     </span>
    </p>
   </div>
   <div class='ocr_carea' id='block_1_110' title="bbox 2097 4714 3685 4787">
    <p class='ocr_par' dir='ltr' id='par_1_110' title="bbox 2097 4714 3685 4787">
     <span class='ocr_line' id='line_1_110' title="bbox 2097 4714 3685 4787; baseline 0.006 -22"><span class='ocrx_word' id='word_1_806' title='bbox 2097 4723 2271 4782; x_wconf 73' lang='lat' dir='ltr'><strong>ptume</strong></span> <span class='ocrx_word' id='word_1_807' title='bbox 2292 4728 2447 4767; x_wconf 87' lang='lat' dir='ltr'><strong>sacra</strong></span> <span class='ocrx_word' id='word_1_808' title='bbox 2476 4714 2729 4784; x_wconf 89' lang='lat' dir='ltr'><strong>mysteria</strong></span> <span class='ocrx_word' id='word_1_809' title='bbox 2758 4730 2877 4783; x_wconf 75' lang='lat' dir='ltr'><strong>quzc</strong></span> <span class='ocrx_word' id='word_1_810' title='bbox 2899 4715 2964 4769; x_wconf 83' lang='lat' dir='ltr'><strong>de</strong></span> <span class='ocrx_word' id='word_1_811' title='bbox 2990 4716 3167 4785; x_wconf 87' lang='lat' dir='ltr'><strong>seipse</strong></span> <span class='ocrx_word' id='word_1_812' title='bbox 3196 4725 3348 4771; x_wconf 88' lang='lat' dir='ltr'><strong>erant</strong></span> <span class='ocrx_word' id='word_1_813' title='bbox 3370 4719 3601 4787; x_wconf 87' lang='lat' dir='ltr'><strong>aperuit,</strong></span> <span class='ocrx_word' id='word_1_814' title='bbox 3626 4728 3685 4774; x_wconf 86' lang='lat' dir='ltr'><strong>et</strong></span> 
     </span>
    </p>
   </div>
   <div class='ocr_carea' id='block_1_111' title="bbox 2100 4804 3684 4877">
    <p class='ocr_par' dir='ltr' id='par_1_111' title="bbox 2100 4804 3684 4877">
     <span class='ocr_line' id='line_1_111' title="bbox 2100 4804 3684 4877; baseline 0.004 -20"><span class='ocrx_word' id='word_1_815' title='bbox 2100 4813 2278 4857; x_wconf 85' lang='lat' dir='ltr'><strong>tamen</strong></span> <span class='ocrx_word' id='word_1_816' title='bbox 2312 4804 2403 4873; x_wconf 90' lang='lat' dir='ltr'><strong>qui</strong></span> <span class='ocrx_word' id='word_1_817' title='bbox 2429 4805 2607 4858; x_wconf 89' lang='lat' dir='ltr'><strong>adlmc</strong></span> <span class='ocrx_word' id='word_1_818' title='bbox 2630 4806 2681 4858; x_wconf 92' lang='lat' dir='ltr'><strong>in</strong></span> <span class='ocrx_word' id='word_1_819' title='bbox 2710 4820 2897 4860; x_wconf 90' lang='lat' dir='ltr'><strong>eorum</strong></span> <span class='ocrx_word' id='word_1_820' title='bbox 2945 4806 3198 4861; x_wconf 90' lang='lat' dir='ltr'><strong>cordibus</strong></span> <span class='ocrx_word' id='word_1_821' title='bbox 3221 4810 3537 4877; x_wconf 83' lang='lat' dir='ltr'><strong>peregrinus</strong></span> <span class='ocrx_word' id='word_1_822' title='bbox 3563 4819 3684 4864; x_wconf 82' lang='lat' dir='ltr'><strong>erat</strong></span> 
     </span>
    </p>
   </div>
   <div class='ocr_carea' id='block_1_112' title="bbox 2100 4892 3686 4970">
    <p class='ocr_par' dir='ltr' id='par_1_112' title="bbox 2100 4892 3686 4970">
     <span class='ocr_line' id='line_1_112' title="bbox 2100 4892 3686 4970; baseline 0.004 -24"><span class='ocrx_word' id='word_1_823' title='bbox 2100 4908 2131 4946; x_wconf 93' lang='lat' dir='ltr'><strong>a</strong></span> <span class='ocrx_word' id='word_1_824' title='bbox 2164 4892 2285 4959; x_wconf 86' lang='lat' dir='ltr'><strong>fide,</strong></span> <span class='ocrx_word' id='word_1_825' title='bbox 2315 4894 2394 4947; x_wconf 90' lang='lat' dir='ltr'><strong>ire</strong></span> <span class='ocrx_word' id='word_1_826' title='bbox 2416 4908 2474 4947; x_wconf 93' lang='lat' dir='ltr'><strong>se</strong></span> <span class='ocrx_word' id='word_1_827' title='bbox 2504 4894 2714 4964; x_wconf 84' lang='lat' dir='ltr'><strong>longius</strong></span> <span class='ocrx_word' id='word_1_828' title='bbox 2742 4895 2927 4960; x_wconf 73' lang='lat' dir='ltr'><strong>ﬁllXil;</strong></span> <span class='ocrx_word' id='word_1_829' title='bbox 2970 4895 3175 4966; x_wconf 85' lang='lat' dir='ltr'><strong>ﬁngere</strong></span> <span class='ocrx_word' id='word_1_830' title='bbox 3206 4912 3438 4966; x_wconf 90' lang='lat' dir='ltr'><strong>namque</strong></span> <span class='ocrx_word' id='word_1_831' title='bbox 3460 4912 3686 4970; x_wconf 89' lang='lat' dir='ltr'><strong>compo-</strong></span> 
     </span>
    </p>
   </div>
   <div class='ocr_carea' id='block_1_113' title="bbox 2100 4984 3677 5056">
    <p class='ocr_par' dir='ltr' id='par_1_113' title="bbox 2100 4984 3677 5056">
     <span class='ocr_line' id='line_1_113' title="bbox 2100 4984 3677 5056; baseline 0.004 -18"><span class='ocrx_word' id='word_1_832' title='bbox 2100 4999 2229 5038; x_wconf 88' lang='lat' dir='ltr'><strong>nere</strong></span> <span class='ocrx_word' id='word_1_833' title='bbox 2257 4984 2505 5048; x_wconf 90' lang='lat' dir='ltr'><strong>dicimus,</strong></span> <span class='ocrx_word' id='word_1_834' title='bbox 2538 4986 2679 5037; x_wconf 85' lang='lat' dir='ltr'><strong>umle</strong></span> <span class='ocrx_word' id='word_1_835' title='bbox 2706 4994 2762 5038; x_wconf 88' lang='lat' dir='ltr'><strong>et</strong></span> <span class='ocrx_word' id='word_1_836' title='bbox 2786 4987 3178 5054; x_wconf 86' lang='lat' dir='ltr'><strong>compositores</strong></span> <span class='ocrx_word' id='word_1_837' title='bbox 3214 4987 3308 5040; x_wconf 92' lang='lat' dir='ltr'><strong>luti</strong></span> <span class='ocrx_word' id='word_1_838' title='bbox 3357 4986 3551 5056; x_wconf 73' lang='lat' dir='ltr'><strong>ligulas</strong></span> <span class='ocrx_word' id='word_1_839' title='bbox 3583 5005 3677 5044; x_wconf 83' lang='lat' dir='ltr'><strong>vo-</strong></span> 
     </span>
    </p>
   </div>
   <div class='ocr_carea' id='block_1_114' title="bbox 2098 5074 3680 5147">
    <p class='ocr_par' dir='ltr' id='par_1_114' title="bbox 2098 5074 3680 5147">
     <span class='ocr_line' id='line_1_114' title="bbox 2098 5074 3680 5147; baseline 0.005 -18"><span class='ocrx_word' id='word_1_840' title='bbox 2098 5090 2301 5129; x_wconf 89' lang='lat' dir='ltr'><strong>camus.</strong></span> <span class='ocrx_word' id='word_1_841' title='bbox 2333 5074 2473 5128; x_wconf 83' lang='lat' dir='ltr'><strong>Nihil</strong></span> <span class='ocrx_word' id='word_1_842' title='bbox 2512 5090 2642 5144; x_wconf 78' lang='lat' dir='ltr'><strong>ergo</strong></span> <span class='ocrx_word' id='word_1_843' title='bbox 2674 5075 2899 5145; x_wconf 87' lang='lat' dir='ltr'><strong>simplex</strong></span> <span class='ocrx_word' id='word_1_844' title='bbox 2929 5078 3128 5131; x_wconf 87' lang='lat' dir='ltr'><strong>veritas</strong></span> <span class='ocrx_word' id='word_1_845' title='bbox 3164 5093 3262 5147; x_wconf 92' lang='lat' dir='ltr'><strong>per</strong></span> <span class='ocrx_word' id='word_1_846' title='bbox 3308 5078 3680 5147; x_wconf 86' lang='lat' dir='ltr'><strong>duplicitatem</strong></span> 
     </span>
    </p>
   </div>
   <div class='ocr_carea' id='block_1_115' title="bbox 2102 5164 3685 5239">
    <p class='ocr_par' dir='ltr' id='par_1_115' title="bbox 2102 5164 3685 5239">
     <span class='ocr_line' id='line_1_115' title="bbox 2102 5164 3685 5239; baseline 0.006 -22"><span class='ocrx_word' id='word_1_847' title='bbox 2102 5164 2244 5228; x_wconf 88' lang='lat' dir='ltr'><strong>fecit,</strong></span> <span class='ocrx_word' id='word_1_848' title='bbox 2283 5166 2376 5218; x_wconf 79' lang='lat' dir='ltr'><strong>sed</strong></span> <span class='ocrx_word' id='word_1_849' title='bbox 2423 5166 2580 5219; x_wconf 87' lang='lat' dir='ltr'><strong>talem</strong></span> <span class='ocrx_word' id='word_1_850' title='bbox 2612 5181 2669 5219; x_wconf 90' lang='lat' dir='ltr'><strong>sc</strong></span> <span class='ocrx_word' id='word_1_851' title='bbox 2703 5168 2783 5219; x_wconf 86' lang='lat' dir='ltr'><strong>eis</strong></span> <span class='ocrx_word' id='word_1_852' title='bbox 2821 5167 3067 5221; x_wconf 80' lang='lat' dir='ltr'><strong>exhibuit</strong></span> <span class='ocrx_word' id='word_1_853' title='bbox 3110 5169 3163 5223; x_wconf 90' lang='lat' dir='ltr'><strong>in</strong></span> <span class='ocrx_word' id='word_1_854' title='bbox 3201 5183 3464 5238; x_wconf 87' lang='lat' dir='ltr'><strong>corpore,</strong></span> <span class='ocrx_word' id='word_1_855' title='bbox 3508 5171 3685 5239; x_wconf 83' lang='lat' dir='ltr'><strong>qualis</strong></span> 
     </span>
    </p>
   </div>
   <div class='ocr_carea' id='block_1_116' title="bbox 2101 5254 3681 5335">
    <p class='ocr_par' dir='ltr' id='par_1_116' title="bbox 2101 5254 3681 5335">
     <span class='ocr_line' id='line_1_116' title="bbox 2101 5254 3681 5335; baseline 0.008 -26"><span class='ocrx_word' id='word_1_856' title='bbox 2101 5254 2237 5324; x_wconf 88' lang='lat' dir='ltr'><strong>apud</strong></span> <span class='ocrx_word' id='word_1_857' title='bbox 2262 5254 2379 5309; x_wconf 92' lang='lat' dir='ltr'><strong>illos</strong></span> <span class='ocrx_word' id='word_1_858' title='bbox 2411 5265 2529 5310; x_wconf 88' lang='lat' dir='ltr'><strong>erat</strong></span> <span class='ocrx_word' id='word_1_859' title='bbox 2558 5257 2608 5309; x_wconf 88' lang='lat' dir='ltr'><strong>in</strong></span> <span class='ocrx_word' id='word_1_860' title='bbox 2638 5266 2834 5312; x_wconf 88' lang='lat' dir='ltr'><strong>mente.</strong></span> <span class='ocrx_word' id='word_1_861' title='bbox 2864 5256 3133 5315; x_wconf 85' lang='lat' dir='ltr'><strong>Probaudi</strong></span> <span class='ocrx_word' id='word_1_862' title='bbox 3164 5271 3344 5318; x_wconf 90' lang='lat' dir='ltr'><strong>autem</strong></span> <span class='ocrx_word' id='word_1_863' title='bbox 3367 5274 3531 5319; x_wconf 90' lang='lat' dir='ltr'><strong>erant</strong></span> <span class='ocrx_word' id='word_1_864' title='bbox 3557 5268 3681 5335; x_wconf 87' lang='lat' dir='ltr'><strong>sibi,</strong></span> 
     </span>
    </p>
   </div>
   <div class='ocr_carea' id='block_1_117' title="bbox 2101 5346 3680 5421">
    <p class='ocr_par' dir='ltr' id='par_1_117' title="bbox 2101 5346 3680 5421">
     <span class='ocr_line' id='line_1_117' title="bbox 2101 5346 3680 5421; baseline 0.008 -24"><span class='ocrx_word' id='word_1_865' title='bbox 2101 5346 2190 5415; x_wconf 90' lang='lat' dir='ltr'><strong>qui</strong></span> <span class='ocrx_word' id='word_1_866' title='bbox 2212 5360 2333 5398; x_wconf 87' lang='lat' dir='ltr'><strong>eum</strong></span> <span class='ocrx_word' id='word_1_867' title='bbox 2359 5347 2459 5400; x_wconf 91' lang='lat' dir='ltr'><strong>etsi</strong></span> <span class='ocrx_word' id='word_1_868' title='bbox 2501 5348 2728 5401; x_wconf 63' lang='lat' dir='ltr'><strong>necllum</strong></span> <span class='ocrx_word' id='word_1_869' title='bbox 2755 5356 2813 5401; x_wconf 92' lang='lat' dir='ltr'><strong>ut</strong></span> <span class='ocrx_word' id='word_1_870' title='bbox 2848 5348 3131 5403; x_wconf 88' lang='lat' dir='ltr'><strong>Dominum</strong></span> <span class='ocrx_word' id='word_1_871' title='bbox 3154 5352 3458 5421; x_wconf 77' lang='lat' dir='ltr'><strong>diligerent,</strong></span> <span class='ocrx_word' id='word_1_872' title='bbox 3490 5358 3680 5413; x_wconf 87' lang='lat' dir='ltr'><strong>saltem</strong></span> 
     </span>
    </p>
   </div>
   <div class='ocr_carea' id='block_1_118' title="bbox 2098 5437 3674 5515">
    <p class='ocr_par' dir='ltr' id='par_1_118' title="bbox 2098 5437 3674 5515">
     <span class='ocr_line' id='line_1_118' title="bbox 2098 5437 3674 5515; baseline 0.01 -26"><span class='ocrx_word' id='word_1_873' title='bbox 2098 5445 2156 5489; x_wconf 89' lang='lat' dir='ltr'><strong>ut</strong></span> <span class='ocrx_word' id='word_1_874' title='bbox 2180 5437 2521 5505; x_wconf 71' lang='lat' dir='ltr'><strong>peregrinum</strong></span> <span class='ocrx_word' id='word_1_875' title='bbox 2566 5453 2750 5491; x_wconf 82' lang='lat' dir='ltr'><strong>amare</strong></span> <span class='ocrx_word' id='word_1_876' title='bbox 2779 5441 3094 5506; x_wconf 89' lang='lat' dir='ltr'><strong>potuissent.</strong></span> <span class='ocrx_word' id='word_1_877' title='bbox 3142 5443 3248 5499; x_wconf 85' lang='lat' dir='ltr'><strong>Sed</strong></span> <span class='ocrx_word' id='word_1_878' title='bbox 3285 5446 3376 5515; x_wconf 90' lang='lat' dir='ltr'><strong>qui</strong></span> <span class='ocrx_word' id='word_1_879' title='bbox 3412 5462 3533 5501; x_wconf 84' lang='lat' dir='ltr'><strong>esse</strong></span> <span class='ocrx_word' id='word_1_880' title='bbox 3612 5468 3674 5504; x_wconf 69' lang='lat' dir='ltr'><strong>et</strong></span> 
     </span>
    </p>
   </div>
   <div class='ocr_carea' id='block_1_119' title="bbox 2100 5525 3674 5603">
    <p class='ocr_par' dir='ltr' id='par_1_119' title="bbox 2100 5525 3674 5603">
     <span class='ocr_line' id='line_1_119' title="bbox 2100 5525 3674 5603; baseline 0.008 -26"><span class='ocrx_word' id='word_1_881' title='bbox 2100 5525 2272 5577; x_wconf 89' lang='lat' dir='ltr'><strong>tranei</strong></span> <span class='ocrx_word' id='word_1_882' title='bbox 2319 5539 2347 5575; x_wconf 91' lang='lat' dir='ltr'><strong>a</strong></span> <span class='ocrx_word' id='word_1_883' title='bbox 2393 5526 2658 5577; x_wconf 74' lang='lat' dir='ltr'><strong>cliaritntc</strong></span> <span class='ocrx_word' id='word_1_884' title='bbox 2693 5542 2796 5579; x_wconf 81' lang='lat' dir='ltr'><strong>non</strong></span> <span class='ocrx_word' id='word_1_885' title='bbox 2823 5538 3088 5596; x_wconf 74' lang='lat' dir='ltr'><strong>poterant,</strong></span> <span class='ocrx_word' id='word_1_886' title='bbox 3128 5532 3179 5584; x_wconf 83' lang='lat' dir='ltr'><strong>hi</strong></span> <span class='ocrx_word' id='word_1_887' title='bbox 3209 5548 3331 5587; x_wconf 88' lang='lat' dir='ltr'><strong>cum</strong></span> <span class='ocrx_word' id='word_1_888' title='bbox 3365 5535 3561 5603; x_wconf 85' lang='lat' dir='ltr'><strong>quibus</strong></span> <span class='ocrx_word' id='word_1_889' title='bbox 3592 5554 3674 5589; x_wconf 77' lang='lat' dir='ltr'><strong>vc—</strong></span> 
     </span>
    </p>
   </div>
   <div class='ocr_carea' id='block_1_120' title="bbox 2099 5616 3682 5696">
    <p class='ocr_par' dir='ltr' id='par_1_120' title="bbox 2099 5616 3682 5696">
     <span class='ocr_line' id='line_1_120' title="bbox 2099 5616 3682 5696; baseline 0.005 -28"><span class='ocrx_word' id='word_1_890' title='bbox 2099 5617 2231 5670; x_wconf 81' lang='lat' dir='ltr'><strong>rilas</strong></span> <span class='ocrx_word' id='word_1_891' title='bbox 2252 5616 2731 5686; x_wconf 59' lang='lat' dir='ltr'><strong>gralliebaturcum</strong></span> <span class='ocrx_word' id='word_1_892' title='bbox 2751 5620 2817 5673; x_wconf 63' lang='lat' dir='ltr'><strong>all</strong></span> <span class='ocrx_word' id='word_1_893' title='bbox 2844 5621 3135 5690; x_wconf 85' lang='lat' dir='ltr'><strong>hospitium</strong></span> <span class='ocrx_word' id='word_1_894' title='bbox 3159 5626 3312 5693; x_wconf 87' lang='lat' dir='ltr'><strong>quasi</strong></span> <span class='ocrx_word' id='word_1_895' title='bbox 3339 5630 3682 5696; x_wconf 81' lang='lat' dir='ltr'><strong>peregrinum</strong></span> 
     </span>
    </p>
   </div>
   <div class='ocr_carea' id='block_1_121' title="bbox 2103 5704 3688 5777">
    <p class='ocr_par' dir='ltr' id='par_1_121' title="bbox 2103 5704 3688 5777">
     <span class='ocr_line' id='line_1_121' title="bbox 2103 5704 3688 5777; baseline 0.009 -20"><span class='ocrx_word' id='word_1_896' title='bbox 2103 5714 2313 5759; x_wconf 74' lang='lat' dir='ltr'><strong>vocant.</strong></span> <span class='ocrx_word' id='word_1_897' title='bbox 2365 5704 2475 5759; x_wconf 82' lang='lat' dir='ltr'><strong>Cur</strong></span> <span class='ocrx_word' id='word_1_898' title='bbox 2516 5716 2693 5760; x_wconf 71' lang='lat' dir='ltr'><strong>autem</strong></span> <span class='ocrx_word' id='word_1_899' title='bbox 2745 5708 2973 5763; x_wconf 71' lang='lat' dir='ltr'><strong>dicimus</strong></span> <span class='ocrx_word' id='word_1_900' title='bbox 3004 5723 3206 5777; x_wconf 76' lang='lat' dir='ltr'><strong>rorant,</strong></span> <span class='ocrx_word' id='word_1_901' title='bbox 3236 5728 3357 5766; x_wconf 83' lang='lat' dir='ltr'><strong>cum</strong></span> <span class='ocrx_word' id='word_1_902' title='bbox 3408 5713 3514 5768; x_wconf 86' lang='lat' dir='ltr'><strong>illic</strong></span> <span class='ocrx_word' id='word_1_903' title='bbox 3554 5719 3688 5772; x_wconf 57' lang='lat' dir='ltr'><strong>seti-</strong></span> 
     </span>
    </p>
   </div>
  </div>
