3922 6326
187 394 279 450 HS

1249 384 1553 443 llOMlLMS
1594 385 1659 440 IN
1701 384 1950 440 EVANG.
1991 383 2077 437 ΕΤ
2119 382 2328 438 EPIST.

3324 377 3428 432 H6

178 519 319 577 ptum
342 506 445 569 sit,
486 512 545 558 et
568 513 837 574 coegerunt
867 517 1005 555 cum.
1038 502 1113 555 Bx
1141 516 1247 569 quo
1279 500 1531 554 nimirum
1560 512 1745 553 cxem-
1774 501 1823 555 Α
1849 494 1994 557 estis,
2021 502 2067 545 et
2090 491 2348 545 desideria
2367 490 2532 558 patris
2562 488 2715 542 vestri
2734 488 2907 557 facere
2928 486 3100 542 cultis.
3120 487 3265 577 Ecce
3289 488 3429 543 unde

179 598 258 667 plo
304 594 577 664 colligitur
614 592 704 661 qui
751 590 966 663 [Forte,
1011 588 1159 661 quia]
1197 588 1465 659 peregrini
1518 587 1586 641 ad
1639 587 1739 641 1ιο-

178 688 387 759 spitium
438 700 538 739 sou
586 684 759 738 solum
802 682 1061 736 invitandi
1100 690 1246 745 sunt,
1279 682 1373 735 sed
1426 681 1591 734 etiam
1633 688 1739 732 tra-

178 777 345 832 hendi.
392 772 636 827 Mensam
682 780 907 842 ponunt,
951 770 1101 824 cibos
1135 768 1391 833 offerunt,
1412 776 1466 823 et
1496 782 1655 838 quem
1687 768 1739 820 in

177 866 461 935 Scriptura:
494 878 666 917 sacra:
707 860 1042 930 expositione
1094 876 1199 915 non
1249 868 1633 929 cognoverant,
1688 859 1739 912 in

176 956 319 1025 panis
340 953 605 1008 fractione
633 960 979 1020 cognoscunt.
1010 950 1287 1005 Audiendo
1319 966 1447 1019 ergo
1472 959 1741 1019 prteccpta

178 1044 263 1097 Dei
302 1042 585 1097 illuminati
636 1056 741 1095 non
796 1050 941 1105 sunt,
978 1040 1224 1095 faciendo
1272 1039 1558 1093 illuminati
1592 1047 1739 1102 sunt,

172 1133 290 1201 quia
340 1135 602 1201 scriptum
650 1138 733 1184 est
765 1147 778 1182 :
816 1128 939 1183 Non
985 1129 1252 1183 auditores
1294 1128 1421 1198 legis
1456 1129 1591 1198 justi
1620 1140 1740 1181 sunt

172 1222 302 1291 apud
335 1222 523 1285 Deum,
552 1220 642 1274 sed
666 1221 890 1290 factores
934 1218 1061 1290 legis
1094 1218 1546 1289 justi/icabuntur.
1592 1217 1743 1285 Quis-

172 1312 287 1379 quis
331 1325 461 1379 ergo
502 1309 615 1363 vult
658 1309 837 1362 audita
894 1307 1213 1379 intelligere.
1253 1308 1471 1363 festinet
1522 1322 1584 1361 ea
1623 1322 1743 1377 quce

164 1400 270 1467 jam
314 1399 613 1470 intelligere
635 1398 808 1469 potuit
838 1414 1000 1467 opere
1026 1398 1265 1470 implere.
1309 1398 1447 1454 Ecce
1486 1398 1742 1453 Dominus

172 1508 271 1545 non
301 1499 383 1545 est
428 1491 677 1560 cognitus
720 1491 846 1545 dum
892 1490 1241 1559 loqueretur,
1287 1498 1342 1543 et
1371 1488 1621 1558 dignatus
1661 1496 1744 1542 est

170 1580 409 1651 cognosci
431 1580 559 1634 dum
590 1580 846 1650 pascitur.
881 1579 1309 1649 Hospitalitatem
1350 1594 1501 1649 ergo,
1530 1579 1740 1633 charis-

170 1672 286 1728 simi
322 1670 535 1737 fratres,
581 1671 807 1743 diligite,
838 1671 1120 1726 charitatis
1164 1686 1329 1741 opera
1358 1680 1566 1735 amate,
1616 1670 1743 1725 hinc

168 1766 303 1821 enim
325 1779 421 1834 per
460 1764 690 1818 Paulum
716 1764 952 1819 dicitur:
983 1762 1225 1817 Charitas
1257 1764 1605 1833 fraternitatis
1636 1779 1743 1816 ma-

1845 582 1937 635 lilii
1972 580 2191 636 diaboli.
2222 578 2351 646 Quae
2404 588 2527 634 sunt
2566 579 2709 633 illius
2751 577 3065 633 desideria?
3106 576 3208 630 Ille
3254 578 3426 632 homi-

1842 673 1960 727 cida
1987 684 2099 727 erat
2132 673 2196 726 ab
2223 672 2395 735 initio,
2422 682 2469 725 et
2502 688 2586 725 vos
2619 671 2853 741 qutrritis
2899 686 2980 723 me
3009 670 3261 723 occidere.
3286 670 3426 724 Ecce

1842 763 2116 835 quomodo
2148 762 2450 816 imitatione
2483 760 2574 814 filii
2611 761 2807 815 diaboli
2843 779 2855 814 :
2908 776 3031 815 nam
3058 769 3113 814 et
3154 760 3247 813 ﬁlii
3272 771 3424 814 ciunt

1840 853 2070 907 Abraha:
2094 861 2315 923 propter
2339 852 2603 922 originem
2634 851 2813 905 carnis
2838 850 3033 919 quibus
3064 851 3163 904 ista
3205 859 3422 918 aposto-

1844 943 1924 997 lus
1956 943 2291 1012 loquebatur,
2328 950 2384 998 et
2414 943 2505 995 lilii
2538 942 2855 996 imitationis
2881 950 3099 1010 propter
3122 943 3423 996 Cttsliltllt'tu

1843 1034 2053 1088 timoris
2097 1034 2293 1103 quibus
2343 1033 2649 1103 specialiter
2694 1033 2946 1087 dicebat:
2978 1032 3041 1085 Et
3066 1036 3153 1102 qui
3204 1036 3254 1086 in
3286 1034 3425 1087 t'oltts

1841 1122 2020 1175 timent
2058 1123 2221 1176 Dettut
2262 1123 2468 1177 verbum
2509 1122 2695 1175 salutis
2734 1123 2891 1191 hujus
2924 1125 3137 1175 missum
3166 1134 3260 1175 est.
3295 1123 3426 1174 lilud

1842 1215 2028 1284 utique
2052 1214 2118 1269 de
2155 1229 2261 1284 quo
2306 1213 2472 1270 Isaias
2498 1216 2612 1267 ait:
2651 1213 2872 1268 Verbum
2900 1217 3041 1267 misit
3088 1215 3343 1268 Dominus
3372 1217 3426 1267 in

1840 1302 2006 1357 Jacob
2027 1343 2043 1369 ,
2073 1313 2121 1357 et
2146 1303 2328 1357 cecidit
2370 1304 2424 1356 in
2460 1302 2650 1366 Israel,
2686 1303 2737 1356 id
2764 1312 2867 1367 est,
2892 1303 3042 1356 misit
3067 1304 3209 1357 Deus
3232 1303 3424 1356 Filium

1841 1410 2021 1460 suum,
2051 1394 2115 1449 de
2145 1409 2251 1464 quo
2280 1394 2514 1449 Joannes
2540 1394 2614 1447 ait
2640 1412 2652 1447 :
2680 1393 2746 1447 In
2767 1394 3021 1463 principio
3045 1406 3152 1447 crat
3176 1392 3424 1457 Verbum,

1841 1494 1889 1537 et
1930 1484 2148 1538 Verbum
2171 1494 2282 1538 erat
2304 1484 2446 1555 apud
2468 1484 2659 1547 Deum,
2688 1494 2734 1537 et
2759 1482 2899 1537 Deus
2921 1494 3030 1537 erat
3067 1483 3311 1537 Verbum.
3340 1484 3423 1537 Ad

1841 1575 2027 1641 Jacob,
2052 1576 2104 1629 id
2133 1585 2239 1641 est,
2264 1576 2331 1630 ad
2359 1574 2590 1631 Judtcos.
2620 1576 2687 1629 Et
2712 1575 2858 1629 venit
2888 1575 2951 1630 ad
2993 1574 3188 1641 Israel,
3217 1576 3318 1630 hoc
3347 1587 3432 1629 est

1842 1667 1908 1719 ad
1955 1666 2196 1736 gentium
2239 1666 2512 1736 populum.
2566 1666 2658 1720 Dei
2689 1676 2867 1719 autem
2899 1664 3155 1731 verbum,
3203 1665 3317 1735 ipse
3345 1674 3429 1719 est

1843 1759 1937 1813 Dei
1972 1759 2159 1823 Films,
2188 1768 2516 1829 quapropter
2549 1774 2669 1813 cum
2713 1774 2835 1813 eum
2883 1757 3043 1812 Pater
3083 1758 3248 1812 verbo
3284 1756 3427 1828 [ver-

170 1869 279 1914 neat
321 1860 375 1911 in
422 1857 603 1921 vobis,
633 1866 679 1910 et
717 1854 1125 1925 hospitalitatem
1162 1854 1321 1907 nolite
1357 1853 1608 1907 oblivisci.
1642 1852 1744 1906 Per
1772 1849 1818 1907 Β
1846 1848 1996 1921 bum]
2044 1849 2211 1913 misit,
2253 1864 2282 1902 a
2338 1849 2498 1903 Patre
2539 1858 2595 1903 et
2631 1847 2807 1904 Verbo
2837 1848 2951 1918 ejus
2999 1850 3195 1904 factum
3236 1862 3319 1904 est
3370 1860 3429 1901 ut

168 1950 300 2003 hanc
342 1946 489 2001 enim
528 1946 845 2015 placuerunt
886 1943 1105 2011 quidam
1150 1941 1356 2012 angelis
1395 1941 1628 2009 hospitio
1658 1956 1743 1995 re-

167 2038 345 2108 ceptis.
374 2036 515 2090 lline
540 2035 731 2090 Petrus
753 2034 826 2087 ait
856 2053 870 2086 :
900 2032 1201 2102 Hospitales
1222 2032 1436 2087 inuicem
1470 2033 1580 2087 sine
1604 2049 1744 2086 mur-

167 2124 693 2195 murationibus.lpsa
709 2124 926 2179 Veritas
955 2122 1085 2177 dicit
1114 2141 1127 2176 :
1156 2122 1356 2193 Hospes
1379 2122 1476 2191 fui,
1495 2134 1542 2177 et
1565 2141 1739 2179 susce-

165 2216 304 2287 pistis
334 2232 435 2268 me.
471 2214 701 2285 Opinata
739 2228 826 2268 res
853 2220 937 2267 est
966 2212 1120 2265 valde
1139 2220 1195 2266 ct
1230 2213 1499 2266 seniorum
1530 2221 1741 2269 nostro-

168 2320 278 2359 rqu
316 2303 470 2357 nobis
514 2303 773 2357 relatione
812 2302 1030 2356 tradita.
1052 2300 1281 2367 Quidam
1328 2311 1480 2370 pater
1509 2302 1740 2359 familias

164 2410 278 2449 cum
310 2402 422 2448 tota
440 2394 602 2448 domo
644 2408 742 2447 sua
770 2408 965 2464 magno
1013 2392 1394 2459 hospitalitatis
1418 2394 1595 2448 studio
1624 2409 1740 2450 ser-

166 2484 360 2547 viebat;
391 2498 626 2554 cumque
650 2483 889 2552 quotidie
930 2482 998 2536 ad
1036 2497 1279 2537 mensam
1315 2498 1466 2537 suam
1505 2499 1740 2555 peregri-

163 2591 255 2630 nos
277 2575 599 2644 susciperet,
620 2576 853 2644 quodam
880 2573 965 2627 die
992 2572 1310 2642 peregrinus
1334 2574 1552 2643 quidam
1598 2575 1739 2629 inter

163 2664 289 2719 alios
315 2666 487 2730 venit,
532 2664 600 2719 ad
628 2678 869 2718 mensam
909 2663 1101 2717 ductus
1129 2671 1231 2718 est.
1270 2662 1516 2734 Dumque
1562 2663 1738 2734 pater-

162 2756 385 2811 familias
412 2771 482 2811 ex
513 2755 831 2810 humilitatis
854 2755 1244 2810 consuetudine
1281 2769 1477 2825 aquam
1503 2756 1662 2811 vellet
1683 2757 1735 2811 in

160 2845 270 2914 ejus
290 2847 541 2901 manibus
564 2843 808 2910 fundere,
827 2860 1121 2900 conversus
1146 2861 1365 2901 urceum
1394 2846 1620 2917 accepit,
1643 2846 1735 2902 sed

164 2947 374 3008 repente
397 2953 523 2993 eum
553 2937 605 2991 in
629 2934 786 3004 cujus
810 2936 1059 2991 manibus
1096 2950 1291 3007 aquam
1314 2935 1540 2992 fundere
1564 2936 1738 2994 volue-

162 3037 241 3083 rat
256 3044 357 3082 non
374 3028 600 3082 invenit.
623 3025 865 3097 Cumque
887 3028 988 3083 hoe
1005 3025 1208 3082 factum
1236 3042 1419 3083 secum
1442 3029 1556 3099 ipse
1577 3029 1738 3085 mira-

162 3125 322 3183 retur,
352 3118 542 3173 eadem
572 3126 729 3172 nocte
759 3116 808 3170 ei
847 3117 1107 3172 Dominus
1146 3120 1245 3188 per
1266 3118 1527 3173 visionem
1555 3119 1688 3175 dixit
1716 3137 1729 3173 :

1846 1939 2176 1992 mitteretur.
2194 1938 2334 2008 Ergo
2359 1955 2387 1991 a
2407 1939 2566 1993 Patre
2595 1948 2647 1993 et
2676 1939 2812 1995 Filio
2836 1941 3033 1996 missus
3061 1949 3147 1995 cst
3171 1940 3309 1994 idem
3340 1938 3425 1993 l’i-

1843 2029 1968 2094 lius,
1993 2029 2085 2098 qui
2113 2029 2336 2084 verbum
2354 2029 2529 2085 Patris
2550 2039 2634 2085 est
2655 2031 2768 2101 ipse
2790 2032 2957 2087 Filius
2984 2034 3035 2086 in
3055 2034 3171 2101 ipso
3193 2033 3284 2087 Dei
3308 2032 3431 2087 Ver-

1842 2120 1931 2185 ho,
1950 2121 2092 2190 quod
2111 2131 2229 2176 erat
2246 2122 2297 2175 in
2316 2122 2580 2192 principio
2603 2123 2743 2192 apud
2758 2123 2924 2179 Deum
2953 2132 3005 2179 et
3033 2126 3172 2180 Deus
3198 2136 3335 2180 erat.
3372 2125 3427 2178 lu

1842 2209 1957 2280 ipsa
1989 2210 2195 2266 scilicet
2233 2213 2496 2279 sapientia
2551 2214 2646 2267 Dei
2699 2224 2837 2279 erat,
2885 2230 2992 2285 quo
3025 2226 3265 2286 tempore
3298 2219 3427 2272 \‘er«

1840 2303 1969 2358 bum
2000 2318 2128 2359 caro
2152 2303 2305 2359 tierct
2330 2312 2382 2358 et
2404 2304 2672 2361 habitaret
2699 2306 2751 2359 iu
2783 2307 2968 2374 nobis;
2998 2308 3120 2377 quia
3155 2308 3428 2377 plenitudo

1842 2396 2102 2465 temporis
2148 2412 2269 2451 eum
2323 2397 2594 2464 venisset,
2638 2399 2785 2454 misit
2842 2401 2985 2456 Deus
3024 2401 3218 2455 Filium
3268 2417 3425 2455 suum

1840 2483 2041 2539 factum
2072 2500 2137 2541 ex
2170 2485 2427 2553 muliere,
2456 2496 2516 2542 ut
2554 2489 2892 2544 iucarnatum
2922 2490 3156 2546 Verbum
3191 2490 3425 2545 homini»

1839 2576 1940 2630 bus
1969 2586 2273 2645 appareret.

1911 2664 2015 2732 Qui
2042 2667 2179 2721 enim
2200 2668 2505 2723 habitabant
2532 2670 2585 2723 in
2609 2669 2905 2725 Jerusalem
2930 2682 2977 2726 et
3010 2673 3267 2743 principes
3288 2672 3425 2743 ejus,

1836 2757 2134 2826 ignorantes
2155 2758 2336 2813 Iesum
2363 2770 2410 2814 et
2434 2778 2577 2815 voces
2608 2764 2997 2833 prophetarum,
3020 2781 3136 2834 qua:
3157 2782 3249 2835 per
3277 2766 3438 2819 omne

1836 2844 2119 2912 sabbatum
2159 2844 2421 2917 leguntur,
2461 2858 2565 2903 etc.
2595 2849 2731 2904 lline
2758 2859 2814 2904 et
2856 2852 2909 2904 in
2954 2852 3179 2907 Actibus
3210 2864 3427 2921 aposto-

1836 2932 2011 2988 lorum
2059 2935 2318 3006 seriptum
2354 2945 2440 2992 est
2471 2956 2484 2991 :
2516 2937 2720 3009 Moyses
2748 2943 2884 2995 enim
2917 2961 2949 2995 a
2981 2943 3296 3013 temporibus
3326 2963 3422 2997 aus

1835 3023 1991 3093 tiquis
2019 3022 2170 3077 habet
2192 3026 2246 3079 in
2271 3024 2491 3097 singulis
2530 3028 2848 3095 civitatibus,
2874 3031 2963 3101 qui
2999 3047 3117 3084 eum
3143 3032 3424 3101 pradicant

1834 3114 1888 3165 in
1918 3115 2217 3185 synagogis.
2239 3115 2297 3169 In
2331 3111 2423 3172 his
2448 3117 2775 3175 testimoniis
2805 3120 3091 3176 manifeste
3116 3122 3425 3177 declaratur

161 3206 380 3287 (ζωιςτίε
400 3207 595 3263 diebus
616 3224 703 3263 me
726 3208 780 3263 in
806 3209 1064 3263 membris
1086 3208 1241 3274 meis,
1270 3210 1526 3266 hesterno
1552 3221 1731 3267 autem
1763 3193 1808 3255 C
1840 3205 1967 3274 quia
2006 3205 2170 3262 lectio
2198 3206 2330 3279 legis
2375 3210 2459 3264 vel
2486 3212 2871 3281 prophetarum
2900 3229 2929 3267 a
2956 3212 3157 3269 Judwis
3195 3216 3425 3271 sabbata

161 3296 241 3351 die
266 3313 351 3352 me
382 3298 437 3351 in
496 3298 816 3368 memetipso
860 3298 1168 3368 suscepisti.
1220 3298 1359 3353 Ecce
1394 3299 1448 3353 in
1475 3300 1737 3370 judicium

161 3388 375 3441 veniens
416 3387 553 3442 dicit
586 3404 601 3442 :
632 3386 785 3452 Quod
835 3389 929 3441 uni
974 3404 1039 3443 ea:
1074 3389 1302 3442 minimis
1349 3390 1476 3443 meis
1520 3389 1735 3458 fecistis,

162 3476 279 3529 mihi
322 3476 543 3544 fecistis.
584 3476 719 3531 Ecce
748 3485 875 3532 ante
894 3476 1161 3547 judicium
1206 3494 1327 3534 cum
1369 3492 1467 3548 per
1497 3481 1737 3535 membra

162 3566 446 3633 suscipitur
494 3580 614 3629 sua,
642 3575 983 3635 susceptores
1030 3582 1156 3623 suos
1192 3568 1358 3623 etiam
1401 3584 1499 3638 per
1536 3580 1737 3626 semet-

164 3651 323 3720 ipsum
349 3653 596 3721 rcquirit,
611 3663 667 3708 et
692 3661 872 3709 tamen
892 3671 987 3709 nos
1004 3656 1071 3710 ad
1098 3658 1481 3726 hospitalitatis
1505 3661 1735 3729 gratiam

162 3741 289 3810 pigri
326 3758 537 3797 sumus.
567 3743 819 3811 Pensate,
858 3745 1071 3809 fratres,
1116 3755 1318 3815 quanta
1358 3748 1737 3817 hospitalitatis

162 3833 322 3888 virtus
341 3835 443 3899 sit;
483 3836 552 3891 ad
577 3850 792 3891 mensas
816 3847 1028 3891 vestras
1054 3836 1329 3905 Christum
1358 3840 1633 3908 sustipite,
1680 3851 1739 3895 ut

162 3938 248 3977 vos
268 3925 335 3977 ab
362 3941 429 3980 eo
462 3926 665 3995 suscipi
695 3925 765 3982 ad
792 3927 1037 3981 convivia
1066 3937 1268 3983 aeterna
1294 3928 1519 3985 valeatis
1543 3947 1558 3995 ;
1599 3946 1737 4001 pra:-

162 4014 274 4068 bete
306 4015 469 4069 modo
513 4016 799 4087 peregrino
841 4015 1060 4072 Christo
1094 4017 1410 4086 hospitium,
1444 4027 1503 4073 ut
1530 4034 1625 4074 vos
1679 4020 1734 4074 in

156 4102 346 4173 judicio
376 4120 487 4160 non
513 4107 666 4175 quasi
688 4108 1001 4178 peregrinos
1023 4107 1261 4174 nesciat,
1292 4109 1385 4163 sed
1405 4117 1465 4163 ut
1490 4111 1736 4180 proprios

164 4193 375 4264 recipiat
396 4197 464 4251 ad
499 4212 748 4267 regnum,
776 4199 889 4267 ipse
916 4198 1172 4254 Dominus
1194 4209 1380 4254 noster
1403 4199 1561 4255 Jesus
1579 4201 1735 4256 Chri-

161 4293 289 4351 stus,
319 4288 409 4355 qui
439 4302 563 4340 cum
600 4286 762 4341 Patre
790 4297 846 4342 et
868 4276 1073 4357 Spiritu
1102 4300 1293 4345 sancto
1315 4290 1449 4345 vivit
1468 4301 1523 4347 et
1546 4300 1734 4362 regnat

163 4376 212 4430 in
243 4377 458 4433 sarcula.
494 4378 691 4433 Amen.

721 4468 1001 4526 HOMILIA
1055 4472 1160 4527 VII.

666 4621 671 4626 _
808 4578 965 4618 ΓΕΒΙΑ
1001 4579 1059 4618 Ill

499 4652 689 4708 Lectio
731 4653 965 4709 Actuum
1008 4655 1399 4724 apostolormn.

227 4744 288 4799 In
316 4746 501 4799 diebus
530 4744 637 4798 illis
656 4785 672 4810 ,
700 4761 916 4816 surgens
942 4742 1167 4808 Paulus,
1202 4754 1250 4800 et
1284 4762 1443 4800 manu
1467 4746 1735 4803 silentium

160 4836 378 4890 indicens
420 4837 499 4889 ait
530 4849 551 4887 :
585 4834 699 4889 Viri
730 4836 942 4905 fratres,
964 4835 1063 4903 ﬁlii
1099 4837 1301 4906 generis
1342 4838 1638 4903 Abraham,
1685 4848 1734 4892 et

160 4927 240 4993 qui
267 4926 320 4977 in
342 4926 491 4980 vobis
513 4926 696 4979 timent
721 4925 910 4991 Deum,
952 4936 1057 4981 etc.

226 5013 422 5071 Omnes
464 5016 665 5087 quibus
708 5016 811 5071 ista
844 5015 1163 5086 loquebatur
1211 5019 1507 5088 apostolus,
1540 5034 1733 5075 secun-

162 5105 276 5159 dum
297 5119 522 5162 carnem
564 5106 660 5161 lilii
700 5106 931 5161 Abrahae
957 5116 1133 5174 erant,
1159 5109 1299 5164 sicut
1324 5119 1381 5164 et
1411 5110 1510 5179 ipsi
1548 5111 1615 5167 de
1655 5126 1735 5167 se-

162 5194 283 5267 ipsis
307 5196 413 5252 alio
436 5198 493 5252 in
517 5198 639 5253 loco
663 5197 917 5252 dixerunt
950 5212 967 5253 :
1002 5198 1191 5253 Semen
1214 5198 1442 5254 Abraha:
1483 5218 1663 5256 sumus
1684 5213 1732 5259 et

162 5292 283 5345 nulli
323 5295 629 5349 seruiuimus
677 5312 939 5365 unquam;
980 5305 1035 5351 et
1073 5297 1268 5351 iterum
1303 5314 1316 5349 :
1360 5293 1523 5349 Pater
1560 5305 1735 5349 noster

162 5383 413 5440 Abraham
440 5395 539 5441 est.
572 5382 645 5438 Et
671 5388 806 5442 dixit
844 5387 949 5442 illis
974 5403 992 5440 :
1034 5389 1156 5445 Scio
1200 5389 1341 5460 quod
1378 5388 1478 5458 ﬁlii
1506 5389 1729 5445 Abraha:

162 5476 291 5529 estis.
322 5476 627 5532 lmitationc
651 5479 795 5533 enim
825 5494 931 5534 non
962 5479 1054 5533 ﬁlii
1078 5480 1309 5536 Abrahae
1328 5490 1486 5535 erant
1516 5480 1591 5534 illi
1613 5480 1732 5549 qui-

164 5560 255 5620 bus
285 5563 545 5621 Dominus
570 5566 891 5637 loquebatur
916 5588 928 5623 :
961 5568 1062 5624 Vos
1089 5588 1154 5625 ea:
1181 5582 1328 5641 patre
1350 5570 1559 5625 diabolo
1586 5572 1729 5625 δεῖξε.

167 5656 308 5713 Unde
334 5674 463 5729 ergo
512 5650 705 5713 Judrei
737 5659 831 5715 lilii
873 5663 1107 5718 diaboli?
1134 5662 1249 5719 Non
1298 5665 1589 5729 nascendo,
1636 5666 1730 5721 sed

165 5748 421 5805 imitando.
479 5748 617 5809 Vos,
670 5750 835 5817 inquit
888 5755 1173 5821 Dominus,
1226 5773 1288 5809 ca:
1332 5765 1477 5824 patre
1524 5756 1730 5811 diabolo

1840 3309 2052 3366 semper
2090 3296 2144 3350 in
2176 3299 2461 3369 synagogis
2485 3298 2779 3371 legebatur.

1911 3386 2143 3461 Cumque
2193 3406 2606 3451 consummasset
2676 3396 2852 3449 omnia
2881 3391 2998 3466 qua:
3036 3397 3101 3451 de
3130 3415 3189 3453 eo
3231 3399 3425 3468 scripta

1838 3490 1980 3535 sunt.
2010 3480 2136 3537 litae
2164 3484 2325 3538 verba
2353 3492 2407 3539 et
2427 3483 2660 3541 Joannes
2680 3486 2782 3541 hoc
2806 3488 2964 3543 modo
2990 3499 3175 3543 narrat
3197 3491 3382 3545 dicens
3410 3508 3421 3542 :

1840 3568 2033 3626 Postea
2084 3573 2251 3628 sciens
2293 3573 2450 3629 Jesus
2475 3577 2615 3644 quod
2648 3579 2824 3631 omnia
2867 3590 3228 3634 consummata
3278 3592 3422 3639 sunt.

1841 3671 1895 3714 ut
1923 3676 2377 3719 consummaretur
2403 3665 2681 3737 Scriptura
2704 3668 2829 3721 dicit
2856 3685 2873 3721 :
2904 3669 3064 3736 Sitio,
3109 3684 3213 3726 etc.
3263 3672 3427 3729 Pera-

1839 3753 1943 3807 ctis
1970 3755 2223 3811 omnibus
2247 3754 2405 3813 Jesus
2439 3774 2560 3827 quas
2617 3766 2743 3814 ante
2770 3775 2923 3814 suam
2953 3770 3187 3818 mortem
3236 3766 3420 3834 peragi

1838 3846 2145 3914 Oportebat,
2175 3848 2390 3916 quando
2420 3848 2587 3903 voluit
2608 3856 2660 3902 et
2686 3848 2829 3903 sicut
2856 3849 3023 3905 voluit
3053 3852 3274 3907 tradidit
3316 3855 3424 3924 spi-

1838 3935 2021 3989 ritum.

1908 4025 2229 4097 Deponcntes
2292 4045 2409 4083 eum
2470 4029 2535 4084 de
2589 4030 2750 4102 ligno.
2802 4031 2845 4085 A
2900 4031 3083 4104 Moyse
3133 4034 3186 4088 in
3242 4050 3425 4090 eremo

1836 4135 2020 4176 aeneus
2067 4114 2294 4192 serpens
2324 4123 2467 4194 ligno
2499 4140 2795 4194 suspensus
2819 4135 2934 4192 est,
2968 4136 3027 4180 ut
3066 4127 3328 4182 Dominus
3370 4139 3425 4182 et

1836 4214 1891 4268 in
1917 4223 2164 4284 serpente
2197 4225 2458 4283 mortuus,
2486 4227 2542 4273 et
2589 4218 2642 4295 in
2683 4233 2792 4273 tere
2838 4218 3237 4290 signiﬁcaretur
3262 4227 3423 4273 teter-

1835 4316 1954 4360 nus.
1983 4305 2138 4362 Unde
2172 4306 2299 4361 licet
2323 4315 2383 4360 ut
2402 4307 2738 4378 judicaretur
2762 4318 3007 4368 mortuus
3032 4324 3128 4379 per
3162 4309 3410 4363 humaui-

1839 4406 2024 4464 tatem,
2055 4408 2109 4455 ct
2133 4408 2311 4454 tamen
2338 4410 2482 4455 esset
2519 4402 2674 4470 quasi
2717 4416 2899 4456 aeneus
2939 4418 3037 4471 per
3061 4403 3417 4457 divinitatem.

1838 4487 1992 4556 Quod
2026 4490 2456 4559 respondendum
2499 4500 2584 4546 est
2612 4490 2813 4547 iudicis
2854 4490 3235 4561 objicientibus
3268 4494 3420 4549 testi-

1838 4578 2077 4633 monium
2117 4578 2246 4633 illud
2272 4598 2284 4632 :
2314 4578 2630 4633 Haledictus
2656 4581 2839 4634 omnis.
2868 4581 2957 4651 qui
2995 4580 3233 4651 pependit
3275 4582 3329 4635 in
3358 4582 3421 4635 Ii-

1832 4686 1957 4741 gno,
1987 4670 2330 4725 maledictum
2355 4686 2475 4727 esse
2503 4672 2777 4748 hominem
2800 4673 2893 4742 qui
2915 4673 2969 4727 in
2998 4672 3143 4743 ligno
3168 4675 3418 4743 pendeat,

1833 4762 1927 4816 sed
1953 4761 2172 4815 noxium
2196 4776 2302 4816 non
2328 4764 2703 4829 innocentem;
2737 4778 2915 4834 neque
2940 4764 3086 4820 enim
3112 4765 3416 4821 innocentia

1832 4860 2011 4922 potest
2055 4865 2175 4907 esse
2220 4852 2569 4909 maledictum
2611 4868 2785 4924 pana:
2831 4854 3062 4924 peccati.
3116 4853 3327 4908 Etenim
3372 4857 3417 4909 si

1834 4942 2200 4998 Mardoehazus
2229 4952 2530 5014 prmparato
2576 4944 2721 5016 ligno
2770 4961 3063 5016 appensus,
3095 4947 3417 5001 sententiam

1834 5034 1995 5103 regia:
2043 5031 2376 5087 crudelitatis
2418 5032 2707 5102 explesset,
2754 5034 2997 5104 nunquid
3021 5050 3145 5089 eum
3192 5034 3246 5088 hi
3293 5043 3421 5089 tunc

1833 5124 2054 5193 dignum
2081 5123 2183 5178 hac
2222 5122 2599 5178 maledictione
2641 5124 2982 5194 judicarent?
3027 5124 3143 5179 Non
3173 5126 3413 5178 omnium.

1833 5212 2039 5267 Idcirco
2073 5212 2331 5268 Dominus
2366 5222 2551 5267 noster
2597 5214 2847 5282 pependit
2879 5215 2933 5267 in
2978 5213 3123 5283 ligno
3173 5223 3231 5268 ut
3259 5231 3357 5268 nos
3386 5234 3413 5267 ιι

1834 5303 2029 5359 delicto
2059 5306 2200 5373 quod
2253 5305 2305 5357 iu
2370 5304 2512 5374 ligno
2545 5303 2716 5359 fuerat
2752 5306 3071 5374 perditionis
3122 5306 3413 5361 admissum

1830 5395 1977 5467 ligno
2008 5411 2273 5467 appensus
2296 5396 2615 5451 absolveret.

1906 5483 2202 5540 Posuerunt
2244 5488 2299 5541 in
2349 5496 2762 5540 monumentum.
2798 5487 2853 5541 In
2886 5494 3233 5541 ηιοῐιιιιιιεηιο
3275 5501 3416 5541 110νο

1832 5576 2041 5647 positus
2095 5584 2181 5631 est
2229 5576 2407 5641 Jesus,
2438 5576 2493 5629 in
2549 5591 2657 5645 quo
2699 5576 2937 5630 nondum
2987 5575 3270 5645 quisquam
3309 5589 3409 5643 pu-

1832 5666 1970 5720 situs
2015 5672 2133 5719 erat
2162 5682 2175 5718 :
2207 5665 2346 5719 sicut
2368 5664 2424 5720 iu
2451 5664 2680 5735 virginis
2714 5672 2869 5718 utero
2897 5678 3055 5717 nemo
3074 5671 3199 5717 ante
3220 5662 3366 5716 illum
3389 5700 3407 5727 ,

1836 5771 1992 5811 neruo
2031 5764 2148 5824 post
2196 5754 2361 5819 illum,
2405 5765 2697 5826 ruticeptus
2732 5762 2832 5807 est.
2882 5752 2953 5805 lla
2998 5753 3047 5805 in
3091 5753 3192 5807 hoc
3223 5769 3411 5809 ιιιυυιι-
