3922 6340
418 450 519 507 H7

1056 454 1116 508 Β.
1160 453 1410 507 RABANI
1446 452 1668 509 MAURI
1706 451 2025 507 ARCIIIEP.
2066 452 2376 509 MOGUN’l‘.
2416 452 2697 511 OPERUM
2737 455 2913 515 PARS
2954 458 3017 512 ll.

3678 378 3697 404 δ

3592 465 3691 524 “3

416 577 601 625 mento
628 582 789 624 nemo
838 576 964 624 ante
993 568 1164 634 illum,
1218 584 1378 624 nemo
1416 578 1540 639 post
1570 568 1718 623 illum
1763 567 2006 627 sepultus
2033 573 2082 630 Α
2180 567 2489 630 ϐοηιμνὺαιὶ
2517 586 2633 623 vero
2664 580 2710 624 et
2746 572 3014 625 conterriti
3059 574 3425 631 existimabant
3454 593 3510 631 se
3542 580 3692 646 spiri-

416 668 520 716 est.

486 751 628 807 Deus
677 768 794 806 vero
822 752 1088 806 suscitavit
1126 768 1244 805 eum
1273 753 1575 815 amortuis.
1605 751 1780 806 Radix
1816 766 2001 806 amara

417 844 594 899 erucis
622 844 859 908 evanuit,
906 841 1004 897 ﬂos
1037 843 1163 897 vita)
1210 859 1333 899 cum
1364 843 1629 899 fructibus
1683 844 1919 899 surrexit
1949 844 2003 898 in

416 936 606 1004 gtoria.
657 933 783 988 Hmc
826 942 911 989 est
953 932 1103 1002 virga
1144 934 1326 988 Aaron
1366 948 1486 1003 quae
1530 941 1653 1003 post
1699 933 2003 989 siccitatem

416 1023 613 1077 tloruit.
648 1021 803 1091 Virga
835 1023 980 1078 enim
1026 1032 1147 1093 post
1174 1021 1483 1077 ariditatem
1527 1023 1820 1087 virescens,
1850 1021 2005 1077 Chri-

416 1120 533 1167 stus
562 1119 645 1167 est
689 1120 812 1181 post
836 1121 1066 1167 mortem
1108 1127 1415 1182 resurgens,
1452 1112 1545 1180 qui
1584 1121 1668 1167 est
1713 1112 1811 1167 nos
1836 1114 2005 1185 virgi-

417 1220 569 1269 num,
597 1219 797 1259 corona
825 1213 1143 1275 martyrum,
1169 1203 1342 1272 gratia
1373 1203 1792 1258 continentium.

489 1293 595 1361 Qui
636 1298 776 1351 visus
809 1306 884 1350 est
928 1312 1021 1365 per
1049 1296 1161 1350 dies
1192 1294 1403 1359 ntultos,
1430 1296 1484 1349 id
1506 1302 1591 1349 est
1604 1310 1701 1364 per
1728 1296 1843 1351 dies
1869 1312 2007 1365 qua-

419 1386 694 1458 draginta,
722 1404 826 1442 non
855 1396 1036 1443 tamen
1065 1388 1145 1442 eis
1170 1403 1267 1458 per
1290 1401 1479 1442 omnes
1501 1387 1859 1459 quadraginta
1890 1388 2009 1443 illos

417 1479 535 1534 dies
575 1481 829 1535 continue
883 1479 1153 1550 apparuit,
1194 1480 1289 1534 sed
1334 1479 1550 1548 quoties
1590 1477 1779 1543 voluit,
1812 1479 2007 1548 quibus

419 1571 607 1636 voluit,
636 1579 691 1625 et
720 1569 1171 1641 quemadmodum
1200 1570 1367 1625 voluit
1393 1570 1663 1641 apparuit.

489 1660 590 1715 liis
621 1661 711 1733 qui
753 1659 910 1715 simul
947 1662 1291 1715 ascenderunt
1340 1678 1458 1716 cum
1489 1679 1548 1715 eo
1589 1662 1654 1717 de
1702 1659 1923 1716 Galilwa
1954 1663 2008 1715 in

420 1752 778 1817 Hierusalem,
811 1760 914 1807 etc.
946 1751 1106 1806 Salva
1137 1752 1361 1807 historia
1390 1753 1669 1808 videamus
1709 1752 2010 1823 intelligen-

419 1844 571 1915 tiam.
601 1842 823 1899 Galilasa
870 1857 1102 1911 namque
1129 1844 1524 1914 transmigratio
1554 1844 1697 1913 facta
1746 1846 2009 1915 interpre-

2107 671 2219 714 tum
2278 661 2468 715 videre.
2530 660 2684 728 Quod
2731 663 2969 719 haeretici
3013 665 3293 722 Maniebzei
3350 670 3417 724 de
3481 670 3693 728 Christo

2106 754 2454 822 suspicantur
2477 762 2531 809 et
2562 756 2790 810 credunt
2833 757 2957 825 quia
2985 773 3093 812 non
3129 770 3249 814 erat
3288 776 3417 816 vera
3442 777 3573 817 caro
3598 763 3692 818 sed

2107 844 2328 914 spiritus
2367 854 2503 911 erat,
2548 846 2664 899 haec
2702 846 2878 914 prima
2908 848 3165 918 cogitatio
3193 853 3432 905 surrexit
3479 854 3531 906 in
3577 868 3696 907 cor-

2107 934 2264 989 dibus
2284 934 2678 1003 apostolorum;
2706 935 2854 989 etilli
2877 937 3091 1005 quidem
3116 937 3393 995 Manicbmi
3420 958 3694 1012 nunquam

2109 1025 2338 1080 credunt
2370 1024 2554 1080 Jesum
2582 1026 2749 1081 fuisse
2786 1027 3083 1092 hominem,
3112 1029 3359 1099 discipuli
3393 1041 3573 1087 autem
3603 1049 3698 1088 no-

2107 1125 2303 1170 verant
2349 1117 2619 1170 hominem
2650 1132 2773 1171 cum
2819 1133 2926 1187 quo
2980 1127 3129 1173 tanto
3182 1129 3425 1190 tempore
3462 1122 3696 1195 [tantum

2112 1206 2343 1279 tempus]
2374 1206 2589 1262 fuerant
2626 1210 2955 1263 conversati.
3006 1209 3111 1264 Sed
3151 1218 3504 1281 posteaquam
3547 1228 3698 1268 mor—

2112 1307 2260 1352 tuum
2296 1309 2379 1353 est
2415 1299 2559 1369 quod
2608 1308 2891 1364 noverant,
2935 1302 3207 1371 quomodo
3261 1304 3547 1358 crederent
3595 1305 3699 1358 hoc

2110 1389 2349 1459 potuisse
2378 1389 2691 1445 resuscitari
2715 1392 2857 1459 quod
2884 1391 3056 1459 potuit
3080 1392 3256 1445 mori?
3281 1392 3544 1462 Apparuit
3571 1409 3699 1466 ergo

2111 1481 2283 1536 oculis
2327 1482 2564 1551 ipsorum
2594 1482 2713 1537 talis
2741 1482 2954 1551 qualem
2986 1484 3136 1538 illum
3169 1494 3463 1549 noverant;
3508 1498 3563 1543 et
3592 1504 3697 1543 non

2112 1570 2395 1626 credentes
2437 1571 2594 1625 tertia
2625 1571 2710 1625 die
2757 1573 2995 1642 potuisse
3018 1590 3200 1628 veram
3238 1591 3457 1632 carnem
3513 1577 3580 1632 de
3613 1592 3700 1633 se-

2112 1658 2299 1728 pulcro
2347 1674 2591 1729 surgere,
2638 1670 2963 1730 putaverunt
2992 1677 3050 1716 se
3081 1664 3327 1733 spiritum
3368 1666 3572 1719 videre.
3608 1667 3703 1719 Er-

2111 1765 2202 1804 ror
2228 1750 2329 1804 iste
2356 1750 2721 1819 apostolorum
2745 1758 2891 1805 secta
2921 1760 3005 1805 est
3026 1752 3466 1807 Manichaeorum.
3512 1753 3703 1809 Solent

2114 1848 2292 1892 autem
2323 1840 2539 1909 quando
2568 1840 2682 1894 haec
2712 1839 2817 1894 illis
2845 1840 3177 1909 objiciuntur
3220 1845 3291 1896 ita
3321 1846 3651 1912 respondere
3685 1860 3700 1898 :

420 1911 586 2002 tattir,
624 1935 959 1992 Hierusalem
986 1937 1116 1989 visio
1143 1936 1308 2007 pacis.
1340 1935 1417 1989 llli
1445 1936 1586 1989 enim
1621 1952 1744 1991 eum
1781 1936 2007 1991 Domino
2040 1918 2081 1976 Β
2113 1934 2251 2000 Quid
2283 1934 2406 1987 mali
2458 1934 2747 1998 credimus.
2780 1936 2904 2003 quia
2937 1934 3213 1990 Christum
3258 1937 3546 1991 Dominum
3584 1952 3705 1991 crc-

418 2029 487 2083 de
533 2026 751 2083 Galilaaa
793 2027 1095 2083 ascendunt
1128 2027 1181 2081 in
1212 2026 1572 2091 Hierusalem,
1614 2028 1707 2097 qui
1737 2029 1889 2097 prius
1919 2028 2008 2083 hic

419 2119 673 2174 vitiorum
716 2117 957 2173 fomitem
1000 2127 1341 2188 respuentes,
1384 2118 1452 2172 ad
1476 2120 1736 2173 virtutum
1776 2119 2010 2174 culmina

422 2210 833 2281 transmigrant.
861 2209 939 2263 llli
980 2209 1184 2264 scilicet
1213 2225 1336 2264 cum
1365 2210 1721 2279 Redemptore
1752 2218 1939 2264 nostro
1978 2225 2008 2262 a

420 2302 671 2371 passione
701 2302 770 2355 ad
810 2301 1281 2365 resurrectionem,
1336 2316 1367 2354 a
1402 2313 1577 2355 morte
1621 2302 1689 2356 ad
1724 2302 1916 2365 vitam,
1977 2318 2009 2357 a

420 2407 579 2463 poena
610 2394 676 2447 ad
703 2392 947 2464 gloriam,
995 2409 1027 2446 a
1075 2393 1421 2463 corruptione
1449 2394 1517 2447 ad
1551 2393 2010 2463 incorruptionem

423 2485 909 2555 transmigrabunt,
960 2493 1014 2540 et
1065 2485 1117 2538 in
1150 2484 1486 2539 Hierusalem
1514 2485 1721 2540 cmlesti
1771 2486 2012 2553 quando-

422 2594 526 2649 que
558 2579 844 2632 Dominum
875 2578 982 2633 lmti
1008 2579 1283 2644 videbunt,
1315 2580 1532 2648 quando
1562 2579 1708 2633 vitiis
1736 2576 2013 2633 derelictis

424 2670 487 2723 ad
519 2668 777 2723 virtutum
808 2668 1180 2723 celsitudinem
1211 2670 1543 2725 transierint.

494 2759 561 2813 Et
588 2776 679 2815 uos
706 2761 844 2815 vobis
875 2760 1250 2815 annuntiamus
1268 2777 1382 2815 eam
1399 2775 1513 2829 qua:
1530 2759 1598 2812 ad
1612 2770 1788 2829 patres
1808 2772 2010 2817 nostros

426 2852 759 2919 repromissio
788 2851 928 2920 facta
952 2861 1046 2915 est,
1070 2860 1173 2906 etc.
1200 2851 1429 2905 Abraba:
1456 2852 1599 2904 enim
1627 2851 1851 2918 dictum,
1881 2860 1965 2907 est
1992 2871 2005 2906 :

424 2941 492 2995 In
517 2950 565 2995 te
596 2942 962 2997 benedicentur
992 2943 1249 3013 universa;
1273 2944 1602 3012 cognationes
1631 2952 1803 2998 terrm.
1845 2942 2010 2999 Iacob

427 3043 605 3089 autem
629 3051 643 3086 :
671 3032 739 3087 Et
769 3034 1134 3089 benedicentur
1163 3036 1286 3089 inte
1312 3046 1361 3088 et
1390 3035 1443 3089 in
1473 3036 1667 3090 semine
1697 3046 1786 3089 tuo
1808 3046 2009 3091 cuncta:

428 3123 591 3177 tribus
646 3132 799 3177 terra:
872 3122 1023 3191 Quod
1063 3124 1352 3192 Apostolus
1397 3140 1673 3195 exponens
1721 3124 1796 3178 ait
1837 3146 1848 3179 :
1886 3125 2009 3179 Non

426 3214 561 3268 dixit
591 3214 644 3268 in
682 3213 984 3278 seminibus,
1012 3214 1101 3267 sed
1129 3217 1181 3268 in
1223 3216 1415 3269 semine
1446 3225 1556 3279 tuo,
1578 3218 1715 3286 quod
1754 3226 1826 3269 est
1857 3215 2010 3270 Chri-

426 3314 559 3360 stus.
592 3304 791 3361 Semen
820 3305 1035 3375 quidem
1067 3306 1298 3361 Abrabre
1331 3306 1580 3362 Christus
1619 3316 1723 3373 est,
1764 3310 1814 3362 in
1858 3308 2012 3377 cujus

429 3400 650 3453 nomine
679 3398 783 3453 ﬁde
806 3400 1059 3454 omnibus
1091 3409 1249 3455 terrae
1275 3401 1513 3466 familiis,
1539 3403 1788 3459 videlicet
1813 3403 2014 3460 Iudaeis

428 3498 482 3543 ct
520 3488 803 3556 Gentibus,
844 3498 928 3544 est
963 3492 1265 3547 benedictio
1295 3494 1640 3561 repromissa.
1674 3494 1815 3549 Idem
1849 3496 2015 3563 signi-

430 3580 553 3634 ficat
581 3580 731 3634 Dabo
757 3579 897 3633 vobis
925 3590 1107 3634 sancta
1136 3580 1315 3649 ﬁdelia
1358 3581 1551 3649 David,
1580 3582 1630 3636 id
1654 3591 1737 3637 est
1763 3600 2016 3652 quzecun-

429 3688 534 3743 que
561 3672 729 3727 David
752 3674 975 3742 promisi
1010 3715 1024 3740 ,
1050 3690 1111 3729 ea
1136 3675 1288 3729 vobis
1312 3674 1481 3731 ﬁdelis
1505 3691 1732 3744 sponsor
1762 3676 2011 3745 implebo,

431 3764 707 3820 Christum
746 3766 954 3821 scilicet
1000 3768 1065 3821 de
1119 3765 1235 3835 ejus
1293 3767 1463 3835 stirpe
1510 3768 1867 3831 nasciturum,
1923 3768 2014 3836 qui

431 3855 681 3910 omnibus
709 3856 763 3908 in
788 3869 845 3909 se
877 3855 1221 3911 credentibus
1250 3864 1304 3911 et
1346 3857 1601 3911 mandata
1628 3854 1744 3925 cjus
1782 3858 1885 3912 rite
1916 3872 2011 3911 cu-

430 3946 787 4000 stodientibus
811 3946 973 4000 vitam
1014 3947 1066 3999 in
1087 3946 1239 4002 cmlis
1268 3946 1510 4002 conferet
1539 3949 1937 4017 sempiternam.

931 4030 1279 4109 udmua
1338 4054 1511 4109 Vlll.

996 4140 1123 4177 ΙΤΕΜ
1154 4141 1324 4178 FEBle
1356 4142 1435 4179 111.

576 4213 758 4267 Lectio
801 4215 976 4267 sancti
1019 4214 1295 4284 Evangelii
1324 4217 1615 4270 secundum
1649 4216 1870 4271 Lucam.

505 4304 570 4358 In
599 4305 689 4358 illo
726 4314 973 4374 tempore,
1001 4306 1137 4358 stetit
1173 4305 1331 4359 Iesus
1357 4307 1410 4359 in
1440 4306 1608 4359 medio
1640 4306 2016 4376 discipulorum

432 4413 672 4462 suorum,
721 4405 770 4450 et
818 4396 949 4449 dixit
978 4397 1051 4450 eis
1083 4412 1101 4449 :
1135 4395 1270 4449 Pan
1300 4395 1439 4450 nobis
1466 4409 1484 4447 :
1515 4396 1627 4466 Ego
1665 4413 1804 4463 sum,
1857 4397 2016 4451 nolite

434 4490 638 4551 timere,
671 4496 775 4542 etc.

2113 2023 2311 2086 dimus,
2359 2022 2606 2091 spiritum
2640 2022 2805 2078 fuisse
2835 2024 3125 2087 credimus,
3159 2039 3379 2079 carnem
3428 2042 3535 2080 non
3577 2041 3700 2080 cre-

2113 2118 2323 2172 dimus?
2374 2118 2559 2172 Melior
2587 2128 2668 2173 est
2699 2119 2919 2186 spiritus
2946 2134 3105 2187 quam
3151 2134 3297 2174 caro.
3328 2119 3480 2183 Quod
3513 2120 3705 2175 melius

2112 2218 2197 2262 est
2230 2209 2524 2271 credimus,
2554 2209 2698 2277 quod
2723 2210 2959 2263 deterius
2985 2220 3068 2264 est
3093 2211 3317 2265 credere
3342 2212 3613 2265 nolumus.
3640 2212 3699 2266 Si

2114 2298 2245 2352 nihil
2281 2298 2406 2352 mali
2438 2308 2521 2353 est
2549 2299 2602 2352 in
2642 2298 2746 2353 isto
2776 2314 3050 2364 sermone,
3083 2300 3320 2355 dimittat
3346 2300 3503 2356 Jesus
3534 2302 3702 2357 disci-

2115 2392 2267 2463 pulos
2296 2408 2423 2447 suos
2450 2392 2502 2445 in
2552 2393 2654 2447 isto
2694 2407 2896 2447 errore.
2939 2393 3077 2459 Quid
3107 2393 3232 2446 mali
3274 2394 3620 2448 crediderunt
3649 2403 3707 2447 et

2114 2482 2403 2553 discipuli?
2430 2483 2703 2537 Christum
2728 2483 2974 2551 spiritum
3005 2483 3368 2537 crediderunt.
3404 2482 3519 2537 Non
3557 2482 3704 2537 enim

2113 2585 2436 2647 putaverunt
2466 2591 2586 2630 esse
2616 2575 2839 2635 nullum,
2874 2576 2968 2629 sed
2995 2574 3265 2644 spiritum.
3295 2575 3469 2629 Parvo
3509 2576 3704 2630 morbo

2115 2674 2169 2720 te
2194 2674 2349 2735 putas
2377 2664 2711 2734 periclitari?
2735 2664 2871 2716 Audi
2898 2665 3219 2718 sententiam
3243 2664 3456 2718 medici.

2187 2753 2256 2806 Et
2303 2753 2433 2807 dixit
2483 2755 2557 2806 eis
2587 2770 2604 2805 :
2644 2752 2781 2817 Quid
2816 2752 3029 2806 turbati
3074 2755 3216 2817 estis,
3265 2763 3313 2806 et
3362 2755 3705 2824 cogitationes

2115 2843 2400 2899 ascendunt
2448 2844 2502 2896 in
2538 2843 2697 2896 corda
2727 2852 2891 2896 vestra
2912 2843 2936 2896 ?
2960 2842 3157 2909 Quales
3188 2845 3372 2912 utique
3412 2843 3703 2913 cogitatio-

2114 2950 2232 2999 nes,
2263 2935 2367 2989 nisi
2409 2934 2577 2997 falsae,
2632 2934 2907 2997 morbida),
2964 2935 3322 3004 perniciosae"
3369 2934 3705 2988 Perdidisset

2113 3026 2254 3080 enim
2285 3024 2531 3079 Christus
2557 3023 2788 3078 fructum
2818 3025 3104 3093 passionis,
3152 3026 3197 3078 si
3234 3041 3343 3079 non
3384 3033 3531 3079 esset
3563 3026 3707 3079 veri-

2114 3125 2197 3170 tas
2227 3113 2662 3170 resurrectionis.
2694 3112 2832 3177 Quid
2864 3114 3058 3167 turbati
3096 3115 3241 3179 estis,
3274 3124 3321 3167 et
3362 3115 3705 3183 cogitationes

2115 3206 2401 3260 ascendunt
2453 3207 2507 3258 in
2534 3204 2693 3258 corda
2735 3216 2901 3258 vestra
2927 3206 2951 3258 Ρ
2976 3205 3255 3274 Tanquan.
3285 3207 3328 3260 si
3360 3207 3535 3260 bonus
3560 3206 3705 3276 agri-

2118 3296 2236 3352 cola
2263 3296 2467 3350 diceret
2500 3313 2510 3345 :
2552 3294 2705 3361 Quod
2752 3294 2823 3348 ibi
2871 3294 3130 3363 plantavi,
3164 3295 3233 3359 ibi
3268 3295 3561 3361 inveniam,
3590 3311 3704 3350 non

2120 3388 2303 3457 spinas
2336 3402 2469 3455 quas
2497 3401 2602 3439 non
2646 3384 2904 3454 plantavi.
2932 3386 2987 3439 ln
3017 3401 3113 3440 cor
3140 3395 3383 3440 vestrum
3422 3385 3701 3442 descendit

2119 3476 2251 3530 ﬁdes
2283 3477 2405 3544 quia
2442 3477 2673 3544 desuper
2700 3482 2815 3538 est;
2847 3475 3200 3544 cogitationes
3230 3484 3410 3530 autem
3442 3477 3561 3531 ista:
3590 3493 3701 3533 non

2118 3568 2348 3635 desuper
2374 3566 2789 3630 descenderunt,
2824 3565 2917 3620 sed
2940 3566 2993 3619 in
3030 3566 3145 3630 ipso
3171 3566 3333 3620 corde
3362 3567 3502 3622 sicut
3532 3568 3701 3623 herba

2120 3659 2260 3713 mala
2293 3660 2673 3714 ascenderunt.

2194 3769 2373 3823 Videte
2416 3785 2603 3822 manus
2646 3784 2785 3820 meas
2834 3778 2879 3821 et
2923 3767 3095 3837 pedes,
3140 3769 3263 3838 quia
3291 3768 3399 3837 ipse
3426 3784 3521 3838 ego
3548 3785 3702 3836 sum,

2116 3860 2323 3931 palpate
2347 3870 2392 3911 et
2418 3860 2604 3922 videte,
2627 3859 2751 3928 quia
2772 3858 2985 3927 spiritus
3019 3874 3223 3910 carnem
3254 3866 3299 3909 et
3337 3875 3454 3911 ossa
3482 3875 3585 3912 non
3612 3860 3705 3913 Ita-

2118 3950 2218 4013 bet,
2271 3950 2404 4001 sicut
2436 3964 2515 4001 me
2562 3948 2741 4001 ridetis
2782 3947 2989 4001 habere.
3036 3945 3508 4001 Resurrcctionem
3548 3963 3705 4001 suam

2122 4049 2321 4093 certam
2351 4046 2405 4092 et
2434 4053 2639 4099 veram,
2670 4045 2725 4091 et
2770 4036 2952 4090 multis
2991 4036 3154 4089 variis
3199 4036 3542 4091 documentis
3576 4052 3709 4106 per-

2121 4129 2347 4185 suadere
2377 4129 2627 4197 dignatus
2654 4135 2736 4181 est
2779 4135 2996 4195 pmptcr
3038 4124 3405 4179 aediﬁcandam
3453 4125 3615 4179 ﬁdem
3646 4134 3707 4179 et

2119 4219 2405 4289 fugandum
2436 4219 2500 4273 de
2530 4218 2691 4272 corde
2714 4216 3017 4285 perﬁdiam,
3050 4228 3374 4282 omnemque
3404 4214 3707 4267 dubitatio-

2118 4326 2242 4365 nem
2290 4311 2356 4363 de
2396 4324 2490 4362 sua
2534 4306 2930 4361 resurrectione
2980 4304 3290 4359 tollendam.
3350 4303 3547 4356 Parum
3600 4302 3708 4357 fuit

2118 4400 2287 4455 oculis
2314 4415 2371 4453 se
2399 4398 2686 4452 videndum
2716 4396 2974 4466 praabere,
3005 4396 3050 4449 si
3087 4410 3193 4448 non
3238 4395 3505 4461 praeberet
3534 4395 3706 4449 etiam

2126 4489 2366 4543 manibus
2413 4487 2880 4541 contrectandum.
2926 4484 3181 4550 Quidum
3219 4482 3483 4552 palpanda
3536 4484 3707 4537 disci-

507 4579 658 4633 Hanc
684 4581 1048 4633 ostensionem
1079 4579 1287 4633 Domini
1319 4589 1442 4648 post
1466 4580 1919 4633 resurrectionem
1956 4588 2012 4633 et
2044 4614 2089 4671 ο
2117 4578 2256 4647 pulis
2292 4593 2413 4631 ossa
2457 4591 2783 4645 carnemque
2821 4582 3200 4645 praemonstret
3236 4588 3263 4625 a
3310 4562 3481 4642 parte.
3500 4581 3706 4627 statum

434 4670 668 4725 Joannes
704 4677 1091 4725 commemorat
1137 4670 1321 4725 dicens
1365 4690 1376 4722 :
1418 4668 1549 4722 Cum
1592 4680 1722 4723 esset
1776 4686 1889 4723 sero
1930 4670 2013 4722 die

435 4761 527 4814 illo
562 4778 667 4813 una
690 4761 1047 4824 sabbatorum,
1079 4770 1126 4812 et
1156 4759 1292 4828 fores
1318 4770 1481 4813 essent
1510 4761 1705 4813 clausa?
1744 4760 1830 4811 ubi
1865 4768 2013 4812 erant

435 4850 679 4922 discipuli
726 4849 1022 4919 congregati
1060 4858 1270 4917 propter
1292 4857 1483 4901 metum
1521 4850 1853 4913 Judworum,
1882 4848 2014 4900 venit

433 4939 589 4995 Iesus
632 4951 689 4995 et
742 4940 880 4993 stetit
939 4939 995 4990 in
1032 4938 1225 5002 medio,
1281 4947 1328 4991 et
1359 4938 1490 4991 dixit
1525 4938 1599 4991 eis
1630 4954 1647 4990 :
1684 4934 1804 4991 Pax
1849 4936 2011 4991 vobis.

434 5030 575 5099 Quid
622 5030 819 5084 mirum
862 5030 905 5083 si
955 5029 1152 5083 clausis
1172 5029 1354 5099 januis
1402 5037 1526 5097 post
1567 5029 2013 5084 resurrectionem

437 5138 587 5177 suam
614 5122 667 5175 in
693 5131 953 5185 mternum
974 5121 1086 5190 jam
1116 5122 1355 5175 victurus
1384 5122 1627 5187 intravit,
1668 5123 1759 5189 qui
1781 5122 2010 5175 moritu—

437 5229 529 5266 rus
558 5212 781 5265 veniens
806 5226 911 5265 non
960 5219 1148 5279 aperto
1196 5222 1351 5265 utero
1378 5212 1603 5281 virginis
1632 5210 1837 5265 exivit?
1862 5210 2012 5276 Quod

435 5309 616 5355 autem
641 5300 771 5354 dicit
792 5298 1028 5353 Joannes
1053 5316 1158 5353 non
1183 5316 1305 5353 cum
1327 5300 1431 5354 illis
1454 5300 1621 5354 fuisse
1643 5309 1772 5354 tunc
1802 5308 2016 5369 aposto—

433 5390 546 5445 lum
575 5390 858 5454 Thomam,
885 5405 1007 5442 cum
1054 5389 1348 5443 secundum
1370 5389 1568 5444 Lucam
1609 5390 1716 5444 duo
1746 5390 1821 5444 illi
1874 5405 2012 5459 quo—

434 5498 555 5536 rum
585 5490 702 5535 erat
728 5497 865 5535 unus
893 5480 1159 5549 Cleopbas
1198 5483 1429 5549 regressi
1463 5481 1516 5533 in
1548 5480 1883 5535 Hierusalem
1922 5481 2007 5533 in-

434 5582 697 5627 venerunt
722 5583 1075 5642 congregatos
1109 5573 1381 5636 undecim,
1412 5580 1466 5627 et
1487 5588 1581 5628 eos
1611 5574 1701 5642 qui
1729 5589 1849 5627 cum
1881 5573 2011 5642 ipsis

430 5670 592 5717 erant
617 5660 806 5731 procul
832 5660 996 5715 dubio
1024 5662 1422 5733 intelligendum
1454 5664 1594 5731 quod
1625 5664 1747 5717 inde
1774 5664 2010 5717 Thomas

431 5753 629 5809 exierit
655 5761 942 5824 antequam
991 5754 1069 5809 eis
1104 5754 1362 5811 Dominus
1394 5756 1506 5809 lucc
1552 5756 1893 5824 loquentibus
1920 5770 2012 5823 ap-

435 5851 671 5916 pareret.

2118 4684 2259 4723 vera:
2284 4666 2699 4722 resurrectionis
2737 4682 2855 4735 quae
2882 4675 2936 4721 et
2988 4668 3041 4720 in
3084 4683 3142 4721 se
3173 4666 3315 4722 facta
3363 4677 3418 4722 et
3445 4669 3499 4721 in
3543 4669 3705 4723 nobis

2118 4768 2201 4814 est
2224 4758 2400 4813 futura
2442 4758 2731 4828 signiﬁcat,
2766 4758 2889 4827 quia
2914 4774 3043 4825 non,
3072 4758 3535 4828 siout'Eutycbius
3552 4758 3705 4813 Con-

2119 4848 2606 4917 stantinopolitanae
2651 4848 2802 4903 urbis
2874 4848 3160 4917 episcopus
3208 4849 3448 4917 scripsit,
3506 4864 3706 4917 corpus

2121 4948 2363 4994 nostrum
2388 4940 2439 4991 in
2465 4939 2551 4992 illa
2580 4940 2990 4994 resurrectionis
3014 4940 3182 5009 gloria
3203 4940 3307 4993 erit
3331 4940 3701 5009 impalpabile,

2125 5031 2303 5085 ventis
2350 5045 2583 5097 aereque
2617 5028 2886 5082 subtilius.
2914 5029 2973 5083 In
3008 5030 3095 5082 illa
3120 5031 3261 5083 enim
3288 5029 3705 5084 resurrectionis

2122 5120 2287 5190 gloria
2325 5119 2429 5173 erit
2458 5133 2653 5187 corpus
2684 5128 2926 5172 nostrum
2973 5119 3170 5173 subtile
3198 5119 3410 5185 quidem
3442 5133 3539 5187 per
3568 5117 3703 5173 eiic-

2123 5218 2267 5261 ctum
2289 5206 2546 5276 spiritalis
2572 5207 2841 5276 potentize,
2874 5207 2964 5260 sed
2995 5206 3257 5275 palpabile
3288 5220 3382 5273 per
3412 5205 3701 5259 veritatem

2122 5308 2347 5353 naturae.
2371 5299 2555 5369 Neque
2579 5300 2704 5353 huic
2726 5299 3009 5352 assertioni
3031 5308 3248 5367 putetur
3266 5297 3494 5365 apostoli
3519 5311 3701 5349 sermo

2122 5390 2439 5462 repugnare.
2492 5392 2626 5458 Quia
2679 5406 2800 5444 caro
2836 5399 2883 5443 et
2931 5390 3145 5459 sanguis
3189 5404 3402 5458 regnum
3453 5387 3551 5440 Dei
3590 5403 3701 5441 non

2112 5480 2461 5549 possidebunt.
2492 5481 2601 5534 Hoc
2626 5479 2768 5533 enim
2809 5478 2925 5532 loco
2957 5477 3241 5548 Apostolus
3273 5476 3451 5530 carnis
3485 5484 3541 5529 et
3568 5492 3699 5530 san—

2113 5571 2288 5640 guinis
2344 5571 2555 5624 nomine
2584 5587 2687 5624 non
2732 5571 3086 5623 substantiam
3133 5569 3244 5621 veri
3289 5568 3550 5636 corporis,
3595 5566 3698 5621 sed

2114 5662 2506 5730 corruptionem
2548 5661 2894 5714 mortalitatis
2920 5659 3202 5729 signiﬁcat.
3234 5658 3385 5712 Sicut
3414 5659 3529 5724 ipse
3559 5673 3699 5713 con-

2116 5762 2404 5821 sequenter
2438 5752 2686 5821 exposuit
2730 5752 2913 5805 dicens
2946 5770 2958 5803 :
2994 5751 3170 5820 Neque
3213 5750 3475 5817 corruprio
3520 5751 3702 5803 incor—

2119 5843 2367 5913 ruptelnm
2395 5842 2691 5912 possidebit.
2726 5841 2897 5895 Aliter
2921 5858 3150 5910 uanique
3178 5856 3302 5893 care
3329 5840 3378 5890 in
3412 5837 3700 5907 Scriptura
