3922 6354
127 370 225 428 HO

1232 366 1534 422 “011”.le
1578 367 1640 420 ΙΝ
1684 367 1932 423 EVANG.
1978 369 2064 421 ΕΤ
2104 369 2317 423 ΕΡΙΒὙ.

3296 375 3395 427 t:;u

122 506 276 547 sacra
324 490 492 560 juxta
549 500 820 553 naturam,
868 490 1019 543 aliter
1053 488 1225 556 juxta,
1252 488 1498 558 culpam;
1559 488 1713 543 aliter
1739 491 1789 549 Α
1819 486 2079 553 Quoniam
2130 490 2317 555 bonus,
2352 496 2597 560 quoniam
2642 494 2691 544 iu
2735 501 2985 545 a'tcruum
3038 493 3393 545 misericordia

119 580 269 651 juxta
293 582 715 649 corruptionem
745 578 1085 634 mortalitatis
1111 574 1229 646 quae
1263 592 1330 632 ex
1354 577 1507 647 culpa
1546 579 1717 632 conti-

122 676 197 744 git
239 673 577 743 appellatur.
608 672 771 727 Juxta
806 679 1052 724 naturam
1097 670 1309 737 quidem
1346 684 1468 723 eum
1514 671 1713 723 dictum

121 773 240 819 cst:
275 762 395 816 Hoc
427 780 577 817 nunc
627 779 685 817 os
713 779 776 816 ea:
803 761 1002 815 ossibus
1033 761 1178 827 meis,
1210 770 1257 815 et
1302 777 1425 814 caro
1453 761 1516 815 de
1560 777 1714 815 carne

124 872 255 919 mea,
284 866 332 907 et
366 848 609 909 verbum
640 872 762 909 caro
789 854 985 924 factum
1009 864 1101 919 est,
1125 865 1172 907 et
1199 853 1445 907 habitarit
1466 854 1521 907 in
1545 854 1709 908 nobis.

122 945 279 1000 Juxta
331 947 560 1017 culpam
617 961 746 1002 vero
789 962 911 1001 cum
945 946 1159 1010 dicitur,
1216 943 1352 999 Caro
1398 945 1712 1014 concupiscit

122 1036 370 1090 adversus
417 1038 693 1107 spiritum,
737 1038 949 1106 spiritus
1004 1035 1248 1088 adversus
1284 1050 1529 1099 carnem;
1558 1033 1710 1102 juxta

121 1128 646 1197 corruptibilitatem
684 1136 863 1182 autem
908 1142 1031 1181 cum
1069 1126 1328 1195 scriptum
1356 1134 1474 1181 est:
1506 1126 1577 1179 Et
1602 1144 1708 1180 me-

121 1229 306 1271 morati
330 1227 457 1272 sunt
486 1220 617 1291 quia
644 1235 769 1273 caro
812 1226 953 1284 sunt,
984 1217 1037 1271 id
1086 1225 1168 1271 est
1195 1215 1414 1287 fragiles
1452 1225 1507 1271 ct
1548 1218 1712 1271 mori-

120 1310 299 1365 bundi.
335 1309 457 1365 Hoc
492 1311 641 1366 enim
672 1325 728 1365 se
748 1310 929 1365 carnis
952 1309 1170 1364 nomine
1196 1308 1509 1379 designasse
1542 1308 1707 1361 mani-

118 1404 278 1458 festat
321 1405 443 1475 ipse
488 1405 768 1474 psalmista
815 1403 908 1473 qui
946 1403 1189 1471 protinus
1236 1402 1385 1456 addit
1427 1419 1439 1455 :
1481 1400 1708 1471 Spiritus

119 1493 307 1547 eadem
344 1505 392 1547 et
442 1512 553 1548 non
581 1494 804 1547 rediens.
838 1492 1081 1563 Regnum
1122 1492 1304 1561 itaque
1332 1490 1424 1545 Dei
1451 1505 1576 1544 caro
1603 1504 1707 1544 non

116 1583 435 1652 possidebit,
481 1584 538 1639 id
579 1590 684 1647 est,
727 1580 1026 1649 carojuxta
1055 1581 1265 1649 culpam
1292 1580 1378 1634 vel
1414 1579 1707 1634 mortalita-

120 1682 244 1727 tem.
297 1674 367 1728 Et
397 1684 587 1727 tamen
611 1689 739 1729 caro
766 1673 1059 1742 possidebit
1100 1687 1321 1742 regnum
1354 1670 1472 1735 Dei,
1507 1671 1558 1724 id
1601 1678 1704 1737 est,

117 1782 243 1821 caro
280 1767 445 1837 juxta
495 1776 746 1820 naturam
778 1780 938 1833 quam
988 1773 1041 1819 et
1091 1763 1348 1817 Dominus
1374 1771 1491 1832 post
1523 1778 1703 1817 resur-

1816 580 1952 649 ejus.
2006 580 2289 636 Postremo
2340 592 2396 636 ut
2439 584 2599 638 etiam
2635 582 2852 651 perﬁdis
2897 582 2948 635 in
2998 580 3201 650 judicio
3232 597 3393 651 quam

1810 674 1956 743 juste
2010 673 2332 728 damnentur
2379 683 2592 728 ostensa
2643 676 2781 729 inter
2828 674 2953 739 alia,
3005 672 3199 745 flagitia
3230 674 3391 730 etiam

1816 764 2091 819 vulnerum
2132 780 2249 834 quae
2296 766 2364 820 ab
2410 766 2474 820 iis
2517 766 2752 835 suscepit
2807 765 3061 821 cicatrice
3091 765 3386 820 denuntiet.

1820 856 1994 913 Veluti
2026 858 2069 911 si
2103 857 2255 912 miles
2283 857 2478 926 aliquis
2506 855 2850 920 fortissimus,
2878 857 3101 928 jubente
3146 872 3243 910 suo
3267 872 3391 928 rege

1816 964 1912 1020 pro
1945 949 2107 1004 totius
2154 949 2328 1019 gentis
2357 948 2549 1011 salute,
2602 947 2859 1018 singulari
2910 947 3207 1001 certamine
3234 946 3391 1001 desu-

1813 1038 1966 1103 dans,
1996 1037 2177 1092 multis
2217 1038 2432 1106 quidem
2457 1037 2766 1091 vulneribus
2789 1037 3048 1106 exceptis,
3071 1038 3283 1091 hostem
3312 1044 3389 1089 ta-

1813 1144 1934 1183 men
1966 1128 2269 1193 interﬁciat,
2311 1128 2478 1197 spolia
2508 1127 2624 1197 ejus
2674 1127 2911 1195 diripiat,
2947 1127 3226 1181 victoriam
3280 1143 3388 1181 sum

1811 1223 1955 1291 genti
1985 1230 2240 1291 reportet,
2265 1230 2320 1275 et
2340 1222 2701 1291 interrogatus
2728 1235 2757 1273 a
2782 1220 2989 1273 medico
3009 1219 3093 1273 cui
3118 1220 3388 1273 curandus

1811 1312 2179 1375 committitur,
2231 1312 2372 1365 hanc
2412 1310 2540 1364 velit
2567 1311 2745 1363 curari
2782 1320 2841 1364 ut
2885 1326 2983 1364 nec
3012 1309 3235 1381 vestigia
3267 1311 3384 1363 vul-

1809 1418 1999 1457 nerum
2052 1402 2159 1456 ulla
2212 1402 2505 1467 resideant,
2556 1416 2624 1455 an
2681 1402 2851 1471 magis
2896 1402 2970 1454 ita
3006 1409 3064 1455 ut
3106 1402 3387 1456 cicatrices

1809 1493 2022 1562 quidem
2052 1472 2388 1556 remaneant,
2440 1490 2751 1545 deformitas
2791 1506 2917 1543 vero
2947 1506 3167 1560 prorsus
3211 1490 3387 1545 omnis

1809 1596 1862 1640 et
1885 1583 2097 1640 foeditas
2120 1586 2279 1649 absit,
2308 1584 2630 1654 respondeat
2656 1583 2849 1652 saepius
2873 1584 2942 1636 ita
2964 1598 3022 1637 se
3051 1583 3183 1635 velle
3207 1583 3385 1637 sanari

1808 1685 1866 1729 ut
1892 1683 2007 1730 toto
2042 1675 2230 1731 salutis
2279 1676 2596 1744 decorisque
2627 1675 2840 1745 pristini
2873 1683 3013 1729 statu
3048 1684 3383 1744 recuperato,

1807 1774 2061 1835 perpetua
2108 1782 2289 1821 secum
2325 1766 2460 1819 tanti
2504 1764 2854 1819 circumferat
2895 1764 3043 1835 signa
3074 1765 3327 1833 triumphi
3370 1783 3381 1816 :

118 1858 416 1911 rectionem
469 1857 759 1912 videndam
787 1856 1213 1925 palpandamque
1241 1853 1514 1923 discipulis
1556 1854 1705 1907 exhi-
1734 1850 1779 1907 B
1808 1857 1886 1911 sic
1914 1855 2155 1925 profecto
2188 1857 2445 1910 Dominus
2494 1856 2731 1926 perpetis
2770 1856 2840 1911 ob
2888 1856 3097 1935 signum
3147 1856 3385 1910 victoriae

118 1947 249 2001 buit.
280 1946 348 2001 Et
398 1947 471 2002 de
521 1962 627 2016 qua
654 1947 842 2000 beatus
882 1943 1001 2009 Job,
1036 1960 1157 1999 eum
1201 1943 1427 2014 gloriam
1469 1958 1710 1998 resurre-

118 2035 309 2090 ctionis
339 2035 704 2100 describeret,
728 2036 803 2088 ait
832 2053 843 2087 :
875 2035 940 2088 Et
962 2052 1167 2088 rursum
1193 2033 1556 2088 circumdabor
1578 2035 1709 2104 pelle

118 2141 249 2187 mea,
280 2135 329 2179 et
362 2126 418 2178 in
466 2142 629 2178 carne
669 2142 783 2179 mea
813 2125 991 2179 ridebo
1021 2125 1209 2178 Deum.
1244 2124 1384 2194 Lege
1426 2124 1705 2193 epistolam

116 2214 283 2269 sancti
318 2216 615 2286 Augustini
638 2215 702 2268 ad
733 2214 1100 2279 Consentium,
1140 2215 1206 2269 de
1234 2230 1463 2285 corpore
1493 2215 1703 2269 Domini

119 2313 236 2374 post
262 2305 748 2358 resurrectionem.

191 2401 257 2454 Et
288 2418 413 2453 cum
460 2400 563 2454 hoc
592 2400 825 2463 dixisset,
856 2401 1080 2453 ostendit
1117 2400 1188 2453 eis
1236 2416 1421 2453 manus
1454 2410 1501 2453 et
1530 2400 1702 2469 pedes,

120 2506 223 2546 non
244 2491 421 2547 solum
462 2506 658 2545 manus
687 2498 740 2546 et
766 2491 931 2559 pedes
977 2490 1170 2558 quibus
1212 2489 1381 2543 indita
1430 2490 1704 2545 clavorum

120 2582 365 2639 claruese
396 2582 655 2653 vestigia,
693 2582 784 2635 sed
814 2587 1105 2637 attestante
1129 2578 1355 2644 Joanne,
1379 2579 1541 2633 etiam
1564 2578 1703 2633 latus

118 2674 259 2743 quod
284 2674 476 2727 lancea
505 2671 837 2742 perforatum
861 2670 1037 2725 fuerat
1057 2669 1291 2725 ostendit
1317 2687 1329 2722 :
1354 2678 1413 2724 ut
1434 2669 1696 2735 videlicet,

120 2772 333 2816 ostensa
366 2764 658 2817 vulnerum
686 2777 904 2817 suorum
929 2762 1199 2827 cicatrice,
1224 2762 1513 2815 dubietatis
1542 2768 1699 2830 atque

123 2854 457 2908 infidelitatis
483 2869 673 2908 eorum
702 2853 895 2907 vulnus
928 2863 1162 2907 sanaret.
1196 2852 1395 2907 Verum
1436 2854 1700 2922 quomodo

122 2954 237 3013 post
265 2945 729 2999 resurrectionem
777 2944 1051 2998 clavorum
1077 2944 1160 2998 vel
1190 2943 1390 2997 lanceae
1425 2942 1541 2996 loca
1568 2957 1701 3011 pan-

123 3034 292 3089 dendo
314 3034 712 3104 discipulorum
741 3033 990 3104 dignatus
1010 3042 1112 3098 est,
1147 3034 1305 3088 ﬁdem
1329 3046 1585 3103 spemque
1616 3048 1700 3085 ro-

122 3121 333 3188 borare,
367 3124 447 3178 ita
477 3126 533 3177 in
557 3124 645 3178 die
661 3124 869 3193 judicii,
897 3131 952 3177 et
972 3124 1157 3177 eadem
1180 3138 1289 3177 suae
1323 3123 1588 3192 passionis
1614 3123 1697 3174 in-

1808 1964 1912 2002 non
1950 1957 2170 2017 excepta
2204 1963 2301 2017 pro
2340 1948 2495 2001 nobis
2530 1958 2750 2000 vulnera
2798 1947 3083 2016 passionis,
3123 1948 3216 2001 sed
3247 1947 3383 2015 ipso-

1807 2055 1923 2092 rum
1978 2038 2259 2093 cicatrices
2290 2038 2429 2092 cmlo
2462 2036 2671 2093 inferre
2700 2053 2861 2106 quam
2913 2036 3126 2090 abolere
3176 2037 3377 2091 maluit.

1806 2130 1914 2185 Nec
1946 2140 2121 2185 tamen
2145 2146 2207 2184 ex
2238 2131 2321 2185 his
2354 2129 2627 2200 quidpiam
2659 2129 2778 2183 fidei
2812 2138 3007 2184 nostra:
3038 2129 3384 2183 resurrectio—

1803 2220 1886 2274 nis
1914 2219 2245 2290 prarjudicat,
2281 2220 2346 2273 de
2380 2234 2486 2288 qua
2534 2220 2712 2273 veraci
2763 2221 3120 2289 promissione
3145 2220 3384 2289 pra-dici—

1805 2318 1890 2362 tur
1930 2324 1943 2361 :
1977 2308 2044 2361 Et
2084 2308 2303 2379 capillus
2338 2309 2401 2361 de
2432 2309 2598 2378 capite
2631 2318 2794 2361 vestro
2826 2324 2927 2360 non
2954 2308 3155 2377 peribit.
3191 2308 3382 2361 Adhuc

1803 2412 1979 2457 autem
2031 2418 2135 2457 non
2186 2402 2527 2457 credentibus
2574 2410 2629 2455 et
2662 2401 2978 2456 mirantibus
3031 2416 3139 2470 [me
3186 2400 3381 2470 gaudio

1802 2494 1935 2550 dixit
1958 2508 1973 2547 :

1874 2582 2090 2636 Habetis
2133 2582 2216 2635 hic
2268 2582 2468 2651 aliquid
2512 2580 2652 2651 quod
2694 2579 3078 2634 manducetur?
3114 2578 3197 2633 Ad
3254 2578 3381 2633 insi-

1800 2674 2069 2729 nuandam
2110 2672 2522 2728 resurrectionis
2556 2687 2666 2725 sua:
2701 2671 3006 2733 veritatem,
3052 2685 3158 2724 non
3203 2670 3374 2725 solum

1799 2765 1947 2836 tangi
1970 2780 1999 2817 a
2020 2764 2315 2832 discipulis,
2338 2763 2431 2817 sed
2450 2763 2615 2816 etiam
2647 2761 2897 2816 convesei
2920 2776 3039 2815 cum
3066 2760 3169 2813 illis
3190 2761 3377 2829 digna-

1802 2866 1904 2908 tur.
1929 2853 2044 2907 Non
2070 2854 2284 2922 quidem
2315 2854 2469 2921 quasi
2516 2859 2636 2921 post
2663 2851 3114 2906 resurrectionem
3147 2851 3265 2905 cibo
3294 2851 3376 2903 in-

1800 2944 2000 3015 digens,
2052 2959 2149 2999 nec
2193 2944 2344 3012 quasi
2373 2959 2471 2997 nos
2519 2943 2572 2996 in
2618 2940 3009 2996 resurrectione
3053 2941 3188 2994 cibis
3214 2956 3374 3011 egere

1798 3032 2129 3103 signiﬁcans,
2163 3034 2253 3086 sed
2288 3041 2344 3085 ut
2369 3047 2433 3086 eo
2468 3032 2626 3085 modo
2654 3040 2902 3085 naturam
2935 3032 3179 3099 corporis
3200 3047 3378 3086 resur-

1798 3123 1972 3192 gentis
2020 3132 2307 3186 astrueret,
2364 3138 2430 3176 ne
2462 3121 2588 3176 illud
2619 3137 2723 3176 non
2774 3137 2971 3191 corpus
3007 3121 3099 3175 sed
3126 3122 3373 3190 spiritum

124 3214 280 3279 (licia,
304 3224 360 3270 et
382 3216 560 3284 ipsam
581 3215 786 3285 pariter
812 3229 1028 3269 crucem
1065 3215 1413 3267 monstrando
1440 3222 1695 3267 venturus
1723 3200 1766 3261 (ἶ
1800 3230 1918 3269 esse
1961 3214 2373 3276 arbitrarentur,
2417 3222 2473 3267 et
2493 3212 2594 3267 sibi
2623 3228 2727 3265 non
2759 3212 2927 3266 solide
2956 3212 3049 3265 sed
3077 3211 3375 3281 imaginali-

126 3314 202 3359 est
240 3305 579 3375 impietatem
633 3304 985 3374 superborum
1040 3303 1515 3374 in‘ﬁdelitatemque
1569 3320 1698 3359 con-

128 3395 344 3452 fundere
381 3415 396 3451 :
424 3398 642 3471 scilicet
670 3405 725 3451 et
754 3404 813 3450 ut
844 3396 1017 3465 ipsum
1067 3411 1124 3450 se
1154 3411 1273 3450 esse
1303 3398 1394 3465 qui
1423 3399 1491 3451 ab
1523 3398 1700 3467 impiis

125 3494 177 3541 et
201 3502 301 3557 pro
330 3488 520 3557 impiis
548 3496 793 3542 mortuus
826 3498 909 3541 est
951 3489 1157 3543 cunctis
1194 3489 1367 3558 palam
1416 3489 1616 3559 angelis
1646 3497 1701 3543 et

127 3576 431 3634 hominibus
482 3580 753 3643 ostendat,
802 3576 1127 3649 videantque
1176 3592 1236 3634 ut
1270 3581 1527 3650 scriptum
1567 3589 1693 3635 est:

127 3664 189 3722 In
212 3685 361 3739 quem
390 3679 745 3739 pupugerunt,
768 3680 815 3724 et
843 3671 1092 3741 plangant
1118 3688 1171 3724 se
1203 3688 1357 3741 super
1383 3688 1498 3725 eum
1526 3689 1699 3725 omnes

129 3757 282 3809 tribus
311 3768 489 3811 terra’.
520 3757 664 3813 Sane
689 3760 979 3812 notandum
1008 3758 1147 3827 quod
1169 3759 1341 3813 solent
1370 3760 1422 3813 in
1450 3761 1552 3813 hoc
1580 3760 1695 3813 loco

128 3846 341 3913 gentiles
369 3846 699 3901 calumniam
729 3856 939 3902 struere
966 3856 1021 3902 et
1048 3849 1205 3903 ﬁdem
1234 3855 1463 3918 sperata:
1485 3851 1518 3901 'a
1543 3850 1694 3903 nobis

130 3936 542 3990 resurrectionis
593 3936 756 3990 stulta
786 3937 1103 4007 garrulitate
1154 3938 1418 3993 deridere.
1465 3936 1522 3992 Si
1554 3939 1696 3992 enim

131 4020 397 4090 ipseDens
424 4034 628 4089 vester,
653 4024 919 4092 inquiunt,
950 4039 1049 4078 nec
1085 4023 1185 4078 sibi
1218 4022 1414 4078 inﬂicta
1445 4041 1475 4078 a
1502 4023 1700 4078 Judzeis

133 4114 340 4169 vulnera
390 4131 591 4170 curare
632 4114 933 4184 praevaluit,
964 4116 1058 4169 sed
1113 4115 1423 4169 cicatricum
1471 4117 1696 4186 vestigia

132 4202 259 4256 coelo
301 4219 518 4268 secum,
565 4214 625 4257 ut
652 4205 849 4268 dicitis,
882 4205 1099 4268 invexit,
1133 4220 1236 4273 qua
1270 4205 1569 4260 temeritate
1598 4220 1697 4275 pu-

133 4295 250 4348 tatis
270 4310 393 4349 eum
417 4303 603 4351 vestra
623 4294 689 4348 de
709 4294 925 4364 pulvere
950 4295 1187 4348 membra
1210 4295 1276 4349 ad
1299 4295 1559 4365 integrum
1582 4309 1700 4349 esse

134 4389 591 4442 restauratumm?
613 4386 818 4453 Quibus
839 4386 1289 4454 respondendum,
1305 4386 1427 4454 quia
1445 4386 1699 4440 Dominus

135 4487 325 4541 uester,
340 4478 435 4547 qui
456 4492 611 4531 suam
628 4482 883 4546 perpetua
893 4474 1007 4542 jam
1019 4474 1419 4529 immortalitate
1434 4474 1699 4544 gloriﬁca-

1802 3313 1882 3358 ter
1905 3318 2188 3373 apparere,
2220 3302 2564 3357 manducavit
2593 3310 2859 3372 potestate
2889 3316 2994 3355 non
3030 3304 3372 3356 necessitate.

1797 3394 1965 3447 Aliter
1993 3395 2135 3448 enim
2163 3394 2414 3447 absorbet
2442 3408 2634 3461 aquam
2663 3400 2803 3445 terra
2835 3392 3041 3455 sitiens,
3072 3391 3229 3445 aliter
3248 3391 3375 3446 solis

1798 3488 1978 3541 radius
2011 3487 2278 3549 candens;
2314 3485 2400 3537 illa
2432 3484 2745 3552 indigentia,
2777 3484 2875 3538 iste
2896 3482 3153 3552 potentia.

1866 3577 1929 3628 At
1948 3576 2026 3629 illi
2053 3575 2349 3629 obtulerunt
2377 3575 2422 3627 ei
2437 3584 2635 3644 partem
2662 3574 2817 3643 piscis
2840 3574 2947 3627 assi
2969 3583 3014 3626 et
3045 3572 3220 3642 favum
3244 3572 3343 3625 mel

1798 3669 1895 3729 lis;
1926 3680 1971 3721 et
1996 3686 2110 3721 cum
2150 3667 2514 3721 manducasset
2545 3682 2719 3719 coram
2764 3666 2859 3731 eis,
2888 3681 3093 3719 sumens
3126 3664 3373 3732 reliquias

1799 3758 1938 3809 dedit
1979 3758 2071 3810 eis.
2104 3756 2241 3823 Quid
2270 3754 2576 3826 signiﬁcare
2617 3754 2886 3808 credimus
2913 3753 3115 3822 piscem
3156 3750 3375 3806 assum?

1798 3848 1899 3901 nisi
1949 3847 2120 3916 ipsum
2168 3846 2519 3900 mediatorem
2555 3844 2646 3897 Dei
2692 3851 2747 3896 et
2798 3843 3072 3896 hominum
3128 3854 3371 3910 passum.

1797 3937 1912 4005 ipse
1938 3937 2079 3990 enim
2112 3935 2279 3989 latere
2333 3936 2584 4005 dignatus
2624 3941 2707 3986 est
2756 3935 2809 3987 in
2839 3933 2992 4000 aquis
3021 3933 3234 4002 generis
3272 3932 3373 3984 hu-

1801 4026 1964 4089 mani,
1996 4024 2114 4093 capi
2145 4024 2309 4077 voluit
2332 4023 2522 4091 laqueo
2551 4022 2741 4075 mortis
2762 4030 2980 4085 nostrae,
3011 4030 3063 4073 et
3088 4019 3243 4089 quasi
3272 4019 3371 4074 tri-

1796 4116 2073 4170 bulatione
2094 4124 2305 4168 assatus
2328 4122 2409 4167 est
2438 4123 2677 4181 tempore
2703 4110 2968 4181 passionis
2990 4124 3118 4164 suae.
3144 4108 3247 4162 Sed
3278 4109 3373 4177 qui

1799 4209 1962 4278 piscis
1990 4216 2044 4262 et
2073 4221 2225 4260 assus
2274 4204 2388 4259 ﬁeri
2421 4205 2670 4274 dignatus
2714 4211 2797 4257 est
2824 4202 2879 4255 in
2920 4201 3191 4271 passione,
3218 4198 3371 4251 favus

1800 4297 1973 4350 mellis
2033 4295 2185 4349 nobis
2242 4294 2451 4348 exstitit
2497 4293 2551 4346 in
2604 4291 3025 4354 resurrectione;
3073 4300 3126 4346 et
3168 4288 3261 4355 qui
3318 4287 3372 4339 in

1798 4387 1944 4455 pisce
1968 4401 2087 4439 asse
2109 4384 2325 4454 ﬁgurari
2360 4382 2525 4437 voluit
2552 4380 2954 4435 tribulationem
2973 4376 3238 4448 passionis
3262 4391 3373 4430 suae

1805 4480 1856 4531 in
1884 4478 2005 4531 favo
2033 4477 2205 4531 mellis
2245 4486 2530 4545 utramque
2574 4482 2824 4527 naturam
2862 4472 3163 4540 exprimere
3204 4469 3373 4522 voluit

134 4572 235 4618 tam
258 4567 323 4620 de
348 4566 601 4636 sepulcro
627 4580 846 4619 carnem
875 4564 1195 4619 resuscitare
1219 4564 1431 4632 quando
1451 4562 1633 4627 voluit,
1649 4569 1704 4616 et
1727 4536 1779 4593 D
1810 4582 2051 4634 persona}
2097 4583 2208 4620 suae
2258 4585 2269 4619 :
2306 4565 2459 4619 favus
2487 4565 2685 4635 quippe
2716 4563 2819 4618 mel
2851 4563 2902 4615 in
2950 4576 3073 4615 cera
3102 4568 3222 4625 est;
3263 4559 3370 4615 tnel

134 4657 392 4722 quomodo
410 4655 581 4709 voluit
596 4656 785 4724 potuit,
805 4654 967 4709 etiam
982 4653 1191 4722 qualem
1218 4653 1385 4707 voluit
1406 4652 1699 4706 suscitavit.

134 4741 307 4813 Neque
326 4746 475 4799 enim
493 4760 832 4813 consequens
855 4752 939 4799 est
958 4743 1121 4811 utqui
1148 4744 1351 4812 majora
1364 4741 1556 4796 fecisse
1580 4756 1702 4810 pro-

135 4832 301 4898 batur,
323 4834 537 4887 minora
570 4831 746 4886 facere
766 4832 1094 4901 nequiverit;
1125 4831 1219 4885 sed
1251 4838 1397 4884 certe
1416 4828 1695 4898 dispensa-

140 4922 289 4977 tionis
309 4924 487 4993 gratia
513 4923 603 4992 qui
628 4922 801 4988 majus
830 4921 955 4975 fecit
975 4922 1150 4975 minus
1170 4919 1349 4974 facere
1374 4920 1694 4990 supersedit,

140 5010 234 5067 hoc
276 5022 358 5067 est
405 5015 503 5083 qui
556 5014 745 5067 mortis
782 5030 943 5083 regna
996 5016 1261 5070 destruxit
1310 5015 1459 5085 signa
1509 5015 1698 5068 mortis

140 5103 437 5159 oblitteram
480 5104 671 5158 noluit.
700 5103 877 5157 Primo
904 5105 1150 5159 videlicet
1176 5114 1233 5158 ut
1260 5119 1356 5174 per
1383 5106 1497 5159 haec
1542 5105 1699 5158 disci-

142 5192 267 5262 pulis
310 5192 474 5247 ﬁdem
520 5208 631 5246 sua:
666 5194 1072 5249 resurrectionis
1098 5202 1391 5258 astrueret;
1423 5194 1613 5247 deinde
1642 5202 1701 5247 ut

145 5281 275 5335 [Euri
302 5298 399 5351 pro
442 5283 603 5337 nobis
647 5283 965 5351 supplicans,
993 5283 1149 5352 quale
1192 5298 1361 5353 genus
1386 5283 1573 5338 mortis
1598 5299 1696 5353 pro

147 5372 433 5425 mortalium
460 5373 571 5425 vita
614 5373 892 5439 pertulerit
918 5386 1130 5441 semper
1151 5374 1425 5437 ostendat;
1457 5376 1613 5427 tertio
1639 5383 1696 5427 ut

146 5472 231 5510 sua
260 5472 426 5514 morte
453 5462 748 5530 redemptis
772 5478 929 5530 quam
956 5463 1371 5517 misericorditer
1396 5465 1503 5517 sint
1529 5464 1694 5532 adjuti

144 5552 417 5619 propositis
453 5567 675 5620 semper
711 5550 944 5619 ejusdem
990 5552 1177 5606 mortis
1206 5553 1423 5607 innovet
1462 5554 1690 5617 indiciis,

149 5635 357 5708 uiciniae
395 5640 800 5695 misericordias
835 5642 1046 5695 Domini
1083 5641 1134 5693 iu
1181 5648 1437 5695 internum
1479 5649 1695 5696 cantare

147 5738 243 5781 tum
261 5740 491 5798 mssent,
517 5731 617 5787 sed
639 5732 814 5786 dicant
838 5734 925 5801 qui
951 5732 1203 5800 redempti
1228 5741 1352 5785 sunt
1377 5748 1403 5785 a
1435 5732 1690 5787 Domino:

1806 4672 1932 4711 vero
1964 4659 2017 4710 in
2047 4672 2169 4711 cera
2200 4663 2282 4711 est
2307 4656 2556 4710 divinitas
2583 4656 2640 4708 in
2665 4653 3019 4709 humanitate.
3067 4650 3158 4705 Sic
3189 4662 3369 4707 autem

1803 4760 1897 4799 sua
1925 4744 2255 4814 Redemptor
2283 4744 2481 4798 indicat
2504 4752 2565 4796 ut
2585 4742 2899 4797 imitationis
2927 4743 3067 4796 viam
3108 4742 3260 4797 nuhis
3286 4758 3370 4797 se-

1801 4834 2088 4902 quentibus
2126 4842 2351 4887 sternat.
2393 4832 2533 4886 Ecce
2556 4832 2702 4886 enim
2743 4832 2796 4885 in
2820 4833 2940 4888 cibo
2967 4848 3062 4887 suo
3085 4833 3216 4900 pisci
3246 4847 3370 4887 asse

1799 4923 2120 4991 conjungere
2155 4923 2333 4977 favum
2368 4923 2552 4986 voluit,
2584 4922 2707 4992 quia
2751 4923 3001 4977 videlicet
3030 4922 3145 4976 illos
3174 4922 3226 4975 in
3270 4937 3367 4978 suo

1802 5029 2026 5082 corpore
2050 5014 2115 5067 ad
2140 5020 2396 5067 aeternam
2425 5014 2658 5081 quietem
2702 5014 2947 5081 suscipit,
2989 5014 3079 5081 qui
3120 5028 3240 5067 cum
3277 5014 3365 5067 hic

1802 5103 2170 5157 tribulationes
2194 5117 2292 5170 pro
2313 5102 2421 5155 Deo
2450 5102 2690 5155 sentiunt
2717 5102 2784 5156 ab
2806 5116 2987 5155 amore
3013 5102 3234 5155 internae
3254 5101 3369 5155 dul-

1798 5193 2002 5248 cedinis
2028 5206 2131 5244 non
2156 5192 2428 5245 recedunt.
2454 5193 2585 5245 Cum
2617 5207 2740 5247 asse
2771 5192 2916 5260 pisce
2942 5190 3094 5245 favus
3114 5192 3365 5257 sumitur,

1798 5282 1921 5352 quia
1947 5281 2036 5350 qui
2063 5281 2149 5335 hic
2166 5280 2509 5335 alilictionem
2530 5297 2628 5351 pro
2656 5282 2886 5337 veritate
2914 5282 3236 5351 suscipiunt,
3260 5282 3367 5337 illic

1800 5373 2077 5425 dulcedine
2108 5387 2233 5426 vera
2270 5374 2550 5428 satiantur.

1870 5462 1935 5516 Et
1974 5464 2107 5517 dixit
2153 5466 2221 5518 ad
2270 5466 2385 5519 illos
2414 5483 2431 5519 :
2462 5466 2592 5520 tltec
2641 5477 2760 5521 sunt
2795 5471 2949 5521 verba
2999 5483 3115 5527 qua!
3164 5467 3366 5523 loculus

1798 5569 1913 5606 sum
1963 5554 2031 5605 ad
2058 5572 2142 5607 vos
2188 5572 2303 5608 cum
2331 5558 2500 5610 adhuc
2524 5574 2685 5611 essent
2719 5560 2996 5622 vobiscum,
3036 5559 3087 5611 id
3112 5570 3211 5623 est,
3243 5575 3363 5614 Ctlltl

1799 5642 1973 5695 adhuc
2014 5657 2185 5696 essem
2233 5645 2287 5698 in
2334 5660 2495 5699 carne
2523 5646 2756 5712 mortali,
2790 5648 2841 5700 in
2874 5662 2981 5716 qua
3018 5649 3145 5702 estis
3170 5659 3223 5703 ct
3249 5666 3361 5703 vos.

1800 5733 1947 5788 'l‘unc
1987 5734 2130 5788 enim
2160 5735 2211 5788 in
2257 5737 2442 5792 eadem
2472 5753 2657 5808 carne,
2686 5740 2778 5795 sed
2806 5739 2989 5794 illis‘in
3015 5742 3198 5796 eadem
3227 5756 3366 5795 mur-
