3922 6344
476 339 572 397 εει

1121 334 1180 386 Β.
1223 331 1476 388 RABANI
1517 331 1737 386 MAURI
1777 329 2094 386 ARCHIEP.
2137 331 2448 391 MOGUNT.
2484 332 2771 390 OPERUM
2809 333 2990 388 PARS
3025 332 3084 387 ll.

3659 340 3764 394 15:2

469 458 684 512 mirare
722 468 826 507 non
871 459 1008 505 erat.
1042 449 1258 503 Etcum
1294 445 1398 501 illis
1425 444 1664 515 quidem,
1713 451 2067 515 posteaquam
2098 449 2146 505 Α
2169 441 2400 512 jactare,
2431 443 2522 497 sed
2550 443 2733 498 animo
2762 442 2941 497 stabili
2977 441 3140 496 deﬁxi
3169 451 3224 497 ct
3251 442 3554 498 cmlestium
3584 462 3776 504 rerum

468 547 726 613 surrexit,
752 543 852 599 fuit
887 543 1246 614 quadraginta
1291 539 1482 594 diebus
1507 538 1843 593 exhibitione
1869 550 2065 605 corpo-

466 641 597 697 ralis
642 636 967 711 prtescntize,
1021 632 1115 689 sed
1158 647 1263 686 non
1318 647 1441 686 cum
1479 631 1585 685 illis
1637 628 1737 684 fuit
1789 627 2066 684 consortio

468 729 803 786 inﬁrmitatis
834 727 1105 782 humanae.

540 818 814 889 Quomodo
853 833 1060 871 necesse
1098 825 1170 869 est
1225 813 1430 883 impleri
1479 814 1681 876 omnia,
1711 827 1829 882 quia
1867 810 2064 880 scripta

465 923 583 968 sunt
610 913 662 966 in
686 910 795 980 lege
833 907 999 979 Moysi
1023 918 1068 961 et
1093 906 1376 977 prophetis,
1406 913 1452 956 et
1477 902 1695 972 psalmis
1718 903 1781 954 de
1803 917 1902 954 me.
1929 899 2063 954 Vide

464 1001 735 1073 quomodo
764 999 885 1054 tulit
905 1007 1094 1053 omnes
1118 994 1501 1064 ambiguitates
1535 1010 1546 1045 :
1578 993 1727 1046 visus
1748 999 1853 1055 est,
1885 999 2063 1045 tactus

463 1103 566 1158 est,
595 1089 976 1154 manducavit;
1006 1088 1116 1157 ipse
1137 1093 1284 1140 certe
1304 1092 1442 1139 erat.
1475 1083 1678 1136 Tamen
1704 1098 1771 1137 ne
1798 1083 1851 1135 in
1879 1081 2061 1152 aliquo

462 1199 656 1240 sensus
700 1181 967 1236 humanos
1015 1175 1322 1232 ludiﬁcasse
1354 1175 1649 1238 videretur,
1695 1173 1843 1227 misit
1868 1188 2062 1227 manus

460 1277 529 1331 ad
560 1274 892 1345 Scripturas.
928 1272 1119 1325 Dicant
1162 1267 1354 1337 pagani
1402 1266 1663 1335 quidquid
1696 1264 1918 1318 volunt:
1951 1264 2059 1319 Ma-

460 1381 560 1437 gus
583 1364 706 1432 fuit,
732 1362 989 1434 potuit'se
1019 1360 1096 1414 sic
1121 1358 1428 1414 ostendere.
1474 1355 1727 1426 Nunquid
1749 1370 1937 1424 magus
1963 1369 2059 1408 an-

460 1470 678 1526 tequam
705 1463 885 1518 natus,
915 1450 1090 1522 potuit
1129 1463 1187 1503 sc
1218 1447 1294 1501 sic
1320 1446 1683 1516 prophetare?
1712 1446 1844 1500 Date
1869 1443 2058 1515 Sc'rip-

458 1557 631 1612 turas,
672 1545 798 1615 quia
847 1547 992 1614 quod
1047 1540 1240 1595 videtis
1282 1548 1408 1593 ante
1440 1538 1718 1608 provisum
1767 1546 1871 1600 est,
1914 1537 2056 1606 quod

457 1637 681 1693 cernitis
709 1643 837 1690 ante
856 1632 1174 1706 praedictum
1198 1638 1300 1684 est.
1331 1628 1492 1694 Audi,
1516 1627 1650 1696 ﬁlia,
1684 1637 1733 1682 et
1757 1626 1907 1690 vide;
1931 1624 2055 1680 audi

457 1729 734 1799 praedicta,
759 1725 884 1781 vide
931 1722 1222 1791 completa.
1255 1719 1400 1774 Tunc
1439 1718 1640 1789 aperuit
1686 1717 1793 1770 illis
1845 1731 2056 1770 sensum

2170 533 2627 602 contemplatione
2683 532 2905 597 ﬁrmati,
2954 540 3175 587 manent
3218 549 3432 603 semper
3483 535 3770 606 impavidi.

2171 621 2276 688 Qui
2301 624 2492 676 timetis
2528 622 2831 688 Dominum,
2871 622 3068 691 inquit,
3101 622 3302 687 audite,
3348 625 3401 680 id
3429 633 3534 692 est,
3560 629 3654 695 qui
3684 644 3771 684 re»

2166 716 2462 771 verentiam
2484 715 2696 770 habetis
2722 715 2957 770 nominis
2993 713 3141 782 ejus;
3165 720 3290 784 quia
3314 729 3431 785 ejus
3461 718 3625 773 verba
3657 737 3772 776 non

2167 819 2407 866 meretur
2421 811 2628 875 audire,
2645 810 2747 863 nisi
2765 809 2856 880 qui
2882 809 3227 880 cognoscitur
3255 818 3310 865 et
3340 812 3552 868 timere.
3571 814 3772 869 Timor

2165 910 2344 956 autem
2373 902 2584 956 Domini
2607 901 2730 971 quia
2750 897 2932 969 justus
2967 911 3020 954 et
3060 911 3239 956 rectus
3267 912 3376 965 est,
3408 905 3652 960 auditum
3680 922 3772 961 reo

2164 1001 2348 1056 novat,
2365 1007 2604 1047 amorem
2631 991 2840 1054 tribuit,
2858 992 3108 1046 ardorem
3131 991 3415 1050 charitatis
3441 994 3764 1051 iullauuuat.

2237 1084 2375 1137 Deus
2427 1083 2716 1147 Abraham,
2763 1093 2810 1136 et
2862 1083 3005 1137 Deus
3045 1082 3238 1148 Isaac,
3285 1095 3332 1137 et
3373 1085 3513 1140 Deus
3554 1086 3763 1151 Jacub,

2161 1173 2303 1228 Deus
2324 1185 2533 1243 patrum
2565 1182 2878 1228 nostrorum.
2915 1173 3133 1228 Poterat
3177 1175 3360 1230 dicere
3408 1176 3550 1232 Deus
3585 1178 3766 1232 Abra-

2160 1264 2306 1326 ham,
2341 1264 2511 1329 lsaac,
2537 1265 2736 1330 Jacob;
2771 1265 2863 1320 sed
2885 1275 2966 1320 ter
2993 1268 3236 1320 nominat
3263 1267 3430 1322 Deum
3458 1269 3764 1338 Abraham,

2160 1356 2326 1411 Deum
2350 1358 2515 1421 lsaac,
2537 1358 2702 1412 Deum
2717 1356 2903 1423 Jacob,
2920 1368 2977 1412 ut
3002 1368 3056 1412 tu
3081 1359 3345 1430 intelligas
3367 1361 3581 1416 Patrem
3603 1373 3659 1418 et
3679 1362 3774 1418 Fi-

2158 1446 2286 1500 lium
2310 1457 2364 1502 et
2391 1446 2652 1517 Spiritum
2679 1457 2948 1513 sanctum,
2970 1457 3026 1502 et
3053 1464 3122 1503 ne
3149 1451 3243 1504 tibi
3268 1451 3578 1506 scandalum
3601 1462 3760 1508 terna

2158 1538 2252 1592 Dei
2278 1539 2579 1594 nominatio
2616 1549 2903 1610 generaret
2930 1540 3099 1606 addit,
3144 1542 3286 1596 Deus
3313 1553 3522 1613 patrum
3551 1555 3764 1599 nostro-

2157 1645 2295 1683 rum.
2319 1628 2623 1685 Prudenter
2651 1631 2795 1686 enim
2829 1646 3091 1701 personas
3126 1632 3392 1700 distinxit,
3423 1642 3481 1690 et
3504 1643 3756 1690 naturam

2163 1719 2355 1774 univit.

456 1834 510 1875 ut
557 1818 903 1889 intelligerent
935 1813 1260 1884 scripturas.
1288 1823 1333 1864 ει
1363 1810 1497 1864 dixi!
1531 1808 1605 1863 είε
1632 1824 1650 1862 -'
1681 1806 1955 1872 Ουοτηοάο
1985 1805 2060 1858 εἰσ
2088 1805 2136 1865 Β
2234 1807 2556 1880 Cloriﬁcavit
2579 1810 2778 1866 Filium
2805 1829 2956 1866 suum
2970 1811 3174 1868 Iesum.
3194 1811 3529 1869 Gloriﬁcavit
3555 1813 3755 1868 Filium

453 1911 706 1981 scriptum
739 1917 835 1972 est,
885 1915 934 1959 et
961 1905 1036 1958 sic
1065 1902 1331 1972 oportebat
1363 1898 1632 1954 Christum
1660 1898 1770 1966 pati
1795 1907 1842 1950 et
1877 1912 2055 1948 resur-

452 2016 572 2073 gere
594 2016 624 2052 a
651 1997 872 2052 mortuis
900 1995 985 2048 die
1019 1993 1192 2046 tertia.
1226 1990 1436 2045 Prazbet
1462 2004 1520 2044 se
1544 1987 1832 2041 videndum
1859 1983 2051 2048 oculis,

454 2089 659 2160 prmbet
695 2085 945 2143 nianibus
997 2080 1467 2138 contrectandum.
1516 2077 1716 2131 Parum
1769 2084 1883 2139 est;
1921 2074 2054 2144 legis

452 2185 846 2235 commemorat
895 2173 1249 2242 Seripturas;
1283 2178 1337 2225 et
1367 2171 1469 2225 hoc
1495 2182 1686 2238 parum
1723 2176 1806 2221 est
1839 2184 1851 2218 :
1881 2164 2055 2234 aperit

452 2287 672 2326 sensum
697 2266 911 2338 utquod
936 2265 1071 2335 legis
1095 2263 1384 2334 intelligas.
1401 2262 1603 2316 Deinde
1619 2259 2050 2314 commendatam

458 2365 543 2418 sui
569 2362 818 2431 corporis
846 2360 1159 2421 veritatem,
1183 2353 1530 2410 commendat
1551 2351 1810 2407 Ecclesite
1833 2351 2048 2404 unitati.

523 2453 590 2507 Et
617 2449 898 2525 prwdicari
928 2451 983 2502 in
1013 2447 1224 2501 nomine
1248 2445 1363 2514 ejus
1394 2443 1752 2514 paenitentiam
1783 2443 1839 2494 in
1863 2441 2050 2495 remis-

447 2546 648 2601 sionem
674 2550 1008 2613 peccatorum
1046 2540 1101 2593 in
1145 2553 1322 2591 omnes
1349 2545 1544 2606 gentes,
1575 2533 1940 2604 incipientibus
1985 2532 2049 2585 ab

453 2633 851 2704 Hierosolymis.
898 2629 1014 2688 Non
1053 2629 1186 2684 latet
1235 2627 1478 2698 pravitas
1514 2625 1895 2680 haereticorum
1933 2641 1946 2676 :
1983 2625 2050 2678 de

449 2724 645 2798 angulo
695 2733 808 2779 toto
863 2735 1128 2778 terrarum
1189 2721 1322 2774 orbe
1398 2717 1640 2773 Ecclesia
1691 2714 1884 2770 dili‘usa
1939 2722 2045 2769 est.

447 2821 650 2870 ilmnes
696 2822 885 2885 gentes
919 2810 1123 2866 habent
1176 2808 1492 2864 Ecelcsiam.
1526 2806 1696 2861 Nemo
1725 2821 1824 2860 nos
1872 2804 2044 2869 fallat,

446 2909 565 2976 ipsa
605 2913 691 2960 est
727 2920 879 2968 vera,
907 2903 1022 2972 ipsa
1049 2912 1134 2957 est
1167 2887 1466 2962 cdtholica;
1499 2898 1666 2967 coepit
1696 2897 1762 2951 ab
1785 2895 2042 2951 Hierusa-

445 2997 574 3061 lem,
612 2993 944 3066 pervenitad
975 3008 1094 3057 nos,
1135 3001 1189 3045 et
1218 2992 1288 3045 ibi
1314 2999 1415 3054 est,
1439 2997 1494 3043 et
1524 2989 1630 3044 hic.
1658 2986 1773 3042 Non
1810 2987 1954 3041 enim
1985 2993 2044 3040 ut

449 3094 555 3150 huc
574 3089 784 3145 veniret
823 3087 949 3141 inde
989 3084 1244 3139 discessit
1277 3097 1289 3136 :
1323 3081 1510 3144 crevit,
1538 3095 1644 3134 non
1675 3079 1946 3151 migravit.
1977 3076 2044 3132 Et

455 3185 647 3240 merito
675 3182 756 3237 sic
802 3181 1062 3250 scriptum
1104 3187 1189 3232 est
1229 3178 1371 3230 inter
1394 3185 1590 3230 caetera
1617 3171 1910 3226 Dominicaa
1931 3169 2042 3239 pie-
2070 3144 2114 3206 Ο

449 3276 578 3333 tatis
613 3281 975 3336 sacramenta,
1014 3280 1069 3323 et
1103 3271 1180 3323 sic
1229 3265 1513 3337 oportebat
1545 3273 1603 3318 ut
1650 3262 1885 3317 ministri
1929 3276 2042 3315 ser-

449 3367 624 3423 monis
653 3367 744 3435 qui
776 3366 830 3419 in
882 3363 1099 3418 nomine
1145 3360 1346 3416 Christi
1378 3356 1626 3413 cruciﬁxi
1648 3364 1703 3409 et
1736 3352 2044 3408 rcsuscitati

447 3479 476 3518 ει
507 3459 736 3515 mortuis
764 3455 1380 3527 pmnitentiamerantet
1396 3449 1768 3505 remissionem
1790 3456 2044 3518 peccato-

447 3566 565 3606 rum
613 3551 668 3604 in
699 3561 890 3603 omnes
934 3555 1122 3618 gentes
1145 3541 1514 3613 praedicaturi,
1548 3541 1615 3594 ab
1657 3536 2046 3608 Hierosolymis

445 3643 767 3714 inciperent.
810 3639 927 3694 Non
959 3638 1134 3693 solum
1164 3636 1292 3706 quia
1314 3635 1521 3689 credita
1547 3639 1676 3685 sunt
1706 3631 1812 3684 illis
1833 3628 2044 3697 eloquia

446 3733 682 3797 Domini,
720 3731 847 3801 quia
874 3743 1062 3784 eorum
1105 3726 1322 3795 adoptio
1365 3731 1449 3778 est
1480 3721 1734 3785 ﬁliorum,
1773 3729 1827 3773 et
1850 3719 2041 3790 gloria,

441 3835 496 3882 et
525 3833 880 3886 testamenta,
908 3830 962 3875 et
989 3817 1276 3888 legislatio,
1305 3813 1698 3882 etobsequinm
1722 3821 1776 3864 et
1805 3810 2044 3880 promis-

443 3933 534 3980 sa;
563 3915 688 3984 quia
713 3927 900 3968 eorum
933 3917 1116 3980 patres
1151 3915 1206 3961 et
1242 3921 1308 3959 ex
1335 3904 1418 3958 his
1446 3903 1698 3958 Christus
1744 3898 2044 3955 secundum

442 4020 666 4060 carnem
689 4003 780 4075 qui
817 4009 902 4056 est
938 4014 1102 4068 super
1130 3997 1312 4052 omnia
1340 3995 1484 4049 Deus
1511 3992 1827 4047 benedictus
1865 3991 1917 4044 in
1947 4005 2044 4044 sa:-

443 4093 589 4157 cula,
618 4105 803 4145 verum
829 4089 992 4144 etiam
1023 4095 1082 4140 ut
1102 4094 1291 4156 gentes
1315 4099 1436 4153 qua:
1462 4082 1628 4135 variis
1659 4090 1817 4135 erant
1843 4079 2045 4134 errori-

445 4186 545 4240 bus
573 4190 628 4236 et
673 4178 1009 4234 facinoribus
1044 4175 1353 4244 implicatae,
1409 4175 1510 4228 hoc
1558 4172 1797 4226 maxime
1850 4171 2044 4224 divina:

444 4272 664 4349 pietatis
681 4269 945 4339 judicium
977 4267 1043 4320 ad
1082 4280 1231 4336 spem
1263 4263 1614 4332 impetranda:
1646 4261 1819 4316 veniae
1848 4274 2043 4329 provo-

441 4371 615 4419 caret.
646 4359 800 4429 Quod
831 4359 910 4412 eis
931 4360 1146 4428 quoque
1167 4356 1258 4424 qui
1290 4353 1484 4408 Filium
1508 4351 1602 4406 Dei
1628 4349 2039 4413 cruciﬁxerunt,

444 4470 552 4511 non
582 4461 792 4508 tantum
830 4449 1043 4504 veniam
1072 4433 1254 4501 reatus
1276 4463 1305 4499 a
1324 4445 1505 4509 Patre,
1532 4444 1626 4498 sed
1649 4452 1703 4495 et
1732 4442 1856 4495 vitae
1883 4449 2043 4495 aeter-

444 4562 530 4605 nas
550 4543 805 4626 gaudium
832 4541 1078 4596 viderent
1109 4553 1230 4593 esse
1253 4537 1540 4601 donatum;
1575 4535 1700 4603 quia
1729 4532 2040 4587 misericors

444 4647 501 4692 et
537 4622 829 4692 miseratur
856 4642 939 4688 est
969 4631 1249 4694 Dominus,
1278 4628 1489 4698 patiens
1518 4633 1575 4680 et
1620 4623 1850 4677 multum
1879 4622 2041 4676 mise-

447 4729 641 4790 ricors,
692 4725 783 4794 qui
829 4721 943 4777 vult
977 4736 1164 4775 omnes
1210 4719 1459 4774 homines
1501 4715 1680 4770 salvos
1707 4728 1849 4777 esse,
1894 4721 1950 4766 et
1973 4715 2040 4766 ad

446 4820 777 4896 agnitionem
804 4815 1050 4871 veritatis
1074 4812 1378 4882 pervenire,
1403 4811 1488 4866 eui
1518 4818 1602 4863 est
1642 4810 1816 4862 honor
1843 4815 1900 4860 et
1927 4805 2039 4875 glo-

450 4915 531 4971 ria
559 4913 614 4967 in
646 4910 839 4966 stecula
864 4907 1206 4964 saeculorum.
1238 4907 1428 4959 Amen.

999 5016 1345 5072 HOMILIA
1384 5014 1486 5069 IX.

1114 5103 1269 5142 FERIA
1307 5101 1378 5139 ιν.

804 5183 988 5237 Lectio
1039 5180 1268 5234 Actuum
1303 5177 1690 5246 apostolorum.

522 5276 588 5330 In
610 5276 789 5329 diebus
817 5273 922 5326 illis
947 5289 964 5325 :
991 5271 1239 5341 Aperiens
1269 5267 1458 5322 Petrus
1483 5285 1540 5322 os
1565 5283 1718 5320 suum
1742 5267 1877 5319 dixit
1898 5279 1914 5315 :
1932 5263 2041 5318 Viri

447 5367 712 5424 Israelita:
733 5376 780 5420 et
811 5367 899 5436 qui
927 5365 1115 5417 timetis
1151 5363 1456 5426 Dominum,
1488 5359 1690 5424 audite,
1714 5367 1820 5414 etc.

524 5457 829 5512 Notandum
858 5456 1001 5526 quod
1039 5456 1184 5510 viros
1215 5455 1282 5508 de
1313 5467 1511 5521 genere
1538 5451 1726 5514 lsrael,
1758 5458 1811 5505 et
1850 5450 2045 5504 timen-

451 5556 537 5604 tes
580 5549 867 5603 Dominum
899 5547 968 5602 ad
1004 5545 1326 5600 audiendum
1366 5543 1577 5598 Domini
1614 5549 1872 5612 provocat
1915 5555 2041 5594 ver-

457 5637 611 5694 bum.
648 5637 760 5692 Viri
813 5637 956 5692 enim
1019 5636 1273 5690 dicuntur
1328 5650 1359 5687 a
1400 5633 1624 5695 viribus,
1661 5631 1754 5700 qui
1793 5630 2043 5684 nesciunt

452 5728 732 5791 tolerando
759 5705 1006 5793 deiicere,
1040 5738 1128 5782 aut
1159 5729 1211 5781 in
1236 5725 1509 5798 prosperis
1531 5722 1710 5792 aliqua
1731 5735 1788 5776 se
1808 5719 2040 5775 elatione

2160 1918 2340 1969 suum,
2371 1904 2585 1973 quando
2608 1913 2728 1974 post
2759 1905 3214 1960 resurrectionem
3257 1905 3420 1959 nimis
3444 1905 3752 1959 mirabilem

2157 1995 2324 2050 totius
2356 1995 2541 2048 mundi
2593 1995 2966 2049 credulitatem
3015 1994 3156 2052 Deus
3205 2010 3328 2050 eum
3381 1997 3434 2049 in
3495 2010 3560 2049 eo
3603 1995 3752 2065 quod

2158 2090 2320 2145 homo
2361 2089 2542 2144 factus
2569 2098 2652 2144 est
2677 2090 2880 2145 habere
2906 2090 3194 2144 concessit.
3248 2087 3580 2144 Gloriﬁeavit
3621 2104 3750 2142 eum

2156 2179 2326 2250 gloria
2355 2179 2793 2244 resurrectionis,
2819 2177 3141 2254 gloriﬁcavit
3176 2177 3348 2247 gloria
3384 2179 3746 2243 ascensionis,

2153 2277 2208 2323 et
2233 2267 2553 2339 gloriﬁcavit
2577 2268 2746 2346 gloria
2771 2283 2880 2324 sua:
2903 2270 3106 2324 dextra:
3132 2269 3407 2324 sessionis.

2227 2357 2392 2422 Quem
2415 2375 2504 2412 vos
2543 2359 2752 2428 quidem
2779 2359 3093 2413 tradidistis.
3125 2359 3262 2415 Hinc
3291 2362 3434 2414 enim
3464 2363 3750 2431 respondit

2153 2446 2356 2502 Pilatus
2388 2447 2617 2502 Domino
2657 2449 2840 2502 dicens
2872 2467 2884 2502 :
2911 2447 3163 2519 Nunquid
3209 2466 3308 2521 ego
3328 2467 3446 2505 sum
3478 2449 3700 2506 Iudaeus
3721 2453 3746 2505 ?

2152 2538 2297 2593 Gens
2325 2546 2414 2592 tua
2441 2547 2496 2593 et
2523 2539 2805 2607 pontifices
2835 2540 3175 2595 tradiderunt
3223 2551 3274 2598 te
3304 2543 3457 2596 mihi.
3487 2543 3748 2598 Tradide-

2153 2639 2280 2684 runt
2320 2629 2463 2685 enim
2496 2630 2778 2684 Dominum
2826 2633 3136 2686 sacerdotes
3171 2648 3268 2701 per
3301 2634 3579 2688 invidiam.
3610 2635 3747 2687 Tra-

2151 2721 2286 2776 didit
2329 2721 2676 2790 semetipsum
2733 2720 2903 2776 Filius
2941 2737 3039 2791 pro
3089 2732 3276 2776 nostra
3307 2723 3614 2778 dilectione.
3665 2724 3745 2777 De

2193 2821 2311 2864 atre
2339 2809 2484 2865 enim
2509 2811 2584 2864 ait
2606 2810 2894 2878 Apostolus
2929 2829 2940 2862 :
2985 2810 3087 2876 Qui
3117 2813 3329 2881 proprio
3356 2811 3496 2866 Filio
3527 2830 3630 2866 non
3651 2830 3745 2881 pe-

2147 2902 2332 2972 percit,
2365 2902 2455 2955 sed
2501 2918 2596 2970 pro
2627 2901 2771 2954 nobis
2794 2902 3030 2956 omnibus
3073 2903 3289 2956 tradidit
3333 2896 3472 2958 eum.
3497 2905 3574 2958 De
3601 2903 3744 2959 Filio

2148 3002 2327 3049 autem
2356 3009 2370 3048 :
2405 2993 2508 3059 Qui
2534 2994 2714 3047 dilexit
2746 3003 2792 3047 et
2823 2994 3042 3048 tradidit
3085 2997 3414 3066 semetipsum
3445 3014 3539 3068 pro
3564 2998 3739 3052 nobis.

2223 3085 2287 3138 Et
2333 3086 2561 3154 negastis
2589 3096 2709 3167 ante
2739 3085 2925 3153 faciem
2977 3084 3159 3151 Pilati,
3186 3086 3448 3153 (licentes,
3477 3087 3742 3160 Cruciﬁqe

2146 3175 2325 3240 talem,
2377 3192 2469 3229 nos
2507 3192 2608 3228 non
2635 3175 2883 3228 habemus
2930 3192 3098 3245 regem
3147 3178 3248 3230 nisi
3284 3177 3564 3232 Ca’sarem.
3619 3179 3740 3233 Nos

2145 3265 2309 3335 legem
2359 3265 2608 3319 habemus
2659 3275 2704 3318 et
2746 3253 3032 3319 secundum
3054 3267 3213 3336 legem
3235 3268 3381 3322 debet
3428 3269 3561 3322 mori
3610 3271 3742 3339 quia

2148 3355 2196 3407 F
2200 3355 2348 3410 ilium
2371 3356 2468 3410 Dei
2497 3373 2551 3410 se
2577 3356 2720 3425 fecit.

2215 3445 2498 3500 Judicante
2523 3446 2614 3499 illo
2637 3446 2848 3499 dimitti.
2881 3445 3180 3512 Quaerebat,
3214 3447 3358 3502 enim
3386 3448 3461 3503 ait
3490 3448 3741 3519 Evange-

2148 3536 2302 3600 lium,
2365 3535 2570 3590 Pilatus
2625 3537 3061 3606 opportunitatem
3109 3547 3164 3591 ut
3216 3538 3494 3596 dimitteret
3524 3538 3735 3603 Iesum,

2146 3629 2322 3681 dicens
2352 3641 2369 3679 :
2406 3627 2514 3696 Ego
2543 3644 2645 3681 non
2694 3629 2898 3682 invenio
2932 3629 2986 3681 in
3023 3645 3081 3682 eo
3111 3646 3366 3691 causam;
3420 3630 3515 3683 sed
3557 3644 3740 3698 neque

2148 3718 2406 3772 Herodes.
2442 3717 2644 3772 Pilatus
2691 3719 2857 3771 mittit
2884 3717 2948 3771 ad
3007 3719 3307 3783 llerodem;
3360 3719 3604 3775 Herodes
3653 3736 3741 3775 re-

2148 3809 2312 3864 mittit
2364 3809 2431 3861 ad
2473 3807 2724 3862 Pilatum.
2771 3810 2916 3863 Inter
2959 3811 3094 3864 duas
3132 3811 3436 3878 impiezates
3475 3810 3741 3869 discurrit

2145 3902 2338 3970 pietas,
2371 3906 2425 3954 et
2468 3908 2647 3952 tamen
2699 3900 2950 3968 impietas
2977 3901 3232 3969 pietatem
3274 3917 3380 3955 non
3409 3909 3590 3971 potest
3612 3917 3743 3957 con-

2145 3993 2403 4045 demnare
2432 4005 2446 4043 :
2473 4004 2712 4058 praesens
2739 4001 2821 4044 est
2848 4006 2994 4054 rcus,
3013 4001 3067 4045 et
3091 4005 3194 4046 non
3227 3992 3500 4046 invenitur
3529 4003 3736 4049 reatus.

2146 4081 2470 4137 Tradidistis
2494 4081 2626 4134 mihi
2658 4083 2802 4136 hunc
2845 4082 3140 4146 hominem,
3174 4083 3368 4152 inquit,
3399 4085 3552 4152 quasi
3589 4099 3742 4139 avet»

2145 4182 2346 4228 tentem
2378 4172 2657 4242 populum,
2691 4180 2746 4225 et
2795 4185 2922 4226 ecce
2973 4169 3158 4227 cor'am
3190 4173 3341 4227 vobis
3389 4174 3740 4245 interrogans

2144 4263 2342 4316 nullam
2379 4262 2594 4316 invenio
2624 4262 2677 4315 in
2710 4275 2774 4315 eo
2803 4276 3022 4316 causam
3053 4263 3105 4316 in
3134 4263 3218 4318 his
3245 4264 3442 4332 quibus
3483 4280 3608 4320 eum
3649 4281 3741 4321 ac-

2144 4355 2367 4410 cusatis.
2401 4355 2590 4410 Dicitis
2615 4357 2757 4425 quod
2787 4357 3062 4426 praecipiat
3089 4358 3289 4411 tributa
3320 4372 3428 4411 non
3455 4358 3591 4412 solvi
3619 4358 3738 4415 Cas-

2147 4446 2253 4499 sari
2290 4463 2303 4498 :
2335 4445 2680 4514 eomprobavi
2710 4444 2904 4500 falsum
2931 4461 3050 4500 esse
3072 4445 3214 4514 quod
3239 4444 3495 4513 objicitis.
3531 4447 3740 4504 Docere

2149 4540 2292 4592 hunc
2335 4547 2524 4592 contra
2567 4537 2739 4607 legem
2795 4537 3018 4591 dicitis:
3049 4537 3270 4607 probavi
3312 4551 3436 4592 cum
3477 4553 3587 4592 non
3643 4539 3740 4594 de-

2148 4639 2360 4683 struere
2404 4627 2578 4698 legem
2608 4626 2701 4681 sed
2733 4625 2976 4695 implere.
3003 4623 3194 4681 Omnia
3232 4640 3353 4694 qua:
3379 4624 3656 4692 objecistis
3683 4629 3738 4683 in

2147 4723 2418 4777 diversum
2447 4720 2662 4774 inventa
2690 4727 2834 4773 sunt.
2868 4717 2936 4771 Et
2962 4717 3175 4787 petistis
3203 4717 3380 4771 virum
3408 4717 3738 4776 homicidam

2147 4814 2334 4867 donari
2364 4812 2535 4866 vobis.
2579 4810 2708 4864 Erat
2734 4820 2930 4874 autem,
2964 4810 3041 4863 ait
3064 4808 3446 4880 Evangelium,
3475 4809 3568 4880 qui
3592 4810 3738 4864 dice-

2148 4905 2300 4957 batur
2328 4903 2599 4956 Barabbas
2628 4903 2848 4967 vinctus,
2877 4903 2966 4973 qui
3013 4903 3068 4955 in
3114 4902 3368 4956 seditione
3412 4900 3609 4970 fecerat
3636 4903 3733 4955 ho-

2153 4997 2434 5050 micidium.
2461 4995 2734 5050 Barabbas
2758 4995 2900 5049 enim
2927 4993 3069 5063 ﬁlius
3095 4993 3262 5063 patris
3285 4993 3451 5047 nostri
3475 4993 3744 5063 interpre-

2153 5099 2319 5153 tatur;
2367 5087 2635 5158 significat
2676 5087 2970 5150 diabolum,
2999 5085 3090 5155 qui
3116 5085 3318 5139 multas
3357 5083 3729 5140 seditionesil

2148 5186 2259 5232 toto
2288 5177 2527 5230 concitat
2554 5176 2704 5240 orbe,
2729 5185 2782 5229 et
2815 5174 3106 5229 homicidia
3134 5174 3342 5229 scilicet
3363 5183 3420 5228 et
3440 5173 3728 5237 adulteris,

2144 5278 2200 5323 et
2227 5268 2408 5323 omnia
2436 5268 2688 5332 crimina,
2732 5268 2822 5337 qui
2846 5267 3033 5320 statim
3059 5275 3118 5320 ut
3149 5265 3307 5321 Jesus
3331 5265 3625 5321 cruciﬁxus
3643 5274 3731 5321 est

2143 5359 2416 5412 Barabbas
2448 5358 2551 5411 iste
2575 5357 2828 5411 dimissus
2858 5355 3085 5410 suﬁ‘ocat
3116 5356 3371 5425 populum
3396 5353 3723 5409 Judmorum.

2217 5449 2492 5501 Auctorem
2523 5462 2642 5500 vero
2673 5446 2788 5499 vitm
2809 5445 3158 5514 interfecistis,
3185 5451 3290 5498 etc.
3315 5444 3468 5498 illum
3491 5443 3585 5512 qui
3615 5440 3729 5509 pla-

2142 5522 2613 5592 smavit‘hominem
2641 5535 2704 5588 de
2731 5535 2856 5588 limo
2887 5544 3039 5587 terra:
3075 5543 3122 5587 et
3149 5534 3421 5601 inspiravit
3453 5533 3508 5585 in
3545 5532 3726 5600 {acim

2143 5630 2257 5698 ejus
2279 5625 2599 5696 spiraculum
2636 5627 2775 5689 vitta,
2797 5635 2845 5678 et
2877 5625 3048 5693 factus
3081 5632 3157 5677 est
3203 5624 3358 5676 homo
3400 5623 3458 5675 in
3495 5622 3729 5675 animant

2147 5720 2412 5773 uirentem.
2439 5717 2591 5772 illum
2617 5717 2708 5784 qui
2735 5715 2902 5771 dixit:
2933 5714 3050 5784 Ego
3071 5731 3183 5768 sum
3215 5714 3314 5776 via,
3348 5722 3395 5768 et
3442 5715 3632 5768 veritas
3675 5720 3728 5768 et
