3922 6320
186 346 280 406 ἰ53

1267 346 1568 404 llOMlLlJE
1610 346 1681 410 ιΝ,
1716 346 1965 403 EVANG.
2008 348 2094 404 ET
2133 347 2349 404 EPIST.

3323 350 3433 409 «ει

181 467 310 527 rita;
335 471 390 518 et
417 461 480 518 de
511 478 625 532 quo
656 463 888 518 Joannes
925 463 1038 517 ait:
1069 461 1182 515 Ilic'
1216 471 1290 515 est
1321 478 1467 516 verus
1517 461 1660 515 Deus
1708 468 1756 514 et
1783 464 1831 522 Α
1859 460 2036 518 littore
2083 463 2250 527 stetit,
2279 462 2369 532 qui
2409 470 2535 516 ante
2583 464 3026 517 resurrectionem
3059 480 3210 519 suam
3244 480 3428 520 coram

183 557 278 609 ritu
301 564 518 607 (eterna.

252 644 312 696 Et
337 658 499 707 nunc,
533 639 752 706 fratres,
777 644 882 697 scio
908 645 1029 714 quia
1052 661 1144 713 per
1163 645 1513 715 ignorantiam
1541 645 1755 714 fecistis.

188 735 241 786 Si
264 735 393 786 enim
423 735 804 802 cognorissent,
829 736 902 787 ait
929 734 1234 802 Apostolus,
1263 752 1529 805 nunquam
1579 734 1760 787 Domi-

185 841 301 878 num
324 823 507 891 glon'rc
537 824 936 892 cruci/ixissent.

254 913 389 967 Deus
419 925 595 966 autem
635 916 723 984 qui
761 911 1123 984 pra'nuntiaﬁt
1160 933 1251 985 per
1295 933 1350 970 os
1393 916 1758 985 prophetarum

187 1007 289 1073 pati
315 1005 581 1058 Christum
614 1007 1037 1076 suum,implev:t
1078 1011 1172 1072 sic,
1202 1020 1307 1064 etc.
1360 1010 1494 1064 Hinc
1545 1020 1600 1064 et
1650 1011 1762 1080 ipse

188 1091 321 1147 Deus
359 1093 612 1162 (Σιεονῖιω
649 1103 701 1147 ct
725 1095 812 1148 alii
839 1097 1099 1166 discipulo
1128 1099 1201 1151 ait
1230 1114 1248 1151 :
1288 1097 1331 1151 0
1374 1097 1520 1150 stulti
1548 1109 1594 1151 et
1621 1098 1760 1151 tardi

187 1184 334 1238 corde
369 1186 440 1238 ad
469 1186 782 1240 credendum
815 1188 867 1240 in
904 1190 1139 1242 omnibus
1167 1206 1284 1260 qum
1311 1188 1469 1242 locuti
1491 1200 1610 1243 sunt
1636 1207 1760 1259 pro-

184 1274 366 1342 pheta!
397 1291 569 1328 nonne
601 1277 713 1329 hac
741 1279 964 1346 Oportuit
1003 1280 1113 1347 pati
1158 1277 1455 1342 Christum,
1481 1291 1528 1332 et
1567 1281 1639 1332 ita
1674 1280 1760 1331 in-

183 1369 317 1412 trare
337 1363 390 1413 in
421 1360 648 1431 gloriam
667 1366 854 1417 suam?
878 1364 945 1417 Et
979 1367 1231 1435 incipiens
1255 1386 1286 1419 a
1315 1366 1494 1437 Moyse
1519 1378 1566 1420 et
1596 1369 1759 1420 omni-

185 1451 272 1502 bus
284 1454 549 1521 prophetis
565 1455 1001 1525 interpretabatur
1021 1456 1125 1510 illis
1147 1459 1210 1511 de
1225 1460 1460 1513 omnibus
1477 1458 1758 1529 Scripturis

183 1559 293 1611 qua
323 1543 386 1596 de
431 1545 600 1613 seipso
621 1556 802 1598 erant.
842 1545 898 1599 Si
936 1549 1077 1600 enim
1111 1548 1314 1618 Moyses
1337 1559 1388 1602 et
1411 1565 1596 1603 omnes
1630 1564 1757 1618 pro-

184 1635 352 1704 pheta!
381 1635 656 1690 Christum
695 1637 858 1692 locuti
886 1648 1036 1701 sunt,
1077 1650 1130 1694 et
1167 1642 1307 1694 hunc
1335 1657 1431 1709 per
1460 1643 1759 1712 angustiam

184 1726 445 1793 passionis
480 1727 536 1779 in
566 1727 789 1796 gloriam
818 1744 968 1781 suam
1016 1730 1363 1794 intraturum,
1400 1746 1504 1799 qua
1553 1731 1758 1784 ratione

1862 553 2133 623 discipulis
2160 554 2213 606 in
2257 551 2504 606 fluctibus
2560 553 2723 606 maris
2768 553 3095 607 ambulavit?
3143 553 3306 622 Cujus
3351 556 3428 608 rei

1861 646 1998 699 ratio
2035 643 2226 697 fcstine
2256 644 2613 714 cognoscitur,
2646 644 2690 696 si
2738 645 2850 711 ipsa
2911 659 3030 712 qua:
3079 654 3206 699 tunc
3256 646 3432 699 inerat

1860 748 2018 787 causa
2047 739 2318 802 pensctur.
2355 731 2491 798 Quid
2527 733 2668 784 enim
2697 748 2842 786 mare
2866 734 2966 787 nisi
2998 750 3233 802 prrcseus
3264 751 3432 789 saecu-

1861 823 1967 877 lum
1999 822 2298 892 signiﬁcat?
2343 824 2483 891 quod
2509 837 2566 876 sc
2595 838 2871 877 causarum
2904 826 3129 879 tumultu
3174 837 3229 880 et
3277 828 3434 881 undis

1859 914 1984 966 vita:
2009 914 2371 982 corruptibilis
2398 914 2570 966 illidit.
2591 914 2725 979 Quid
2753 931 2850 984 per
2870 916 3190 971 soliditatem
3214 919 3430 982 littoris,

1862 1003 1963 1056 nisi
1996 1003 2084 1055 illa
2108 1004 2435 1072 perpetuitas
2462 1005 2659 1072 quietis
2685 1015 2900 1074 mtprnze
2951 1007 3245 1076 ﬁguratur?
3292 1009 3428 1075 Quia

1864 1091 2025 1160 igitur
2048 1091 2290 1160 discipuli
2315 1093 2487 1146 adhuc
2511 1092 2758 1147 ﬂuctibus
2781 1095 3020 1150 mortalis
3051 1099 3171 1151 vita:
3197 1099 3430 1162 inerant,

1863 1185 1917 1238 in
1948 1184 2081 1236 mari
2112 1183 2451 1250 laborabant;
2493 1187 2616 1253 quia
2634 1202 2761 1243 vero
2782 1188 3108 1259 Redemptor
3127 1189 3433 1258 nostcrjam

1864 1274 2260 1343 corruptionem
2287 1277 2467 1329 carnis
2493 1289 2819 1344 excesserat,
2843 1289 2964 1349 post
2986 1283 3433 1336 resurrectionem

1864 1380 2015 1420 suam
2040 1365 2091 1417 in
2121 1363 2298 1418 littore
2320 1365 2516 1429 stabat,
2539 1381 2602 1418 ac
2627 1367 2668 1418 si
2693 1367 2865 1435 ipsum
2894 1371 3304 1423 resurrectionis
3325 1387 3434 1424 sua:

1863 1456 2180 1527 mysterium
2210 1457 2370 1510 rebus
2404 1457 2679 1526 discipulis
2716 1459 3025 1527 loqueretur
3059 1463 3243 1515 dicens
3272 1481 3284 1516 :
3317 1462 3434 1516 Iam

1863 1547 2016 1600 vobis
2047 1547 2098 1598 in
2124 1547 2256 1599 mari
2287 1562 2391 1600 non
2421 1563 2669 1616 appareo,
2689 1551 2812 1617 quia
2841 1550 3113 1605 vobiscum
3145 1552 3197 1606 in
3228 1562 3437 1622 pertur-

1862 1637 2096 1690 bationis
2124 1635 2373 1691 ﬂuctibus
2399 1653 2502 1690 non
2539 1654 2676 1692 sum.
2711 1639 2871 1693 Facta
2901 1649 2985 1694 est
3005 1651 3182 1694 autem
3210 1643 3434 1710 discipu.

1866 1727 1931 1781 lis
1956 1727 2269 1796 piseationis
2297 1736 2489 1796 magna
2514 1728 2815 1791 diﬁicultas,
2835 1741 2891 1784 ut
2917 1733 3173 1800 magistro
3189 1733 3437 1786 veniente

183 1830 238 1869 se
263 1815 563 1884 gloriantur
589 1833 707 1872 esse
730 1818 1086 1883 Christianos,
1106 1821 1193 1888 qui
1216 1821 1371 1889 juxta
1411 1822 1602 1875 virium
1634 1840 1758 1877 sua-
1789 1808 1834 1866 Β
1863 1818 2015 1872 ﬁeret
2041 1820 2412 1872 admirationis
2451 1835 2641 1889 magna
2674 1821 2997 1874 sublimitas.
3045 1821 3145 1887 Qui
3194 1825 3437 1891 protinus

184 1925 295 1962 rum
319 1908 593 1962 modulum
622 1924 794 1978 neque
821 1909 1126 1980 Scriptnras
1147 1911 1375 1980 qualiter
1398 1914 1463 1966 ad
1484 1914 1757 1970 Christum

181 1998 484 2066 pertineant
513 1998 865 2069 inuestigare,
896 2016 1070 2069 nequc
1095 2003 1160 2055 ad
1192 2001 1415 2072 gloriam
1442 2019 1602 2072 quam
1635 2021 1757 2060 eum

183 2088 394 2143 Christo
424 2091 624 2144 habere
647 2093 864 2161 cupiunt
901 2108 998 2164 per
1024 2097 1308 2164 passiones
1354 2098 1754 2153 tribulationum

182 2183 486 2238 desiderant
521 2184 806 2254 attingere,
836 2201 958 2240 cum
1000 2187 1282 2242 manifeste
1314 2188 1590 2258 Scriptura
1615 2192 1758 2245 dicat

183 2273 297 2326 illos
328 2275 519 2328 beatos
543 2274 633 2343 qui
661 2274 713 2328 in
761 2275 876 2346 lege
934 2277 1144 2332 Domini
1192 2281 1518 2334 meditantur
1563 2281 1647 2335 die
1696 2297 1758 2335 ac

181 2370 356 2425 nocte,
383 2369 440 2414 et
475 2362 724 2417 timentes
765 2363 934 2418 Deum
961 2367 1237 2419 ambulant
1268 2369 1319 2420 in
1352 2369 1451 2422 viis
1481 2369 1616 2437 ejus.
1649 2369 1758 2423 lllis

179 2450 318 2502 enim
342 2449 500 2504 labor
514 2467 644 2505 suus
667 2453 913 2522 proﬁciet
935 2456 1001 2509 ad
1022 2464 1278 2510 mlcrnaui
1305 2458 1528 2512 salutem
1546 2462 1759 2529 quando

178 2548 295 2608 post
319 2539 485 2594 ﬁnem
518 2541 671 2596 istius
696 2543 822 2597 vita:
847 2546 914 2598 ad
957 2553 1214 2599 aeternam
1265 2551 1574 2616 perventuri
1630 2562 1758 2606 sunt

179 2629 441 2697 requiem,
474 2639 768 2699 praestante
797 2633 912 2702 ipso
941 2634 1166 2689 Domino
1192 2645 1379 2691 nostro
1422 2637 1545 2692 .lcsu
1595 2639 1755 2694 Chri-

176 2730 280 2786 sto,
305 2723 398 2791 qui
428 2738 555 2776 cum
575 2722 734 2776 Patre
764 2734 820 2779 et
850 2724 1053 2794 Spiritu
1087 2736 1274 2783 sancto
1303 2728 1435 2783 vivit
1483 2738 1540 2785 et
1566 2739 1758 2801 regnat

178 2808 231 2863 in
261 2810 458 2864 siceula
489 2811 830 2866 saeculorum.
854 2813 1049 2869 Amen.

771 2920 1053 2978 HOMILIA
1087 2924 1159 2978 λ.

746 3007 876 3046 ΙΤΕΙ
909 3010 1065 3048 FERIA
1110 3008 1184 3049 ιν.

312 3080 505 3134 Lectio
526 3083 696 3136 sancti
721 3082 993 3154 Evangelii
1015 3086 1305 3141 secundum
1326 3087 1607 3145 Joannem.

241 3171 307 3224 In
336 3173 430 3225 illo
466 3183 694 3242 tempore
749 3190 768 3227 .°
811 3174 1165 3244 Manifestaoit
1206 3195 1262 3232 se
1300 3179 1457 3234 Iesus
1503 3181 1572 3233 ad
1611 3197 1755 3234 mare

179 3260 491 3318 Tiberiudis.
522 3265 880 3334 Hanifestavit
909 3260 1087 3323 autem
1105 3269 1180 3323 sic
1212 3283 1230 3321 :
1259 3270 1426 3325 Erant
1471 3281 1644 3325 autem
1682 3272 1754 3326 si-

173 3354 278 3408 mul
303 3355 498 3409 Petrus
525 3366 573 3409 et
596 3355 942 3428 Thomas,qui
966 3359 1158 3412 dicitur
1184 3361 1442 3430 Didymus
1467 3373 1513 3415 et
1545 3362 1753 3416 Nutha-

173 3447 287 3501 nael
311 3448 534 3518 quierat
559 3467 591 3501 a
614 3447 760 3502 Cana
792 3447 1100 3519 Galiltea',“
1141 3453 1243 3520 ﬁlii
1281 3452 1548 3520 Zebedwi,
1579 3464 1628 3508 et
1657 3455 1750 3508 alii

171 3551 234 3589 ex
258 3536 533 3606 discipulis
558 3538 672 3606 ejus
692 3538 818 3591 duo.
839 3537 978 3592 Dicit
1007 3541 1080 3592 eis
1109 3539 1294 3595 Simon
1326 3541 1513 3596 Petrus
1543 3557 1561 3595 :
1603 3542 1749 3597 Vada

171 3625 376 3695 piscari.
399 3627 595 3680 Dicunt
613 3628 660 3680 ei
681 3643 694 3680 :
722 3627 964 3682 Venimus
977 3640 1025 3682 et
1044 3646 1136 3683 nos
1161 3639 1348 3683 tecum.
1365 3631 1432 3684 Et
1447 3633 1685 3686 exierunt
1699 3642 1748 3687 et

173 3717 514 3770 ascenderunt
535 3719 587 3770 in
612 3735 826 3783 narem;
853 3730 898 3772 et
923 3719 1014 3772 illa
1037 3731 1183 3773 nocte
1206 3721 1335 3774 nihil
1357 3734 1621 3792 ceperunt,
1640 3731 1745 3779 etc.

238 3805 416 3871 Quieri
448 3816 627 3876 potest
657 3824 754 3862 cur
787 3809 996 3872 Petrus,
1030 3811 1119 3877 qui
1165 3811 1403 3878 piscator
1439 3819 1562 3866 ante
1611 3827 1746 3867 con-

173 3897 471 3950 versionem
507 3897 623 3961 fuit,
655 3907 777 3965 post
822 3900 1227 3953 conversionem
1283 3900 1348 3953 ad
1392 3902 1747 3969 piscationem

173 3985 320 4049 redit,
347 4002 475 4040 cum
499 3985 714 4042 Veritas
737 3987 912 4041 dicat:
945 3987 1109 4042 Nemo
1131 3989 1339 4043 mittens
1367 4007 1580 4044 manum
1595 4008 1747 4045 suam

169 4076 220 4127 in
251 4087 516 4142 aratrum,
540 4086 588 4130 et
613 4077 868 4147 aspiciens
903 4089 1061 4142 retro,
1095 4089 1246 4147 aptus
1295 4091 1369 4134 est
1410 4099 1566 4152 regno
1608 4083 1748 4137 Dei?

169 4164 271 4218 Cur
309 4167 512 4234 repetit
562 4169 705 4235 quod
748 4167 1066 4237 dereliquit?
1111 4167 1216 4224 Sed
1259 4171 1303 4224 si
1343 4171 1512 4225 virtus
1542 4173 1745 4227 discre-

170 4255 326 4311 tionis
361 4257 710 4326 impenditur,
727 4258 886 4312 citius
906 4259 1118 4314 videtur
1145 4260 1271 4329 quia
1296 4262 1552 4316 nimirum
1581 4279 1745 4334 nego-

171 4344 298 4397 tium
324 4346 472 4413 quod
502 4355 628 4399 ante
652 4348 1060 4401 conversionem
1101 4348 1218 4402 sine
1258 4359 1478 4418 peccato
1509 4352 1741 4418 exstitit,

169 4435 265 4489 hoc
294 4437 460 4489 etiam
507 4445 629 4506 post
660 4437 1070 4492 conversionem
1117 4439 1274 4507 culpa
1338 4449 1582 4510 repetere
1634 4459 1742 4498 non

167 4525 279 4581 fuit.
311 4526 451 4580 Nam
488 4527 812 4598 piscatorem
837 4527 1074 4592 Petrum,
1106 4529 1416 4585 Matthmum
1441 4547 1571 4588 vero
1610 4534 1745 4589 telo-

165 4617 370 4671 narium
401 4618 638 4681 scimus;
666 4624 720 4671 et
748 4627 871 4687 post
894 4620 1302 4674 conversionem
1337 4636 1490 4676 suam
1515 4622 1583 4676 ad
1629 4624 1741 4691 pis-

164 4707 429 4762 cationem
457 4706 651 4761 Petrus
685 4707 879 4774 rediit,
929 4708 1210 4764 Matthmus
1257 4726 1384 4765 vero
1431 4711 1498 4765 ad
1544 4713 1741 4768 telonei

165 4797 434 4867 negotium
463 4811 572 4852 non
602 4797 762 4852 rediit
792 4809 810 4850 :
844 4799 970 4866 quia
997 4798 1139 4852 aliud
1165 4809 1250 4854 est
1289 4801 1489 4854 victum
1519 4816 1616 4870 per
1653 4803 1738 4870 pi-

165 4889 458 4943 scationem
497 4901 770 4957 quaerere,
821 4888 968 4943 aliud
1020 4890 1216 4947 telonei
1263 4891 1427 4947 lucris
1481 4893 1737 4948 exercitia

165 4991 374 5047 augere.
403 4977 546 5032 Sunt
569 4978 714 5034 enim
764 4978 1020 5049 pleraque
1064 4983 1276 5052 negotia
1314 4999 1432 5052 qua:
1473 4985 1588 5038 sine
1615 4999 1738 5053 pec-

164 5073 294 5126 catis
321 5073 575 5127 exhiberi
599 5082 692 5127 aut
717 5075 800 5127 vix
835 5083 930 5127 aut
961 5076 1266 5130 nullatenus
1315 5087 1554 5146 possunt.
1610 5080 1739 5144 Quae

165 5174 289 5232 ergo
317 5161 386 5215 ad
420 5169 706 5230 peccatum
738 5163 1008 5232 implicant
1033 5204 1048 5228 ,
1076 5165 1141 5217 ad
1174 5165 1290 5219 haec
1320 5181 1539 5220 necesse
1567 5175 1652 5221 est
1680 5176 1737 5221 ut

169 5261 282 5316 post
302 5251 716 5304 conversionem
743 5253 954 5307 animus
987 5269 1093 5307 non
1125 5265 1386 5308 recurrat.

233 5340 390 5395 Hane
421 5353 599 5395 autem
617 5343 735 5411 jam
758 5344 896 5412 [acto
929 5346 1066 5398 stetit
1096 5345 1250 5398 Iesus
1287 5348 1341 5398 in
1378 5345 1582 5409 littore;
1629 5362 1734 5398 non

168 5439 330 5484 tamen
360 5443 711 5501 cognoverunt
741 5433 981 5503 discipuli
1007 5435 1132 5503 quia
1159 5433 1313 5488 Iesus
1341 5445 1436 5488 est.
1455 5434 1589 5488 Dicit
1611 5451 1733 5503 ergo

169 5521 233 5572 eis
258 5523 412 5577 Iesus
439 5540 458 5576 :
481 5521 668 5586 Pueri,
694 5527 927 5594 nunquid
945 5527 1347 5595 pulmentarium
1371 5527 1568 5579 habetis
1585 5526 1610 5578 ?
1632 5524 1735 5578 Re-

169 5613 480 5678 sponderunt
511 5614 558 5666 ei
600 5627 618 5662 :
657 5612 795 5665 Non.
825 5614 1001 5680 Quaeri
1035 5623 1209 5684 potest
1248 5631 1345 5668 cur
1372 5613 1646 5682 discipulis
1678 5614 1730 5666 in

175 5703 301 5758 mari
327 5703 701 5758 laborantibus
725 5714 842 5773 post
882 5708 1327 5763 resurrectionem
1376 5706 1632 5761 Dominus
1680 5706 1734 5760 in

1864 1910 1998 1964 dixit
2020 1910 2100 1964 eis
2128 1927 2140 1962 :
2176 1909 2368 1962 Mittite
2387 1911 2441 1962 in
2470 1911 2702 1963 dextram
2727 1912 2916 1981 navigii
2943 1922 3123 1974 rete,et
3150 1913 3436 1966 invenietis.

1863 2000 1954 2054 Bis
1982 2000 2032 2053 in
2063 2010 2249 2054 sancto
2279 1999 2568 2069 Evangelio
2591 1999 2804 2068 legitur,
2821 2001 2945 2068 quia
2979 2002 3232 2054 Dominus
3252 2000 3435 2069 jussit,

1861 2092 2020 2160 ut‘ad
2049 2091 2362 2160 piscandum
2413 2090 2546 2143 retia
2594 2091 2952 2152 mitterentur,
2981 2100 3106 2145 ante
3133 2093 3435 2161 passionem

1860 2181 2107 2236 videlicet
2135 2190 2190 2236 et
2225 2189 2345 2251 post
2370 2181 2694 2248 passionem.
2733 2179 2838 2234 Sed
2869 2182 3178 2251 priusquam
3209 2181 3438 2235 Redim-

1860 2283 1983 2342 ptor
2035 2280 2219 2327 noster
2262 2281 2540 2340 pateretur
2586 2279 2641 2325 et
2693 2281 3013 2342 resurgeret,
3051 2273 3188 2326 mitti
3218 2273 3434 2340 quidem

1862 2369 1976 2416 rete
2000 2361 2066 2415 ad
2091 2361 2404 2430 piseandum
2425 2362 2598 2428 jubet,
2627 2361 2722 2414 sed
2767 2370 2948 2414 utrum
2980 2362 3033 2414 in
3079 2363 3322 2416 dextram
3367 2378 3436 2415 an

1863 2452 1915 2506 in
1940 2453 2216 2507 sinistram
2252 2453 2392 2506 mitti
2441 2453 2735 2518 debuisset,
2769 2469 2874 2507 non
2894 2452 3132 2523 jubetur.
3169 2453 3295 2508 Post
3341 2469 3430 2508 rc-

1861 2545 2247 2600 surrectionem
2278 2561 2405 2600 vero
2435 2545 2706 2614 discipulis
2748 2561 3014 2615 apparens
3054 2546 3195 2598 mitti
3233 2554 3344 2598 rete
3382 2545 3435 2598 iu

1860 2638 2102 2692 dextram
2132 2635 2302 2704 jubet.
2345 2637 2401 2690 ln
2431 2637 2518 2690 illa
2547 2638 2844 2706 piscatione.
2873 2638 3006 2691 tanti
3034 2637 3178 2706 capti
3203 2644 3348 2700 sunt,
3376 2645 3436 2690 ut

1860 2728 1995 2782 retia
2028 2717 2433 2796 rumperentur;
2467 2727 2521 2780 in
2551 2729 2654 2782 ista
2671 2736 2851 2782 autem
2873 2735 2926 2781 et
2945 2727 3099 2780 multi
3121 2725 3262 2795 capti
3288 2736 3436 2791 sunt,

1859 2829 1914 2875 et
1959 2818 2094 2873 retia
2129 2825 2285 2887 rupta
2320 2833 2429 2873 non
2474 2825 2617 2871 sunt.
2665 2817 2795 2884 Quis
2851 2832 2980 2872 vero
3017 2818 3223 2871 nesciat
3267 2817 3438 2871 bonos

1859 2910 2048 2964 dextra
2070 2915 2126 2962 et
2153 2907 2323 2962 malos
2356 2907 2572 2962 sinistra
2610 2906 2846 2976 ﬁgurari.
2895 2905 2990 2959 llla
3035 2921 3165 2976 ergo
3210 2907 3436 2976 piscatio

1858 3000 1912 3054 in
1933 3014 2038 3070 qua
2067 2999 2374 3068 specialiter
2409 2999 2463 3053 in
2491 3013 2651 3067 quam
2679 3007 2885 3067 partem
2930 2999 3070 3052 mitti
3105 2999 3295 3053 debeat
3325 3007 3437 3053 rete

1857 3104 1961 3143 non
1984 3089 2569 3160 jubetur,przsentcm
2617 3087 2916 3142 Ecclesiam
2968 3089 3265 3160 designavit
3315 3105 3436 3158 qua:

1780 3149 1826 3211 C
1857 3149 2028 3233 bonos
2052 3149 2219 3242 simul
2233 3149 2296 3232 ac
2323 3177 2492 3231 malos
2521 3177 2739 3247 colligit,
2767 3194 2865 3232 nec
2899 3178 3041 3249 eligit
3073 3149 3206 3248 quos
3234 3149 3435 3246 trahat,

1856 3271 1982 3341 quia
2013 3279 2069 3325 et
2091 3285 2225 3339 quos
2253 3270 2450 3341 eligere
2479 3271 2651 3339 possit
2685 3271 2914 3340 ignorat.
2962 3271 3086 3324 Hmc
3130 3279 3308 3328 autem
3351 3271 3431 3339 pi-

1855 3360 2025 3414 scatio
2049 3368 2172 3429 post
2214 3360 2422 3413 Domini
2472 3361 2919 3414 resurrectionem
2968 3359 3105 3412 facta
3160 3361 3212 3413 in
3263 3361 3433 3414 solam

1853 3451 2129 3504 dexteram
2158 3452 2317 3504 missa
2347 3459 2452 3514 est,
2471 3451 2595 3518 quia
2623 3451 2689 3502 ad
2717 3451 3000 3504 videndam
3034 3449 3295 3504 claritatis
3316 3450 3434 3519 ejus

1853 3538 2076 3607 gloriam
2107 3539 2219 3592 sola
2257 3538 2551 3593 electorum
2599 3537 2838 3592 Ecclesia
2887 3539 3164 3608 pertingit,
3209 3554 3328 3608 qua:
3367 3541 3434 3593 de

1853 3630 2071 3684 sinistro
2117 3643 2282 3699 opere
2329 3629 2406 3681 nil
2448 3628 2686 3683 habebit.
2737 3628 2794 3681 ln
2846 3627 2933 3682 illa
2981 3629 3278 3698 piscatione
3320 3643 3432 3698 pne

1855 3721 2195 3775 multitudine
2240 3721 2470 3791 piscium
2515 3729 2627 3775 rete
2675 3721 2960 3788 rumpitur,
3010 3721 3133 3788 quia
3184 3714 3326 3774 nunc
3359 3721 3428 3774 ad

1851 3810 2243 3864 confessionem
2291 3808 2413 3864 ﬁdei
2459 3809 2624 3862 etiam
2672 3824 2790 3863 eum
2838 3808 3025 3862 electis
3055 3809 3268 3876 reprobi
3296 3809 3430 3862 tanti

1851 3905 2076 3971 intrant,
2090 3904 2181 3974 qui
2213 3904 2383 3973 ipsam
2409 3917 2622 3972 quoque
2645 3901 2940 3956 Ecclesiam
2971 3902 3263 3955 haeresibus
3287 3901 3429 3955 sciu-

1851 3998 2000 4052 dant.
2032 3996 2089 4049 lu
2120 3997 2220 4050 ista
2248 4009 2377 4049 vero
2401 3994 2697 4063 piscatione
2722 4001 2775 4045 et
2798 3991 2949 4046 multi
2977 3992 3151 4060 pisces
3175 3999 3229 4044 et
3249 3991 3429 4060 magni

1850 4088 2154 4157 capiuntur,
2181 4093 2236 4140 et
2269 4092 2385 4139 rete
2413 4098 2518 4138 non
2549 4083 2838 4152 rumpitur,
2858 4081 2984 4149 quia
3014 4087 3198 4133 sancta
3226 4079 3426 4133 electo-

1850 4193 1970 4232 rum
1996 4175 2232 4231 Ecclesia
2261 4175 2316 4228 in
2344 4174 2598 4228 continua
2624 4173 2860 4227 auctoris
2904 4171 2986 4224 sui
3035 4185 3167 4239 pace
3214 4170 3426 4238 requie-

1849 4284 2005 4325 scens
2034 4267 2192 4321 nullis
2219 4265 2333 4334 jam
2361 4263 2786 4319 dissensionibus
2812 4262 3120 4315 dilaniatur.

1919 4357 2178 4411 Miserum
2205 4371 2325 4424 ergo
2357 4363 2484 4413 rete,
2531 4362 2578 4406 et
2597 4352 2715 4422 jam
2750 4367 2854 4404 non
2891 4349 3126 4404 valebant
3153 4348 3285 4402 illud
3309 4357 3424 4402 tra-

1847 4451 1968 4504 here
1995 4467 2028 4502 a
2065 4447 2398 4500 multitudine
2424 4445 2663 4516 piscium.
2705 4444 2845 4497 Dicit
2875 4459 2995 4512 ergo
3023 4439 3311 4511 discipulus
3337 4440 3426 4493 ille

1845 4554 1995 4609 quem
2021 4536 2267 4606 diligebat
2287 4535 2444 4588 Iesus
2474 4531 2633 4586 Petro
2659 4548 2678 4585 :
2707 4531 2962 4584 Dominus
2994 4539 3088 4582 est.
3115 4527 3296 4582 Simon
3327 4525 3424 4580 Pe-

1843 4639 1956 4682 trus
1978 4643 2095 4680 cum
2130 4625 2360 4678 audisset
2388 4623 2527 4694 quod
2549 4622 2805 4676 Dominus
2833 4629 2929 4684 est,
2959 4620 3134 4672 tunica
3163 4617 3423 4672 succinxit

1843 4738 1928 4783 se;
1953 4729 2066 4773 erat
2096 4719 2233 4772 enim
2258 4717 2460 4780 nudus;
2486 4723 2532 4767 et
2563 4714 2702 4785 misit
2728 4729 2781 4766 se
2809 4713 2865 4764 in
2886 4727 3047 4764 mare.
3096 4709 3202 4761 Alii
3245 4717 3418 4760 autem

1841 4808 2084 4878 discipuli
2104 4808 2307 4877 navigio
2337 4813 2603 4860 venerunt.
2618 4802 2732 4858 Non
2757 4802 2899 4856 enim
2921 4808 3073 4854 erant
3092 4799 3247 4868 longe
3268 4812 3298 4850 a
3316 4804 3422 4850 ter-

1843 4900 2033 4965 ra,sed
2056 4898 2208 4970 quasi
2236 4897 2430 4952 cubitis
2458 4897 2703 4951 ducentis
2729 4883 3002 4948 trahentes
3027 4901 3140 4945 rete
3165 4888 3412 4959 piscium.

1915 4989 1981 5043 Ut
2019 5005 2138 5058 ergo
2177 4985 2551 5040 descenderunt
2598 4983 2653 5036 in
2700 4993 2916 5045 terram,
2945 4979 3182 5033 viderunt
3216 4991 3416 5046 prunas

1839 5080 2037 5150 positas
2060 5087 2106 5132 et
2135 5078 2325 5146 piscem
2355 5073 2736 5143 superpositum
2767 5081 2813 5123 et
2838 5085 3044 5140 panem.
3071 5067 3170 5122 Ubi
3200 5081 3302 5118 non
3329 5071 3414 5117 est

1840 5167 2240 5238 intelligendum
2260 5164 2420 5218 etiam
2451 5177 2642 5232 panem
2673 5160 2836 5214 fuisse
2866 5157 3260 5226 superpositum
3284 5167 3420 5221 pru-

1837 5261 1942 5322 nis,
1971 5257 2062 5312 sed
2096 5264 2302 5310 tantum
2331 5252 2754 5307 subaudiendum
2817 5250 3054 5303 viderunt
3084 5267 3103 5303 :
3133 5247 3294 5300 Iidem
3329 5242 3415 5296 vi-

1839 5349 2032 5403 derunt
2056 5361 2256 5415 prunas
2285 5343 2505 5412 positas,
2529 5349 2582 5395 et
2609 5342 2812 5410 piscem
2842 5339 3234 5409 superpositum
3264 5339 3413 5392 vide-

1837 5446 1983 5502 runt,
1997 5445 2053 5492 et
2065 5450 2256 5506 panem
2268 5434 2535 5488 viderunt.
2553 5431 2648 5485 Vel
2667 5433 2737 5485 ita
2757 5431 2936 5501 potius
2951 5429 3195 5482 viderunt
3209 5443 3409 5497 prunas

1837 5529 2068 5600 positas,
2095 5534 2149 5579 et
2181 5525 2380 5592 piscem
2414 5523 2807 5591 superpositum
2837 5517 3086 5572 viderunt
3112 5527 3165 5570 et
3193 5531 3406 5586 panem.

1907 5617 2054 5670 Dixit
2085 5617 2158 5669 eis
2191 5616 2343 5668 Iesus
2377 5628 2394 5664 :
2427 5614 2622 5682 A/ferte
2646 5614 2710 5666 de
2739 5612 2964 5682 piscibus
2985 5627 3113 5680 quos
3136 5607 3408 5679 prendidi-

1837 5709 1929 5762 stis
1959 5723 2115 5760 nunc.
2146 5704 2386 5758 Ascendit
2429 5705 2613 5759 Simon
2653 5702 2860 5766 Petrus,
2901 5711 2947 5754 et
2996 5699 3154 5753 traxit
3206 5706 3308 5751 rete
3347 5695 3409 5750 in
