3922 6344
421 380 525 438 155

1052 379 1113 433 Β.
1156 378 1410 433 RABANI
1452 376 1672 434 MAURI
1710 374 2029 432 ARClllEP.
2070 374 2377 433 MOGUNT.
2419 378 2703 435 OPERUM
2744 374 2920 431 PARS
2960 375 3019 429 ll.

3591 373 3688 428 1.30

418 508 633 553 terram.
666 492 849 563 Captis
877 501 1055 546 autem
1084 500 1191 545 tam
1234 490 1445 561 magnis
1468 490 1730 560 piscibus,
1754 488 1998 543 ascendit
2026 494 2074 553 Α
2104 488 2207 543 hoc
2252 490 2412 542 modo
2442 506 2454 542 :
2494 488 2669 544 Unum
2715 489 2821 542 duo
2849 494 2958 541 tres
2988 485 3152 551 ﬁunt;
3206 488 3340 542 adde
3395 494 3526 548 tres,
3556 489 3692 541 ﬁunt

424 589 607 645 Simon
632 584 842 647 Petrus,
866 592 919 638 et
950 582 1110 636 traxit
1138 590 1251 635 rete
1296 582 1349 635 in
1382 589 1619 654 ‘terram.
1668 577 1785 633 lam
1839 580 2000 633 credo

422 677 561 748 quod
586 684 764 730 vestra
790 672 1027 727 charitas
1049 671 1280 725 advertit
1304 670 1432 741 quid
1453 680 1537 725 est
1558 670 1696 738 quod
1723 668 1913 723 Petrus
1934 670 2000 723 ad

423 776 622 820 terram
663 762 843 817 trahit.
875 762 979 831 lpsi
1007 761 1202 830 quippe
1232 768 1417 814 sancta
1448 758 1687 814 Ecclesia
1736 766 1817 811 est
1856 772 2004 811 com-

424 857 607 919 missa,
639 854 738 923 ipsi
770 852 1077 922 specialiter
1109 852 1341 905 dicitur:
1374 849 1554 903 Simon
1578 846 1824 911 Joannis,
1856 864 2002 900 antas

425 947 539 1001 me?
561 944 724 998 Pasce
748 960 862 997 oves
889 959 1051 1016 meas.
1070 941 1221 1008 Quod
1238 954 1367 1008 ergo
1385 937 1721 1007 postmodum
1741 937 1997 1006 aperitur,

421 1036 525 1091 hoc
564 1049 706 1089 nunc
749 1034 993 1103 signatur
1024 1032 1075 1085 in
1107 1045 1289 1100 opere.
1321 1028 1457 1095 Quia
1496 1027 1658 1097 igitur
1682 1028 2003 1095 praedicator

423 1146 521 1187 nos
548 1145 578 1183 a
612 1129 793 1184 nmndi
816 1128 972 1199 hujus
998 1126 1246 1181 [luctibus
1269 1132 1485 1194 separat
1507 1122 1759 1177 nimirum
1784 1135 2003 1175 necesse

420 1228 527 1284 est,
552 1229 611 1273 ut
640 1228 749 1273 rete
771 1218 982 1287 plenum
1014 1216 1251 1287 piscibus
1276 1214 1469 1268 Petrus
1500 1213 1569 1267 ad
1595 1220 1793 1274 terram
1824 1212 1998 1264 ducat.

420 1313 537 1381 Ipse
563 1310 707 1366 enim
738 1311 913 1378 pisces
941 1308 1007 1361 ad
1038 1306 1362 1361 soliditatem
1391 1302 1586 1357 littoris
1613 1300 2000 1369 pertrahit,qui

421 1411 624 1456 sancte
643 1397 1036 1468 praedicationis
1050 1410 1182 1449 voce
1210 1392 1556 1447 stabilitatem
1579 1398 1796 1443 :eterna:
1817 1388 2003 1457 patria:

423 1491 668 1547 ﬁdelibus
693 1490 957 1547 ostendit.
978 1486 1091 1541 Hoc
1118 1486 1231 1555 egit
1258 1483 1460 1547 verbis,
1490 1482 1595 1536 hoc
1622 1479 2004 1549 epistolis,hoc

422 1583 529 1653 agit
555 1581 795 1651 quotidie
826 1577 1206 1633 miraculorum
1245 1574 1433 1645 signis.
1471 1573 1693 1640 Quoties
1740 1586 1836 1640 per
1878 1585 2002 1624 eum

420 1673 488 1726 ad
516 1686 758 1726 amorem
792 1669 988 1739 quietis
1017 1677 1233 1722 aeternae
1280 1665 1666 1729 convertimur,
1719 1663 1928 1731 quoties
1972 1676 2001 1714 a

423 1772 758 1816 terrenarum
787 1776 965 1816 rerum
997 1759 1313 1813 tumultibus
1344 1772 1683 1827 separamur,
1705 1754 1832 1825 quid
1857 1753 2001 1808 aliud

421 1868 582 1921 quam
608 1853 748 1906 intra
785 1860 897 1906 rete
930 1852 1051 1905 ﬁdei
1079 1852 1257 1921 pisces
1288 1851 1355 1905 ad
1390 1852 1542 1905 littus
1568 1850 1864 1904 trahimur?

492 1939 715 1995 Plenum
738 1941 947 2010 magnis,
960 1942 1186 2011 piscibus
1202 1951 1404 1995 centum
1422 1942 1797 2011 quinquaginta
1812 1940 2000 1993 tribus.

421 2032 465 2087 Α
493 2048 688 2104 magno
714 2034 969 2103 mysterio
996 2048 1254 2087 numerus
1283 2048 1385 2085 non
1415 2041 1600 2095 vacat,
1632 2032 1726 2085 sed
1771 2032 2003 2086 intentos

422 2138 517 2177 vos
546 2122 677 2175 tanti
701 2123 941 2192 mysterii
971 2123 1307 2191 profunditas
1337 2130 1636 2190 exspectat,
1669 2137 1840 2189 neque
1861 2122 2004 2174 enim

424 2212 740 2281 quantitatis
768 2228 1031 2266 summam
1058 2212 1288 2266 solerter
1307 2213 1633 2282 evangelista
1658 2213 2002 2280 exprimeret,

424 2304 527 2359 nisi
569 2304 707 2358 hanc
737 2314 1075 2357 sacramento
1105 2304 1315 2373 plenam
1343 2319 1460 2358 esse
1484 2304 1802 2373 judieasset.
1840 2304 2005 2357 Scitis

426 2407 657 2460 namque
683 2394 823 2461 quod
855 2393 908 2445 in
940 2392 1287 2447 Testamento
1320 2393 1497 2448 Veteri
1544 2392 1722 2447 omnis
1765 2393 2006 2462 Operatio

427 2497 522 2551 per
551 2483 787 2553 deealogi
837 2483 1087 2536 mandata
1136 2485 1467 2553 praecipitur.
1523 2484 1578 2538 In
1635 2482 1783 2538 Novo
1826 2493 2006 2538 autem

426 2571 664 2640 ejusdem
688 2573 1015 2640 operationis
1044 2573 1214 2627 virtus
1239 2589 1336 2643 per
1366 2574 1734 2643 septiformem
1780 2576 2008 2645 gratiam

424 2663 595 2717 sancti
640 2662 870 2732 Spiritus
926 2664 1289 2732 multiplicatis
1335 2664 1581 2719 ﬁdelibus
1627 2666 1821 2729 datur,
1850 2679 2008 2732 quem

428 2754 686 2821 propheta
722 2754 1044 2808 denuntians
1072 2754 1241 2808 dicit:
1272 2753 1503 2824 Spiritus
1532 2756 1802 2825 sapientia:
1838 2766 1884 2809 et
1929 2756 2011 2809 in-

428 2840 693 2907 tellectus,
754 2842 983 2911 Spiritus
1032 2843 1235 2896 consilii
1290 2854 1334 2896 et
1386 2843 1733 2911 fortitudinis,
1782 2842 2010 2911 Spiritus

427 2932 655 2986 scientiw
680 2943 727 2984 et
750 2932 985 3000 pietatis,
1019 2941 1067 2985 et
1114 2931 1342 3002 Spiritus
1390 2933 1593 2986 timoris
1640 2932 1869 2985 Domini.
1907 2931 2012 2988 Sed

428 3024 520 3079 ille
546 3024 599 3077 in
626 3025 728 3078 hoc
767 3023 966 3093 Spiritu
1012 3024 1377 3093 operationem
1431 3024 1659 3093 percipit
1708 3024 1800 3093 qui
1851 3023 2007 3077 ﬁdem

431 3111 713 3167 Trinitatis
742 3114 1002 3183 agnoscit,
1033 3123 1093 3167 ut
1115 3121 1169 3167 et
1205 3113 1423 3167 Patrem
1452 3122 1507 3167 et
1535 3113 1728 3167 Filium
1757 3120 1813 3167 et
1853 3127 2005 3166 eum-

2102 592 2229 643 sex;
2261 579 2346 633 his
2369 576 2595 648 adjunge
2615 587 2866 647 quatuor,
2895 576 3030 631 ﬁunt
3055 577 3237 631 decem
3262 593 3276 642 ;
3313 576 3399 630 bis
3426 576 3689 645 quinque,

2102 677 2154 721 et
2183 668 2405 723 habebis
2435 670 2776 737 quindecim;
2826 677 2883 723 et
2922 667 3001 722 sic
3036 667 3407 721 crescentibus
3446 667 3693 723 numeris

2103 767 2156 811 et
2188 758 2551 829 multiplicatis
2590 774 2760 829 usque
2788 758 2856 812 ad
2885 759 3070 813 decem
3098 766 3153 811 et
3201 768 3431 827 septem,
3467 758 3527 812 ﬁt
3572 774 3693 812 om.

2104 849 2250 901 nium
2281 865 2627 905 numerorum
2655 864 2864 903 summa
2895 849 3119 903 istorum
3145 850 3235 918 qui
3262 850 3693 918 multiplicantur

2103 938 2169 991 ab
2204 953 2311 993 uno
2339 955 2509 1009 usque
2540 939 2606 993 ad
2637 941 2824 994 decem
2851 950 2906 994 et
2934 948 3138 1009 septem
3173 950 3388 995 centum
3416 942 3660 1011 quinqua

2103 1028 2250 1099 ginta
2280 1037 2409 1083 tres.
2435 1030 2564 1097 Quae
2606 1038 2915 1101 computata
2957 1032 3222 1100 superiori
3273 1031 3693 1102 signiﬁcatione,

2104 1116 2155 1169 id
2177 1127 2262 1171 est
2289 1117 2421 1187 legis
2458 1120 2509 1173 in
2538 1120 2781 1185 denario,
2808 1131 2863 1175 et
2891 1123 3077 1191 gratia:
3120 1121 3174 1175 in
3219 1122 3526 1190 septenario
3558 1124 3695 1177 satis

2104 1208 2463 1278 congruenter
2490 1211 2792 1265 conveniet.
2830 1210 2934 1266 Sed
2961 1212 3113 1282 plura
3140 1221 3267 1267 sunt
3291 1213 3414 1266 inde
3439 1213 3696 1267 conside-

2103 1314 2224 1352 rare
2251 1302 2607 1355 admiratione
2640 1303 2819 1372 digna,
2854 1319 2974 1372 qua:
3018 1303 3176 1372 hujus
3219 1305 3479 1374 temporis
3525 1320 3699 1373 angu-

2102 1390 2204 1444 stia
2234 1393 2479 1461 prohibet
2506 1408 2604 1448 nos
2622 1395 2803 1448 omnia
2833 1395 3032 1449 dicere.

2174 1478 2237 1531 Et
2269 1498 2387 1533 cum
2418 1484 2550 1535 tanti
2576 1493 2738 1537 essent
2767 1500 2869 1537 non
2909 1495 2982 1539 est
3033 1487 3251 1539 scissum
3307 1495 3429 1539 rete.
3481 1484 3698 1553 Adjecit

2102 1570 2429 1638 evangelista
2470 1588 2582 1626 rem
2618 1576 2983 1629 necessariam
3018 1576 3240 1631 dicens:
3276 1576 3342 1629 Et
3388 1593 3507 1630 cum
3558 1580 3694 1630 tanti

2102 1670 2303 1725 essent;
2324 1662 2435 1716 sive
2463 1672 2568 1717 tam
2592 1665 2791 1734 magni,
2809 1668 3211 1737 sicutsuperius
3232 1668 3457 1733 dictum,
3475 1668 3695 1739 plenum

2104 1753 2311 1821 magnis
2333 1754 2600 1822 piscibus;
2654 1773 2755 1809 non
2781 1768 2855 1811 est
2882 1759 3099 1811 scissum
3130 1768 3235 1813 rete
3263 1776 3280 1813 :
3312 1760 3364 1814 id
3392 1771 3478 1814 est
3508 1764 3693 1831 magni

2031 1845 2077 1903 B
2105 1854 2288 1912 erant,
2320 1848 2413 1901 sed
2447 1847 2587 1903 inter
2611 1864 2705 1904 eos
2736 1851 2971 1917 haereses
3002 1867 3108 1906 non
3148 1860 3323 1916 erant,
3349 1862 3403 1907 et
3425 1854 3547 1908 ideo
3576 1870 3695 1907 ma-

2104 1936 2185 2005 gis
2208 1938 2440 1992 haereses
2465 1955 2569 1993 non
2594 1949 2771 2005 erant,
2794 1942 2920 2009 quia
2951 1944 3131 2013 magni
3168 1953 3341 1997 erant.

2178 2028 2314 2081 Dicit
2346 2031 2418 2083 eis
2444 2030 2597 2083 Iesus
2623 2048 2639 2084 :
2672 2029 2868 2095 Venite,
2895 2034 3167 2102 prandete.
3202 2034 3265 2087 Et
3299 2051 3445 2087 nemo
3468 2035 3696 2088 audebat

2103 2118 2534 2173 discumbentium
2555 2138 2671 2174 eum
2696 2122 3015 2192 interrogare
3041 2138 3059 2174 :
3093 2123 3171 2177 Tu
3202 2127 3320 2193 quis
3353 2126 3446 2178 es?
3487 2124 3697 2179 Sensus

2105 2224 2234 2279 ergo
2257 2209 2345 2264 hic
2366 2219 2477 2264 est:
2502 2209 2671 2264 Tanta
2692 2221 2803 2265 erat
2833 2212 3101 2266 evidentia
3125 2216 3367 2267 veritatis
3389 2214 3514 2283 quia
3533 2214 3698 2268 Iesus

2106 2299 2211 2355 illis
2236 2301 2511 2369 discipulis
2535 2304 2826 2372 apparebat
2852 2312 2911 2357 ut
2930 2319 3116 2358 eorum
3143 2322 3248 2359 non
3270 2306 3441 2360 solum
3469 2321 3693 2377 negare,

2107 2388 2200 2443 sed
2246 2404 2312 2443 ne
2351 2390 2599 2445 dubitare
2632 2393 2851 2460 quidem
2893 2393 3032 2449 ullus
3072 2396 3316 2460 auderet,
3340 2397 3593 2465 qttoniam
3644 2396 3699 2452 si

2108 2478 2392 2548 quisquam
2415 2471 2685 2535 dubitaret
2717 2483 2903 2552 utique
2946 2483 3286 2554 interrogare
3324 2485 3564 2540 deberet.
3598 2483 3701 2543 Sic

2109 2581 2239 2636 ergo
2259 2567 2460 2621 dictum
2486 2577 2603 2622 est:

2182 2656 2354 2711 Nemo
2376 2658 2597 2711 audebat
2629 2660 2953 2732 interrogare
2979 2678 2997 2714 :
3030 2663 3106 2717 Tu
3127 2668 3242 2735 quis
3263 2684 3314 2721 es
3334 2668 3359 2720 .9
3382 2667 3460 2723 Ae
3486 2669 3529 2723 si
3550 2669 3695 2725 dice

2108 2757 2261 2804 retur
2292 2767 2305 2803 :
2342 2747 2508 2804 Nemo
2537 2751 2766 2806 audebat
2791 2753 3040 2810 dubitare
3068 2758 3208 2825 quod
3240 2759 3353 2828 ipse
3382 2768 3545 2814 esset.

2180 2838 2249 2892 Et
2274 2840 2405 2893 venit
2439 2839 2613 2903 Iesus,
2643 2852 2689 2895 et
2714 2844 2909 2913 accepit
2934 2856 3205 2913 panem,et
3226 2849 3384 2902 dabat
3410 2852 3505 2915 eis,
3530 2860 3577 2903 et
3612 2853 3704 2921 pi-

2110 2944 2245 2981 scem
2267 2928 2526 2982 similiter.
2555 2929 2859 2985 Notandum
2886 2948 3099 3004 quoque
3123 2938 3265 3005 quod
3292 2937 3538 2992 ultimum
3563 2956 3702 2995 con-

2109 3018 2312 3072 vivium
2343 3019 2605 3075 Dominus
2628 3036 2748 3075 cum
2780 3032 2987 3093 septem
3022 3026 3304 3096 discipulis
3326 3029 3579 3084 habuisse
3600 3031 3691 3085 de-

2111 3111 2383 3165 scribitur.
2401 3110 2592 3167 Petrus
2611 3128 2843 3183 namque
2858 3122 2912 3169 et
2928 3115 3184 3183 Thomas,
3204 3116 3499 3173 Nathanael
3520 3132 3577 3173 et
3598 3120 3698 3176 ﬁlii

426 3201 548 3257 dem
583 3204 840 3272 Spiritum
868 3214 1135 3269 sanctum,
1163 3205 1321 3259 unius
1364 3204 1580 3258 virtutis
1614 3206 1816 3267 credat,
1844 3203 2002 3256 unius
2031 3199 2075 3260 C
2107 3202 2347 3257 Zebedtei
2374 3210 2428 3257 et
2452 3204 2540 3257 alii
2561 3216 2641 3258 ex"
2660 3205 2935 3275 discipulis
2963 3206 3079 3275 ejus
3101 3210 3204 3263 duo
3226 3211 3278 3263 in
3308 3226 3371 3265 eo
3395 3211 3562 3267 fuisse
3582 3230 3705 3270 me-

427 3294 744 3348 substantize
770 3309 887 3348 esse
916 3294 1165 3349 fateatur.
1196 3294 1330 3361 Quia
1364 3295 1527 3364 igitur
1550 3304 1753 3363 septem
1781 3308 1897 3362 qua:
1920 3309 2009 3347 su-

429 3385 613 3453 perius
637 3385 868 3439 diximus
900 3400 995 3453 per
1025 3384 1229 3438 Novum
1264 3384 1668 3438 Testamentum
1700 3382 1859 3437 latius
1886 3384 2008 3437 data

430 3485 574 3541 sunt,
605 3477 789 3530 decem
816 3492 941 3530 vero
975 3492 1071 3545 per
1094 3474 1303 3529 Veteris
1349 3475 1678 3529 Testamenti
1721 3482 2008 3543 praecepta,

431 3568 607 3623 omnis
634 3576 816 3621 nostra
842 3567 1014 3619 virtus
1039 3566 1351 3634 etoperatio
1381 3578 1476 3633 per
1505 3564 1687 3618 decem
1726 3572 1779 3618 et
1806 3573 2009 3633 septem

429 3668 609 3729 petest
636 3658 791 3727 plene
820 3658 1223 3727 comprehendi.
1273 3656 1543 3709 Dueamus
1572 3670 1697 3722 ergo
1723 3669 1818 3724 per
1849 3655 2012 3723 trigo-

432 3765 559 3804 num
585 3751 769 3804 decem
800 3757 854 3802 et
896 3756 1101 3816 septem
1152 3756 1206 3799 et
1262 3746 1479 3798 veniunt
1528 3744 1912 3814 quinquaginta
1960 3752 2012 3797 et

433 3853 626 3903 unum,
649 3838 741 3907 qui
782 3834 1023 3907 profecto
1048 3850 1307 3889 numerus
1337 3850 1366 3887 a
1399 3848 1595 3903 magno
1626 3834 1881 3904 mysterio
1906 3850 2011 3888 non

434 3938 610 3992 vacat,
642 3928 764 3997 quia
786 3928 896 3997 jam
924 3926 977 3979 in
1012 3925 1359 3979 Testamento
1389 3925 1569 3980 Veteri
1600 3924 1847 3994 legimus,
1871 3925 2012 3994 quod

436 4034 609 4074 annus
637 4017 1113 4086 quinquagesimus
1141 4014 1398 4069 «Ιιὼὶιιιξυδ
1422 4016 1601 4069 vocari
1627 4015 1809 4082 jussus
1832 4027 1933 4080 est,
1959 4017 2012 4069 in

436 4124 543 4177 quo
567 4106 812 4159 videlicet
839 4113 1067 4158 cunctus
1093 4105 1316 4173 populus
1341 4106 1407 4158 ab
1433 4104 1578 4157 omni
1611 4118 1772 4173 opere
1800 4104 2013 4172 requie—

438 4209 633 4261 sceret,
660 4198 750 4252 sed
778 4212 904 4250 vera
930 4197 1143 4265 requies
1171 4196 1222 4248 in
1244 4196 1449 4248 unitate
1472 4204 1555 4249 est
1588 4214 1599 4248 :
1631 4194 1792 4248 dividi
1820 4197 2014 4265 quippe

436 4303 603 4344 unum
634 4303 741 4340 non
773 4296 970 4356 potest.
1016 4285 1117 4340 Ubi
1147 4284 1289 4339 enim
1334 4286 1569 4339 scissura
1606 4284 1883 4339 divisionis
1910 4292 2012 4351 est,

438 4396 567 4434 vera
612 4380 824 4448 requies
856 4394 959 4433 non
990 4386 1092 4431 est.
1140 4377 1407 4431 Ducamus
1442 4390 1537 4446 per
1564 4376 1829 4445 trigonum
1862 4376 2017 4445 quin—

440 4471 696 4545 quaginta
730 4479 785 4524 et
811 4484 972 4523 unum
1014 4477 1069 4523 et
1099 4468 1234 4521 ﬁunt
1266 4478 1480 4523 centum
1533 4476 1589 4522 et
1632 4468 2014 4537 quinquaginta

2111 3302 2409 3351 morantur.
2428 3294 2537 3349 Cur
2557 3310 2677 3349 cum
2702 3307 2907 3365 septem
2929 3299 3211 3368 discipulis
3238 3301 3482 3357 ultimum
3506 3304 3701 3358 eonvi-

2111 3384 2255 3437 vium
2272 3384 2523 3450 celebrat,
2541 3387 2641 3441 nisi
2656 3389 2784 3456 quia
2798 3404 2893 3443 eos
2910 3392 3277 3446 tantummodo
3292 3393 3382 3461 qui
3398 3393 3703 3462 septiformi

2113 3474 2281 3542 gratia
2310 3475 2480 3528 sancti
2513 3474 2745 3544 Spiritus
2774 3478 2916 3547 pleni
2971 3490 3096 3535 sunt
3149 3482 3358 3536 futuros
3408 3498 3593 3537 secum
3640 3484 3700 3538 in

2114 3573 2315 3616 (eterna
2353 3563 2645 3620 refectione
2673 3568 2989 3622 denuntiat?
3015 3568 3233 3641 Septem
3267 3587 3479 3640 quoque
3505 3574 3700 3630 diebus

2115 3669 2273 3707 omne
2298 3655 2401 3709 hoc
2431 3664 2640 3724 tempus
2664 3658 2929 3713 evolvitur
2954 3670 3009 3715 et
3050 3677 3193 3731 smpe
3235 3664 3542 3732 septenario
3591 3680 3668 3719 nu

2116 3758 2265 3797 mero
2295 3743 2552 3813 perfectio
2581 3747 2908 3816 designatur.
2952 3750 3030 3804 llli
3064 3766 3195 3821 ergo
3232 3752 3419 3807 ultimo
3449 3754 3704 3809 convivio

2116 3835 2181 3889 de
2220 3836 2503 3903 praesentia
2527 3838 2769 3893 veritatis
2797 3840 3102 3909 epulantur,
3127 3842 3216 3910 qui
3246 3858 3387 3897 nunc
3411 3843 3705 3911 perfectio-

2116 3924 2200 3979 nis
2229 3926 2406 3979 studio
2433 3935 2646 3981 terrena
2692 3931 3100 3995 transcendunt,
3131 3945 3267 4000 quos
3313 3932 3496 3986 mundi
3544 3948 3704 3987 amor

2116 4030 2220 4069 non
2274 4015 2474 4086 alligat,
2524 4018 2717 4086 quibus
2768 4020 2868 4073 etsi
2925 4029 3196 4089 utcunque
3231 4036 3326 4089 per
3364 4030 3702 4076 tentameuta

2115 4106 2398 4174 obstrepit,
2431 4117 2604 4177 empta
2645 4116 2822 4162 tamen
2856 4123 3044 4163 eorum
3077 4111 3340 4166 desideria
3374 4127 3479 4165 non
3516 4120 3705 4167 retun-

2117 4196 2213 4249 dit.
2240 4194 2319 4249 De
2346 4198 2447 4251 hoc
2478 4206 2723 4252 extremo
2749 4201 2995 4255 convivio
3032 4200 3166 4255 alias
3206 4215 3302 4270 per
3329 4200 3591 4257 Joannem
3616 4203 3705 4257 di-

2116 4284 2296 4339 citur:
2329 4284 2479 4340 Beati
2525 4288 2612 4357 qui
2652 4290 2719 4341 ad
2778 4305 2977 4345 comam
3022 4292 3305 4360 nuptialem
3358 4293 3481 4361 agni
3532 4294 3705 4346 uocati

2118 4386 2258 4429 sunt.
2287 4376 2492 4431 Idcirco
2521 4378 2664 4431 enim
2696 4393 2800 4432 non
2835 4380 2902 4435 ad
2938 4381 3223 4449 prandium
3269 4380 3363 4435 sed
3394 4382 3462 4434 ad
3489 4396 3701 4435 uenam

2118 4478 2340 4525 voca-tos
2362 4478 2564 4533 narrat,
2590 4471 2715 4538 quia
2742 4470 2995 4525 nimirum
3029 4472 3083 4525 in
3112 4471 3219 4527 ﬁne
3243 4472 3348 4526 diei
3391 4473 3703 4526 convivium

442 4546 574 4618 tres.
606 4562 743 4629 Quia
773 4562 935 4631 igitur
962 4570 1016 4613 et
1046 4561 1219 4613 omnis
1248 4561 1488 4629 operatio
1520 4568 1701 4614 nostra
1747 4568 1802 4613 et
1844 4561 2015 4613 virtus
2041 4550 2093 4612 D
2119 4575 2273 4615 coena
2302 4566 2403 4613 est.
2435 4558 2535 4624 Qui
2573 4574 2703 4629 ergo
2743 4559 2896 4614 ﬁnito
2941 4561 3065 4615 vitm
3114 4562 3398 4629 prementis
3456 4570 3703 4631 tempore

443 4653 496 4705 iu
525 4652 626 4705 ﬁde
652 4650 935 4703 Trinitatis
960 4650 1195 4704 exhibita
1223 4650 1288 4704 ad
1318 4650 1559 4717 requiem
1591 4649 1780 4714 tendit,
1810 4657 2013 4719 septem

448 4752 502 4798 et
531 4742 716 4795 decem
746 4750 826 4793 ter
850 4740 1094 4793 ducimus
1118 4747 1177 4792 ut
1200 4738 1267 4792 ad
1312 4738 1696 4809 quinquaginta
1744 4748 1799 4792 et
1850 4753 2013 4791 unum

442 4830 625 4884 venire
654 4816 963 4882 debeamus.
998 4827 1065 4880 Et
1092 4842 1215 4881 vera
1245 4836 1428 4881 nostra
1480 4827 1693 4895 requies
1743 4835 1869 4882 tunc
1913 4836 2015 4891 est,

444 4933 565 4972 cum
608 4919 776 4985 ipsam
816 4915 929 4985 jam
976 4916 1277 4971 claritatem
1328 4916 1608 4970 Trinitatis
1655 4917 2014 4987 agnoscimus,

447 5022 608 5075 quam
648 5007 700 5059 in
750 5010 951 5061 unitate
995 5006 1290 5061 divinitatis
1331 5022 1449 5061 esse
1500 5016 1702 5062 certam
1753 5018 2014 5063 tenemus.

449 5096 847 5165 Quinquaginta
875 5106 929 5149 et
977 5112 1141 5149 unum
1193 5105 1273 5148 ter
1328 5096 1590 5161 ducimus,
1622 5106 1676 5150 et
1722 5097 2017 5152 electorum

449 5205 713 5243 summam
729 5190 780 5242 in
795 5204 1025 5260 superna
1045 5190 1212 5258 patria
1228 5189 1383 5258 quasi
1402 5199 1614 5243 centum
1633 5189 2019 5259 quinquaginta

452 5278 611 5332 trium
640 5279 866 5346 piscium
896 5294 1175 5332 numerum
1200 5286 1465 5331 tenemus.
1515 5278 1641 5331 Post
1670 5279 2021 5332 resurrectio-

452 5382 575 5421 nem
597 5383 727 5420 vero
756 5366 963 5422 Domini
993 5368 1217 5421 missum
1264 5377 1400 5429 rete,
1431 5369 1648 5437 dignum
1692 5368 1791 5420 fuit
1834 5377 1893 5421 ut
1946 5376 2024 5421 tot

456 5456 627 5522 pisces
654 5466 891 5526 caperet,
914 5466 1045 5524 quot
1073 5455 1411 5511 solummodo
1446 5456 1647 5510 electos
1694 5456 1884 5525 dignos
1929 5472 2023 5510 su-

454 5560 633 5615 perna:
657 5548 842 5615 patriae
866 5547 1188 5616 designaret.
1226 5547 1324 5601 Est
1348 5561 1561 5616 quoque
1590 5546 1690 5599 alia
1723 5548 2025 5616 supputatio

454 5630 618 5703 hujus
641 5636 929 5705 septenarii
956 5644 1011 5689 et
1050 5636 1255 5690 denarii
1287 5637 1515 5690 numeri.
1566 5634 1698 5689 Nam
1747 5637 1790 5690 si
1822 5638 1890 5691 ab
1920 5650 2025 5689 uno

460 5736 649 5780 omnes
672 5740 922 5782 numeros
936 5736 1212 5797 computes
1232 5740 1401 5795 usque
1424 5724 1489 5780 ad
1516 5727 1698 5781 decem
1719 5734 1773 5780 ot
1801 5737 2024 5797 septem,

2121 4649 2187 4703 ad
2240 4648 2587 4704 relectionem
2639 4664 2885 4717 supernae
2933 4651 3403 4719 contemplationis
3452 4650 3699 4715 veniunt,

2120 4754 2228 4792 non
2254 4738 2320 4793 ad
2346 4738 2467 4808 agni
2489 4739 2905 4808 prandium,sed
2925 4742 2992 4794 ad
3018 4754 3232 4795 coenam
3255 4750 3539 4794 vocantur.
3569 4739 3701 4807 Qua

2121 4828 2373 4885 videlicet
2410 4842 2567 4882 caena
2594 4829 2698 4883 hoc
2733 4829 2922 4884 ultimo
2950 4831 3195 4884 convivio
3220 4830 3561 4901 exprimitur.
3597 4830 3700 4885 Ubi

2122 4932 2245 4971 cum
2276 4918 2400 4972 lesu
2429 4926 2633 4986 septem
2666 4918 2910 4987 discipuli
2944 4920 3135 4974 adesse
3162 4928 3550 4985 memorantur,
3570 4920 3701 4990 quia

2124 5006 2243 5062 illos
2272 5015 2332 5060 ut
2359 5008 2594 5061 diximus
2624 5015 2749 5063 tunc
2779 5009 2833 5063 in
2864 5018 3066 5064 aeterna
3114 5010 3406 5063 refectione
3451 5010 3699 5079 recipiet,

2125 5098 2216 5165 qui
2236 5097 2376 5166 pleni
2404 5113 2544 5152 nunc
2574 5098 2903 5168 septiformis
2930 5100 3120 5169 gratiae
3148 5100 3202 5154 in
3231 5113 3418 5153 amore
3462 5098 3701 5169 Spiritus

2126 5187 2397 5251 anhelant,
2427 5187 2554 5255 quid
2584 5198 2665 5242 est
2704 5191 2845 5257 quod
2889 5189 3215 5260 Redemptor
3262 5198 3449 5244 noster
3494 5190 3698 5259 piscem

2125 5289 2307 5329 assum
2342 5284 2463 5344 post
2495 5276 2944 5334 resurrectionem
2990 5279 3354 5345 manducavit,
3397 5286 3452 5333 et
3493 5278 3547 5331 in
3593 5276 3700 5330 alio

2122 5362 2409 5432 Evangelio
2437 5363 2633 5417 dicitur
2658 5381 2778 5419 cum
2826 5366 2972 5434 pisce
3015 5381 3136 5421 asse
3185 5365 3366 5420 favum
3412 5365 3612 5429 mellis,
3640 5363 3699 5419 in

2122 5452 2226 5506 isto
2251 5467 2379 5506 vero
2405 5468 2595 5520 panem
2617 5470 2737 5507 eum
2760 5454 2944 5523 pisce?
2986 5454 3124 5520 Quid
3162 5456 3305 5508 enim
3346 5455 3517 5523 piscis
3540 5467 3698 5506 assus

2122 5544 2409 5614 signiﬁcat,
2433 5544 2532 5597 nisi
2564 5544 2837 5597 Christum
2861 5545 3111 5613 passum?
3151 5543 3287 5610 Quid
3323 5543 3475 5596 favus
3502 5541 3700 5606 mellis,

2124 5637 2226 5689 nisi
2246 5635 2542 5690 divinitatis
2564 5636 2911 5689 dulceamen?
2936 5636 3107 5692 Piscis
3130 5643 3215 5690 est
3235 5636 3360 5705 quia
3386 5634 3502 5701 ipse
3530 5631 3701 5693 latere

2128 5727 2375 5797 dignatus
2397 5727 2449 5781 in
2480 5727 2635 5797 aquis
2668 5726 2889 5781 humani
2934 5728 3144 5798 generis
3192 5736 3294 5782 est.
3347 5724 3479 5793 Capi
3532 5723 3699 5777 voluit
