3922 6330
108 442 196 500 157

1178 429 1484 489 ΗΟΜῙῙΑῘΛΕ
1525 428 1591 484 ΙΝ
1633 427 1884 484 EVANG.
1919 427 2009 482 ET
2048 425 2268 482 EPIST.

3251 424 3348 480 158

105 561 283 632 laqueo
310 557 502 612 mortis
531 566 754 622 nostrae,
775 564 830 611 et
865 555 1017 626 quasi
1071 554 1416 610 tribulatione
1462 560 1678 606 assatus
1705 551 1754 609 A
1779 543 1919 598 mlas
1947 542 2263 596 admirando
2315 539 2650 610 ριόιοίιιιῖιυτ
2675 556 2687 591 ³
2723 539 2954 632 Mum”?
2975 538 3222 608 Ᾱῖυιίοιπ
3242 538 3353 610 Pal“
3413 540 3416 544 ί

104 661 181 706 est
201 659 438 718 tempore
466 648 740 718 passionis
762 662 894 702 suae.
929 645 1035 701 Sed
1061 648 1151 716 qui
1179 647 1346 716 piscis
1372 659 1526 699 assus
1554 642 1673 698 fieri

108 744 344 812 dignatus
365 748 450 794 est
475 738 528 792 in
557 739 808 808 passione
843 735 997 791 favus
1038 736 1212 792 mellis
1264 736 1419 790 nobis
1463 734 1674 789 exstitit

106 835 156 889 in
182 831 597 887 resurrectione.
628 829 708 883 An
742 828 833 899 qui
861 829 911 882 in
940 829 1086 897 pisce
1113 844 1234 883 asse
1263 828 1480 898 figurari
1505 826 1674 882 voluit

108 920 498 977 tribulationem
521 918 788 988 passionis
809 933 935 978 sua},
955 917 1006 971 in
1037 915 1158 971 favo
1184 917 1361 971 mellis
1391 924 1676 986 utramque

105 1021 342 1068 naturam
361 1011 669 1080 exprimere
689 1009 855 1062 voluit
869 1023 1109 1078 persona:
1131 1024 1271 1071 suae;
1305 1005 1458 1060 favus
1481 1007 1677 1077 quippe

109 1103 204 1156 niel
231 1103 282 1155 in
306 1115 432 1155 cera
456 1107 543 1155 est
567 1099 821 1155 divinitas
843 1100 893 1153 in
926 1099 1262 1154 humanitate
1287 1114 1300 1152 :
1327 1098 1467 1166 quod
1491 1099 1557 1150 ab
1578 1099 1678 1152 hac

105 1209 310 1262 quoque
333 1189 570 1246 lectione
601 1207 704 1245 non
733 1191 1031 1259 discrepat,
1061 1204 1183 1243 nam
1210 1190 1412 1258 piscem
1443 1189 1679 1243 comedit

107 1293 155 1337 et
181 1298 390 1352 panem.
424 1281 525 1350 Qui
547 1281 690 1337 enim
720 1281 891 1336 assari
920 1289 977 1334 ut
1002 1281 1166 1350 piscis
1195 1281 1368 1350 potuit
1389 1294 1454 1334 ex
1486 1279 1678 1332 Imma-

108 1374 288 1436 nitate,
320 1388 460 1442 pane
498 1388 597 1427 nos
633 1372 804 1426 reiicit
847 1388 911 1427 er
960 1371 1258 1432 divinitate,
1287 1370 1378 1440 qui
1423 1369 1540 1424 ait:
1566 1368 1680 1436 Ego

110 1483 214 1517 nini
241 1465 390 1532 panis
413 1464 688 1533 uiuus,qui
730 1463 795 1517 de
833 1461 958 1516 coelo
1007 1462 1266 1516 descendi.
1313 1462 1506 1516 Assum
1553 1474 1681 1515 vero

109 1557 301 1626 piscem
351 1554 590 1610 comedit
635 1561 691 1608 et
729 1568 942 1622 panem,
987 1560 1046 1606 ut
1080 1552 1198 1621 ipso
1255 1566 1352 1606 suo
1381 1552 1502 1606 cibo
1527 1550 1680 1604 nobis

111 1648 412 1700 ostenderet
438 1644 565 1715 quia
587 1653 643 1699 et
674 1644 979 1714 passionem
1009 1658 1073 1698 ex
1119 1651 1303 1698 nostra
1347 1643 1682 1697 humanitate

112 1738 345 1809 pertulit,
375 1747 432 1792 et
457 1737 914 1792 resurrectionem
943 1743 1184 1789 nostram
1208 1749 1274 1788 ex
1290 1749 1385 1787 sua
1402 1733 1683 1787 divinitate

111 1830 430 1897 procuravit.
465 1828 579 1884 Hoc
599 1829 710 1898 jam
741 1829 900 1883 tertio
929 1825 1306 1882 manifestatus
1328 1833 1412 1878 est
1445 1824 1673 1892 discipu-

1775 635 1877 690 lem
1902 650 2054 688 suam
2084 648 2102 685 :
2133 633 2186 687 id
2207 642 2290 687 est
2317 633 2475 688 sorde
2496 639 2840 701 peccatorum
2873 631 3052 685 abluta
3098 633 3162 686 de
3204 633 3352 692 lava-

1775 744 1870 785 cro
1894 726 2024 782 Jesu
2049 725 2333 780 dealbatus
2362 725 2626 780 ascendit.

1845 818 2105 874 Candacis
2129 818 2318 888 regina:
2339 815 2669 884 Ethiopum.
2699 815 2765 868 Et
2797 816 2849 869 in
2875 814 3080 884 Regum
3106 814 3244 870 libro
3272 816 3352 872 ic-

1776 913 1954 983 gimus
1989 909 2112 978 quia
2142 908 2330 977 regina
2362 905 2546 959 Austri
2577 905 2722 957 venit
2750 921 2778 957 a
2814 905 3010 959 finibus
3060 913 3220 959 terrae
3259 923 3355 960 au-

1777 1005 1892 1059 dire
1917 1001 2236 1071 sapientiam
2265 998 2586 1053 Salomonis.
2616 997 2778 1050 Moris
2808 999 3002 1068 quippe
3026 996 3125 1050 fuit
3157 998 3230 1052 illi
3261 1014 3355 1052 na-

1778 1095 1909 1148 tioni
1941 1107 2154 1161 semper
2183 1107 2213 1144 a
2253 1089 2466 1144 feminis
2493 1091 2603 1160 regi
2646 1104 2843 1157 easque
2870 1088 3146 1144 Candaces
3174 1089 3357 1159 appel-

1777 1186 1909 1240 lare.
1939 1185 2148 1251 Regina
2169 1182 2504 1251 ZEthiopum,
2525 1181 2916 1234 tliesaurarium
2944 1181 3275 1249 praemittens
3301 1180 3353 1233 iu

1778 1275 2132 1337 Hierusalem,
2172 1274 2409 1342 gentium
2459 1273 2706 1342 designat
2747 1271 3064 1335 Ecclesiam,
3097 1272 3356 1326 virtutum

1779 1367 2010 1435 fideique
2038 1365 2263 1421 Domino
2278 1366 2412 1419 dona
2434 1365 2685 1418 laturam.
2705 1363 2806 1418 Sed
2824 1364 3126 1418 etnominis
3148 1371 3358 1434 etymo-

1779 1455 1917 1526 logia
1957 1455 2224 1509 convenit.
2281 1452 2467 1507 Potest
2509 1454 2651 1506 enim
2698 1454 2961 1507 Candacis
3010 1469 3076 1507 ex
3134 1453 3360 1507 llebrzeo

1780 1555 2094 1600 commutata
2122 1545 2498 1612 interpretari;
2530 1543 2642 1612 ipsa
2659 1545 2852 1614 quippe
2867 1545 3049 1598 estcui
3077 1545 3129 1597 in
3157 1543 3360 1612 psalmo

1779 1653 1873 1706 pro
1898 1636 1978 1689 his
2024 1636 2113 1705 qui
2152 1633 2607 1689 commutabantur
2655 1634 2708 1687 in
2769 1633 3048 1703 Scriptura
3098 1635 3294 1688 dicitur
3344 1651 3358 1688 :

1782 1726 1940 1790 Audi,
1967 1726 2080 1794 ﬁlia
2101 1767 2114 1788 ,
2137 1734 2186 1779 et
2215 1725 2348 1790 uide,
2373 1733 2420 1778 et
2447 1723 2642 1778 inclina
2669 1741 2848 1777 aurem
2892 1734 3035 1778 tuam
3054 1765 3068 1788 ,
3092 1733 3142 1778 et
3181 1724 3362 1778 obliui-

1782 1833 1924 1870 scere
1951 1815 2198 1886 populum
2227 1826 2398 1892 tunm,
2426 1826 2472 1869 et
2503 1816 2713 1869 domum
2736 1818 2898 1886 patris
2934 1817 3032 1881 tui,
3063 1824 3168 1872 etc.
3215 1816 3362 1872 Dixit

111 1916 302 1988 lissuis
331 1932 452 1970 cum
484 1906 811 1972 surrexisset
838 1932 868 1969 a
906 1915 1151 1969 mortuis.
1180 1912 1292 1968 Hoc
1314 1930 1419 1968 non
1449 1913 1513 1966 ad
1541 1914 1683 1982 ipsas
1710 1907 1758 1964 Β
1787 1915 1966 1960 autem
2000 1905 2235 1974 Spiritus
2258 1907 2506 1976 Philippo
2533 1925 2544 1959 :

112 2007 610 2069 demonstrationes,
645 2007 739 2061 sed
790 2006 855 2059 ad
902 2005 1018 2060 dies
1070 2004 1276 2060 referre
1321 2004 1600 2066 debemus,
1633 2002 1685 2054 id

111 2107 206 2160 est.
220 2099 394 2167 primo
412 2098 501 2151 die
520 2113 641 2151 cum
659 2097 960 2152 resurrexit
982 2104 1035 2151 et
1056 2105 1182 2165 post
1199 2098 1313 2151 dies
1327 2106 1450 2151 octo
1473 2096 1687 2164 quando

113 2188 399 2258 discipulus
432 2188 668 2242 Thomas
699 2204 822 2243 eum
849 2189 983 2242 vidit
1027 2197 1080 2242 et
1111 2187 1357 2250 credidit,
1392 2190 1572 2240 ethoc
1601 2187 1687 2240 die

114 2279 319 2346 quando
350 2278 454 2333 hoc
478 2277 545 2332 de
572 2278 809 2346 piscibus
842 2277 989 2332 fecit.
1014 2277 1145 2331 Post
1173 2287 1306 2346 quot
1346 2287 1526 2331 autem
1571 2277 1686 2330 dies

117 2366 165 2420 id
186 2365 368 2420 fecerit
394 2366 485 2420 hic
511 2366 710 2420 dictum
747 2381 852 2420 non
897 2373 1018 2419 est:
1048 2382 1171 2419 nam
1222 2367 1332 2435 ipse
1376 2365 1551 2433 primo
1600 2363 1686 2416 die

117 2469 215 2506 non
244 2453 408 2508 semel
457 2455 607 2508 visus
645 2463 762 2516 est;
821 2456 901 2507 sic
946 2454 1396 2522 evangelistarum
1446 2455 1686 2507 omnium

116 2541 418 2596 testimonia
474 2541 668 2596 collata
717 2542 1110 2606 demonstrant,
1151 2542 1264 2605 sed,
1302 2543 1442 2596 sicut
1487 2544 1686 2597 dictum

116 2637 214 2694 est,
238 2631 534 2686 secundum
565 2633 678 2687 dies
714 2633 1060 2688 numeranda:
1082 2642 1207 2688 sunt
1230 2633 1688 2688 manifestationcs

116 2718 245 2789 ejus,
278 2729 335 2776 ut
357 2721 462 2775 ista
493 2720 565 2774 sit
591 2722 768 2775 tertia.

688 2810 969 2865 HOMILIA
1005 2811 1097 2865 XI.

780 2918 936 2956 FERIA
974 2919 1027 2956 ν.

465 2989 649 3045 Lectio
685 2990 914 3045 Actuum
948 2993 1333 3062 apostolorum.

184 3077 248 3132 In
272 3079 456 3134 diebus
487 3079 611 3143 illis,
638 3080 853 3151 angelus
882 3081 1090 3135 Domini
1122 3082 1322 3136 locutus
1349 3093 1422 3137 est
1457 3084 1525 3136 ad
1555 3081 1687 3136 Phi-

118 3168 304 3238 lippum
330 3173 515 3225 dicens
539 3185 557 3222 :
589 3171 759 3241 Surge
784 3181 830 3225 et
851 3171 979 3224 vade
1007 3183 1189 3226 contra
1228 3175 1573 3227 meridianum
1593 3216 1605 3236 ,
1635 3182 1689 3228 et

122 3258 336 3326 reliqua.
1154 3309 1163 3321 ,

186 3348 324 3402 Bene
362 3348 422 3402 in
457 3349 683 3403 meridie
717 3351 995 3418 quaeritur,
1032 3350 1086 3404 et
1123 3351 1414 3418 invenitur,
1439 3364 1492 3408 et
1520 3355 1692 3408 ablui-

122 3444 203 3489 tur
229 3437 315 3490 ille
348 3437 447 3506 qui
480 3438 765 3491 devotione
801 3439 1033 3506 pectoris
1060 3441 1256 3494 ardens
1282 3443 1424 3495 velut
1447 3444 1688 3512 quaedam

123 3529 348 3596 gentium
376 3527 634 3596 primitiae
656 3528 767 3582 Deo
794 3529 990 3582 meruit
1017 3532 1344 3594 consecrari,
1377 3533 1428 3584 in
1455 3548 1561 3600 quo
1583 3534 1692 3600 spi-

124 3615 500 3670 ritaliterillud
543 3615 841 3671 Psalmista‘.
889 3618 1210 3686 completum
1265 3628 1384 3672 est:
1417 3620 1691 3688 Afthiopia

126 3708 396 3775 praveniet
430 3722 618 3758 manus
645 3705 771 3758 Deo.

191 3798 264 3850 Ad
302 3799 446 3851 riam
475 3814 590 3866 qua:
611 3797 875 3850 descendit
901 3797 965 3850 ab
997 3797 1326 3852 Hierusalem
1366 3801 1418 3852 in
1459 3797 1690 3865 Gazam;

127 3886 227 3937 haec
253 3896 326 3938 est
354 3886 586 3937 deserta.
614 3883 683 3936 Et
708 3901 922 3953 surgens
949 3886 1096 3938 abiit.
1138 3887 1252 3940 Non
1289 3889 1373 3940 via
1417 3890 1508 3942 sed
1547 3889 1692 3944 Gaza

129 3970 328 4026 deserta
353 3973 575 4027 dicitur.
612 3974 776 4027 Vetus
803 3975 944 4027 enim
973 3975 1060 4029 illa
1083 3975 1227 4031 Gaza
1271 3992 1389 4044 quae
1437 3981 1696 4033 terminus

128 4067 386 4132 quondam
419 4076 536 4121 erat
563 4066 985 4122 Chananzeorum
1006 4069 1160 4138 juxta
1186 4069 1476 4140 :Egyptum
1515 4072 1579 4123 ad
1611 4087 1696 4124 so-

127 4153 228 4208 lum
258 4172 434 4225 usque
463 4156 754 4220 destructa,
800 4166 853 4211 et
890 4158 991 4210 alia
1037 4175 1133 4228 pro
1179 4159 1264 4212 illa
1307 4160 1410 4212 alio
1456 4160 1572 4214 loco
1614 4170 1698 4214 est

127 4253 457 4300 wnstructa.
481 4245 609 4310 Qua:
637 4245 922 4313 allegorice
949 4247 1185 4316 gentium
1219 4249 1425 4316 plebem
1451 4250 1696 4319 designat

127 4331 246 4386 olim
293 4349 325 4386 a
381 4333 477 4386 Dei
508 4333 714 4387 cultura
753 4335 1042 4400 desertam,
1093 4352 1266 4405 neque
1312 4339 1694 4406 prophetarum

127 4421 277 4477 ullius
300 4423 776 4493 praedicationibus
807 4426 1098 4480 excultum.
1147 4428 1243 4480 Via
1289 4444 1416 4482 vero
1466 4445 1584 4497 qure
1632 4431 1696 4484 ad

127 4515 364 4567 eamdem
397 4514 465 4566 ab
490 4513 876 4584 Hierosolymis
906 4518 1231 4573 descendens
1272 4520 1467 4574 fontem
1511 4521 1697 4574 salutis

127 4604 328 4671 aperuit
348 4603 611 4658 Dominus
630 4577 786 4658 .lcsus
810 4604 1058 4662 Christus
1073 4617 1154 4662 est
1178 4611 1266 4678 qui
1295 4614 1368 4663 ait
1403 4629 1414 4664 :
1446 4610 1554 4679 Ego
1580 4629 1692 4664 sum
1727 4577 1772 4634 υ

127 4693 204 4746 ria
228 4704 274 4747 et
303 4693 496 4746 ueritas
530 4702 579 4745 et
615 4695 753 4759 rita;
803 4696 929 4764 quia
978 4712 1208 4764 superna
1256 4699 1587 4752 Hierusalem
1629 4701 1692 4754 ad

127 4793 303 4838 nostra
333 4785 549 4839 infirma
573 4784 872 4852 descendit,
889 4788 1225 4854 baptismatis
1248 4789 1386 4843 unda
1408 4789 1689 4855 dealbavit,

127 4875 400 4943 nostrique
433 4884 611 4928 reatus
639 4875 864 4928 crimina
897 4877 1111 4930 delevit.

193 4964 326 5020 Ecce
360 4971 439 5019 vir
474 4965 718 5034 Αἳειιὶορε
743 4967 1010 5020 eunuchus
1039 4979 1237 5037 potens.
1267 4968 1371 5022 Pro
1400 4969 1596 5022 virtute
1638 4979 1692 5024 et

131 5053 434 5123 integritate
464 5055 655 5108 mentis
678 5056 761 5108 vir
788 5056 1110 5123 appellatur;
1149 5073 1246 5112 nec
1276 5058 1538 5111 immerito
1557 5099 1570 5120 ,
1597 5059 1686 5126 qui

135 5147 332 5196 tantum
366 5143 601 5196 studium
633 5145 685 5196 in
717 5143 1016 5212 Scripturis
1040 5146 1288 5211 habebat,
1322 5156 1379 5200 ut
1413 5163 1502 5201 eas
1528 5149 1688 5202 etiam

135 5231 182 5284 in
212 5233 294 5285 \ia
323 5233 502 5301 legere
527 5249 630 5286 non
664 5240 921 5296 cessaret,
953 5241 1266 5302 tantumque
1308 5237 1504 5289 amoris
1532 5237 1582 5289 in
1612 5253 1692 5290 re-

134 5320 325 5390 ligione
377 5313 599 5394 gerebat
645 5333 704 5378 ut
759 5325 879 5377 aula
931 5326 1072 5394 regia
1112 5327 1364 5382 derelicta
1397 5331 1459 5382 de
1493 5330 1694 5384 ultimis

136 5414 308 5465 tuundi
341 5414 585 5484 partibus
608 5415 816 5470 veniret
850 5416 914 5469 ad
968 5416 1219 5483 templum
1261 5417 1491 5471 Domini.
1545 5419 1694 5474 Unde

131 5499 273 5566 juxta
305 5505 607 5560 mercedem
638 5508 763 5560 dum
791 5509 981 5576 quaerit
1029 5508 1372 5576 interpretem
1430 5511 1690 5575 lectionis,

139 5589 405 5647 Christum
436 5611 595 5666 quem
638 5600 914 5666 quaerebat
949 5598 1168 5658 invenit,
1198 5599 1443 5669 plusque,
1474 5610 1530 5654 ut
1567 5601 1693 5655 Ilie-

143 5698 387 5754 ronyums
417 5689 512 5752 ait,
545 5690 595 5742 in
626 5689 842 5743 deserto
875 5690 1019 5744 finite
1049 5691 1299 5745 Ecclesia:
1323 5708 1484 5760 quam
1516 5693 1566 5748 in
1596 5709 1692 5747 au-

145 5783 254 5827 rato
286 5774 578 5846 Synagogaa
609 5777 806 5846 templo
833 5779 1050 5847 reperit.
1092 5779 1167 5833 lbi
1196 5781 1334 5833 enim
1367 5783 1507 5849 quod
1548 5781 1694 5838 lere-

1856 1999 2052 2051 Accede
2087 2007 2133 2051 et
2168 1998 2398 2068 adiunge
2440 2008 2488 2050 te
2527 1997 2595 2048 ad
2625 2013 2833 2050 currum
2865 2000 3041 2050 istum.
3073 1997 3360 2052 Accurrens

1787 2098 1958 2141 autem
1992 2084 2266 2156 Philippus
2293 2086 2490 2140 audivit
2521 2084 2668 2139 illum
2705 2085 2950 2155 legentem
3001 2086 3198 2140 Isaiam
3242 2103 3363 2156 pro-

1783 2178 2010 2246 phetam,
2041 2186 2089 2229 et
2117 2177 2250 2230 dixit
2280 2195 2292 2230 :
2327 2173 2561 2229 Putasne
2592 2175 2837 2245 intelligis
2883 2194 3000 2242 qum
3047 2176 3172 2244 legis
3195 2179 3220 2230 7
3259 2176 3362 2241 Qui

1786 2270 1859 2321 ait
1890 2286 1907 2322 :
1937 2269 2003 2321 Et
2025 2267 2282 2339 quomodo
2309 2285 2540 2336 possum,
2566 2267 2666 2320 nisi
2685 2266 2872 2338 aliquis
2896 2269 3172 2320 ostenderit
3200 2269 3364 2322 mihi?

1785 2359 2100 2426 Rogavitque
2131 2355 2429 2426 Philippum
2459 2368 2513 2410 ut
2541 2359 2835 2412 ascenderet
2866 2370 2912 2412 et
2940 2359 3135 2412 sederet
3167 2377 3359 2414 secum.

1787 2446 1954 2500 Locus
1995 2457 2167 2499 autem
2218 2447 2502 2516 Scriptum
2547 2448 2630 2501 hic
2675 2460 2786 2502 erat
2833 2467 2983 2520 quem
3037 2451 3252 2518 legebat.
3307 2452 3361 2506 In

1787 2538 1947 2590 corde
1970 2536 2207 2605 Spiritus
2251 2535 2496 2606 Philippo
2542 2537 2889 2605 loquebatur.
2945 2538 3166 2608 Spiritui
3219 2542 3363 2594 enim

1788 2628 1999 2680 Domini
2029 2627 2180 2696 quasi
2213 2627 2453 2696 quazdam
2478 2624 2632 2680 nobis
2655 2628 2818 2682 verba
2849 2627 3026 2682 facere
3045 2637 3130 2682 est
3153 2629 3362 2684 occulta

1788 2719 1836 2771 vi
1868 2725 1915 2770 et
1954 2734 2072 2786 quae
2102 2718 2306 2786 agenda
2333 2724 2456 2770 sunt
2486 2717 2754 2770 intimare.

1861 2807 2129 2878 Tanquam
2151 2808 2255 2860 ovis
2276 2807 2344 2859 ad
2374 2807 2678 2859 occisionem
2702 2805 2888 2860 ductus
2915 2815 3007 2860 est.
3040 2806 3192 2861 Sicut
3215 2809 3356 2872 ovis,

1789 2913 1911 2952 Cum
1965 2898 2178 2950 ducitur
2233 2897 2298 2950 ad
2350 2896 2641 2960 victimam,
2667 2912 2773 2949 non
2828 2906 3109 2965 repugnat,
3142 2898 3219 2952 sic
3279 2898 3365 2950 ille

1789 2987 2004 3056 propria
2033 3002 2222 3054 passus
2276 2995 2358 3040 est
2392 2986 2694 3049 voluntate;
2734 2985 2818 3039 vel
2871 2986 3044 3039 altiori
3095 2987 3365 3043 intellectu

1792 3077 1932 3130 sicut
1961 3093 2131 3146 agnus
2170 3078 2221 3130 in
2255 3077 2450 3144 pascha
2484 3076 2749 3130 immolari
2799 3076 3026 3138 solebat,
3053 3077 3132 3130 sic
3171 3077 3366 3142 pascha

1793 3178 2023 3219 nostrum
2049 3150 2344 3219 immolatus
2365 3176 2438 3219 est
2465 3163 2726 3222 Christus.

1717 3240 1760 3300 C
1863 3253 1929 3308 Et
1968 3257 2100 3308 sicut
2131 3272 2296 3323 agnus
2346 3272 2521 3309 coram
2573 3255 2815 3309 tondente
2845 3273 2896 3309 se
2924 3258 3034 3310 sine
3079 3274 3216 3311 voce.
3251 3256 3364 3312 Non

1791 3346 1963 3400 solum
1995 3362 2092 3399 nos
2121 3347 2380 3413 sanguine
2413 3347 2659 3410 redemit,
2691 3347 2785 3401 sed
2814 3356 2868 3401 et
2891 3347 3029 3402 lanis
3053 3349 3284 3418 operuit,
3310 3358 3369 3404 ut

1790 3436 2028 3505 algentes
2051 3436 2104 3487 in
2135 3435 2387 3489 fidelitate
2417 3452 2510 3489 sua
2568 3446 2712 3491 veste
2747 3436 3089 3501 calefaceret,
3121 3448 3174 3492 et
3204 3441 3359 3493 audi-

1792 3539 1972 3578 remus
2024 3525 2334 3593 Apostolum
2390 3527 2542 3579 nobis
2593 3525 2898 3595 loquentem
2994 3527 3258 3597 Quotquot
3312 3531 3365 3582 in

1791 3615 1996 3669 Christo
2019 3615 2264 3686 baptizati
2291 3618 2433 3677 estis,
2463 3614 2721 3670 Christum
2747 3618 3008 3671 induistis.

1863 3704 1949 3759 Sic
1993 3723 2095 3759 non
2141 3707 2343 3775 aperuit
2389 3724 2445 3760 os
2493 3725 2664 3770 suum,
2697 3723 2820 3761 cum
2876 3710 2928 3761 in
2973 3711 3221 3778 passione
3270 3725 3365 3763 sua

1791 3799 1964 3852 Pilato
1989 3808 2044 3854 et
2070 3799 2411 3869 pontificibus
2433 3817 2623 3871 pauca,
2654 3802 2848 3856 llerodi
2877 3803 3018 3869 nulla
3044 3806 3367 3874 respondere

1792 3890 2030 3943 volebat.

1865 3979 1929 4032 In
1953 3979 2245 4032 humilitate
2264 3980 2528 4049 judicium
2556 3981 2668 4050 ejus
2695 3981 2958 4035 sublatum
2982 3986 3082 4037 est.
3115 3982 3248 4050 Quia
3275 3985 3366 4052 ju-

1794 4067 1897 4121 dex
1945 4067 2184 4120 omnium
2234 4067 2418 4136 judicii
2453 4070 2649 4136 reperit
2686 4069 2988 4135 veritatem,
3023 4073 3114 4124 sed
3170 4074 3367 4140 absque

1794 4156 1900 4209 ulla
1926 4158 2077 4225 culpa
2106 4156 2369 4210 seditione
2389 4156 2692 4212 Judaaorum
2723 4168 2776 4213 et
2801 4159 2958 4214 Pilati
2985 4177 3118 4216 voce
3147 4163 3360 4217 damna-

1799 4254 1882 4298 lllS
1919 4255 2020 4299 est.

1869 4335 2264 4390 Cenerationem
2287 4339 2401 4407 ejus
2421 4340 2535 4409 quis
2555 4340 2815 4393 enarrabit
2833 4341 2858 4394 .9
2876 4341 2983 4395 Alit
3004 4343 3070 4396 de
3091 4343 3367 4398 divinitate

1797 4425 1910 4492 ejus
1940 4427 2310 4495 accipiendum
2360 4438 2463 4494 est,
2489 4431 2629 4498 quod
2685 4431 3014 4500 impossibile
3062 4434 3130 4485 sit
3173 4433 3365 4491 divinae

1797 4515 2095 4569 nativitatis
2141 4531 2298 4570 nosse
2325 4519 2581 4588 mysteria
2612 4519 2676 4573 de
2725 4535 2829 4587 qua
2879 4519 3039 4574 Pater
3084 4521 3364 4595 loquitur,

1798 4605 1928 4658 Ante
1959 4604 2234 4674 luciferum
2257 4610 2409 4675 genui
2435 4618 2520 4673 te;
2552 4618 2644 4662 aut
2671 4611 2735 4663 de
2763 4620 2916 4678 partu
2946 4612 3195 4680 virginis,
3228 4613 3366 4682 quod

1796 4695 2079 4750 ditliculter
2101 4699 2270 4765 possit
2296 4700 2510 4767 exponi.
2544 4698 2712 4766 Cujus
2733 4702 2994 4755 rationem
3025 4702 3202 4756 Maria:
3226 4720 3361 4772 qua:-

1797 4787 1932 4839 renti
1953 4802 2046 4854 per
2061 4787 2305 4855 angelum
2324 4789 2518 4842 dicitur
2535 4807 2547 4840 :
2569 4788 2793 4857 Spiritus
2809 4799 3019 4844 sanctus
3057 4794 3369 4860 superveniet

1793 4876 1846 4928 in
1865 4884 1912 4927 te
1931 4892 1948 4938 ;
1965 4883 2019 4928 ut
2035 4875 2115 4927 vel
2131 4877 2196 4929 ah
2209 4877 2398 4945 angelo
2415 4876 2493 4928 w-i
2509 4879 2836 4946 evangelista
2854 4889 3056 4932 tantum
3075 4881 3369 4935 nativitatis

1792 4962 1908 5029 ejus
1953 4974 2289 5018 sacramenta
2326 4966 2592 5031 dicantur,
2609 4966 2760 5034 cujus
2802 4969 3373 5023 narratorrarissimus

1788 5061 1888 5106 est.

1865 5142 2136 5206 Quomodo
2157 5144 2364 5198 tolletur
2391 5163 2421 5198 a
2459 5155 2598 5199 terra
2630 5148 2730 5199 vita
2757 5147 2914 5215 ejus?
2940 5156 2996 5200 ut
3031 5163 3363 5217 nequaquam

1795 5231 1848 5284 in
1883 5241 2045 5294 terra,
2078 5233 2169 5284 sed
2201 5233 2249 5285 in
2279 5235 2416 5287 cmio
2448 5236 2664 5288 viveret.
2695 5235 2806 5290 Hoc
2837 5238 3220 5298 tesﬁmonium,
3247 5253 3364 5291 cum

1796 5321 1850 5372 in
1880 5321 2099 5374 Actibus
2131 5324 2489 5389 apostolorum
2519 5325 2716 5393 reginte
2771 5324 3035 5379 Candacis
3083 5327 3362 5379 etetnuehus

1799 5411 1964 5464 rhcda
2009 5413 2310 5476 veheretur,
2347 5423 2399 5466 et
2443 5413 2624 5482 legens
2673 5429 2774 5468 non
2827 5415 3168 5483 intelligeret,
3201 5416 3368 5468 inter-

1795 5509 2040 5569 pretante
2065 5501 2309 5570 Philippo
2336 5518 2492 5571 super
2523 5504 2771 5570 passione
2799 5513 2854 5558 et
2881 5506 3098 5559 nomine
3125 5505 3365 5558 Salvam-

1798 5589 1873 5643 ris
1913 5590 2192 5654 intellexit,
2218 5601 2272 5646 et
2297 5592 2476 5645 statim
2527 5592 2825 5661 baptizatus
2849 5595 2901 5648 in
2932 5596 3053 5665 agni
3107 5595 3364 5662 sanguine

1801 5694 1957 5747 quem
1984 5679 2210 5747 legebat,
2236 5681 2318 5734 vir
2348 5682 2543 5735 meruit
2566 5682 2815 5753 appellari
2838 5693 2892 5738 ct
2909 5684 3193 5754 Apostolus
3217 5683 3362 5752 genti

1798 5767 2114 5836 {Ethiopian
2153 5769 2348 5824 missus
2378 5779 2459 5823 est
