3946 6344
541 383 641 440 159

1172 374 1231 427 Β.
1276 371 1526 427 RABAM
1565 370 1781 425 MAURI
1819 367 2134 425 ARCIIIEP.
2178 366 2487 425 MOGUNT.
2530 366 2812 424 OPERUM
2855 366 3030 422 PARS
3068 366 3129 421 ll.

3706 366 3813 419 itit!

609 495 708 562 Qui
746 493 911 562 igitur
944 490 1156 545 oblatus
1182 500 1265 545 est
1285 490 1458 542 Pilato
1486 489 1611 557 quia
1665 488 1782 557 ipse
1836 484 2023 549 voluit,
2056 493 2111 539 et
2141 488 2187 547 Α
2216 496 2341 538 runt
2368 485 2418 537 in
2442 482 2600 551 hujus
2623 485 2779 537 viculi
2811 484 2953 538 l‘unte
2978 483 3281 536 eunuchum
3306 497 3333 534 a
3358 480 3606 550 Philippe
3630 478 3813 533 fuisse

539 602 643 639 non
697 581 973 651 respondit
1018 589 1077 632 ut
1129 579 1424 649 patibulum
1480 594 1579 649 pro
1625 578 1781 633 nobis
1827 578 2114 633 damnatus

535 674 763 728 subiret.
795 671 871 724 Ac
898 671 941 725 si
972 671 1173 724 diceret
1199 684 1212 721 :
1244 668 1359 737 Ipse
1385 669 1525 723 sicut
1550 669 1667 723 ovis
1691 670 1756 722 ad
1786 669 2113 723 occisionem

538 765 730 817 ductus
755 772 857 826 est,
882 769 935 815 et
961 761 1115 829 quasi
1138 774 1305 827 agnus
1332 775 1513 813 coram
1540 760 1790 813 tondente
1810 757 2108 824 obmutuit;

537 854 724 905 etenim
748 852 942 922 pascha
974 860 1207 904 nostrum
1230 848 1529 903 immolatus
1555 859 1627 902 est
1655 846 1915 902 Christus.
1942 849 2112 914 Quem

538 940 772 996 Joannes
823 940 1065 1009 Baptista
1118 939 1452 993 monstrabat
1500 939 1733 993 dicens:
1783 938 1913 991 Ecce
1945 956 2111 1007 agnus

537 1030 655 1094 Dei,
681 1046 795 1083 ecce
819 1030 908 1099 qui
933 1029 1067 1082 tollit
1088 1039 1297 1099 peccata
1339 1028 1537 1081 mundi.
1586 1028 1687 1094 Qui
1713 1036 1769 1082 et
1799 1029 1851 1081 in
1897 1028 2110 1096 Apoca-

536 1119 672 1189 lypsi
699 1120 922 1174 Joannis
948 1120 1290 1190 evangelistze
1313 1135 1482 1188 agnus
1511 1120 1722 1173 occisus
1763 1134 1904 1189 sepe
1954 1136 2108 1173 mon-

533 1220 757 1277 stratur,
782 1213 924 1282 quod
956 1214 1021 1267 de
1048 1228 1106 1266 se
1156 1213 1270 1280 ipso
1299 1212 1538 1279 loquitur
1586 1212 1641 1265 in
1685 1210 1917 1280 Ieremia
1955 1230 1967 1263 :
2000 1211 2111 1281 Ego

532 1312 707 1354 autent
735 1303 865 1355 sicut
911 1319 1076 1371 agnus
1116 1303 1359 1356 innocens
1402 1312 1449 1355 et
1499 1303 1685 1354 ductus
1730 1301 1799 1353 ad
1849 1302 2110 1355 victimam

536 1393 840 1447 nesciebam.
872 1393 1006 1448 Cuut
1036 1394 1179 1447 enim
1235 1393 1463 1447 nesciret
1504 1400 1807 1462 peceatum,
1836 1408 1934 1461 pro
1959 1393 2112 1446 nobis

535 1491 814 1551 peccatum
879 1483 1051 1537 factus
1106 1493 1209 1547 est,
1272 1491 1322 1535 et
1371 1483 1509 1536 sicut
1568 1497 1737 1551 agnus
1788 1496 1909 1535 cum
1964 1482 2111 1535 duci-

534 1579 621 1623 tur
649 1571 717 1625 ad
776 1573 1043 1625 victimant
1092 1590 1195 1625 non
1252 1583 1528 1643 repugnat,
1560 1572 1639 1626 sic
1669 1572 1757 1627 ille
1795 1587 1985 1641 passus
2026 1580 2111 1625 est

532 1662 806 1716 voluntate
864 1673 922 1717 ut
968 1666 1268 1719 destrueret
1326 1681 1447 1719 eum
1496 1665 1586 1733 qui
1643 1664 1875 1718 habebat
1922 1665 2109 1719 mortis

537 1751 841 1820 imperium,
866 1755 1154 1807 hnuzilians
1181 1771 1239 1809 se
1286 1772 1453 1825 usque
1494 1756 1559 1809 ad
1588 1764 1834 1817 mortem,
1886 1763 1939 1808 et
1969 1768 2111 1807 tuor-

2217 575 2565 645 haptizatum.
2602 574 2732 628 Nam
2787 584 2870 629 est
2918 573 3067 627 llelia
3103 573 3329 627 Bethtur
3367 573 3419 625 in
3470 571 3610 624 tribu
3664 568 3805 623 inda

2217 665 2362 718 mille
2386 680 2575 734 passus
2597 665 2802 718 distans
2827 664 2893 717 ah
2914 662 3271 731 lleliutripoli.
3308 662 3370 715 Et
3394 663 3466 714 ait
3489 660 3763 714 eunuchus
3785 672 3807 707 :

2217 752 2352 806 Ecce
2380 772 2537 824 aqua,
2560 754 2674 823 quis
2701 753 2933 823 prohibet
2958 770 3036 806 me
3058 752 3354 821 baptizari?
3380 752 3446 804 Et
3468 751 3628 820 jussit
3653 760 3809 803 star:

2215 862 2428 898 currum
2446 863 2464 911 ;
2498 858 2544 899 et
2574 846 2948 898 descenderunt
2977 854 3190 913 uterque
3219 845 3273 896 in
3297 858 3487 912 aquam
3519 841 3804 912 Philippus

2214 948 2260 988 et
2283 937 2572 998 eunuchus,
2593 946 2639 988 et
2662 934 2940 1004 baptizavit
2962 950 3097 987 eum.
3116 932 3159 988 0
3177 932 3312 986 mira
3328 932 3562 985 doctoris
3583 931 3764 985 virtus
3785 933 3801 985 !

2214 1027 2344 1080 Erat
2379 1027 2432 1080 in
2462 1026 2706 1081 vehiculo
2750 1027 3047 1089 eunuchus,
3082 1039 3263 1079 sacras
3302 1024 3508 1077 litteras
3556 1023 3800 1094 legebat,

2214 1116 2306 1169 sed
2352 1117 2417 1171 de
2449 1131 2556 1187 quo
2580 1116 2781 1187 legeret
2805 1117 3115 1187 ignorabat;
3146 1114 3240 1169 sed
3268 1122 3446 1168 tamen
3474 1130 3595 1168 eum
3627 1130 3800 1183 quem

2216 1209 2268 1260 in
2304 1207 2442 1261 libro
2488 1208 2733 1261 nesciens
2761 1207 2971 1277 legebat
2999 1207 3085 1276 pia
3117 1214 3296 1261 mente
3328 1206 3467 1261 scire
3515 1206 3797 1275 cupiebat.

2214 1297 2374 1350 Venit
2398 1295 2672 1365 Philippus
2697 1296 3064 1365 philosophus,
3098 1296 3332 1351 ostendit
3355 1296 3403 1348 ei
3457 1294 3639 1349 Jesum
3697 1296 3797 1363 qui

2213 1387 2428 1441 clausus
2486 1387 2706 1441 latebat.
2762 1388 2826 1441 Et
2877 1389 3165 1442 secundum
3220 1386 3381 1439 aliam
3435 1386 3797 1440 traditionem

2212 1476 2346 1528 dixit
2378 1476 2651 1545 Philippus
2680 1477 2927 1531 eunucho
2958 1495 2969 1529 :
2998 1476 3058 1530 Si
3080 1476 3247 1529 credis
3274 1491 3337 1528 ea:
3360 1484 3463 1528 toto
3492 1477 3649 1529 corde
3672 1488 3792 1541 tuo,

2211 1564 2384 1619 salvus
2408 1567 2527 1619 eris.
2565 1566 2631 1619 Et
2646 1566 2918 1636 respondit
2939 1564 3219 1619 eunuchus
3238 1583 3248 1615 :
3270 1562 3437 1617 Credo
3454 1564 3505 1616 in
3523 1562 3795 1617 Christum

2212 1656 2412 1709 Filium
2447 1656 2559 1709 Dei.
2591 1658 2662 1711 Ea
2690 1658 2820 1711 hora
2848 1657 3150 1725 baptizatus
3176 1663 3275 1715 est,
3305 1655 3475 1708 fidelis
3506 1655 3681 1709 lactus
3711 1667 3801 1710 est

2211 1757 2264 1801 et
2287 1754 2527 1811 sanctus,
2558 1755 2611 1801 et
2668 1747 2734 1801 de
2779 1746 3040 1815 discipulo
3076 1744 3329 1814 magister
3355 1742 3578 1797 ell'cctus
3601 1753 3704 1808 est,
3736 1752 3802 1798 et

535 1851 641 1893 tem
696 1844 889 1895 Cl'lltiS.
953 1843 1047 1897 llic
1089 1861 1256 1913 agnus
1306 1856 1387 1899 est
1431 1846 1481 1898 in
1532 1845 1683 1914 cujus
1738 1854 1861 1915 typo
1916 1845 2103 1898 immo—
2140 1868 2182 1925 Β
2212 1840 2468 1907 deinceps
2493 1838 2834 1907 praedicator,
2860 1846 2913 1892 et
2935 1837 3108 1907 gentis
3127 1850 3237 1891 suae
3267 1836 3541 1905 apostolus
3563 1834 3798 1890 eil‘ectus

524 1929 736 1985 labatur
759 1948 948 2001 agnus,
982 1933 1130 2001 cuj‘:s
1164 1950 1323 1988 cruor
1360 1935 1484 1989 litus
1531 1936 1582 1988 in
1634 1936 1879 2004 postibus
1924 1942 2107 1988 exter-

526 2020 842 2075 minatoretn
881 2021 1098 2093 fngabat
1126 2024 1363 2094 ZEgypti,
1395 2027 1482 2095 qui
1510 2042 1615 2079 non
1644 2026 1815 2081 solum
1848 2026 2108 2094 sanguine

523 2124 623 2161 suo
652 2124 750 2163 nos
781 2112 1027 2176 redemit,
1058 2114 1153 2166 sed
1199 2124 1255 2166 et
1282 2115 1419 2168 lanis
1450 2116 1663 2184 Operuit
1688 2122 1746 2166 ut
1783 2114 2025 2182 algentes
2053 2113 2105 2165 in

523 2201 780 2256 ﬁdelitate
806 2219 901 2257 sua
933 2213 1079 2259 veste
1108 2204 1442 2268 calefaceret,
1470 2216 1521 2259 et
1550 2205 1856 2258 audiremus
1876 2205 2108 2273 Apostoo

522 2289 633 2344 lunt
661 2290 797 2359 loqu
820 2301 966 2346 ntem
994 2294 1148 2346 nobis
1183 2312 1193 2346 :
1230 2293 1489 2363 Quotquot
1516 2293 1571 2344 in
1617 2292 1824 2345 Christo
1854 2293 2105 2360 baptizati

522 2379 666 2444 estis,
699 2380 961 2434 Christum
984 2383 1260 2447 induisis;
1292 2394 1347 2437 et
1376 2384 1427 2435 in
1482 2383 1587 2436 alio
1613 2382 1730 2436 loco
1758 2399 1771 2435 :
1809 2382 2105 2435 lnduimini

521 2467 728 2523 Christo
759 2471 907 2525 Jesn.
935 2472 1052 2539 Qtto
1074 2475 1194 2543 ique
1221 2475 1492 2543 sequitur:

587 2560 667 2613 De
686 2563 927 2631 angustia
954 2573 1001 2616 et
1029 2564 1092 2616 de
1135 2564 1340 2632 judicio
1365 2565 1600 2619 sublatus
1643 2574 1735 2626 est.
1770 2565 1883 2620 sive
1910 2572 1971 2619 ut
1998 2563 2104 2619 Se-

518 2651 794 2721 ptuaginta
821 2654 1212 2707 transtulerunt
1245 2672 1258 2707 :
1287 2653 1350 2707 In
1380 2656 1672 2708 humilitate
1703 2654 1969 2725 judicium
1988 2654 2101 2723 ejus

518 2741 783 2795 sublatum
829 2752 925 2807 est,
961 2743 1088 2797 illud
1132 2743 1403 2814 signiﬁcat
1449 2743 1589 2813 quod
1638 2745 1703 2797 de
1756 2743 2102 2798 tribulatione

517 2841 682 2901 atque
702 2830 907 2898 judicio
931 2834 997 2885 ad
1024 2832 1237 2887 Patrem
1263 2834 1435 2887 vietor
1462 2834 1790 2897 ascenderit,
1822 2833 1937 2887 sive
1958 2833 2102 2902 quod

513 2918 678 2989 judex
724 2922 965 2975 omnium
1016 2920 1202 2989 judieii
1254 2938 1358 2976 non
1413 2923 1613 2991 reperit
1657 2922 1974 2985 veritatemi,
2007 2923 2101 2976 sed

518 3010 722 3079 absque
751 3012 857 3065 ulla
882 3012 1037 3080 culpa
1067 3013 1331 3068 seditione
1360 3012 1666 3066 Judaeorum
1692 3021 1747 3066 et
1780 3012 1937 3065 Pilati
1969 3027 2102 3068 voce

519 3100 806 3156 damnatus
832 3102 925 3166 sit,
956 3110 1014 3155 ut
1060 3103 1357 3156 admiretur
1383 3103 1639 3171 prephcta
1674 3088 1815 3171 quod
1856 3103 2100 3158 omnium

2215 1937 2314 1983 est.
2339 1928 2469 1982 Cum
2492 1939 2663 1982 autent
2686 1928 3035 1982 ascendissent
3059 1928 3123 1980 de
3144 1944 3303 1997 aqua,
3328 1925 3553 1997 Spiritus
3580 1927 3797 1980 Domini

2216 2020 2385 2087 rapuit
2418 2018 2739 2089 Philippum,
2770 2029 2816 2072 et
2838 2018 3060 2088 amplius
3083 2034 3185 2070 non
3211 2017 3330 2071 vidit
3356 2034 3472 2068 eum
3498 2018 3795 2069 eunuchus.

2200 2106 2350 2161 ‘Sunt
2380 2108 2595 2175 quidam
2628 2109 2718 2177 qui
2747 2108 2861 2162 hate
2890 2107 3134 2177 angelum
3168 2107 3219 2158 in
3250 2105 3452 2175 Spiritu
3485 2116 3676 2159 saneto
3712 2106 3762 2159 fc
3782 2138 3799 2148 ο

2212 2199 2351 2254 cisse
2378 2207 2660 2253 testantur.
2694 2200 2763 2252 ῐῖι
2796 2200 3153 2269 Hieronymus
3174 2199 3379 2266 prodit;
3413 2212 3535 2250 nam
3558 2206 3613 2251 et
3639 2198 3801 2251 simi-

2212 2290 2333 2344 liter
2362 2290 2561 2345 factum
2601 2291 2796 2361 legitur
2825 2291 2889 2344 de
2936 2290 3187 2343 llahaeuc
3218 2295 3466 2358 portante
3503 2287 3799 2356 prandium

2212 2380 2399 2433 Daniel
2428 2399 2440 2433 :
2476 2378 2747 2448 Philippus
2778 2389 2951 2431 autem
2978 2379 3213 2432 inventus
3239 2388 3311 2429 est
3341 2377 3394 2428 in
3428 2376 3611 2428 Azoto.
3650 2376 3803 2429 A20.-

2210 2477 2298 2522 tus
2326 2470 2576 2538 oppidum
2594 2469 2801 2537 insigne
2815 2467 3111 2522 Palaestinae
3125 2468 3267 2536 quod
3293 2466 3552 2521 Hebraice
3568 2477 3803 2520 vocatur

2208 2559 2408 2622 lsdoth,
2451 2567 2506 2613 et
2540 2568 2627 2613 est
2654 2574 2759 2612 una
2788 2558 2853 2613 de
2883 2558 3121 2627 quinque
3148 2557 3274 2611 olim
3305 2556 3618 2611 civitatibus
3642 2554 3800 2609 Allo-

2206 2652 2511 2722 phylornm.
2571 2649 2961 2718 Interpretatur
3013 2648 3157 2702 enim
3204 2646 3407 2700 Azotus
3474 2646 3608 2716 ignis
3635 2662 3796 2715 gene-

2208 2742 2430 2796 rationis
2460 2756 2554 2796 seu
2578 2742 2713 2811 ignis
2738 2733 3009 2809 patruelis.
3044 2738 3112 2792 Et
3139 2739 3493 2807 pertransiens
3521 2732 3798 2806 evangeli-

2208 2834 2362 2887 zabat
2413 2831 2705 2886 civitatibus
2758 2830 2975 2892 cunctis,
3002 2829 3166 2882 donec
3224 2830 3416 2882 veniret
3460 2825 3792 2881 thsareant.

2205 2924 2447 2979 Caesarea
2468 2922 2763 2976 Palmstinae
2785 2921 3003 2984 dicitur,
3019 2920 3106 2974 ubi
3137 2918 3276 2974 infra
3297 2920 3513 2975 domum
3536 2919 3801 2975 habuisse

2207 3015 2531 3069 describitur
2549 3013 2825 3082 Philippus
2847 3027 2964 3081 qua:
2986 3023 3156 3081 usque
3182 3011 3340 3065 hodie
3360 3011 3789 3072 demonstratur.

2205 3123 2304 3161 nec
2333 3121 2438 3161 non
2463 3114 2518 3160 et
2542 3104 2845 3159 cubiculum
2874 3112 3106 3172 quatuor
3129 3104 3358 3157 ﬁliarum
3380 3101 3495 3170 ejus
3510 3103 3792 3174 virginum

519 3190 661 3246 Deus
687 3207 745 3247 se
774 3192 1052 3246 tradiderit
1078 3194 1346 3261 passioui;
1373 3192 1439 3246 de
1464 3209 1569 3262 quo
1596 3192 1794 3248 Paulus
1811 3192 2052 3262 loquitur
2082 3208 2098 3248 :
2130 3222 2174 3283 ρ
2204 3198 2658 3269 prophetantium.
2684 3196 2942 3251 Caesarea:
2963 3196 3209 3251 civitates
3238 3195 3355 3249 duae
3383 3202 3510 3248 sunt
3542 3195 3595 3248 in
3636 3204 3789 3249 terra

518 3279 582 3333 Si
606 3282 745 3333 enim
772 3282 1133 3347 credidissent,
1163 3299 1428 3352 nunquam
1462 3283 1743 3336 Dominum
1770 3282 1955 3353 gloria:
1975 3299 2100 3337 cru-

518 3372 821 3440 ciﬁxissent.
856 3372 1111 3443 Sequitur
1138 3393 1150 3427 :

591 3460 985 3518 Cenerationem
1006 3466 1121 3535 ejus
1145 3467 1261 3535 quis
1283 3467 1586 3520 enarrabit?
1619 3466 1773 3534 Quod
1819 3467 2105 3536 dupliciter

520 3551 852 3622 intelligitur.
876 3554 985 3607 Aut
1015 3555 1159 3609 enim
1184 3556 1251 3611 de
1280 3557 1559 3612 divinitate
1582 3558 1700 3628 ejus
1726 3558 2103 3628 accipiendum

517 3652 625 3707 est,
673 3643 815 3711 quod
872 3645 1199 3713 impossibile
1246 3648 1317 3700 sit
1362 3648 1553 3701 divina:
1597 3647 1896 3701 nativitatis
1942 3662 2104 3702 nosse

517 3733 774 3802 mysteria
829 3752 842 3787 :
900 3734 967 3787 de
1014 3749 1118 3802 qua
1171 3736 1286 3805 ipse
1335 3736 1570 3805 loquitur
1622 3736 1676 3790 in
1733 3736 2043 3791 Proverbiis
2086 3755 2099 3790 :

519 3820 653 3875 Ante
683 3840 857 3876 omnes
880 3822 1035 3877 colles
1057 3826 1314 3894 generavit
1344 3842 1445 3889 me,
1468 3826 1622 3895 juxta
1651 3827 1781 3881 illud
1808 3829 1953 3896 quod
1974 3827 2101 3881 alibi

519 3909 793 3980 legimus:
829 3912 958 3977 Quis
1010 3914 1247 3983 cognovit
1307 3932 1515 3969 sensum
1568 3916 1812 3981 Domini,
1840 3926 1933 3970 aut
1984 3918 2103 3987 quis

520 4004 855 4057 consiliarius
899 4005 1012 4074 ejus
1062 4005 1200 4073 fuit?
1231 4007 1281 4060 id
1311 4017 1412 4070 est,
1446 4007 1651 4072 nullus;
1682 4015 1776 4061 aut
1824 4008 1890 4062 de
1943 4016 2102 4077 partu

517 4094 763 4163 virginis,
787 4096 930 4163 quod
954 4095 1235 4151 dilliculter
1264 4098 1432 4166 possit
1459 4098 1673 4166 exponi.
1727 4097 1927 4152 Deinde
1978 4113 2102 4151 cum

519 4180 701 4235 Maria:
728 4183 998 4238 diceretur
1014 4187 1082 4239 ab
1102 4186 1307 4254 angelo,
1336 4184 1604 4255 Concipies
1632 4196 1681 4239 et
1720 4187 1890 4256 paries
1910 4186 2098 4254 lilium,

518 4271 604 4325 illa
633 4276 907 4341 respondit
931 4292 943 4328 :
982 4274 1131 4329 Unde
1161 4276 1287 4330 milti
1315 4276 1427 4338 hoc,
1454 4294 1570 4347 qua:
1590 4278 1756 4329 virum
1778 4293 1883 4330 non
1909 4294 2105 4347 cogno-

516 4364 607 4416 tl?
631 4361 727 4418 Cui
758 4380 970 4419 rursum
1003 4366 1253 4436 angelus:
1285 4365 1535 4435 Spiritus,
1560 4367 1753 4434 inquit,
1775 4375 1986 4420 sanctus
2014 4384 2103 4420 su—

515 4454 769 4519 perveniet
791 4453 846 4506 in
873 4464 945 4518 te,
974 4464 1020 4507 et
1043 4455 1204 4507 virtus
1235 4454 1483 4508 Altissimi
1536 4455 1861 4509 obumbrabit
1885 4456 2013 4521 tibi;
2045 4464 2104 4509 ut

516 4538 600 4590 vel
633 4540 699 4593 ab
728 4540 939 4609 angelo,
980 4542 1064 4595 vel
1112 4542 1182 4596 ab
1208 4544 1538 4611 evangelista
1565 4552 1772 4597 tantum
1802 4546 2100 4601 nativitatis
2129 4567 2178 4626 ι)

517 4629 635 4698 ejus
686 4642 1085 4686 sacramentum
1127 4633 1358 4697 dicatur,
1394 4634 1547 4703 cujus
1592 4643 1844 4688 narrator
1886 4636 2099 4690 rarissi-

517 4735 639 4774 mus
652 4729 754 4774 est.
778 4720 1025 4791 Aperiens
1046 4733 1217 4777 autem
1238 4723 1506 4794 Philippus
1521 4742 1578 4778 os
1590 4742 1765 4791 suum,
1783 4736 1829 4779 et
1846 4726 2096 4797 incipiens

518 4809 582 4863 ab
608 4811 706 4863 hac
733 4809 1033 4881 Scriptura,
1062 4812 1445 4883 euangelizabat
1487 4813 1566 4867 illi
1587 4812 1789 4868 Iesum.
1820 4815 2097 4887 Philippus

519 4901 908 4970 interpretatur
959 4920 1017 4958 os
1072 4904 1364 4975 lampadis;
1398 4906 1726 4976 pulcherque
1772 4917 1857 4962 est
1903 4923 2096 4964 sensus

519 4992 664 5059 quod
691 5007 752 5045 os
773 4993 1033 5062 lampadis
1056 5011 1212 5049 suum
1235 4997 1468 5064 aperiret
1493 5014 1555 5051 os
1578 4997 1704 5050 dum
1725 4996 1954 5052 obscura
1978 5015 2098 5067 pro-

518 5083 718 5153 phetiae
736 5084 790 5136 in
811 5086 1048 5140 scientia:
1072 5087 1242 5141 lucem
1269 5087 1533 5157 proferret
1561 5108 1573 5143 :
1604 5092 1852 5160 quamvis
1872 5100 1926 5146 et
1938 5092 2095 5162 juxta

520 5174 801 5228 historiam
852 5177 1021 5244 possit
1072 5177 1175 5230 ista
1225 5178 1625 5234 circumlocutio
1672 5182 1953 5252 designare
1994 5182 2092 5236 ali-

519 5265 735 5334 quando
758 5264 1052 5335 longiorem
1079 5265 1315 5321 futurum
1338 5276 1465 5324 tunc
1493 5284 1614 5325 esse
1627 5272 1743 5341 ejus
1766 5288 2091 5329 sermonem.

522 5353 590 5408 Et
611 5356 735 5409 dum
760 5356 894 5409 irent
913 5373 1004 5426 per
1026 5357 1179 5422 viam,
1204 5368 1450 5413 venerunt
1474 5360 1542 5413 ad
1562 5362 1844 5430 quamdam
1876 5381 2089 5434 aquam.

517 5447 614 5503 Est
644 5449 801 5503 hodie
825 5447 1069 5513 Bethtur,
1094 5451 1207 5506 sive
1235 5452 1515 5517 Bethsoro,
1537 5453 1689 5508 vicus
1713 5455 1767 5508 in
1793 5456 1931 5511 tribu
1952 5456 2093 5512 Juda

519 5527 772 5594 eutttihus
800 5539 871 5594 ab
904 5539 1070 5595 illelia
1096 5541 1343 5598 Chebron
1388 5544 1645 5600 vicesimo
1689 5544 1882 5614 lapide.
1927 5546 2090 5602 Juxta

520 5644 684 5699 quem
715 5630 835 5687 fons
858 5632 927 5688 ad
971 5636 1203 5690 radicem
1236 5638 1431 5693 montis
1480 5638 1743 5693 ebulliens
1786 5640 1855 5693 ab
1909 5641 2092 5695 eadem

524 5738 627 5792 qua
658 5722 892 5796 gignitur
923 5729 1170 5785 sorbetur
1194 5728 1375 5786 humo.
1394 5730 1771 5801 Apostolorum
1797 5731 1931 5787 Acta
1953 5732 2092 5790 relc-

2209 3288 2662 3359 repromissionis.
2708 3285 2824 3342 Una
2874 3286 3117 3341 Caesarea
3179 3284 3555 3339 Paltestiuaein
3602 3284 3797 3339 littore

2206 3382 2373 3435 maris
2405 3380 2579 3450 Magni
2619 3379 2745 3443 sita,
2775 3393 2893 3447 qua:
2921 3378 3190 3448 quondam
3227 3377 3435 3447 Pirgos,
3466 3376 3516 3430 id
3541 3386 3625 3429 est
3647 3377 3795 3429 Tur-

2206 3473 2283 3527 ris
2313 3471 2586 3526 Stratonis
2616 3471 2755 3525 dicta
2784 3478 2895 3534 est;
2929 3470 3021 3525 sed
3066 3470 3134 3523 ab
3164 3468 3375 3523 Herode
3425 3483 3549 3538 rege
3584 3466 3797 3523 Inda-ae

2204 3560 2402 3617 nobilis
2450 3569 2502 3614 et
2558 3558 2854 3628 pulchrius,
2901 3566 2955 3613 et
3011 3568 3200 3611 contra
3248 3556 3357 3610 vim
3412 3558 3578 3610 maris
3616 3557 3794 3610 multo

2205 3650 2390 3706 utilius
2414 3657 2690 3704 exstructa
2715 3649 2769 3702 in
2792 3648 3053 3702 honorem
3081 3646 3311 3702 Ctesaris
3338 3647 3563 3717 Augusti
3597 3648 3790 3702 Czesa-

2202 3756 2295 3796 rea
2322 3739 2700 3810 cognominata
2731 3746 2836 3802 est,
2864 3738 2949 3792 cui
2979 3738 3143 3791 etiam
3178 3735 3431 3806 templum
3461 3736 3514 3789 in
3546 3751 3607 3790 ca
3639 3752 3795 3789 mar--

2203 3846 2355 3888 more
2379 3820 2502 3885 albo
2529 3831 2855 3895 construxit,
2888 3830 2939 3883 in
2967 3843 3071 3899 qua
3102 3842 3270 3898 nepos
3297 3828 3414 3897 ejus
3450 3828 3695 3882 Herodes
3719 3831 3791 3882 ab

2204 3920 2395 3991 angelo
2423 3934 2737 3991 percussus,
2778 3918 3063 3993 Cornelius
3108 3918 3353 3972 centurio
3376 3918 3703 3986 baptizatus,
3734 3928 3793 3973 et

2203 4013 2419 4083 Agabus
2448 4016 2708 4084 propheta
2732 4029 2868 4067 zona
2890 4014 3043 4068 Pauli
3073 4014 3271 4084 ligatus
3296 4022 3401 4069 est.
3435 4012 3619 4065 Altera
3652 4028 3791 4068 vero

2204 4104 2450 4161 Ctesarea
2501 4105 2750 4177 Philippi,
2780 4104 2934 4175 cujus
2979 4105 3325 4175 Evangelium
3377 4105 3625 4159 meminit
3660 4120 3789 4160 esse

2206 4196 2549 4251 tetrarchiam
2600 4198 2667 4250 ad
2724 4198 2933 4251 radices
2981 4198 3179 4250 montis
3232 4195 3419 4251 Libani
3452 4195 3611 4257 facta,
3642 4204 3699 4249 et
3733 4196 3786 4250 in

2205 4289 2406 4342 honore
2432 4288 2661 4342 Cmsaris
2686 4288 3061 4356 cognominata
3097 4297 3199 4342 est.
3230 4286 3338 4341 Sed
3369 4295 3425 4340 et
3464 4287 3619 4340 tertia
3668 4287 3771 4341 Ca:

2205 4393 2358 4432 sarea
2386 4378 2736 4447 Cappadoeize
2786 4378 3098 4448 metropolis
3150 4386 3255 4442 est,
3288 4373 3440 4443 cujus
3481 4375 3656 4431 Lucas
3711 4379 3783 4432 ita

2205 4468 2447 4523 meminit
2477 4488 2488 4521 :
2523 4468 2844 4523 Descendens
2870 4467 3165 4523 Ca'saream
3189 4468 3435 4522 salutavit
3466 4467 3788 4529 Ecclesium.

2773 4578 2862 4634 HO
2871 4579 3052 4633 MILIA
3090 4580 3182 4634 ΧΠ

2795 4666 2923 4704 ιτελι
2951 4666 3105 4704 ιἐιιιι
3138 4667 3185 4704 ν.

2326 4739 2509 4795 Lectio
2538 4740 2710 4795 sancti
2742 4740 3012 4810 Evangelii
3045 4741 3339 4797 secundum
3363 4741 3647 4797 Joannem.

2270 4828 2337 4882 In
2363 4829 2455 4883 illo
2486 4840 2732 4899 tempore,
2767 4830 2941 4884 Maria
2968 4843 3143 4886 autem
3169 4832 3339 4885 stabat
3368 4834 3437 4886 ad
3470 4849 3785 4887 monumen-

2197 4930 2306 4972 tum
2332 4920 2460 4988 foris
2484 4920 2716 4989 plorans,
2740 4929 2795 4973 et
2817 4921 3037 4990 reliqua.

2273 5007 2611 5062 Pensandum
2650 5018 2732 5063 est
2782 5010 2940 5077 hujus
2995 5011 3237 5067 mulieris
3284 5022 3520 5067 mentem
3574 5024 3780 5081 quanta

2202 5100 2283 5154 vis
2312 5102 2512 5155 amoris
2544 5104 2883 5166 accenderat,
2912 5120 3032 5173 qua:
3087 5119 3119 5157 a
3165 5114 3514 5161 monumento
3564 5105 3779 5161 Domini

2200 5192 2364 5247 etiam
2390 5193 2665 5261 discipulis
2694 5195 3070 5250 recedentibus
3102 5212 3205 5250 non
3237 5197 3551 5262 recedebat,
3588 5199 3781 5265 esqui—

2202 5283 2357 5337 rebat
2412 5298 2571 5352 quem
2623 5300 2729 5339 non
2782 5285 3079 5350 invenerat,
3126 5284 3286 5341 ﬂebat
3334 5287 3675 5355 inquirendo,
3725 5298 3783 5343 et

2201 5372 2400 5425 amoris
2425 5372 2507 5425 sui
2541 5373 2658 5443 igne
2684 5389 2964 5439 succensa,
2993 5375 3111 5444 cjus
3136 5392 3296 5444 quem
3326 5376 3564 5429 ablatum
3599 5378 3779 5430 credi-

2201 5460 2279 5515 dit
2316 5460 2540 5516 ardebat
2582 5463 2867 5517 desiderio.
2901 5463 2967 5516 Et
2995 5464 3159 5530 oculi,
3188 5464 3277 5533 qui
3313 5464 3596 5518 Dominum
3630 5480 3779 5532 qum-

2199 5552 2409 5606 sierunt
2428 5562 2483 5607 et
2507 5568 2611 5606 non
2637 5554 2977 5619 invenerunt,
3002 5554 3254 5626 laerymis
3269 5554 3380 5624 jam
3399 5557 3776 5619 exuudahant,

2201 5643 2431 5713 amplius
2449 5644 2691 5701 dolentes
2712 5648 2854 5715 quod
2878 5646 3054 5701 fuerat
3078 5633 3290 5704 ablatus
3312 5649 3376 5703 de
3398 5662 3787 5710 monumento,

2200 5750 2361 5803 quam
2383 5736 2524 5801 quod
2554 5735 2727 5791 fuerat
2747 5737 2958 5792 occisus
2984 5738 3035 5792 in
3062 5738 3221 5807 ligno,
3250 5740 3502 5807 quoniam
3530 5738 3774 5809 magistri
