3946 6328
124 359 210 419 iiii

1197 359 1502 417 liOMILl/E
1544 362 1612 418 IN
1650 361 1903 419 EVANG.
1946 363 2034 419 ET
2068 363 2289 421 EPIST.

3261 369 3370 426 163

122 470 267 536 tanti,
292 468 444 538 cujus
472 469 556 525 eis
607 470 720 525 vita
747 470 1021 525 subtracta
1055 467 1249 535 fuerat,
1278 486 1379 527 nec
1422 474 1687 529 memoria
1717 481 1768 540 Α
1793 475 2111 546 spiritaliter
2134 476 2448 532 hortulanus
2488 484 2626 541 erat,
2653 476 2745 547 qui
2788 477 2843 533 in
2874 476 2992 548 ejus
3018 487 3237 548 pectore
3270 498 3372 553 per

122 561 440 617 remanebat.
480 560 638 615 Unde
665 560 891 631 contigit
926 566 986 614 ut
1018 574 1142 615 eum
1168 562 1281 617 sola
1310 562 1518 617 videret
1568 578 1687 632 qua:

119 652 385 717 remansit,
423 652 552 721 quia
584 653 837 706 nimirum
875 652 1047 706 virtus
1067 652 1193 708 boni
1222 654 1401 723 operis
1427 669 1680 724 perseve-

121 745 282 798 rantia
328 754 431 809 est,
477 754 535 799 ut
580 761 712 802 voce
774 744 1031 801 Veritatis
1081 746 1276 801 dicitur
1308 765 1319 799 :
1355 745 1460 812 Qui
1512 756 1687 802 autem

117 837 502 905 perseveraverit
542 852 705 906 usque
750 836 805 888 in
831 835 1009 904 ﬁnem,
1036 836 1335 901 hicsalvus
1384 838 1503 890 erit.
1543 836 1686 890 Dum

117 943 229 996 ergo
251 928 415 996 fleret,
451 928 721 981 inclinauit
743 944 797 981 se
821 936 869 981 et
891 914 1152 998 prospexit
1190 930 1247 982 in
1270 938 1683 993 monumentum,

116 1025 161 1069 et
188 1016 305 1069 vidit
332 1016 464 1070 duos
489 1015 700 1087 angelos
722 1017 776 1070 in
798 1016 930 1071 albis
955 1022 1208 1081 sedentes,
1245 1032 1407 1071 unum
1433 1016 1503 1071 ad
1531 1026 1685 1086 caput

117 1114 159 1158 et
186 1123 338 1160 unum
366 1107 435 1159 ad
466 1106 641 1177 pedes.
674 1106 761 1159 ubi
789 1107 1017 1176 positum
1066 1107 1239 1175 fuerat
1294 1122 1483 1176 corpus
1529 1104 1681 1161 Iesu.

114 1195 214 1250 ista
241 1198 423 1265 itaque
446 1211 567 1266 quae
594 1195 673 1250 sic
702 1196 944 1260 amabat,
983 1211 1103 1265 qua:
1143 1210 1202 1250 se
1248 1195 1316 1250 ad
1364 1210 1687 1250 monumen-

118 1299 219 1342 tum
269 1289 408 1357 quod
458 1296 809 1358 perspexerat
862 1290 1058 1342 iterum
1102 1287 1355 1351 inclinat,
1404 1287 1685 1342 videamus

114 1396 210 1447 quo
232 1379 403 1435 fructu
428 1381 633 1435 amoris
652 1380 705 1433 in
730 1395 794 1435 ea
819 1379 1118 1450 ingeminat
1134 1392 1270 1448 opus
1293 1376 1679 1446 inquisitionis.

115 1470 355 1540 Sequitur
412 1489 425 1525 ι
493 1470 634 1523 Vidit
701 1469 834 1524 duos
875 1467 1084 1540 angelos
1139 1469 1195 1522 in
1248 1466 1380 1521 albis
1425 1468 1680 1534 sedentes,

111 1578 263 1615 unum
310 1561 378 1615 ad
435 1572 590 1630 caput
639 1570 690 1614 et
753 1575 915 1613 unum
958 1559 1027 1611 ad
1086 1558 1272 1629 pedes,
1330 1557 1417 1611 ubi
1455 1560 1683 1628 positum

114 1653 275 1721 fuerat
306 1668 493 1723 corpus
547 1650 699 1706 Iesu.
737 1651 876 1719 Quid
900 1659 985 1708 est
1012 1653 1155 1720 quod
1185 1652 1238 1705 in
1270 1649 1389 1705 loco
1417 1650 1681 1706 Dominici

110 1744 341 1813 corporis
392 1745 499 1798 duo
523 1743 702 1814 angeli
726 1743 979 1798 videntur
1011 1761 1024 1797 ε
1062 1757 1199 1797 unus
1224 1742 1293 1796 ad
1326 1750 1491 1812 caput
1518 1750 1681 1812 atque

1790 566 1990 620 amoris
2015 566 2098 620 sui
2126 567 2331 621 semina
2360 569 2616 623 virtutum
2645 569 2875 624 virentia
2908 570 3173 640 plantavit
3216 575 3371 629 sata?

1789 654 1897 709 Sed
1931 654 2062 724 quid
2089 667 2173 710 est
2199 657 2339 725 quod
2364 658 2479 714 viso
2504 672 2586 723 eo,
2614 675 2773 729 quem
2814 661 3160 715 hortulanum
3191 664 3366 719 credi-

1786 747 1885 812 dit,
1912 746 1999 800 cui
2041 747 2269 802 necdum
2296 748 2508 802 dixerat
2545 764 2700 818 quem
2731 752 3004 816 credebat,
3032 752 3183 806 ait’ei
3210 771 3223 806 :
3257 753 3368 807 Do-

1786 840 1945 905 mine,
1981 841 2028 893 si
2052 851 2105 893 tu
2135 840 2394 895 sustulisti
2421 858 2558 905 eum,
2589 842 2748 895 dicito
2770 843 2897 909 milii
2913 844 2938 897 ?
2965 843 3137 898 Nemo
3165 844 3371 899 calum-

1786 931 1964 985 nietur
1992 930 2269 986 mulierem
2297 933 2438 1000 quod
2469 931 2812 985 hortulanum
2844 932 3045 988 dixerit
3075 934 3367 990 Dominum

1785 1027 1841 1073 et
1868 1019 2053 1074 Iesum
2093 1021 2427 1090 magistrum.
2460 1021 2534 1075 lbi
2565 1022 2709 1075 enim
2760 1022 3016 1092 rogabat,
3059 1026 3147 1079 hic
3194 1040 3367 1095 agno-

1784 1112 1989 1164 scebat.
2035 1110 2112 1165 lbi
2153 1113 2453 1167 honorabat
2499 1114 2772 1169 hominem
2815 1130 2845 1168 a
2890 1130 3000 1184 quo
3043 1117 3365 1174 beneﬁcium

1783 1203 2120 1272 postulabat;
2148 1204 2237 1259 hic
2263 1205 2528 1259 recolebat
2552 1207 2826 1261 doctorem
2851 1223 2880 1260 a
2906 1223 3013 1278 quo
3037 1208 3371 1266 discerneret

1784 1294 2051 1360 humana,
2097 1305 2151 1349 et
2185 1296 2362 1351 divina
2410 1298 2671 1353 discebat.
2713 1299 3030 1371 Appellabat
3078 1302 3367 1358 Dominum

1781 1382 1939 1452 cujus
1983 1385 2176 1439 ancilla
2222 1401 2328 1440 non
2376 1395 2519 1453 erat,
2547 1397 2606 1442 ut
2648 1392 2955 1458 perveniret
2981 1392 3049 1446 ad
3079 1392 3367 1448 Dominum

1782 1471 1936 1541 cujus
1964 1483 2102 1528 erat.
2130 1474 2302 1530 Aliter
2327 1491 2455 1547 ergo
2502 1478 2786 1532 Dominum
2816 1480 2951 1534 dixit
2981 1499 2993 1534 :
3030 1481 3367 1537 Sustulerunt

1782 1562 2067 1618 Dominum
2094 1581 2285 1619 meum.
2312 1566 2484 1621 Aliter
2508 1577 2688 1623 autem
2714 1584 2729 1623 :
2760 1569 2999 1635 Domine,
3030 1573 3077 1625 si
3111 1581 3167 1625 tu
3190 1582 3370 1627 sustu-

1781 1650 1888 1705 listi
1914 1669 2052 1707 eum.
2081 1652 2160 1708 lbi
2202 1670 2269 1709 ex
2299 1656 2541 1722 veritate,
2574 1658 2665 1712 bic
2704 1674 2772 1712 ex
2814 1659 3037 1715 honore.
3080 1661 3368 1727 Quaerebat

1781 1739 1986 1810 itaque,
2028 1751 2085 1797 et
2121 1760 2228 1799 non
2256 1744 2489 1800 dicebat.
2517 1746 2647 1814 Quae
2670 1763 2794 1803 cum
2824 1750 3071 1815 dixisset,
3118 1752 3363 1818 Domine,

112 1841 238 1895 alius
266 1841 330 1894 ad
356 1826 523 1909 pedes
551 1840 769 1904 sedens,
798 1839 902 1893 nisi
925 1839 1068 1908 quod
1089 1837 1278 1891 Latina
1305 1837 1488 1906 lingua
1511 1852 1680 1907 ange-
1710 1823 1756 1881 Β
1782 1832 1829 1885 εἱ
1855 1842 1911 1885 tu
1940 1835 2201 1888 sustulisti
2224 1853 2366 1901 eum,
2392 1838 2494 1891 hoc
2519 1839 2682 1895 habet
2706 1840 2788 1894 vis
2818 1842 3041 1907 amoris,
3077 1842 3180 1898 hoc
3204 1858 3367 1915 agere

110 1931 185 1985 lus
209 1931 418 1984 nuntius
442 1929 665 1993 dicitur,
693 1938 749 1983 et
781 1928 870 1983 ille
902 1943 969 1983 ex
994 1926 1247 1998 passione
1276 1942 1373 1981 sua
1421 1927 1679 1979 nuntian—

110 2022 202 2075 dus
229 2029 364 2083 erat,
397 2020 491 2088 qui
520 2029 574 2073 et
630 2020 773 2073 Deus
796 2028 880 2073 est
907 2027 1033 2072 ante
1067 2017 1287 2083 szecula,
1310 2025 1367 2071 et
1409 2017 1572 2073 homo
1624 2017 1679 2071 in

112 2111 209 2166 line
229 2112 567 2165 szecnlorum.
604 2110 767 2176 Quasi
796 2110 863 2163 ad
902 2117 1063 2179 caput
1090 2108 1242 2163 sedet
1290 2107 1513 2178 angelus
1556 2122 1678 2162 cum

108 2215 199 2268 per
244 2201 516 2269 apostolos
568 2200 926 2269 praedicatur,
979 2199 1104 2269 quia
1154 2197 1223 2252 In
1270 2198 1523 2268 principio
1566 2207 1679 2252 erat

123 2287 326 2343 Verbum
362 2300 408 2343 et
472 2290 697 2343 Verbum
726 2299 838 2343 erat
874 2289 1015 2360 apud
1050 2288 1244 2353 Deum,
1276 2301 1322 2343 et
1372 2288 1515 2342 Deus
1565 2298 1678 2342 erat

122 2377 346 2433 Verbum.
381 2382 447 2435 Et
476 2381 628 2450 quasi
669 2381 734 2435 ad
764 2380 931 2449 pedes
954 2382 1106 2435 sedet
1138 2380 1362 2450 angelus
1387 2396 1510 2434 eum
1543 2380 1680 2435 dici-

111 2479 215 2523 tur:
238 2470 300 2525 Et
328 2470 548 2525 Verbum
564 2473 761 2541 factum
776 2480 870 2525 est.
888 2470 1179 2526 Possumus
1194 2472 1358 2525 etiam
1371 2472 1573 2543 etLduos
1585 2488 1682 2527 an-

107 2562 245 2633 gelos
258 2564 359 2618 duo
376 2564 721 2618 Testamenta
737 2577 1086 2634 cognoscere,
1114 2578 1279 2616 unum
1295 2564 1443 2631 prius
1460 2574 1514 2617 et
1533 2564 1679 2619 aliud

105 2668 357 2722 sequens;
384 2655 477 2723 qui
532 2655 781 2709 videlicet
826 2653 1000 2724 angeli
1040 2669 1137 2722 per
1182 2652 1361 2707 locum
1411 2653 1674 2710 Dominici

107 2745 337 2813 corporis
378 2744 730 2815 sibimetipsis
757 2752 886 2799 sunt
924 2744 1215 2813 conjuncti;
1249 2744 1375 2812 quia
1418 2743 1675 2798 nimirum

107 2840 322 2901 utraque
349 2843 675 2889 testamenta
722 2834 851 2888 dum
879 2833 997 2902 pari
1029 2848 1193 2888 sensu
1221 2833 1588 2898 incarnatum,
1625 2842 1681 2887 et

108 2929 389 2986 mortuum,
437 2937 503 2977 ac
553 2922 855 2977 surrexisse
907 2922 1189 2976 Dominum
1222 2922 1491 2988 nuntiant,
1521 2923 1679 2993 quasi

108 3010 505 3069 Testamentum
532 3014 682 3083 prius
716 3014 783 3069 ad
811 3021 974 3083 caput
992 3023 1047 3068 et
1069 3013 1472 3068 Testamentum
1503 3024 1680 3083 poste-

109 3104 212 3159 rius
235 3106 299 3160 ad
328 3106 495 3175 pedes
530 3106 700 3161 sedet.
734 3105 927 3158 Dicunt
955 3105 1003 3158 ei
1024 3120 1042 3157 :
1072 3103 1286 3169 Mulier,
1315 3105 1439 3174 quid
1464 3105 1680 3175 ploras?

1783 1920 1921 1975 solet
1946 1922 1999 1976 in
2039 1924 2221 1978 animo
2246 1932 2305 1978 ut
2340 1940 2499 1995 quem
2533 1927 2646 1995 ipse
2689 1943 2902 1998 semper
2928 1933 3219 2001 cogitabat,
3247 1935 3366 1988 nul-

1782 2008 1893 2064 lum
1941 2011 2107 2066 alium
2160 2015 2348 2069 credat
2395 2016 2662 2087 ignorare.
2712 2018 2878 2075 Recte
2923 2030 2979 2076 et
3022 2023 3137 2078 haec
3174 2024 3369 2080 mulier

1782 2114 1941 2168 quem
1969 2102 2165 2170 quierit
2203 2119 2308 2156 non
2337 2104 2489 2169 dicit,
2534 2114 2590 2159 et
2630 2115 2806 2162 tamen
2838 2109 2991 2175 dicit,
3020 2112 3084 2166 Si
3108 2121 3164 2165 tu
3191 2124 3369 2168 sustu-

1780 2189 1889 2243 listi
1935 2207 2089 2260 eum,
2125 2194 2252 2262 quia
2295 2194 2452 2248 alteri
2498 2212 2605 2250 non
2641 2207 2795 2267 putat
2831 2215 2952 2255 esse
2996 2202 3363 2274 incognitum,

1781 2296 1941 2350 quem
1974 2282 2088 2352 ipsa
2116 2285 2371 2339 continuo
2409 2285 2610 2357 plangit
2644 2288 2931 2345 desiderio.
2959 2291 3099 2346 Dicit
3128 2294 3217 2348 ei:
3245 2294 3369 2348 Ma-

1783 2372 1884 2425 ria.
1925 2372 2187 2427 Conversa
2232 2374 2327 2427 illa
2367 2376 2490 2428 dicit
2526 2377 2574 2430 ei
2606 2394 2625 2430 :
2663 2377 2932 2445 Rabboni;
2979 2384 3119 2453 quod
3170 2384 3369 2438 dicitur

1782 2462 2049 2531 magister.
2094 2462 2383 2532 Postquam
2412 2478 2532 2519 eam
2577 2470 2847 2523 communi
2892 2472 3152 2525 vocabulo
3182 2474 3366 2542 appel-

1782 2552 1917 2607 lavit
1940 2563 1996 2609 et
2028 2570 2181 2619 sexu,
2210 2564 2267 2610 et
2292 2558 2504 2627 agnitus
2541 2574 2647 2613 non
2690 2569 2793 2626 est,
2826 2572 2983 2618 vocat
3011 2579 3075 2618 ex
3124 2568 3363 2622 nomine.

1780 2642 1858 2697 Ac
1892 2644 1936 2698 si
1966 2653 2153 2714 aperte
2188 2645 2334 2700 dicat
2364 2647 2413 2701 ei
2440 2666 2452 2701 :
2480 2647 2824 2720 Recognosce
2849 2667 2970 2707 eum
3001 2669 3031 2707 a
3064 2669 3171 2723 quo
3209 2672 3366 2711 reco-

1779 2734 2077 2802 gnosceris.
2121 2734 2369 2789 Perfecto
2411 2751 2625 2807 quoque
2665 2739 2783 2793 viro
2829 2741 2989 2807 dicit,
3028 2741 3166 2796 Novi
3209 2754 3258 2798 te
3299 2761 3366 2798 ea:

1780 2822 2010 2889 nomine,
2046 2824 2173 2893 quia
2219 2825 2382 2881 homo
2406 2841 2688 2882 commune
2710 2832 2947 2884 omnium
2978 2842 3223 2888 nostrum
3263 2851 3362 2890 vo-

1780 2912 2030 2967 cabulum
2062 2922 2175 2979 est;
2210 2914 2418 2986 Moyses
2463 2932 2592 2973 vero
2620 2920 2925 2988 pr0prium,
2972 2924 3057 2976 cui
3092 2934 3237 2979 recte
3283 2927 3364 2979 di-

1779 3003 1939 3067 citur,
1972 3004 2098 3072 quia
2125 3019 2191 3058 ex
2224 3006 2437 3060 nomine
2467 3007 2652 3062 scitur.
2681 3007 2760 3065 Ac
2796 3012 2842 3064 si
2887 3000 3075 3081 aperte
3104 3013 3361 3071 Dominus

1782 3090 1927 3145 dicat
1951 3110 1964 3145 :
1997 3091 2113 3147 Non
2142 3102 2193 3147 te
2219 3095 2625 3165 generaliterrut
2658 3106 2906 3164 caeteros,
2934 3102 3027 3155 sed
3055 3104 3364 3171 specialiter

108 3198 246 3262 quasi
295 3198 561 3252 dixissem
591 3214 602 3249 ε
639 3196 755 3250 Non
808 3193 898 3250 est
927 3203 1196 3250 ιηοιιιυωη
1240 3195 1473 3264 plorare,
1509 3211 1670 3265 quem
1700 3184 1744 3246 C
1777 3183 1906 3237 scio.
1941 3183 2109 3237 Maria
2140 3200 2269 3255 ergo
2315 3187 2439 3255 quia
2484 3197 2703 3242 vocatur
2730 3206 2796 3243 ex
2840 3194 3055 3247 nomine
3086 3199 3364 3265 cognoscit

108 3288 358 3343 viventem
383 3291 608 3345 credere
633 3291 816 3345 debes.
846 3289 980 3343 Dicit
1006 3291 1079 3343 eis
1101 3306 1120 3344 :
1150 3289 1287 3355 Quia
1316 3289 1543 3344 tulerunt
1572 3290 1676 3343 Do—

108 3380 290 3431 minum
336 3397 533 3445 meum,
570 3390 674 3436 etc.
725 3382 1004 3435 Dominum
1055 3397 1208 3436 suum
1256 3390 1413 3437 vocat
1463 3381 1673 3436 Domini

108 3471 179 3525 sui
208 3487 399 3543 corpus
426 3474 699 3537 exanime,
730 3489 759 3526 a
786 3481 939 3542 parte
970 3481 1137 3527 totum
1172 3472 1502 3543 signiﬁcans,
1534 3473 1676 3527 sicut

108 3579 280 3619 onmes
315 3566 638 3619 conﬁtemur
664 3564 846 3619 Jesuni
878 3563 1149 3619 Christum
1182 3564 1374 3618 Filium
1418 3564 1511 3618 Dei
1555 3563 1673 3617 uni-

108 3668 217 3707 cum
261 3654 549 3708 Dominum
599 3665 873 3718 nostrum;
916 3654 1056 3721 quod
1098 3653 1280 3721 utique
1321 3652 1478 3706 simul
1510 3661 1592 3707 est
1619 3660 1674 3705 et

106 3742 309 3797 verbum
340 3753 395 3798 et
429 3744 628 3807 anima,
660 3751 715 3797 et
758 3757 903 3807 caro,
936 3742 1251 3797 cruciﬁxum
1283 3750 1461 3794 tamen
1501 3748 1554 3793 et
1589 3754 1673 3794 se-

107 3833 326 3901 pultura,
371 3849 495 3887 cum
532 3833 643 3887 sola
688 3833 804 3902 ejus
843 3831 1047 3901 sepulta
1078 3832 1147 3886 sit
1172 3845 1320 3885 caro.
1362 3830 1428 3883 Et
1476 3831 1672 3895 nescio,

108 3920 293 3991 inquit,
341 3923 429 3976 ubi
471 3930 757 3992 posuerunt
806 3936 944 3973 eum.
987 3919 1113 3973 Haec
1142 3927 1260 3973 erat
1304 3933 1467 3973 causa
1504 3916 1674 3986 major

108 4012 291 4067 doloris
337 4014 484 4083 quod
537 4012 815 4066 nesciebat
859 4025 967 4079 quo
1012 4010 1116 4064 iret
1172 4010 1238 4063 ad
1287 4008 1672 4065 consolandum

108 4101 346 4156 dolorem.
397 4100 507 4155 Sed
563 4116 729 4170 prope
775 4109 893 4154 erat
941 4098 1094 4164 liora,
1140 4113 1245 4167 qua
1297 4097 1516 4152 tristitia
1559 4097 1676 4165 ejus

107 4201 389 4246 verteretur
430 4191 486 4246 in
525 4192 797 4262 gaudium.
831 4189 960 4243 Ha'c
998 4207 1114 4243 cum
1155 4190 1403 4254 dixisset,
1431 4206 1674 4261 conversa

106 4289 171 4331 est
199 4289 514 4344 retrorsum,
547 4288 596 4334 et
623 4278 747 4333 vidit
775 4277 956 4332 Iesum
985 4287 1236 4341 stantem,
1272 4288 1318 4331 et
1349 4293 1452 4330 non
1479 4278 1673 4331 sciebat

106 4371 217 4439 quia
253 4371 408 4425 Iesus
434 4380 531 4425 est.
560 4368 864 4423 Notandum
892 4369 1033 4438 quod
1068 4368 1235 4421 Maria
1261 4382 1381 4437 quae
1404 4367 1578 4421 adhuc
1607 4367 1675 4421 de

112 4459 304 4514 Domini
335 4461 735 4516 resurrectione
760 4459 1059 4522 dubitabat,
1096 4467 1387 4514 retrorsum
1413 4472 1672 4513 conversa

1780 3281 2057 3327 auctorem
2091 3282 2252 3343 atque
2292 3290 2412 3329 eum
2446 3279 2690 3346 protinus
2726 3280 2963 3335 Rabboni
2998 3284 3048 3336 id
3078 3294 3163 3339 est
3194 3290 3365 3358 magi-

1777 3374 1948 3419 strum
1977 3375 2158 3430 vocat,
2190 3369 2313 3436 quia
2338 3377 2393 3423 et
2422 3369 2533 3438 ipse
2561 3378 2677 3425 erat
2718 3373 2809 3441 qui
2839 3375 3180 3441 quaerebatur
3204 3388 3355 3435 exte-

1775 3456 1912 3521 rius,
1941 3464 1999 3511 et
2031 3458 2147 3527 ipse
2174 3459 2264 3527 qui
2296 3474 2416 3512 eam
2462 3460 2689 3515 interius
2718 3469 2777 3515 ut
2810 3473 3077 3531 qumreret
3106 3467 3353 3524 docebat.

1775 3545 1917 3599 Dicit
1952 3547 1999 3600 ei
2038 3546 2196 3601 Iesus
2219 3562 2238 3599 :
2270 3548 2395 3602 Noli
2438 3566 2520 3603 me
2560 3560 2794 3622 tangere,
2826 3555 3056 3608 nondum
3096 3559 3231 3610 enim
3270 3577 3356 3613 as-

1776 3637 1925 3689 cendi
1958 3638 2027 3690 ad
2072 3634 2287 3692 Patrem
2318 3656 2504 3692 meum.
2535 3640 2625 3696 Sic
2653 3644 2796 3697 enim
2841 3646 3042 3700 dictum
3088 3657 3192 3709 est,
3226 3649 3355 3702 .Voli

1776 3744 1858 3781 me
1888 3738 2117 3799 tangere,
2145 3739 2202 3783 ut
2232 3731 2283 3783 in
2316 3730 2404 3783 illa
2448 3730 2644 3786 femina
2670 3734 2990 3803 ﬁguraretur
3014 3737 3251 3791 Ecclesia
3285 3741 3351 3793 de

1776 3817 2026 3885 gentibus
2050 3819 2141 3886 qui
2185 3819 2237 3871 in
2270 3819 2486 3874 Christo
2513 3836 2619 3875 non
2646 3824 2892 3888 credidit,
2938 3826 3041 3879 nisi
3090 3842 3213 3880 cum
3266 3845 3353 3883 as—

1776 3908 2045 3962 cendisset
2072 3908 2140 3962 ad
2181 3908 2427 3975 Patrem;
2472 3918 2564 3963 aut
2590 3920 2735 3966 certe
2764 3913 2844 3968 sic
2886 3915 3034 3968 credi
3066 3916 3231 3970 voluit
3263 3917 3351 3971 Je-

1776 4011 1891 4062 sus,
1932 3998 2035 4053 hoc
2062 4006 2149 4053 est
2195 4000 2273 4053 sic
2314 4014 2372 4053 se
2415 4000 2727 4069 spiritaliter
2775 4004 2921 4073 tangi
2966 4006 3109 4073 quod
3157 4007 3270 4075 ipse
3302 4018 3357 4063 et

1776 4089 1937 4145 Pater
1968 4106 2133 4145 unum
2178 4092 2306 4145 sint.
2336 4092 2524 4157 Aliter,
2556 4107 2662 4148 non
2708 4103 2854 4149 recte
2884 4098 3140 4163 tangitur,
3170 4099 3222 4153 id
3251 4110 3353 4164 est,

1776 4196 1884 4235 non
1941 4189 2087 4235 recte
2125 4181 2384 4235 creditur.
2430 4180 2547 4235 Jam
2594 4197 2725 4237 vero
2763 4185 2831 4238 ab
2868 4188 3200 4256 evangelista
3247 4205 3354 4243 non

1777 4272 2027 4326 subditur
2074 4272 2205 4341 quid
2262 4272 2454 4326 mulier
2501 4272 2723 4339 fecerit,
2767 4276 2859 4329 sed
2908 4291 2973 4330 ex
3021 4292 3087 4332 eo
3116 4279 3359 4336 innuitur

1777 4362 1920 4431 quod
1961 4363 2167 4417 audivit
2193 4364 2280 4417 cui
2311 4364 2544 4418 dicitur;
2585 4363 2712 4418 Noli
2757 4382 2839 4420 me
2866 4376 3096 4438 tangere,
3124 4372 3357 4425 nondum

1777 4452 1915 4506 enim
1944 4454 2156 4507 ascendi
2183 4454 2253 4507 ad
2286 4453 2498 4508 Patrem
2527 4471 2716 4509 meum.
2746 4455 2805 4510 in
2836 4458 2920 4511 his
2962 4474 3195 4528 namque
3237 4477 3356 4516 vcr-

107 4558 198 4613 cst,
223 4551 427 4605 videret
453 4549 665 4613 Iesum,
698 4549 822 4617 quia
859 4548 1103 4602 videlicet
1129 4562 1225 4616 per
1250 4546 1493 4600 eamdem
1523 4546 1679 4600 dubi-
1703 4533 1756 4592 D
1779 4541 1865 4597 bis
1912 4542 2213 4597 ostenditur
2271 4543 2413 4613 quod
2477 4542 2645 4598 Maria
2707 4546 2956 4615 amplecti
3021 4548 3189 4604 voluit
3240 4551 3358 4618 ejus

109 4643 349 4698 tationem
374 4658 529 4699 suam
556 4644 719 4711 quasi
737 4652 886 4712 terga
916 4642 969 4695 in
999 4640 1209 4694 Domini
1237 4638 1426 4693 faciem
1454 4639 1678 4693 miserat

108 4746 254 4798 quem
306 4734 667 4787 resurrexisse
694 4733 915 4785 minime
937 4731 1209 4785 credebat.
1240 4729 1347 4791 Sed
1376 4730 1501 4798 quia
1527 4746 1676 4784 ama-

108 4819 191 4873 bat
214 4830 267 4876 et
291 4823 596 4886 dubitabat,
627 4821 841 4875 videbat
869 4830 922 4874 et
952 4836 1056 4875 non
1098 4820 1487 4890 cognoscebat;
1524 4835 1675 4875 eum-

110 4932 202 4983 que
244 4917 314 4970 illi
357 4933 515 4971 amor
560 4916 867 4969 ostenderat
895 4924 951 4968 et
992 4914 1237 4968 dubietas
1277 4912 1675 4978 abseondebat,

111 5006 247 5075 cujus
289 5009 467 5061 adhuc
515 5006 811 5077 ignorantia
842 5004 1162 5073 exprimitur
1188 5018 1310 5057 cum
1341 5002 1589 5066 infertur,
1618 5010 1673 5057 et

112 5098 369 5152 nesciebat
397 5099 525 5168 quia
557 5098 714 5152 Jesus
760 5104 921 5149 esset.
951 5092 1085 5146 Dicit
1118 5095 1166 5146 ei
1210 5093 1365 5147 Iesus
1399 5106 1417 5144 :
1457 5091 1671 5159 Mulier,

114 5190 224 5254 quid
243 5189 416 5259 ploras
431 5189 457 5241 ?
471 5186 637 5254 Qitth
658 5186 848 5258 quieris
866 5186 888 5236 ?
908 5183 1271 5253 Interrogatur
1291 5181 1490 5238 doloris
1508 5197 1671 5237 causa

113 5286 167 5329 ut
205 5290 461 5350 augeatur
509 5278 852 5340 desiderium,
901 5284 1162 5346 quatenus
1209 5290 1331 5329 cum
1374 5275 1674 5329 nominaret

117 5384 259 5435 quem
298 5378 584 5437 quaereret,
619 5369 670 5421 in
708 5382 888 5421 amore
928 5367 1044 5437 ejus
1071 5366 1345 5420 ardentius
1396 5374 1668 5420 aestuaret.

116 5457 210 5511 Illa
229 5462 531 5514 existimans
551 5462 671 5530 quia
695 5457 1000 5512 hortulanus
1021 5466 1168 5519 esset,
1186 5457 1307 5510 dicit
1327 5458 1373 5509 ei
1388 5471 1407 5510 :
1432 5449 1668 5516 Domine,

114 5550 155 5602 si
186 5561 238 5603 tu
272 5551 530 5605 sustulisti
557 5566 697 5611 eum,
731 5551 887 5601 dicito
922 5549 1045 5601 milii
1072 5548 1157 5600 ubi
1182 5558 1237 5599 tu
1265 5547 1481 5615 posuisti
1519 5562 1670 5611 eum;

115 5649 159 5691 et
188 5656 273 5708 ego
296 5658 413 5695 eum
441 5642 641 5695 tollam.
676 5640 921 5695 Forsitan
951 5654 1047 5693 nec
1075 5638 1305 5692 errando
1332 5638 1523 5691 mulier
1556 5638 1671 5692 hmo

116 5732 301 5785 erravit
340 5748 460 5802 qum
490 5730 671 5785 Iesum
714 5728 1051 5782 hortulanum
1078 5726 1319 5780 credilit.
1353 5725 1432 5778 An
1477 5742 1583 5781 non
1620 5729 1668 5782 ei

1779 4635 2004 4704 vestigia
2050 4650 2212 4704 quem
2259 4635 2587 4704 recognovit.
2640 4634 2747 4689 Sed
2778 4636 2829 4689 ei
2877 4637 3137 4707 magister
3179 4641 3352 4694 dicit:

1781 4723 1908 4778 Noli
1934 4740 2017 4778 nte
2043 4734 2273 4795 tangere,
2306 4740 2407 4779 non
2438 4726 2561 4793 quia
2595 4733 2718 4794 post
2758 4729 3211 4784 resurrectionem
3252 4732 3356 4785 Do-

1776 4816 1956 4870 minus
1997 4824 2196 4869 tactum
2243 4816 2484 4869 renuerit
2529 4814 2848 4869 feminarum
2891 4832 3014 4871 cum
3053 4819 3121 4872 de
3149 4821 3355 4876 duabus

1775 4910 1845 4963 ad
1878 4908 2181 4980 sepulcrum
2211 4908 2327 4978 ejus
2370 4895 2629 4977 scriptum
2659 4908 2749 4988 sit~
2770 4926 2783 4960 :
2818 4908 3155 4963 Accesserant
3202 4922 3249 4963 et
3280 4922 3356 4964 te-

1776 5006 2000 5051 nuerunt
2043 4998 2196 5066 pedes
2224 4999 2357 5066 ejus.
2388 4995 2492 5050 Sed
2524 5012 2622 5050 cur
2652 4998 2801 5067 tangi
2844 5012 2951 5050 non
2980 4999 3171 5053 debeat
3218 5002 3353 5055 ratio

1774 5106 1989 5163 quoque
2040 5091 2270 5155 additur,
2314 5104 2436 5143 cum
2481 5088 2813 5144 subinfertur
2855 5107 2869 5142 :
2916 5090 3163 5143 Nondum
3214 5094 3351 5144 enim

1773 5179 1985 5232 ascendi
2012 5178 2082 5231 ad
2116 5176 2330 5231 Patrem
2378 5194 2569 5230 meum.
2618 5176 2676 5230 In
2719 5178 2881 5232 corde
2925 5180 3122 5233 etenim
3166 5190 3353 5233 nostro

1775 5278 1905 5324 tunc
1929 5267 2087 5323 Iesus
2129 5269 2369 5324 ascendit
2411 5270 2477 5321 ad
2523 5268 2737 5322 Patrem
2765 5283 2886 5322 cum
2932 5269 3155 5337 aequalis
3206 5271 3348 5323 Patri

1778 5360 2035 5416 creditur.
2084 5359 2219 5413 Nam
2270 5360 2511 5428 quisquis
2563 5374 2685 5411 eum
2745 5358 3003 5426 :equalem
3052 5359 3197 5413 Patri
3244 5378 3352 5415 non

1779 5453 1972 5517 credit,
1998 5452 2173 5507 adhuc
2202 5453 2254 5505 in
2270 5452 2397 5517 ejus
2427 5461 2641 5518 pectore
2667 5452 2732 5504 ad
2772 5452 2984 5505 Patrem
3030 5467 3133 5504 non
3165 5467 3352 5505 ascen,

1778 5541 1873 5595 dit.
1900 5541 1989 5595 Ille
2012 5558 2139 5611 ergo
2162 5540 2341 5594 Iesum
2374 5541 2631 5593 vcracitcr
2664 5541 2831 5609 tangit
2860 5541 2948 5608 qui
2986 5540 3127 5593 Patri
3158 5540 3352 5593 Filium

1778 5644 2105 5692 comteruum
2134 5637 2323 5690 credit.
2368 5634 2505 5685 Υιηέρ
2537 5634 2603 5686 ad
2633 5633 2822 5701 fratres
2867 5649 3003 5685 meos
3030 5642 3076 5685 et
3117 5633 3203 5684 dic
3232 5634 3306 5685 eis
3328 5645 3348 5684 :

1777 5726 2010 5780 Ascendo
2056 5726 2124 5779 ml
2178 5724 2383 5778 Pun-rm
2433 5742 2597 5777 meum
2647 5735 2693 5777 rt
2748 5723 2957 5776 Patrem
3005 5734 3259 5784 vestrum,
3301 5734 3348 5775 et
