3946 6336
533 312 636 368 163

1176 302 1238 356 Β.
1282 299 1534 355 RABANI
1575 296 1793 352 iilAUlil
1834 292 2147 349 AllClllEP.
2191 291 2502 349 MOGUNT.
2543 289 2829 348 OPERUM
2865 287 3044 344 PARS
3081 286 3145 342 Il.

3714 285 3826 338 164

529 424 599 480 ad
639 422 806 477 Deum
835 432 1006 474 meum
1050 425 1098 474 et
1136 414 1305 469 Deum
1338 424 1586 468 vestrum.
1630 411 1748 466 Non
1780 411 1857 463 ait
1893 408 2110 462 Patrem
2139 413 2187 471 Α
2215 409 2355 476 quod
2390 407 2586 462 dicitur
2615 406 2899 473 tviviﬁcatos
2929 412 3105 456 autem
3130 400 3338 470 spiritu,
3371 407 3594 452 sanctus
3634 399 3825 452 Atha-

530 522 799 573 nostrum;
845 507 1001 560 aliter
1029 519 1159 575 ergo
1209 518 1409 566 meum,
1442 502 1600 556 aliter
1641 511 1916 556 vestrum:
1947 499 2118 551 Deum

531 614 708 655 meum
753 595 852 651 sub
888 609 994 664 quo
1035 601 1089 648 et
1129 607 1229 662 ego
1260 593 1421 645 homo
1465 605 1618 654 sum;
1665 589 1832 643 Deum
1876 597 2119 641 vestrum

530 694 671 747 inter
697 704 832 760 quos
859 697 910 740 et
941 687 1115 757 ipsum
1150 683 1415 738 mediator
1441 697 1579 737 sum.
1605 679 1738 736 Cum
1768 693 1949 733 meum
1976 679 2122 732 dicat

529 793 582 837 et
611 793 871 842 vestrum,
903 794 1002 833 cur
1027 791 1134 830 non
1163 774 1523 830 communiter
1551 771 1680 825 dicit
1711 769 1988 823 nostrum?
2015 766 2123 821 Sed

529 874 779 928 distincte
829 870 1057 937 loquens
1098 867 1304 921 indicat
1354 864 1481 932 quia
1519 861 1767 916 eumdem
1814 858 2028 913 Patrem
2069 865 2124 909 et

531 964 816 1017 Dominum
842 957 1177 1013 dissimiliter
1206 955 1365 1016 habet
1397 953 1510 1020 ipse
1535 965 1696 1019 quam
1733 965 1850 1003 uos.
1880 947 2120 1000 Ascenilo

530 1053 598 1106 ad
632 1050 844 1105 Patrem
869 1064 1064 1112 meum,
1095 1045 1347 1099 videlicet
1385 1057 1482 1110 per
1508 1051 1780 1103 naturam,
1814 1049 1862 1092 et
1906 1036 2124 1090 Patrem

531 1151 776 1203 vestrum,
805 1153 899 1208 per
921 1136 1184 1208 gratiam;
1210 1133 1279 1186 ad
1311 1132 1478 1185 Deum
1506 1146 1677 1184 meum
1700 1129 1825 1198 quia
1850 1125 2122 1190 descendi,

532 1232 600 1283 ml
646 1230 810 1282 Deum
851 1235 1078 1280 vestrum
1127 1224 1252 1292 quia
1305 1219 1644 1275 aseendistis.
1692 1217 1826 1284 Quia
1874 1215 2018 1269 enim
2068 1222 2127 1267 et

533 1336 633 1391 ego
679 1321 856 1381 homo,
891 1317 1033 1370 Deus
1066 1314 1197 1368 mihi
1231 1320 1342 1375 est;
1372 1311 1499 1378 quia
1529 1323 1626 1363 vos
1656 1305 1724 1360 ab
1757 1319 1941 1359 errore
1990 1302 2126 1356 libe-

535 1412 658 1471 rati.
705 1410 848 1464 Deus
873 1415 957 1462 est
1003 1405 1176 1460 vobis.
1230 1401 1492 1457 Distincte
1521 1413 1651 1468 ergo
1688 1395 1820 1450 mihi
1867 1394 2028 1448 Pater
2075 1400 2132 1446 et

536 1502 679 1558 Deus
723 1511 824 1565 est,
859 1500 986 1569 quia
1015 1511 1193 1566 quem,
1220 1502 1344 1558 ante
1384 1489 1580 1546 saacula
1624 1487 1912 1541 Dominum
1948 1481 2133 1554 genuit

536 1595 834 1655 hominem,
878 1593 932 1644 in
977 1589 1082 1642 ﬁne
1124 1585 1443 1641 saeculorum
1478 1595 1690 1634 mecum
1717 1576 1944 1631 creavit.
1979 1574 2130 1628 Venit

541 1683 716 1738 Maria
748 1678 1062 1750 Magdalene
1109 1674 1430 1729 annuntians
1478 1668 1747 1738 discipulis
1781 1680 1800 1717 :
1839 1665 1980 1731 Quia
2025 1665 2130 1718 uidi

2223 497 2408 550 uasius
2444 494 2823 548 Alexandrina:
2848 489 3091 562 pontifex
3122 503 3228 542 non
3271 487 3339 541 ad
3378 486 3614 541 hominis
3652 485 3829 556 spiri-

2226 596 2336 640 tum
2355 627 2373 650 ,
2394 586 2485 656 qui
2509 583 2832 640 mortiﬁcata
2861 597 3023 636 carne
3048 578 3240 634 melius
3255 577 3575 639 viviﬁcatur,
3597 577 3829 632 dicente

2223 677 2492 747 Propheta
2522 675 2588 730 de
2620 673 2850 728 Domino
2879 683 2935 726 ut
2967 669 3188 739 viviﬁcet
3230 669 3468 738 spiritum
3499 666 3787 721 humilium
3809 707 3826 730 ,

2224 777 2272 820 et
2315 764 2530 832 viviﬁcet
2577 781 2668 818 cor
2696 762 3074 824 contritorum,
3120 758 3214 813 scd
3267 758 3334 810 ad
3373 757 3600 828 gratiam
3637 756 3832 824 petitis

2229 857 2395 912 refert
2445 857 2680 925 Spiritus
2725 855 2897 909 sanc¥i
2950 854 3041 922 qui
3099 849 3549 906 umrtiﬁcantibus
3592 862 3830 903 carnem

2227 966 2381 1006 suam
2413 949 2580 1002 vitam
2615 948 2865 1003 retribuit
2909 946 3319 1015 sempiternam.
3374 942 3554 997 Utitur
3582 943 3733 995 enim
3765 949 3830 993 et

2229 1043 2329 1096 hoc
2361 1038 2668 1095 testimonio
2697 1045 2886 1092 contra
2915 1035 3146 1088 Arianos
3167 1034 3258 1103 qui
3289 1031 3586 1101 :cqualitati
3614 1038 3834 1085 sancte

2230 1128 2512 1186 Trinitatis
2561 1129 2978 1192 contradicunt,
3028 1127 3300 1181 instruens
3345 1123 3486 1191 quod
3541 1122 3833 1176 individua

2231 1222 2423 1278 divinae
2461 1219 2789 1289 operationis
2825 1226 3031 1271 mutate
3075 1214 3311 1269 viviﬁcct
3356 1213 3539 1277 Pater,
3584 1212 3838 1264 vivitieet

2231 1314 2420 1378 Filius,
2450 1312 2688 1365 viviliect
2719 1309 2953 1378 Spiritus
2983 1316 3204 1361 sanctus
3237 1324 3249 1359 :
3301 1305 3458 1358 Pater
3487 1302 3726 1356 viviﬁcet
3775 1310 3841 1354 et

2231 1403 2419 1466 Filius,
2454 1402 2580 1472 quia
2605 1402 2864 1470 scriptum
2893 1407 2977 1453 cst
3004 1411 3018 1450 :
3043 1395 3189 1451 Sicut
3219 1396 3356 1449 enim
3408 1396 3624 1447 suscitat
3665 1389 3842 1443 Pater

2232 1504 2465 1548 mortuos
2493 1504 2543 1548 et
2583 1492 2811 1559 vivi/ient
2831 1531 2846 1555 ,
2892 1491 2967 1544 sic
2996 1499 3043 1542 et
3076 1485 3123 1539 F
3127 1487 3249 1540 ilius
3278 1502 3408 1556 quos
3442 1485 3546 1539 vult
3577 1483 3833 1551 rit'iﬁcat.

2236 1585 2473 1656 Spiritus
2495 1598 2625 1638 vero
2666 1592 2889 1637 sanctus
2934 1588 2990 1634 et
3035 1579 3140 1632 hoc
3169 1575 3479 1631 testimonio
3523 1572 3840 1626 declaratur

2235 1679 2377 1749 quod
2407 1679 2604 1734 dicitur
2633 1678 2700 1732 de
2725 1675 2862 1731 Filio
2890 1685 2948 1728 ut
2978 1691 3070 1728 nos
3101 1674 3310 1742 o/l'erret
3342 1671 3450 1724 Deo
3481 1668 3838 1735 mortiﬁcatos

539 1773 847 1834 Dominum,
880 1779 926 1822 et
968 1771 1079 1820 lucc
1113 1765 1246 1817 dixit
1277 1762 1424 1814 mihi.
1472 1760 1610 1814 Ecce
1659 1756 1882 1812 humani
1925 1752 2139 1825 generis
2167 1759 2212 1816 Β
2239 1769 2447 1840 quidem
2499 1783 2680 1831 “me,
2715 1765 2999 1834 ιρίυίῇεαιοδ
3067 1775 3241 1816 autem
3307 1762 3531 1830 spiritu;
3603 1758 3841 1824 ideoque

541 1864 697 1933 culpa
729 1863 799 1916 ibi
848 1859 1184 1915 abscinditur
1213 1857 1355 1910 unde
1401 1855 1697 1924 processit;
1744 1851 1870 1920 quia
1902 1850 2046 1905 enim
2079 1849 2133 1902 in

541 1953 794 2024 paradiso
824 1950 1017 2004 mulier
1047 1947 1164 2002 viro
1205 1945 1513 2016 propinavit
1541 1951 1795 2005 mortem,
1821 1957 1851 1994 a
1885 1938 2135 2008 sepulcro

543 2043 736 2096 mulier
765 2040 898 2093 viris
941 2036 1227 2090 annuntiat
1272 2035 1462 2094 vitam,
1493 2039 1547 2085 et
1575 2030 1719 2083 dicta
1770 2028 1852 2084 sui
1895 2025 2137 2080 viviﬁca-

539 2131 682 2186 tnris
711 2138 898 2192 narrat
923 2142 1043 2196 qua:
1072 2123 1338 2179 mortiferi
1381 2119 1652 2188 serpentis
1679 2118 1843 2172 verba
1874 2130 2135 2170 narrave-

545 2232 649 2278 rat.
679 2221 758 2276 Ac
800 2221 844 2274 si
882 2220 1119 2273 humano
1145 2214 1330 2286 generi
1378 2226 1485 2266 non
1515 2210 1697 2264 verbis
1726 2207 2010 2270 Dominus,
2042 2204 2140 2260 sed

546 2313 707 2368 rebus
734 2309 920 2364 dicat:
953 2307 1027 2360 De
1071 2320 1176 2374 qua
1216 2317 1379 2357 manu
1422 2301 1574 2355 vobis
1620 2299 1801 2353 illatus
1845 2304 1931 2351 est
1975 2303 2141 2366 potus

546 2402 757 2465 mortis,
786 2399 852 2453 de
882 2399 996 2468 ipsa
1037 2393 1296 2462 suscipite
1329 2391 1582 2462 poculum
1610 2389 1755 2443 vita}.
1789 2387 1846 2441 In
1874 2389 1978 2442 hoc
2008 2387 2141 2440 ista-

551 2505 673 2546 rum
701 2491 931 2542 duarum
978 2486 1037 2538 lit
1078 2481 1369 2537 concordia
1418 2480 1709 2534 lectionum
1752 2476 1880 2546 quia
1928 2475 2142 2529 locutus

546 2592 636 2639 est
673 2580 895 2651 angelus
924 2576 1123 2635 Mariae,
1157 2573 1366 2628 locutus
1394 2580 1477 2626 est
1515 2578 1570 2625 et
1605 2569 1869 2638 Philippo,
1916 2580 2147 2635 cvange-

553 2674 739 2728 litavit
784 2671 971 2724 Jesum
1024 2667 1304 2736 Philippus
1353 2663 1623 2726 eunucho,
1669 2658 1941 2714 nuntiavit
1973 2656 2144 2710 Maria

559 2763 817 2835 apostolis
843 2760 1048 2814 .lcsum.
1091 2756 1284 2812 Omnia
1314 2755 1460 2809 enim
1491 2753 1577 2806 illa
1620 2751 1688 2805 ad
1715 2749 1942 2820 gloriam
1972 2747 2145 2818 ipsius

556 2855 698 2911 fcta
743 2861 900 2915 sunt,
951 2847 1103 2917 cuius
1137 2848 1277 2900 dono
1321 2844 1508 2897 electis
1552 2841 1645 2896 Dei
1680 2839 1929 2910 largitur.
1972 2837 2146 2893 Omne

556 2947 754 3000 donmn
787 2943 1019 3003 bonum,
1066 2948 1119 2992 et
1149 2950 1306 2990 omne
1354 2935 1538 2988 datum
1586 2930 1887 3002 perfectura
1931 2926 2146 2983 Domini

550 3035 806 3089 'viilelicet
843 3031 1012 3085 nostri
1044 3027 1170 3082 Jcsu
1196 3026 1418 3089 Christi,
1445 3025 1538 3092 qui
1582 3038 1703 3077 eum
1749 3021 1909 3075 Patre
1933 3028 1988 3074 et
2026 3016 2149 3085 Spi-

2240 1874 2468 1928 quorum
2488 1873 2594 1912 una
2614 1855 2856 1927 operatio
2875 1863 2959 1909 est
2972 1855 3164 1908 horum
3189 1865 3309 1907 esse
3328 1851 3510 1920 dispar
3525 1846 3842 1903 substantia

2239 1960 2291 2006 et
2321 1950 2557 2006 essentia
2588 1964 2696 2003 non
2739 1947 2930 2017 possit.

2310 2040 2378 2094 In
2400 2056 2502 2110 quo
2524 2048 2572 2092 et
2600 2038 2680 2092 Itis
2701 2039 2790 2107 qui
2819 2037 2875 2089 in
2905 2053 3062 2090 carne
3089 2043 3236 2089 erant
3263 2030 3495 2086 conclusi
3524 2027 3847 2100 spiritaliter

2239 2129 2445 2184 veniens
2487 2127 2821 2197 prtedicavit;
2864 2126 2954 2196 qui
2975 2114 3233 2178 increduli
3265 2122 3473 2190 fuerant
3519 2117 3842 2188 aliquando,

2240 2218 2332 2286 qui
2377 2215 2574 2270 nostris
2614 2215 2667 2268 in
2714 2212 3050 2288 temporibus
3089 2224 3253 2266 carne
3299 2208 3519 2264 veniens
3556 2208 3660 2261 iter
3712 2205 3849 2258 vita:

2243 2306 2442 2362 mundo
2491 2304 2842 2374 prtedicavit,
2895 2303 3010 2371 ipse
3055 2301 3218 2356 etiam
3273 2308 3399 2354 ante
3442 2297 3705 2352 diluvium
3737 2295 3844 2362 qui

2245 2409 2376 2454 tunc
2425 2394 2686 2451 increduli
2723 2403 2882 2449 erant
2931 2403 2987 2448 et
3033 2391 3327 2446 carnaliter
3351 2390 3601 2442 vixerant
3641 2385 3850 2454 spiritu

2248 2489 2472 2544 veniens
2493 2484 2837 2555 przedicavit;
2866 2483 2980 2552 ipsc
3001 2482 3146 2537 enim
3170 2494 3267 2550 per
3294 2480 3553 2548 Spiritum
3586 2482 3853 2530 sanctum

2245 2587 2367 2636 erat
2407 2579 2462 2632 in
2511 2575 2624 2630 Noe
2655 2574 2974 2642 caaterisque
3023 2573 3114 2642 qui
3147 2581 3290 2624 tunc.
3314 2568 3466 2624 fuere
3511 2565 3738 2626 sanctis,
3789 2571 3854 2617 et

2244 2687 2344 2743 per
2370 2684 2558 2726 eorum
2606 2669 2799 2722 bonam
2845 2662 3311 2720 conversationem
3341 2659 3522 2730 pravis
3554 2657 3704 2710 illius
3737 2654 3852 2708 aevi

2246 2757 2551 2815 hominibus
2575 2763 2635 2811 ut
2663 2754 2731 2809 ad
2768 2753 2990 2808 meliora
3022 2757 3469 2808 converterentur
3494 2745 3848 2816 prteiicavit.

2249 2847 2533 2905 Conclusa:
2561 2859 2795 2914 namque
2817 2843 2872 2896 in
2895 2858 3048 2896 carne
3069 2841 3197 2895 dicit
3221 2837 3529 2894 carnalibus
3549 2833 3854 2889 desideriis

2250 2946 2587 3010 aggravatos.
2625 2934 2774 2990 Unde
2804 2933 2869 2988 de
2907 2933 3009 2986 illis
3051 2931 3334 2998 Scriptura
3361 2928 3436 2981 ait
3461 2925 3604 2995 quod
3651 2923 3854 2976 Omnis

2252 3045 2374 3082 caro
2402 3026 2689 3095 corruperit
2717 3023 2854 3076 viam
2882 3037 3050 3074 suam.
3083 3019 3233 3085 Quozl
3267 3025 3446 3070 autem
3470 3014 3599 3068 dicit
3629 3013 3689 3065 in
3716 3027 3857 3081 quo,

559 3126 666 3178 ritu
712 3130 899 3177 sancto
946 3119 1077 3172 vivit
1118 3125 1171 3171 et
1206 3124 1391 3198 regnat
1421 3114 1583 3176 Deus,
1619 3127 1713 3182 per
1739 3111 1919 3164 omnia
1954 3106 2149 3162 szecula
2180 3100 2223 3161 C
2257 3117 2528 3189 signiﬁca;
2552 3117 2604 3170 in
2627 3129 2690 3168 co
2713 3112 2852 3182 quod
2885 3111 3284 3188 promiserat,”
3315 3123 3413 3162 nos
3429 3106 3643 3160 offerre,
3681 3105 3802 3158 Deo
3839 3118 3856 3156 ε

559 3217 900 3272 seculorum.
935 3212 1125 3264 Amen.

1140 3299 1418 3355 ΙΞΟΜΙΙᾸᾹ
1461 3296 1595 3350 ΧΙΗ.

1227 3407 1382 3446 ιἰῑιιιλ
1426 3405 1499 3439 γι.

819 3487 1005 3542 Lectio
1037 3482 1290 3552 Epistula}
1323 3478 1461 3532 l.;cati
1493 3476 1636 3530 Petri
1671 3472 1920 3542 apostoli.

638 3576 968 3636 Claartssinti,
992 3570 1232 3625 Christus
1253 3565 1408 3620 semel
1435 3580 1528 3634 pro
1557 3562 1777 3630 peccatis
1803 3557 1992 3613 nostris
2018 3571 2157 3609 mor-

568 3685 686 3726 tuus
729 3681 823 3731 est,
845 3669 1025 3738 justus
1055 3678 1148 3734 pro
1182 3659 1413 3728 injustis,
1444 3666 1499 3708 ut
1541 3670 1632 3706 nos
1673 3652 1880 3719 o/Ierret
1911 3648 2150 3710 Domino,

571 3774 626 3818 et
672 3761 897 3828 reliqua.

643 3859 742 3924 Qui
770 3869 898 3924 ergo
921 3850 1102 3919 justus
1129 3847 1350 3918 patitur,
1378 3841 1654 3896 Christum
1681 3837 1952 3898 imitatur;
1985 3833 2077 3902 qui
2108 3833 2160 3885 in

572 3952 797 4024 ﬂagellis
843 3945 1155 4012 corrigitur,
1187 3942 1449 3994 latronem
1483 3933 1572 4003 qui
1606 3933 1659 3985 in
1685 3943 1845 3984 cruce
1888 3925 2163 3980 Christum

575 4013 847 4112 cognovit,
874 4048 930 4091 et
961 4042 1083 4104 post
1111 4043 1327 4084 crucem
1356 4040 1477 4080 cum
1501 4023 1716 4077 Christo
1741 4015 2050 4086 paradisum
2084 4013 2162 4064 ina

575 4101 758 4186 travvit.
789 4127 889 4194 Qui
923 4101 1022 4178 nec
1068 4123 1209 4176 inter
1250 4115 1458 4186 ﬂagella
1495 4111 1706 4166 desistit
1752 4123 1782 4160 a
1811 4103 2004 4174 culpis,
2033 4101 2165 4154 sini-

576 4234 749 4280 strum
783 4220 1026 4275 imitatur
1053 4214 1340 4272 latronem,
1367 4206 1456 4275 qui
1487 4209 1706 4273 prOpter
1735 4203 1957 4269 peccata
1984 4205 2167 4280 ascen-

578 4317 655 4370 dit
685 4315 736 4367 in
774 4323 1010 4370 crucem,
1035 4312 1091 4359 et
1117 4309 1237 4372 post
1260 4311 1477 4352 crucem
1507 4293 1618 4346 ruit
1641 4290 1696 4343 in
1723 4295 2009 4341 tartarum.
2040 4279 2164 4334 Ideo

579 4418 758 4463 autem
808 4403 1087 4459 Christum
1145 4393 1308 4450 semel
1356 4397 1627 4445 mortuum
1676 4398 1795 4439 esse
1834 4391 2164 4435 commemo—

581 4505 699 4560 rat,
734 4502 792 4548 ut
836 4489 990 4545 nobis
1041 4497 1253 4555 quoque
1297 4480 1350 4533 in
1403 4475 1718 4532 memoriam
1777 4477 1993 4524 revocet
2039 4466 2166 4534 quia

583 4583 945 4656 temporaucis
1002 4577 1201 4632 nostris
1251 4569 1593 4644 passionibus
1647 4575 1856 4618 merces
1906 4558 2166 4614 reddetur

582 4686 804 4730 mterna.

658 4765 724 4820 Ut
757 4781 849 4818 nos
881 4762 1089 4830 offerret
1137 4757 1245 4809 Deo
1275 4751 1616 4819 mortiﬁcatos
1649 4746 1858 4816 quidem
1885 4758 2063 4804 carne,
2097 4739 2168 4794 vi-

584 4859 818 4925 riﬁcatos
850 4863 1020 4906 autem
1046 4849 1254 4918 spiritu.
1299 4846 1374 4898 De
1413 4844 1514 4896 hac
1542 4837 1959 4893 mortificatione
1988 4832 2168 4887 carnis

586 4922 644 5000 et
676 4942 1035 4998 vivilicatiouc
1083 4936 1326 5004 spiritus,
1377 4945 1538 5000 quam
1583 4927 1784 4981 habent
1829 4924 1884 4978 hi
1932 4922 2024 4992 qui
2071 4935 2169 4989 pro

589 5037 815 5092 Domino
857 5048 954 5102 per
981 5028 1296 5100 patientiam
1329 5025 1606 5084 laborant,
1646 5018 1778 5073 dicit
1811 5023 1865 5069 et
1899 5012 2171 5082 apostolus

591 5128 834 5184 Paulus:
889 5123 951 5176 lit
1005 5123 1048 5175 si
1099 5119 1326 5172 exterior
1368 5116 1521 5167 homo
1573 5119 1744 5164 noster
1790 5103 2169 5172 corrumpitur,

590 5219 679 5274 sed
745 5226 919 5268 tamen
987 5213 1030 5264 is
1091 5225 1175 5279 qut
1216 5208 1355 5259 intus
1421 5213 1495 5256 est
1548 5205 1828 5252 renovatur
1879 5195 1943 5247 tle
1986 5193 2069 5244 die
2121 5190 2173 5242 in

591 5312 747 5365 diem.
780 5304 949 5363 Ollert
975 5317 1103 5372 ergo
1149 5315 1248 5354 nos
1292 5297 1398 5350 Deo
1439 5293 1587 5347 Patri
1628 5288 1874 5343 Christus
1903 5297 2025 5338 cum
2054 5289 2177 5349 post

595 5399 1069 5455 mortificationem
1095 5391 1274 5446 carnis
1298 5403 1396 5457 pro
1425 5387 1513 5439 illo
1539 5379 1804 5437 immolari
1848 5377 2174 5447 gaudemus,

595 5493 646 5548 izl
671 5501 775 5553 est,
804 5489 968 5541 vitam
999 5495 1236 5538 nostram
1269 5476 1589 5532 laudabilem
1610 5473 1664 5526 in
1686 5476 1974 5539 conspectu
2000 5464 2176 5518 Patris

594 5580 860 5640 ostendit,
896 5575 978 5629 vel
1024 5581 1173 5627 certe
1210 5568 1366 5623 oll‘ert
1413 5581 1512 5619 nos
1568 5563 1676 5616 Deo
1723 5575 1846 5615 cum
1901 5555 2174 5611 absolutos

597 5684 757 5721 t'ut'llc
792 5669 842 5720 in
872 5674 1130 5720 internum
1177 5674 1274 5712 nos
1305 5671 1526 5728 regnum
1556 5650 1866 5707 introducit.
1896 5647 2040 5702 Sane
2070 5647 2172 5700 hoc

2193 4437 2243 4497 D

2255 3209 2399 3277 quod
2424 3215 2478 3260 et
2509 3217 2634 3260 tunc
2660 3206 2703 3259 si
2735 3203 2826 3272 qui
2856 3203 2922 3256 ad
2947 3201 3382 3270 prmdicatiouem
3411 3196 3642 3258 Domini,
3677 3209 3858 3263 quam

2255 3307 2377 3366 post
2402 3297 2568 3351 vitam
2598 3293 2832 3349 ﬁdelium
2855 3291 3246 3363 praetendebat,
3270 3289 3491 3342 credere
3515 3285 3856 3346 noluissent,

2256 3400 2312 3444 et
2346 3388 2488 3456 ipsos
2531 3383 2726 3439 oﬁ‘erre
2772 3383 2883 3436 Deo
2933 3381 3079 3435 Patri
3107 3381 3392 3452 gaudebat.
3437 3376 3495 3431 Si
3538 3375 3629 3444 qui
3661 3385 3862 3429 autem

2258 3475 2616 3534 detrahebant
2640 3474 2706 3527 de
2733 3473 2887 3526 bouis
2913 3480 3164 3540 tanquam
3194 3470 3259 3523 de
3287 3464 3763 3526 malefactoribus,
3797 3465 3860 3517 hi

2258 3569 2508 3623 veniente
2539 3563 2737 3616 diluvio
2777 3561 3264 3623 confundebantur;
3297 3574 3421 3611 nam
3450 3557 3590 3610 etde
3615 3565 3863 3623 utroque

2259 3668 2435 3728 potest
2457 3655 2677 3723 intelligi
2699 3653 2844 3722 quod
2871 3652 2968 3717 ait,
3000 3652 3051 3705 in
3078 3666 3208 3720 quo,
3237 3651 3290 3704 id
3317 3659 3433 3713 est,
3465 3649 3518 3702 in
3547 3662 3657 3716 quo
3687 3655 3747 3701 et
3771 3648 3862 3701 eis

2265 3751 2355 3821 qui
2389 3750 2441 3804 in
2470 3764 2626 3802 carne
2655 3744 2883 3799 conclusi
2913 3753 3060 3797 erant
3086 3742 3413 3812 spiritaliter,
3442 3740 3494 3794 id
3542 3748 3624 3792 est
3655 3739 3864 3806 spiritu

2263 3839 2464 3895 veniens
2508 3834 2840 3907 pradicavit,
2877 3840 2937 3886 ut
2979 3847 3079 3902 per
3120 3830 3366 3886 eamdem
3408 3827 3862 3898 praedicationem

2263 3937 2497 3984 suamet
2543 3925 2886 3982 credentibus
2928 3937 3129 3995 coroqa
3182 3921 3398 3985 laudis,
3448 3928 3501 3972 et
3541 3919 3626 3973 his
3650 3919 3749 3987 qui
3804 3920 3863 3973 in

2264 4019 2577 4073 inﬁdelitate
2597 4015 2950 4085 persisterent
2977 4012 3221 4068 confusio
3252 4017 3585 4064 nasceretur.
3617 4008 3862 4074 Quidam

2265 4111 2480 4164 codices
2513 4107 2734 4170 habent,
2783 4105 2851 4158 In
2893 4121 2994 4175 quo
3021 4115 3067 4158 et
3116 4105 3196 4157 his
3228 4104 3317 4172 qui
3361 4103 3414 4154 in
3445 4117 3651 4155 carcere
3703 4114 3864 4155 erant

2265 4198 2450 4267 spiritu
2470 4196 2671 4250 veniens
2693 4194 3016 4264 praedicavit,
3036 4194 3178 4263 quod
3199 4195 3268 4247 ad
3291 4193 3533 4247 eamdem
3557 4207 3863 4260 pravorum

2269 4295 2322 4342 ct
2351 4285 2751 4341 incredulorum
2784 4285 3141 4339 intentionem
3167 4283 3408 4352 respicit,
3439 4281 3530 4350 qui
3577 4285 3864 4350 quomodo

2270 4375 2508 4430 tenebris
2527 4375 2874 4428 obscuratum
2898 4374 3095 4428 habent
3119 4387 3358 4436 sensum,
3385 4373 3582 4426 merito
3610 4373 3778 4425 etiam
3805 4373 3863 4426 in

2270 4469 2372 4521 hac
2413 4467 2523 4520 vita
2570 4465 2621 4518 in
2654 4479 2874 4519 carcere
2920 4464 3158 4519 conclusi
3188 4478 3306 4519 esse
3334 4464 3612 4524 dicuntur,
3663 4463 3722 4515 in
3750 4480 3868 4532 quo

2268 4559 2516 4614 videlicet
2544 4571 2764 4612 carcere
2789 4555 3137 4610 interioribus
3166 4555 3344 4608 adhuc
3375 4554 3610 4607 tenebris
3638 4553 3750 4606 hoc
3776 4565 3869 4607 est

2269 4650 2508 4704 caecitate
2530 4645 2723 4701 mentis
2743 4655 2798 4700 et
2831 4646 3084 4715 operibus
3106 4643 3319 4712 iniustis”
3339 4653 3654 4714 gravantur,
3683 4645 3868 4699 donec

2271 4751 2431 4792 carne
2451 4737 2607 4790 soluti
2634 4737 2684 4789 in
2707 4738 2961 4790 tenebras
2983 4735 3282 4788 exteriores
3306 4735 3468 4788 etiam
3495 4733 3546 4786 in
3572 4749 3865 4787 carcerem

2271 4826 2619 4895 projiciantur
2640 4835 2855 4880 aeternae
2877 4824 3258 4881 damnationis.
3287 4823 3362 4877 De
3383 4839 3491 4892 quo
3513 4823 3777 4877 Dominus
3806 4825 3865 4877 in

2271 4916 2560 4988 Evangelio
2601 4935 2614 4969 :
2649 4916 2717 4969 Et
2747 4917 2930 4985 juaex,
2980 4915 3174 4983 inquit,
3206 4913 3381 4967 tradat
3428 4923 3476 4968 te
3520 4912 3761 4965 ministro
3813 4927 3863 4965 ct

2271 5011 2326 5062 in
2380 5023 2636 5062 carcerem
2685 5007 2928 5060 mittaris.
2956 5005 3214 5072 Quamvis
3240 5005 3402 5059 etiam
3434 5003 3609 5056 sancti
3649 5004 3708 5054 in
3757 5003 3866 5058 hac

2273 5099 2381 5152 vita
2431 5111 2488 5151 se
2536 5097 2588 5149 in
2621 5110 2840 5150 carcere
2885 5097 3110 5165 positos,
3141 5109 3262 5148 cum
3311 5093 3564 5163 gaudium
3605 5106 3865 5160 superna:

2274 5187 2461 5257 patria:
2497 5186 2704 5250 sitiunt,
2737 5185 2927 5239 merito
2954 5184 3320 5253 proclament,
3358 5183 3511 5252 juxta
3541 5181 3670 5235 illud
3696 5179 3853 5234 Psal-

2276 5280 2448 5334 misue
2470 5297 2481 5330 :
2504 5277 2651 5330 Educ
2673 5279 2737 5330 de
2753 5293 2956 5330 carcere
2974 5277 3203 5330 animam
3224 5291 3391 5329 meam
3413 5275 3482 5328 ad
3497 5273 3862 5340 conﬁtendum

2276 5370 2471 5422 nomini
2512 5377 2631 5432 tuo,
2660 5368 2824 5420 distat
2868 5381 3099 5435 namque
3140 5365 3366 5420 multqu
3398 5365 3536 5417 inter
3563 5372 3865 5431 utrumque

2274 5472 2548 5513 carcerem
2569 5496 2583 5521 ,
2613 5457 2877 5524 siquidem
2909 5455 3122 5525 reprobi
3154 5457 3207 5508 in
3252 5469 3473 5509 carcere
3503 5461 3625 5507 sunt
3657 5467 3862 5521 pecca-

2274 5560 2451 5604 torum
2481 5557 2536 5601 et
2581 5547 2914 5617 ignorantiae,
2948 5546 3080 5614 justi
3107 5561 3235 5601 vero
3264 5546 3317 5598 in
3352 5559 3574 5599 carcere
3603 5542 3732 5596 licet
3760 5545 3864 5596 tri-

2273 5641 2604 5697 bulationum
2637 5640 2798 5708 positi
2821 5679 2835 5699 ,
2887 5640 3006 5693 luce
3051 5653 3263 5707 semper
3281 5636 3510 5706 justitire
3547 5634 3776 5687 dilatato
3806 5633 3864 5685 in
