3946 6322
221 303 318 359 165

288 305 318 357 5
1329 305 1628 360 llOMlLUE
1670 306 1733 360 IN
1776 304 2025 361 EVANG.
2066 305 2155 359 ET
2192 304 2406 360 EI’lST.

3380 308 3479 363 iiii}

218 436 501 493 hominum
529 438 710 492 corde
740 435 1002 491 fruuntur.
1046 436 1197 501 Quod
1233 436 1649 505 designaverunt
1677 451 1805 505 apo-
1833 439 1878 497 A
1909 433 2260 504 mergendum
2287 434 2480 503 quibus
2508 447 2633 488 arca
2667 432 2978 487 sublevatur
3006 432 3071 487 ad
3100 432 3311 488 ccelum.
3363 435 3482 507 ipse

217 528 334 581 stoii
356 527 564 581 Paulus
592 536 653 581 ct
682 526 842 591 Silas,
864 541 984 579 cum
1016 525 1189 579 media
1219 534 1376 579 nocte
1403 526 1591 579 intimo
1620 542 1803 582 carce-

217 618 289 672 ris
328 620 560 674 horrore
614 618 784 673 vincti
833 618 956 671 licet
998 626 1052 671 et
1092 614 1340 687 ﬁagellati
1385 616 1642 687 hymnum
1693 618 1802 672 Deo

217 706 459 761 laudibus
511 706 796 761 lzetissima
852 720 979 761 voce
1036 706 1321 761 canebant.
1374 704 1599 772 Quidam
1660 706 1803 761 hunc

220 800 388 852 locum
411 799 487 851 ita
510 798 901 869 interpretatus
920 806 1020 858 est,
1045 798 1185 866 quod
1206 796 1626 852 consolationem
1656 797 1799 851 illam

218 890 283 941 de
324 904 428 956 qua
475 890 612 944 dicit
637 888 896 958 apostolis
940 880 1237 943 Dominus:
1273 887 1427 941 diuiti
1450 889 1709 957 propheta
1753 898 1801 941 et

210 978 342 1046 justi
362 979 641 1058 cupierunt
664 980 837 1033 ridere
859 996 974 1049 qua:
1000 996 1084 1032 vos
1107 979 1306 1041 videtis,
1339 989 1385 1032 et
1413 995 1514 1031 non
1538 978 1796 1039 viderunt,

218 1079 261 1119 rt
290 1070 477 1122 audire
500 1086 620 1138 qua:
645 1070 862 1134 auditis,
906 1078 954 1123 et
1002 1086 1104 1123 non
1138 1070 1437 1122 audierunt.
1492 1068 1568 1122 De
1597 1082 1702 1137 qua
1747 1078 1802 1122 et

219 1157 500 1212 Psalmista
530 1176 544 1211 :
575 1157 908 1227 Defecerunt,
936 1159 1141 1229 inquit,
1168 1158 1306 1211 oeuli
1333 1159 1431 1211 mei
1456 1160 1511 1211 in
1538 1157 1801 1227 eloquium

216 1259 359 1302 tuum
380 1248 612 1303 dicentes
635 1266 654 1303 :
682 1249 905 1314 Quando
920 1249 1271 1304 consolaberis
1288 1265 1366 1301 me
1380 1248 1404 1299 ?
1420 1247 1603 1302 Sancti
1623 1248 1801 1317 quies-

215 1347 396 1394 centes
418 1340 471 1393 in
494 1338 708 1395 inferno
728 1340 1190 1405 desideraverunt,
1213 1342 1354 1408 quod
1374 1338 1731 1394 descendente
1748 1340 1798 1392 in

217 1428 423 1482 inferna
453 1429 703 1493 Domino,
732 1429 895 1482 etiam
938 1429 1023 1483 bis
1057 1428 1149 1498 qui
1187 1429 1238 1482 in
1272 1444 1493 1483 carcere
1537 1436 1713 1492 erant,
1747 1436 1799 1482 et

215 1519 478 1574 increduli
507 1520 781 1589 quondam
806 1520 1026 1575 fuerunt
1053 1522 1107 1575 in
1134 1521 1324 1575 diebus
1346 1520 1475 1583 Noe,
1502 1520 1799 1575 consolatio

216 1610 297 1665 vel
331 1611 646 1665 exhortatio
672 1610 962 1681 prtedicata
991 1609 1175 1675 fuerit,
1199 1612 1315 1666 lucc
1336 1610 1422 1666 ille
1444 1612 1656 1665 dixerit.
1691 1610 1798 1664 Sed

217 1701 475 1757 catholica
506 1701 639 1756 ﬁdes
662 1703 827 1756 habet
850 1703 991 1771 quod
1019 1703 1350 1756 descendens
1366 1704 1430 1755 ad
1461 1702 1667 1756 inferna
1694 1704 1797 1757 Do-

216 1790 393 1846 minus
425 1807 534 1845 non
564 1790 870 1859 incredulos
900 1791 1045 1855 inde,
1076 1792 1168 1845 sed
1230 1791 1414 1845 ﬁdeles
1459 1791 1800 1845 solummodo

215 1896 339 1936 suos
379 1882 643 1946 educens,
672 1881 738 1935 ad
770 1881 1009 1935 ctelestia
1031 1896 1211 1935 secum
1245 1896 1406 1949 regna
1450 1880 1797 1949 perduxerit;

216 1986 391 2039 neque
413 1972 596 2026 exutis
626 1986 853 2041 corpore
877 1971 1160 2024 animabus
1186 1979 1239 2025 ct
1263 1971 1553 2023 inferorum
1581 1983 1801 2024 carcere

217 2061 488 2115 damnatis
546 2061 772 2115 salutem
841 2076 999 2129 quam
1052 2069 1174 2113 ante
1230 2070 1457 2114 mortem
1503 2059 1802 2114 dilexerant

218 2153 615 2221 pmdicavcrit,
646 2154 738 2207 sed
764 2168 981 2208 carcere
1010 2152 1274 2207 scelerum
1292 2152 1478 2206 inclusi
1504 2153 1552 2204 in
1577 2152 1678 2206 hac
1697 2152 1801 2205 vita

216 2245 298 2300 vel
320 2261 415 2315 per
442 2248 682 2315 scipsum
715 2246 799 2300 vel
824 2261 921 2315 per
948 2261 1164 2299 suorum
1196 2245 1437 2312 exempla
1481 2244 1595 2298 sive
1638 2243 1803 2296 verba

220 2335 457 2389 ﬁdelium
492 2336 733 2405 quotidie
760 2337 899 2389 viam
933 2337 1056 2390 vita:
1089 2338 1491 2397 demonstrant,
1519 2333 1585 2387 de
1611 2333 1805 2402 quibus

220 2424 345 2478 dicit
379 2444 392 2477 :
425 2424 533 2489 Qui
560 2425 815 2479 increduli
844 2426 1073 2493 fuerant,
1104 2425 1315 2492 quando
1337 2422 1662 2492 exspectabat
1711 2422 1805 2475 Dei

218 2515 469 2582 mtientia
502 2515 555 2566 in
585 2514 766 2567 diebus
802 2515 933 2577 Noe,
964 2532 1079 2568 cum
1112 2515 1461 2585 [abricaretur
1483 2531 1626 2567 arca.
1667 2513 1801 2567 Nam

218 2609 271 2656 et
312 2604 425 2672 ipsa
480 2604 573 2657 Dei
608 2606 863 2671 patientia
906 2605 1215 2674 prmdicatio
1244 2604 1360 2673 ejus
1386 2613 1502 2656 erat
1542 2619 1661 2657 cum
1693 2602 1803 2658 Noe

218 2702 432 2746 centum
471 2709 643 2747 annos
666 2710 805 2747 arere
833 2694 1084 2763 operibus
1114 2694 1385 2747 insistens.
1432 2694 1568 2759 Quid
1604 2695 1802 2748 mundo

222 2785 459 2841 futurum
512 2796 657 2841 esset
704 2788 999 2857 quotidiani
1042 2789 1220 2857 Operis
1262 2788 1607 2841 exsecutione
1647 2801 1801 2840 mon-

227 2878 459 2941 strabat,
497 2879 623 2945 quia
654 2877 851 2931 Paulus
881 2878 991 2930 ait:
1029 2876 1109 2930 An
1144 2878 1354 2945 ignoras
1397 2879 1517 2947 quia
1554 2877 1805 2945 patientia

225 2964 319 3017 Dei
349 2966 420 3017 ad
444 2966 799 3035 patuitentiam
830 2975 877 3017 te
904 2965 1136 3028 adducit,
1162 2974 1215 3017 ct
1238 2973 1449 3018 cetera.
1480 2964 1594 3018 Alia
1624 2972 1803 3018 trans—

223 3056 351 3111 latio
396 3058 545 3111 huuc
584 3057 757 3111 locum
792 3057 862 3109 ita
907 3056 1065 3110 habet
1092 3073 1104 3107 :
1134 3054 1372 3109 Christus
1399 3055 1555 3108 semel
1580 3072 1671 3123 pro
1698 3072 1808 3123 pec—

1904 538 2117 595 quoque
2160 524 2470 579 octonarius
2514 538 2771 577 numerus
2815 522 3115 576 animarum
3161 538 3279 592 quae
3320 526 3482 583 salvae

1904 616 2059 671 factzc
2083 625 2206 670 sunt
2231 632 2327 686 per
2345 630 2536 683 aquam
2559 614 2843 685 signiﬁcat,
2876 614 2999 683 quia
3031 624 3214 669 sancta
3241 616 3480 674 Ecclesia

1903 707 1956 761 in
2001 716 2398 762 sacramentum
2441 706 2732 760 Dominica:
2775 706 3188 760 resurrectionis
3227 708 3479 777 baptismi

1901 800 2175 853 lavacrum
2204 798 2449 869 percipit,
2479 805 2539 850 ut
2559 798 2696 851 sicut
2721 798 2832 865 ipse
2866 798 3160 851 resurrexit
3193 813 3223 851 a
3252 800 3481 854 mortuis

1903 904 1998 958 per
2026 888 2248 959 gloriam
2278 888 2457 942 Patris
2480 927 2494 951 ,
2538 887 2609 939 ita
2637 896 2691 940 et
2742 901 2839 939 nos
2863 887 3141 956 expurgati
3187 902 3215 940 a
3245 890 3484 957 peccatis

1901 995 1999 1048 per
2028 995 2221 1049 aquam
2270 977 2693 1049 regenerationis
2740 977 2792 1029 in
2825 977 3063 1031 novitate
3092 979 3209 1032 vitae
3242 979 3481 1033 ambule-

1902 1088 2041 1126 mus.
2102 1070 2305 1127 Octavo
2353 1085 2586 1139 namque
2640 1070 2758 1132 die,
2810 1070 2912 1123 hoc
2937 1078 3019 1124 est
3044 1081 3165 1138 post
3197 1074 3479 1141 septimam

1903 1161 2423 1223 sabbati,'Domituts
2448 1175 2477 1212 a
2509 1160 2733 1212 mortuis
2766 1175 3053 1228 resurgens
3079 1169 3133 1213 ct
3175 1162 3478 1231 exemplum

1902 1250 2056 1304 nobis
2092 1250 2282 1304 futura:
2326 1249 2733 1303 resurrectionis
2760 1258 2812 1301 et
2836 1251 3145 1319 mysterium
3176 1266 3323 1306 novzc
3353 1269 3482 1307 con-

1901 1341 2243 1404 versationis,
2277 1356 2378 1409 qua
2408 1340 2460 1392 in
2489 1340 2645 1392 terris
2676 1340 2833 1407 positi
2860 1340 3131 1393 cmlestem
3161 1344 3322 1395 vitam
3355 1359 3480 1413 age-

1903 1450 2104 1497 remus,
2129 1434 2382 1489 ostendit.
2418 1432 2588 1499 Quam
2627 1432 2789 1485 etiam
2818 1432 2931 1491 ipse
2951 1431 3144 1486 Petrus
3167 1435 3481 1503 exponendo

1902 1522 2179 1593 subjungit
2211 1523 2418 1577 dicens:

1979 1615 2078 1668 Per
2109 1616 2534 1669 resurrectionem
2557 1614 2685 1667 Iesu
2714 1612 2929 1679 Christi,
2961 1616 3052 1685 qui
3081 1624 3155 1667 est
3180 1616 3233 1668 in
3269 1616 3483 1670 dextera

1902 1704 2039 1769 Dei,
2090 1704 2376 1774 deglutiens
2426 1714 2642 1757 mortem
2686 1714 2739 1756 ut
2780 1706 2897 1758 vitae
2945 1713 3153 1758 (sternte
3204 1707 3481 1775 participes

1830 1777 1875 1834 Β
1902 1797 2247 1865 efﬁcerentur;
2274 1794 2533 1863 profectus
2577 1794 2630 1847 in
2663 1794 2863 1847 caelum.
2896 1793 3046 1847 Sicut
3068 1795 3206 1848 enim
3240 1794 3353 1863 ipse
3395 1809 3488 1851 re-

1904 1898 2130 1953 surgens
2184 1898 2213 1935 a
2272 1884 2499 1936 mortuis
2546 1884 2786 1936 ascendit
2825 1884 2878 1936 in
2921 1883 3118 1937 coelum
3160 1892 3212 1938 et
3265 1885 3413 1939 sedet
3457 1902 3487 1939 a

1906 1971 2109 2025 dextris
2137 1970 2252 2033 Dei,
2285 1972 2365 2024 sic
2387 1971 2549 2023 etiam
2577 1970 2732 2024 nobis
2759 1984 2855 2039 per
2874 1970 3139 2039 baptisma
3165 1972 3307 2026 viam
3337 1973 3479 2026 salu-

1908 2061 1975 2113 tis
2011 2076 2073 2113 ac
2100 2050 2245 2129 regni
2274 2059 2508 2113 caelestis
2536 2059 2812 2112 introitum
2842 2066 3027 2127 patere
3064 2060 3314 2129 signavit.
3340 2059 3482 2116 Bene

1906 2158 2081 2202 autem
2106 2149 2203 2212 ait,
2225 2148 2375 2217 deglu
2404 2150 2512 2202 iens
2528 2158 2777 2212 mortem;
2805 2149 2945 2217 quod
2969 2150 3109 2203 enim
3135 2150 3477 2220 deglutimus,

1905 2239 2135 2308 agimus,
2168 2247 2222 2291 ut
2253 2238 2447 2292 virtute
2477 2238 2646 2291 nostri
2679 2238 2921 2307 corporis
2944 2240 3318 2307 absumptum,
3349 2255 3481 2293 nus-

1907 2345 2067 2398 quam
2097 2338 2312 2399 pareat;
2347 2341 2401 2384 et
2430 2330 2710 2398 deglutivit
2738 2339 2963 2384 mortem
2999 2330 3290 2398 Dominus,
3318 2348 3482 2402 quam

1908 2434 2192 2489 resurgens
2213 2436 2242 2473 a
2271 2422 2497 2474 mortuis
2518 2421 2591 2473 ita
2625 2420 2865 2475 funditus
2887 2424 3241 2491 consumpsit;
3266 2433 3322 2476 ut
3348 2425 3483 2478 nihil

1907 2518 2091 2564 contra
2142 2526 2199 2565 se
2230 2511 2367 2564 ultra
2401 2527 2493 2580 per
2536 2520 2793 2566 attactum
2846 2511 3071 2579 alicujus
3120 2517 3480 2583 corruptionis

1907 2601 2130 2663 valeret,
2181 2616 2245 2655 ac
2292 2612 2543 2655 manente
2588 2604 2763 2669 specie
2810 2605 2921 2657 veri
2975 2606 3216 2673 corporis
3271 2608 3483 2663 abesset

1904 2706 2127 2760 prorsus
2164 2689 2311 2744 labes
2338 2691 2513 2744 innuis
2543 2692 2734 2759 prisca:
2760 2692 3084 2763 fragilitatis.
3128 2695 3277 2761 Quod
3308 2698 3480 2765 ipsum

1905 2789 1960 2833 et
1985 2781 2139 2834 nobis
2162 2780 2213 2833 in
2233 2779 2337 2833 ﬁne
2361 2781 2694 2849 promittitur
2716 2780 2973 2847 futurum,
2999 2783 3208 2838 dicente
3228 2787 3486 2855 Apostolo

1906 2883 2026 2922 cum
2059 2868 2125 2923 de
2150 2878 2333 2922 nostra
2367 2872 2763 2925 resurrectione
2809 2871 3119 2941 loqueretur
3160 2893 3172 2927 :
3210 2875 3351 2929 Τκ-οη·
3395 2878 3483 2944 ﬁet

1907 2975 2072 3012 sermo
2099 2960 2187 3027 qui
2215 2961 2435 3027 scriptus
2465 2969 2537 3012 est
2570 2972 2586 3009 :
2617 2960 2870 3029 Absorpta
2905 2972 2980 3014 est
3009 2978 3145 3014 mors
3171 2966 3220 3015 in
3250 2966 3483 3017 victoria.

1912 3050 2053 3104 liene
2081 3052 2348 3119 absorpta,
2376 3051 2499 3119 quia
2529 3059 2581 3103 et
2609 3066 2728 3104 cum
2754 3066 2851 3105 nos
2877 3050 2999 3104 vitae
3024 3059 3238 3105 aeternae.
3264 3054 3484 3120 partici-

222 3148 351 3201 catis
388 3150 582 3201 nostris
614 3158 849 3200 mortuus
878 3157 975 3205 est.
998 3149 1175 3214 justus
1215 3164 1308 3214 pro
1340 3148 1568 3215 injustis,
1611 3155 1665 3198 ut
1712 3161 1805 3197 nos
1834 3114 1876 3174 δ
1909 3153 2003 3207 pes
2036 3138 2293 3192 fuerimus
2342 3138 2539 3201 effecti,
2574 3139 2645 3192 ita
2692 3140 2947 3193 nimirum
2978 3140 3147 3193 virtus
3192 3143 3485 3209 corporalis

226 3236 383 3288 ducat
407 3237 479 3289 ad
502 3236 667 3289 Deum
695 3236 1035 3302 morti/iectas
1058 3252 1300 3304 corpore,
1328 3235 1415 3287 sed
1445 3235 1728 3303 civiﬁcatos
1755 3234 1808 3286 in

222 3325 433 3392 spiritu,
458 3328 513 3377 in
534 3342 635 3395 quo
659 3326 846 3394 spiritu
872 3334 918 3377 et
946 3324 1016 3378 eis
1039 3325 1124 3394 qui
1147 3327 1201 3377 in
1224 3341 1427 3377 carcere
1454 3334 1594 3377 erant
1617 3324 1811 3391 prmdi-

222 3424 354 3467 ταυτὶ
381 3432 400 3468 ;
428 3416 519 3484 qui
552 3414 813 3484 quondam
856 3430 957 3467 non
999 3413 1321 3465 crediderant
1376 3414 1431 3465 in
1473 3411 1650 3464 diebus
1702 3410 1807 3463 illis

222 3522 338 3559 cum
366 3514 688 3574 exspectaret
716 3504 810 3557 Dei
833 3506 1083 3573 patientia
1107 3504 1160 3556 in
1182 3504 1360 3555 diebus
1396 3500 1510 3554 Noe
1530 3542 1543 3563 ,
1575 3518 1693 3554 cum
1720 3501 1805 3569 [a-

224 3592 517 3647 bricaretur
548 3610 693 3656 arca,
724 3594 776 3646 in
799 3611 901 3661 qua
925 3594 1100 3662 pauci,
1126 3592 1177 3644 id
1201 3602 1273 3644 est
1300 3599 1412 3643 octo
1441 3591 1631 3643 anima?
1652 3588 1807 3642 salute

224 3684 376 3753 facta
432 3694 556 3737 sunt
602 3700 693 3752 per
736 3700 945 3754 aquam.
989 3683 1141 3748 Quod
1191 3693 1242 3736 et
1294 3699 1389 3736 nos
1426 3697 1567 3734 uuuc
1617 3680 1808 3734 similis

226 3774 411 3829 forma:
441 3775 621 3829 salvos
646 3773 772 3828 facit
799 3775 1087 3843 baptisma.
1113 3772 1365 3827 Formam
1395 3771 1644 3839 baptismi
1676 3770 1812 3824 assi-

227 3865 489 3918 mulatam
518 3865 647 3917 dicit
670 3880 826 3925 arcte,
852 3873 905 3916 et
926 3864 1079 3931 aquis
1105 3863 1308 3917 diluvii.
1339 3862 1403 3914 Et
1423 3870 1569 3915 recte
1590 3861 1809 3914 omnino

226 3955 366 4023 quod
396 3964 453 4008 et
484 3956 599 4022 ipsa
630 3953 912 4008 fabricatio
942 3968 1081 4006 arcte
1109 3952 1175 4007 de
1209 3954 1367 4022 lignis
1395 3954 1634 4024 levigatis
1675 3968 1807 4007 con—

229 4046 586 4100 structionem
614 4046 791 4115 signat
813 4044 1079 4107 Ecclesiae,
1120 4060 1238 4113 qua:
1282 4045 1341 4098 ﬁt
1380 4047 1444 4100 de
1497 4046 1809 4101 collectione

228 4136 536 4190 animarum
583 4136 816 4190 ﬁdelium
857 4150 956 4204 per
985 4136 1307 4189 architectos
1340 4135 1518 4200 verbi,
1569 4145 1623 4190 et
1666 4136 1808 4205 quod

230 4238 493 4297 pereunte
522 4227 651 4281 orbe
678 4236 791 4281 toto
820 4227 995 4295 pauci,
1041 4227 1090 4279 id
1121 4237 1232 4289 est,
1265 4236 1387 4280 octo
1429 4228 1621 4280 anima:
1649 4226 1809 4280 salva:

229 4320 383 4375 facta:
402 4330 551 4376 sunt.
577 4320 677 4374 Per
698 4335 888 4388 aquam
904 4318 1169 4388 signiﬁcat
1190 4319 1330 4387 quod
1356 4318 1419 4371 ad
1448 4316 1806 4386 comparatio-

230 4425 349 4465 nem
375 4411 738 4480 pereuntium,
762 4410 1059 4479 gentilium,
1078 4408 1403 4473 Judazorum,
1433 4409 1803 4464 haereticorum

230 4511 281 4554 et
296 4500 559 4553 falsorttm
574 4499 807 4553 ﬁdelium
827 4500 995 4553 multo
1014 4500 1229 4553 brevior
1241 4508 1317 4552 cst
1333 4514 1583 4553 numerus
1605 4498 1805 4551 electo-

231 4606 369 4643 rum.
404 4589 562 4644 Unde
582 4629 596 4651 ,
624 4590 688 4642 de
711 4598 931 4655 angusta
961 4600 1114 4657 porta
1146 4598 1200 4642 et
1219 4600 1365 4642 arcta
1394 4590 1473 4641 via
1503 4604 1620 4657 qua:
1656 4589 1802 4642 ducit

232 4683 296 4736 ad
325 4683 498 4735 vitam
524 4680 720 4734 dicitur
747 4698 757 4732 :
783 4680 849 4733 Et
871 4682 1023 4749 pauci
1049 4691 1166 4734 sunt
1190 4682 1277 4751 qui
1303 4682 1562 4734 inveniunt
1584 4698 1721 4745 eam,
1752 4690 1805 4735 ct

234 4772 429 4825 iterum
468 4789 482 4823 :
516 4769 642 4822 Noli
674 4770 873 4833 timere,
905 4770 1125 4838 pusillus
1148 4787 1302 4839 grex,
1349 4772 1468 4840 quia
1497 4770 1805 4838 complacuit

238 4861 387 4913 Patri
413 4871 585 4914 vestro
615 4860 740 4912 dare
763 4859 898 4912 vobis
931 4875 1163 4927 regnum.
1194 4860 1268 4914 De
1297 4874 1402 4928 quo
1430 4859 1619 4927 pusillo
1648 4875 1806 4927 grege

236 4960 287 5003 et
316 4953 404 5005 hic
436 4959 562 5019 apte
589 4947 925 5019 subjungitur
960 4965 971 4999 :
1020 4946 1141 5001 Non
1190 4950 1360 5001 carnis
1404 4948 1651 5017 depositio
1692 4963 1809 4999 sor-

238 5038 415 5101 dium,
462 5038 553 5090 sed
592 5039 917 5091 conscientia:
947 5040 1092 5089 bona:
1142 5038 1474 5105 interrogatio
1522 5038 1579 5089 in
1622 5037 1807 5089 Deum.

244 5127 337 5181 Ubi
374 5137 462 5182 est
486 5130 628 5182 enim
656 5128 982 5183 conscientia
1010 5130 1167 5192 bona,
1199 5129 1299 5182 nisi
1324 5130 1410 5182 ubi
1439 5138 1519 5183 est
1549 5129 1678 5182 lides
1704 5143 1809 5181 non

242 5219 399 5272 ﬁcta?
448 5220 614 5281 Docet
658 5235 888 5287 namque
925 5220 1194 5289 apostolus
1222 5219 1457 5281 Paulus,
1506 5222 1644 5290 quod
1688 5221 1809 5287 finis

234 5310 483 5377 praecepti
503 5319 575 5362 est
600 5310 829 5363 Charitas
855 5310 917 5362 de
940 5311 1091 5363 corde
1112 5326 1243 5379 puro
1266 5320 1309 5361 et
1338 5312 1651 5363 conscientia
1674 5310 1806 5363 bona

241 5406 290 5451 et
318 5398 427 5465 ﬁde
449 5415 552 5452 non
571 5399 714 5467 ﬁcta.
748 5399 898 5465 Quod
929 5415 1055 5469 ergo
1076 5414 1211 5467 aqua
1242 5399 1422 5452 diluvii
1452 5416 1555 5453 non
1584 5398 1810 5453 salvavit

241 5495 393 5543 extra
421 5504 606 5543 arcam
632 5489 854 5557 positos,
883 5492 974 5545 sed
996 5491 1205 5552 cecidit,
1240 5490 1356 5543 sine
1380 5490 1541 5543 dubio
1561 5487 1806 5557 praeﬁgu-

242 5580 397 5636 nbat
420 5596 638 5635 omnem
664 5580 995 5645 haereticum,
1025 5587 1147 5634 licet
1163 5581 1445 5633 habentem
1472 5578 1809 5649 baptismatis

244 5684 670 5737 sacramentum,
704 5689 810 5727 non
850 5673 988 5735 aliis,
1029 5672 1120 5727 sed
1152 5671 1279 5739 ipsis
1308 5671 1460 5739 aquis
1499 5671 1565 5724 ad
1600 5668 1807 5723 inferna

1911 3230 2227 3283 immortalis
2253 3246 2410 3283 omne
2439 3232 2723 3300 praeteritae
2752 3232 3111 3301 corruptionis
3152 3248 3345 3285 novum
3380 3234 3483 3286 tol-

1910 3317 2019 3381 let,
2072 3319 2339 3385 quomotlo
2374 3320 2509 3373 solet
2558 3318 2768 3373 flamma
2818 3321 2953 3389 ignis
2996 3321 3289 3375 immissum
3331 3337 3486 3393 aqua:

1907 3419 2112 3476 guttam
2145 3409 2351 3462 ardoris
2384 3409 2465 3461 sui
2496 3424 2813 3462 consumere
2841 3409 3057 3462 virtute.

2469 3518 2748 3573 llOMllJA
2782 3522 2915 3574 X-IV.

2478 3606 2603 3641 ITEM
2639 3604 2791 3643 Fl-ZRIA
2824 3607 2898 3643 VI.

2005 3680 2188 3734 Lectio
2220 3681 2387 3734 sancti
2419 3680 2691 3749 Evangelii
2733 3683 3024 3735 secundum
3058 3683 3381 3739 Matthacum.

1979 3771 2045 3824 In
2075 3773 2163 3823 illo
2188 3782 2412 3840 tempore
2439 3786 2456 3821 .·
2484 3769 2730 3823 Undecim
2758 3771 3000 3839 discipuli
3028 3774 3261 3827 abierunt
3289 3776 3343 3827 in
3373 3773 3482 3829 Ca-

1908 3864 2097 3917 lila'am
2124 3864 2176 3915 in
2206 3872 2424 3915 montem
2451 3862 2538 3913 ubi
2561 3864 2892 3915 constituerat
2918 3864 2989 3915 eis
3013 3862 3185 3928 Jesus,
3214 3873 3318 3919 etc.

1980 3955 2103 4008 Post
2132 3955 2580 4009 resurrectionem
2605 3954 2746 4007 enim
2776 3952 2931 4006 Jesus
2964 3955 3016 4007 in
3042 3954 3269 4009 Galilmzc
3299 3969 3483 4011 m-nte

1909 4048 2239 4116 conspicitur
2270 4047 2453 4115 ibique
2477 4047 2753 4099 adoratur.
2790 4044 2939 4098 Licet
2968 4047 3184 4113 quidam
3212 4046 3477 4111 dubitent,

1910 4148 1961 4192 et
1993 4136 2254 4191 dubitatio
2282 4151 2466 4191 eorum
2496 4144 2734 4189 nostram
2764 4144 2955 4204 augeat
2986 4137 3165 4199 ﬁdem,
3195 4139 3316 4191 dum
3362 4154 3476 4191 ma-

1912 4227 2157 4281 nifestius
2179 4228 2479 4280 ostenditur
2516 4225 2732 4279 Thomte
2762 4237 2815 4279 et
2842 4226 2981 4279 latus
3009 4227 3191 4281 lancea
3224 4229 3474 4281 vulnera-

1912 4324 2021 4368 tum
2048 4324 2101 4369 et
2134 4330 2320 4368 manus
2354 4314 2488 4367 ﬁxas
2517 4315 2848 4367 demonstrat
2880 4313 3061 4367 clavis.

1984 4404 2048 4457 Et
2078 4404 2323 4458 accedens
2349 4403 2503 4457 Iesus
2529 4403 2732 4457 locutus
2758 4413 2832 4456 est
2860 4405 2931 4457 eis
2962 4406 3135 4459 dicens
3178 4422 3194 4457 :
3242 4407 3377 4460 Data
3405 4418 3478 4461 est

1908 4498 2034 4550 milii
2063 4498 2228 4550 omnis
2253 4506 2475 4565 potestas
2508 4498 2559 4548 in
2592 4496 2715 4549 caelo
2756 4506 2801 4547 et
2848 4497 2901 4548 in
2947 4505 3106 4547 terra.
3139 4496 3267 4548 Data
3296 4497 3343 4550 ei
3388 4497 3479 4565 qui

1908 4589 2067 4657 paulo
2121 4588 2407 4641 cruciﬁxus
2462 4597 2612 4649 ante,
2656 4586 2744 4654 qui
2776 4586 3015 4653 sepultus
3042 4586 3090 4637 in
3127 4586 3347 4649 tumulo,
3385 4589 3475 4657 qui

1912 4692 2152 4737 mortuus
2191 4682 2454 4748 jacuerat,
2486 4680 2576 4748 qui
2607 4687 2789 4749 postea
2820 4687 3204 4731 resurrexerat.
3246 4678 3301 4732 ln
3340 4679 3478 4733 (ταθιο

1914 4782 2088 4825 autem
2119 4780 2173 4826 et
2224 4773 2273 4825 iu
2313 4781 2454 4825 terra
2503 4780 2739 4839 potestas
2769 4772 2889 4825 data
2917 4778 3036 4833 est,
3087 4779 3145 4824 ut
3183 4772 3271 4839 qui
3318 4781 3474 4825 antea

1914 4864 2171 4933 regnabat
2224 4864 2274 4917 iu
2310 4862 2445 4915 etclo
2488 4878 2584 4931 per
2626 4861 2783 4915 ﬁdem
2829 4861 3155 4916 credentium
3196 4871 3381 4926 regnet
3423 4861 3476 4915 in

1914 4954 2092 5007 terris.

1982 5042 2176 5095 Euntes
2202 5058 2319 5110 ergo
2350 5044 2524 5093 docete
2549 5058 2723 5095 omnes
2750 5050 2941 5109 gentes,
2968 5040 3287 5107 baptizuntes
3313 5056 3397 5093 eos
3422 5045 3475 5092 in

1911 5136 2114 5187 nomine
2163 5132 2368 5195 Patris,
2398 5142 2447 5185 ct
2479 5129 2625 5193 Filii,
2653 5141 2697 5183 et
2744 5130 2968 5198 Spiritus
3003 5131 3189 5182 sancti.
3238 5128 3474 5181 Primum

1911 5226 2103 5277 decent
2125 5238 2310 5277 omnes
2331 5233 2536 5293 gentes,
2563 5220 2755 5274 deinde
2781 5220 2967 5273 doctos
2990 5218 3291 5286 intlnguunt
3316 5232 3471 5285 aqua.

1912 5317 2026 5370 Non
2074 5315 2213 5369 enim
2258 5322 2432 5382 potest
2477 5313 2591 5367 ﬁeri
2628 5320 2687 5365 ut
2730 5326 2927 5379 corpus
2958 5308 3203 5376 baptismi
3252 5307 3477 5375 recipiat

1914 5410 2329 5463 sacramentum,
2357 5402 2456 5454 nisi
2484 5408 2639 5452 antea
2664 5400 2838 5452 anima
2866 5396 2985 5450 ﬁdei
3015 5395 3311 5464 susceperit
3336 5397 3480 5448 veri-

1915 5500 2095 5545 tatem.
2125 5490 2470 5559 Baptizantur
2496 5498 2675 5541 autem
2706 5488 2756 5541 in
2783 5487 2995 5540 nomine
3018 5484 3213 5547 Patris,
3240 5494 3293 5537 et
3335 5483 3479 5544 Filii.

1913 5593 1967 5638 et
1992 5583 2223 5650 Spiritus
2264 5581 2434 5636 sancti
2474 5590 2535 5633 ut
2562 5594 2788 5647 quorum
2837 5587 2921 5632 est
2950 5593 3054 5631 una
3084 5576 3353 5635 divinitas.
3404 5579 3476 5630 sit

1914 5687 2015 5727 una
2046 5672 2280 5741 largitio,
2318 5684 2615 5737 nomenque
2646 5668 2924 5722 Trinitatis
2950 5682 3087 5721 unus
3118 5665 3254 5719 Deus
3279 5674 3379 5717 est.
