3946 6384
416 376 525 433 167

1063 371 1127 425 Β.
1169 367 1427 425 RABANI
1468 366 1689 424 MAURI
1726 362 2045 421 ARCHIEP.
2082 363 2396 421 MOGUNT.
2435 364 2721 422 OPERUM
2753 362 2932 420 PARS
2967 364 3031 420 Il.

3606 366 3709 426 168

483 487 741 543 Docentcs
788 498 878 538 eos
918 498 1129 537 servare
1156 483 1334 537 omnia
1374 495 1714 553 quiscumque
1753 477 2001 531 mandavi
2030 483 2082 540 Λ
2107 477 2179 533 tis
2204 487 2545 534 crementum
2566 479 2968 549 pervenientes,
2991 493 3099 549 quo
3121 485 3330 549 possmt
3354 479 3530 534 solido
3556 482 3711 537 verbi

412 578 576 635 robis.
625 574 772 633 Ordo
816 575 1124 646 praecipuus
1164 572 1332 643 jussit
1378 572 1637 644 apostolis
1682 580 1744 625 ut
1774 570 2008 640 primum

2110 568 2234 622 cibo
2260 566 2435 633 refici,
2460 568 2514 623 id
2539 577 2644 634 est,
2674 582 2878 624 arcana
2904 584 3233 639 cognoscere
3261 570 3442 625 divina
3461 612 3478 635 ,
3517 579 3574 627 et
3593 587 3714 629 ma-

412 670 671 725 docercnt
723 666 1005 721 universas
1056 675 1277 737 gentes,
1328 665 1524 720 deinde
1574 663 1695 718 ﬁdei
1741 664 2012 732 tingerent
2104 660 2227 730 jora
2258 660 2435 717 facere
2465 663 2625 718 bona.

415 768 789 823 sacramento,
835 767 888 813 ct
914 766 1037 829 post
1068 757 1227 813 [idem
1272 773 1337 811 ac
1362 757 1633 825 baptisma
1672 770 1792 823 qua:
1829 759 2014 807 essent

415 852 755 909 observanda
784 852 1162 921 prazcipcrent.
1197 851 1266 903 At
1314 865 1381 904 ne
1417 856 1669 918 putemus
1710 845 1847 900 levia
1888 858 2013 900 esse

417 959 539 1014 qua:
552 942 833 1012 jusserunt
863 950 919 995 et
939 956 1112 1010 pauca
1137 940 1308 995 addit.

491 1032 686 1088 Omnia
713 1048 1038 1103 quiscunque
1063 1030 1310 1085 mandavi
1339 1028 1504 1093 vobis,
1534 1032 1595 1081 ut
1627 1026 1719 1096 qui
1765 1025 2014 1080 credide-

422 1124 554 1189 rint,
578 1124 670 1193 qui
698 1123 755 1177 in
780 1123 1047 1178 Trinitate
1075 1120 1279 1176 fuerint
1296 1117 1581 1188 baptizati,
1606 1116 1787 1172 omnia
1812 1115 2017 1169 faciant

420 1227 543 1282 quae
567 1220 837 1284 pracepta
874 1222 1020 1266 sunt.
1380 1250 1385 1259 η

493 1302 633 1359 Ecce
652 1321 745 1374 ego
774 1302 1035 1357 vobiscum
1074 1316 1191 1354 sum
1221 1298 1463 1353 omnibus
1510 1296 1711 1359 diebus,
1748 1312 1912 1368 usque
1947 1296 2017 1350 ad

418 1396 924 1452 consummationem
950 1393 1153 1449 sccculi.
1182 1393 1284 1461 Qui
1310 1408 1482 1464 usque
1508 1393 1576 1448 ad
1595 1391 2020 1448 consummatio-

423 1502 551 1542 nem
568 1485 748 1542 δεουΙί
765 1501 890 1541 cum
909 1483 1190 1555 discipulis
1204 1499 1263 1539 se
1278 1483 1518 1538 futurum
1530 1498 1651 1538 esse
1663 1482 1949 1554 promittit,
1965 1489 2021 1536 et

422 1577 546 1633 illos
570 1577 811 1633 ostendit
851 1591 1068 1645 semper
1093 1590 1215 1631 esse
1247 1560 1492 1630 victuros
1514 1614 1530 1639 ,
1554 1585 1611 1629 et
1654 1589 1713 1629 se
1742 1586 2020 1642 nunquam

423 1668 836 1727 {credentibus
874 1682 1236 1724 recessurum.
1280 1666 1383 1734 Qui
1425 1676 1608 1721 autem
1652 1665 1721 1720 ad
1763 1678 2022 1720 consum-

424 1761 723 1817 mationem
770 1759 958 1814 mundi
1010 1759 1091 1813 sui
1147 1758 1495 1827 praesentiam
1540 1756 1858 1826 pollicetur,
1912 1769 2019 1809 non

2185 754 2248 810 Si
2262 763 2436 808 tamen
2456 756 2703 824 gustastis
2715 754 2977 824 quomodo
2997 754 3168 810 dulcis
3182 766 3254 811 est
3275 757 3554 813 Dominus.
3574 759 3713 826 Hoc,

2113 842 2315 911 inquit,
2361 849 2520 911 pacto
2556 842 2778 898 dimissa
2811 852 2974 913 atque
3004 846 3300 901 emundata
3331 849 3513 903 cordis
3542 852 3713 905 vestri

2114 933 2321 989 malitia
2371 943 2428 990 et
2470 934 2726 1003 spurcitia
2789 936 3088 1004 spiritalem
3132 935 3336 992 Christi
3399 941 3714 996 alimoniam

2115 1024 2505 1094 concupiscite,
2542 1024 2622 1080 sic
2650 1025 2844 1080 divina:
2871 1026 3172 1082 dulcedinis
3196 1036 3397 1098 quanta
3428 1032 3501 1086 sit
3526 1032 3716 1087 multi-

2116 1114 2246 1169 tudo
2271 1114 2483 1185 sapitis.
2511 1113 2649 1169 Nam
2675 1114 2767 1184 qui
2797 1115 2927 1169 nihil
2958 1117 3024 1172 de
3049 1133 3284 1187 superna
3311 1121 3582 1175 suavitate
3610 1138 3715 1193 gu-

2116 1214 2226 1260 stat
2255 1205 2457 1271 animo,
2490 1221 2597 1261 non
2628 1215 2710 1261 est
2735 1207 2933 1261 mirum
2963 1209 3008 1264 si
3039 1210 3184 1265 hunc
3216 1211 3567 1266 terrestribus
3599 1213 3716 1267 ille—

2117 1297 2298 1353 cebris
2350 1296 2629 1352 sordidare
2658 1313 2766 1352 non
2810 1300 2997 1354 evitat.
3025 1300 3171 1357 Bene
3200 1311 3384 1356 autem
3426 1302 3715 1359 Psalmista

2117 1394 2336 1456 gustare
2360 1394 2544 1440 monet
2576 1402 2741 1455 quam
2788 1386 2962 1444 dulcis
2990 1389 3060 1443 sit
3103 1390 3365 1447 Dominus
3388 1432 3403 1458 ,
3427 1393 3554 1463 quia
3582 1410 3719 1449 non-

2118 1476 2248 1531 nulli
2271 1485 2399 1531 sunt
2424 1477 2514 1547 qui
2542 1492 2648 1533 non
2673 1478 2724 1532 id
2764 1478 2832 1534 de
2858 1478 3089 1536 Domino
3113 1482 3353 1536 sentiunt
3386 1484 3530 1552 quod
3559 1484 3719 1541 dulce

2120 1566 2354 1622 interius
2381 1568 2617 1638 sapiant,
2644 1569 2739 1624 sed
2774 1571 2918 1640 quod
2944 1586 3233 1627 excussum
3263 1573 3491 1629 interius
3539 1585 3718 1630 sonet.

2119 1652 2222 1722 Qui
2243 1662 2297 1710 et
2321 1656 2368 1710 si
2392 1665 2603 1712 secreta
2632 1660 2881 1728 quredam
2906 1660 3256 1731 intelligendo
3276 1664 3604 1733 percipiunt,
3622 1681 3718 1721 eo—

2121 1761 2245 1801 rum
2275 1746 2613 1802 dulcedinem
2642 1750 2883 1819 experiri
2913 1766 3019 1805 non
3070 1760 3316 1820 possunt.
3349 1753 3416 1807 Et
3458 1756 3505 1808 si
3548 1771 3721 1812 noveq

424 1851 639 1922 ignorat
666 1865 789 1905 eam
834 1850 978 1905 diem
1007 1850 1062 1904 in
1100 1826 1207 1918 qua
1251 1848 1340 1904 die
1373 1862 1434 1903 se
1470 1848 1577 1903 scit
1603 1845 1845 1901 futurum
1895 1861 2021 1900 cum
2052 1826 2098 1886 Β
2126 1851 2256 1897 runt
2281 1844 2551 1913 quomodo
2587 1853 2729 1908 sunt,
2761 1845 3035 1914 ignorant,
3067 1854 3128 1901 ut
3155 1847 3298 1911 dixi,
3331 1851 3605 1918 quomodo
3632 1867 3721 1905 sa-

425 1943 710 2016 apostolis.
764 1941 1048 2011 Quomodo
1101 1942 1259 2008 dixit,
1308 1940 1444 1995 Ecce
1482 1956 1575 2010 ego
1606 1938 1867 1993 vobiscum
1906 1954 2020 1991 sum
2123 1933 2300 2003 piunt.
2352 1932 2420 1987 Et
2472 1948 2581 2003 quo
2632 1932 2793 1988 modo
2822 1934 2875 1987 in
2933 1935 3050 2005 ipso
3078 1937 3285 2007 psalmo
3324 1942 3392 1994 de
3440 1956 3550 2010 quo
3576 1942 3720 1997 hunc

424 2052 591 2107 usque
643 2035 712 2089 ad
746 2033 1244 2088 consummationem
1272 2031 1489 2097 sa'culi;
1518 2040 1575 2087 et
1610 2031 1807 2085 iterum
1851 2027 2024 2083 :Hazc
2123 2023 2452 2079 versiculum
2499 2025 2797 2094 assumpsit
2826 2027 3167 2096 praemissum
3207 2040 3294 2085 est
3320 2045 3335 2084 :
3366 2032 3613 2087 Accedite
3649 2034 3720 2088 ad

426 2137 569 2190 sunt,
602 2127 812 2196 inquit,
850 2126 1004 2181 verba
1046 2141 1163 2178 mea
1188 2140 1306 2177 cum
1333 2124 1506 2177 adhuc
1533 2139 1696 2177 essem
1727 2121 2022 2184 vobiscum,

426 2220 534 2274 hoc
554 2226 641 2273 est
664 2232 788 2272 cum
811 2216 991 2270 adhuc
1014 2212 1262 2269 mortalis
1285 2227 1463 2267 essem
1488 2212 1629 2266 sicut
1656 2219 1713 2266 et
1736 2209 1867 2275 vos?
1887 2206 2025 2263 Cum

428 2309 536 2365 illis
560 2308 709 2364 enim
742 2314 863 2362 erat
887 2304 1176 2376 praesentia
1203 2303 1469 2374 corporis,
1493 2316 1602 2357 non
1624 2316 1750 2356 cum
1776 2298 1883 2355 illis
1906 2305 2028 2353 erat

430 2397 745 2456 conditione
775 2394 1145 2451 mortalitatis.
1177 2394 1245 2448 Et
1271 2393 1434 2449 modo
1463 2392 1747 2447 nobiscum
1772 2398 1858 2446 est
1882 2402 2024 2460 pm-

430 2487 607 2543 sentia
660 2484 997 2555 maiestatis,
1031 2493 1086 2537 et
1135 2480 1419 2537 nobiscum
1462 2496 1571 2536 non
1614 2488 1698 2535 est
1735 2478 2027 2550 praesentia

432 2577 698 2647 corporis.
731 2575 959 2629 lstarum
987 2573 1216 2627 duarum
1242 2572 1296 2626 in
1321 2581 1675 2628 sacrosancto
1703 2571 2029 2642 baptismate

434 2667 497 2721 fit
524 2665 813 2721 concordia
862 2662 1177 2717 lectionum.
1218 2661 1512 2731 Apostolus
1540 2661 1686 2717 enim
1722 2661 1854 2716 dicit
1899 2674 1916 2714 :
1958 2659 2029 2714 Et

432 2774 523 2813 vos
549 2755 735 2810 similis
766 2754 952 2823 forma:
980 2753 1153 2807 salvos
1183 2751 1311 2821 facit
1341 2752 1631 2823 baptisma;
1677 2750 2028 2825 Evangelium

438 2848 517 2901 ait
547 2864 561 2899 :
617 2846 805 2899 Docete
830 2860 1007 2897 omnes
1034 2853 1229 2912 gentes,
1257 2843 1579 2912 baptizantes
1613 2859 1700 2897 eos
1723 2843 1777 2896 in
1822 2841 2031 2896 nomine

439 2936 645 3002 Patm,
691 2946 738 2988 et
770 2932 919 2996 Filii,
964 2941 1012 2986 et
1039 2932 1269 3003 Spiritus
1311 2933 1499 2986 sancti.
1536 2930 1639 2997 Qui
1663 2931 1943 2985 crediderit
1981 2939 2031 2985 et

441 3026 738 3098 baptizatus
761 3023 941 3094 fuerit,
973 3022 1149 3078 salvus
1182 3024 1314 3089 erit;
1336 3024 1425 3095 qui
1453 3039 1571 3076 vero
1600 3038 1705 3077 non
1751 3022 2033 3078 crediderit

438 3127 487 3172 et
518 3117 811 3187 baptizatus
840 3131 945 3170 non
967 3114 1147 3184 fuerit,
1175 3114 1231 3167 in
1256 3123 1509 3169 (sternunt
1532 3113 1890 3170 damnabitur.

1020 3224 1303 3281 HOMILIA
1336 3224 1455 3281 XV.

812 3311 1051 3353 εΔΒΒΑτο
1090 3311 1143 3349 IN
1180 3310 1391 3350 οοτΑγΑ
1430 3309 1667 3351 PASCHE.

679 3386 865 3443 Lectio
890 3386 1141 3456 Epistola:
1180 3386 1325 3439 beati
1353 3384 1500 3440 Petri
1539 3384 1791 3455 apostoli.

513 3480 847 3544 Charissimi,
875 3479 1188 3548 deponentes
1214 3493 1416 3530 omnem
1446 3475 1725 3541 malitiam,
1755 3486 1803 3531 et
1830 3491 2035 3532 omnem

442 3571 646 3637 dolum,
676 3580 722 3624 et
765 3569 1150 3633 simulationes,
1179 3576 1227 3621 et
1256 3568 1480 3621 invidias
1498 3607 1513 3633 ,
1542 3576 1587 3621 et
1615 3583 1792 3623 omnes
1828 3568 2037 3622 detrac-

442 3668 633 3725 tiones,
680 3663 813 3716 sicut
846 3661 1011 3737 imodo
1050 3659 1210 3729 geniti
1253 3657 1506 3728 infantes,
1539 3658 1879 3723 rationabile,
1925 3659 2039 3713 sine

444 3752 566 3808 dolo
583 3753 665 3806 lac
688 3752 1056 3820 concupiscite,
1076 3758 1132 3802 ut
1157 3749 1211 3802 in
1233 3766 1293 3803 eo
1316 3750 1559 3803 crescetis
1580 3749 1634 3801 in
1656 3748 1900 3814 salutem,
1929 3759 2035 3804 etc.

519 3844 622 3910 Qui
650 3843 823 3897 renati
852 3842 1005 3905 estis,
1030 3839 1227 3908 inquit,
1252 3854 1425 3909 nuper
1444 3847 1501 3893 et
1529 3838 1621 3907 ﬁlii
1647 3838 1742 3893 Dei
1773 3852 1870 3908 per
1907 3839 2038 3908 bap-

451 3936 610 3989 tisma
661 3932 790 3988 facti
840 3930 977 3986 tales
1022 3938 1197 3985 estote
1242 3931 1401 3984 modo
1451 3945 1550 4000 per
1599 3928 1835 3984 studium
1883 3928 2041 3984 bona:

450 4022 917 4086 conversationis,
974 4020 1163 4091 quales
1209 4026 1336 4073 sunt
1379 4018 1631 4074 rccensiti
1680 4017 1916 4074 infantes
1944 4032 2042 4088 per

450 4125 702 4171 naturam
752 4114 988 4169 innoxia:
1033 4113 1239 4176 aetatis,
1288 4112 1461 4180 ignari
1512 4110 1731 4165 malitia:
1778 4120 1833 4165 et
1864 4110 2042 4165 omnis

451 4208 581 4271 doli,
609 4204 885 4269 simulare,
922 4202 1161 4257 invidere
1184 4243 1199 4266 ,
1231 4202 1518 4256 detrahere
1538 4240 1554 4267 ,
1586 4200 1707 4255 aliis
1736 4199 2040 4269 huiusmodi

453 4298 603 4352 vitiis
632 4295 930 4364 mancipari
956 4292 1280 4347 omnimodis
1306 4294 1636 4362 ignorantes.
1666 4291 1767 4357 Qui
1796 4292 1935 4346 sicut
1959 4291 2043 4345 lac

451 4389 507 4444 in
535 4399 797 4443 :eternum
824 4384 1146 4439 naturaliter
1165 4383 1470 4439 deciderant
1490 4391 1552 4437 ut
1564 4383 1629 4437 ad
1654 4382 1882 4437 salutem
1903 4397 2045 4438 cres-

450 4494 577 4535 cere
596 4518 611 4542 ,
635 4484 798 4545 atque
823 4475 889 4528 ad
912 4489 1106 4543 panem
1138 4473 1481 4529 comedentes
1501 4473 1783 4543 pervenire
1805 4474 2039 4539 valeant,

448 4571 525 4624 ita
549 4576 605 4623 et
630 4581 725 4621 vos
751 4564 1014 4633 simplicia
1047 4564 1347 4617 rudimenta
1362 4563 1484 4618 ﬁdei
1507 4563 1680 4631 primo
1702 4556 1767 4619 de
1789 4564 2045 4619 Ecclesia:

454 4658 647 4713 matris
670 4654 932 4711 uberibus
958 4652 1201 4721 quaerite,
1230 4653 1331 4707 hoc
1356 4660 1464 4716 est,
1486 4652 1552 4706 de
1575 4652 1851 4721 utriusque
1876 4658 2041 4706 testa-

451 4750 623 4807 menti
646 4748 956 4804 doctoribus
981 4745 1071 4815 qui
1092 4746 1271 4800 divina
1298 4744 1506 4812 eloquia
1538 4745 1618 4800 vel
1640 4746 1928 4823 scripsere,
1960 4743 2045 4798 vel

450 4843 616 4897 etiam
638 4841 758 4894 viva
774 4855 907 4894 voce
928 4838 1080 4891 vobis
1096 4835 1391 4904 praedicant
1410 4846 1468 4889 ut
1484 4836 1621 4891 bene
1641 4836 1899 4890 discendo
1920 4851 2045 4904 per-

450 4934 687 4989 veniatis
698 4932 763 4987 ad
778 4929 1122 4985 refectionem
1140 4930 1294 4996 panis
1320 4927 1427 4980 vivi
1454 4926 1546 4997 qui
1568 4928 1634 4982 de
1659 4927 1796 4982 coelo
1817 4926 2044 4981 descen-

455 5025 555 5089 dit,
579 5023 681 5077 hoc
705 5030 788 5077 est
812 5036 910 5092 per
932 5028 1273 5074 sacramenta
1302 5016 1596 5071 Dominicze
1647 5015 2038 5070 incarnationis

452 5116 652 5187 quibus
680 5113 851 5168 renati
883 5112 1015 5167 estis
1045 5122 1101 5165 ct
1125 5110 1322 5181 quibus
1354 5109 1667 5174 uutrimini,
1708 5107 2039 5175 perveniatis

454 5207 522 5261 ad
549 5203 1057 5274 contemplationem
1088 5202 1280 5256 divina:
1310 5199 1626 5264 maiestatis.

526 5291 853 5349 Rationabile
888 5333 902 5357 ,
931 5292 1125 5361 inquit,
1150 5302 1194 5343 et
1217 5290 1330 5344 sine
1355 5288 1475 5342 dolo
1502 5289 1585 5342 lac
1612 5288 1955 5357 concupiscite
1979 5299 2036 5342 ut

451 5385 511 5439 in
546 5400 605 5438 eo
643 5384 888 5437 crescatis
918 5383 971 5436 in
1002 5383 1223 5436 salutem
1253 5421 1268 5445 ,
1316 5392 1585 5450 praecepto
1624 5379 2040 5450 concupisceudi

458 5475 541 5529 lac
561 5474 711 5529 verbi
737 5474 907 5544 tangit
931 5489 1025 5527 eos
1052 5472 1141 5542 qui
1163 5473 1232 5527 ad
1259 5471 1552 5526 audiendas
1577 5471 1834 5526 lectiones
1856 5485 2042 5525 sacras

457 5563 609 5617 inviti
648 5572 704 5617 et
765 5562 1026 5617 fastidiosi
1056 5562 1381 5624 adveniunt,
1432 5560 1603 5630 ignari
1656 5559 1799 5614 illius
1846 5560 1965 5613 sitis
1985 5567 2041 5613 et

459 5653 657 5707 esuriei
706 5653 772 5707 de
801 5668 905 5721 qua
937 5653 1198 5705 Dominus
1225 5652 1301 5705 ait
1333 5670 1345 5703 :
1393 5649 1543 5704 Beati
1580 5651 1668 5718 qui
1715 5651 1949 5703 esuriant
1992 5657 2041 5701 et

457 5741 644 5797 sitiunt
660 5742 947 5811 justitiam,
980 5743 1208 5812 ideoque
1239 5741 1445 5796 tardius
1472 5741 1536 5795 ad
1571 5739 1865 5809 perfectum
1899 5739 2043 5795 salu—

2069 4526 2120 4586 D

2122 2132 2243 2171 eum
2273 2125 2321 2170 et
2347 2114 2756 2182 illuminamini;
2784 2125 2931 2173 recte
2952 2118 3150 2175 beatus
3182 2120 3374 2177 Petrus
3407 2122 3593 2179 subdit
3639 2125 3725 2180 di—

2125 2222 2280 2264 οθυεε

2194 2298 2280 2353 Ad
2310 2315 2462 2370 quem
2504 2297 2803 2353 accedentes
2826 2299 3053 2369 lapidem
3098 2303 3269 2358 vivum
3310 2305 3374 2359 ab
3421 2306 3721 2362 hominibus

2124 2388 2337 2460 quidem
2363 2388 2696 2459 reprobatum
2716 2428 2732 2455 ,
2761 2405 2794 2443 a
2838 2388 3063 2444 Domino
3093 2402 3269 2446 autem
3292 2392 3510 2448 electum
3536 2404 3584 2450 et
3620 2396 3721 2451 Ito-

2127 2477 2486 2548 norificatum.
2516 2478 2584 2533 Et
2611 2478 2714 2533 hoc
2742 2479 2810 2534 de
2851 2479 3029 2550 lapide
3056 2481 3425 2538 testimonium
3462 2486 3629 2540 sumit
3652 2501 3724 2543 ex

2127 2570 2357 2643 psalmo,
2394 2569 2487 2624 ubi
2516 2570 2778 2639 scriptum
2807 2579 2891 2624 est
2925 2588 2937 2624 :
2979 2570 3230 2642 Lapidem
3274 2590 3425 2644 quem
3471 2576 3721 2644 reproba-

2128 2669 2314 2717 verttnt
2365 2660 2722 2728 wdiﬁcantes,
2776 2658 2863 2714 hic
2905 2660 3079 2730 factus
3128 2673 3204 2717 est
3244 2662 3298 2717 in
3330 2675 3484 2734 caput
3517 2664 3719 2736 anguli.

2129 2752 2286 2820 Quod
2332 2766 2400 2807 ne
2442 2751 2569 2821 quis
2610 2749 2837 2807 Judaico
2868 2766 3029 2807 sensu
3078 2762 3296 2823 putaret
3334 2756 3399 2810 de
3454 2756 3725 2812 materiali

2132 2842 2314 2914 lapide
2339 2857 2372 2896 a
2406 2840 2675 2912 Propheta
2698 2850 2997 2908 cantatum,
3024 2843 3116 2912 qui
3144 2843 3197 2897 in
3224 2843 3584 2900 aedificatione
3611 2855 3722 2900 ter-

2132 2948 2277 2988 rena:
2331 2931 2619 3002 cujuslibet
2665 2933 2858 2987 domus
2912 2942 3101 2988 contra
3165 2936 3443 2990 hominum
3490 2936 3723 3008 disposi-

2134 3021 2336 3084 tionem
2366 3028 2552 3083 divino
2570 3027 2781 3097 judicio
2806 3040 3225 3098 componeretur
3259 3030 3506 3086 consulte
3539 3033 3723 3098 addit,

2136 3121 2349 3185 vivum;
2370 3119 2440 3173 ad
2466 3136 2620 3190 quem
2640 3119 2965 3185 accedentes,
2998 3120 3246 3191 inquiens
3266 3122 3494 3192 lapidem
3519 3123 3687 3178 vivum
3705 3164 3725 3190 ,

2138 3219 2197 3265 ut
2226 3210 2292 3266 de
2318 3208 2535 3265 Christo
2562 3210 2768 3267 dictum
2816 3209 3085 3280 significet
3109 3211 3200 3281 qui
3257 3220 3403 3267 recte
3441 3212 3580 3282 lapis
3627 3231 3726 3285 ap-

2137 3302 2369 3372 pellalus
2389 3308 2493 3365 est,
2520 3301 2611 3371 qui
2642 3301 2695 3355 in
2718 3316 2885 3356 carne
2911 3301 3135 3356 veniens
3153 3302 3497 3358 mdilicationi
3525 3314 3730 3362 sancta:

2138 3393 2395 3448 Ecclesia:
2415 3392 2508 3462 qui
2532 3393 2669 3448 hanc
2692 3395 3041 3447 conlirmaret
3068 3409 3186 3449 sese
3209 3394 3448 3451 inserere
3475 3397 3729 3465 dignatus

2137 3491 2242 3537 est.
2273 3480 2440 3536 Vivus
2486 3493 2668 3536 autem
2698 3481 2791 3552 qui
2829 3482 3009 3538 dicere
3033 3483 3208 3552 potuit
3250 3501 3265 3537 :
3298 3483 3414 3554 Ego
3453 3500 3570 3538 sum
3600 3486 3687 3539 uia
3710 3524 3727 3551 ,

2138 3573 2328 3631 veritas
2357 3581 2406 3626 et
2430 3573 2552 3626 vita.
2586 3572 2687 3640 Qui
2708 3573 2778 3628 ab
2802 3572 3110 3629 hominibus
3139 3573 3461 3644 reprobatus
3485 3584 3568 3629 est
3602 3590 3729 3630 cum

2139 3666 2346 3721 diceret
2372 3681 2387 3720 :
2420 3663 2537 3734 Ego
2572 3673 2747 3718 autem
2774 3664 3085 3717 constitutus
3113 3681 3229 3719 sum
3258 3681 3351 3719 rea:
3375 3665 3440 3719 ab
3488 3683 3570 3731 eo,
3618 3675 3726 3722 etc.

2139 3755 2207 3811 Et
2232 3754 2645 3819 honorificatus,
2671 3752 2925 3824 quoniam
2952 3762 3074 3822 post
3114 3761 3345 3808 mortem
3374 3756 3555 3811 crucis
3587 3755 3730 3812 Deus

2138 3845 2287 3899 illum
2310 3843 2576 3908 exultavit,
2625 3852 2674 3897 et
2722 3842 2936 3897 donauit
2962 3841 3039 3897 illi
3068 3860 3254 3899 nomen
3292 3845 3431 3914 quod
3467 3857 3542 3900 est
3572 3864 3733 3916 super

2139 3952 2289 3991 omne
2315 3950 2523 4000 nomen,
2553 3941 2661 3991 etC.

2211 4025 2279 4079 Et
2319 4025 2419 4096 ipsi
2467 4033 2719 4096 tanquam
2765 4024 2963 4093 lapides
3008 4024 3106 4078 vivi
3150 4026 3649 4096 supercediﬁcamini
3676 4028 3732 4081 in

2141 4119 2323 4173 domos
2365 4115 2649 4188 spiritales.
2693 4115 3200 4186 Supera'diﬁcamini
3242 4118 3361 4173 illos
3389 4120 3550 4186 dicit,
3602 4121 3729 4189 quia

2142 4210 2258 4264 sine
2284 4208 2512 4263 Domino
2537 4204 2668 4262 lesu
2697 4205 2936 4270 Christo,
2963 4204 3142 4275 lapide
3164 4208 3371 4263 scilicet
3395 4210 3548 4275 vivo,
3582 4210 3731 4267 nulla

2141 4298 2405 4369 spiritalis
2429 4295 2718 4351 aediﬁcatio
2743 4306 2888 4351 stare
2908 4304 3105 4367 potest.
3124 4296 3551 4354 Fundamentum
3582 4302 3731 4356 enim

2142 4389 2287 4445 aliud
2324 4403 2486 4443 nemo
2509 4395 2689 4457 potest
2716 4400 2918 4455 ponere
2952 4397 3151 4457 praeter
3174 4388 3346 4457 ipsum
3374 4388 3526 4457 cujus
3560 4392 3733 4459 parti-

2145 4478 2413 4548 cipatione
2444 4475 2630 4532 ﬁdeles
2676 4474 2881 4546 lapides
2910 4476 3018 4531 vivi
3044 4475 3369 4541 elliciuntur,
3399 4479 3493 4547 qui
3523 4494 3621 4547 per
3646 4481 3732 4535 in.

2146 4568 2459 4623 fidelitatem
2510 4564 2716 4636 lapides
2764 4566 2963 4621 mortui
3014 4564 3263 4631 fuerant,
3288 4565 3408 4620 duri
3438 4568 3648 4625 scilicet
3675 4579 3733 4625 et

2147 4658 2488 4715 insensibiles
2533 4658 2731 4728 quibus
2776 4658 2971 4713 merito
3019 4657 3293 4713 diceretur
3336 4676 3350 4712 :
3395 4659 3651 4727 Anferam
3697 4678 3730 4715 α

2145 4748 2284 4803 vobis
2314 4764 2405 4802 cor
2431 4746 2719 4818 lapideum,
2755 4756 2803 4801 et
2842 4745 2975 4799 dabo
3004 4746 3145 4801 vobis
3173 4764 3263 4801 cor
3304 4763 3574 4801 corneum.
3621 4749 3729 4804 Sed

2148 4851 2401 4912 tanquam
2437 4840 2644 4910 lapides
2661 4840 2769 4894 vivi
2790 4841 2857 4895 ad
2880 4839 3122 4909 spiritale
3142 4839 3428 4895 aedilicium
3450 4848 3730 4908 aptantur.

2147 4932 2237 5001 qui
2256 4947 2356 5003 per
2379 4931 2759 4987 discretionem
2788 4930 2986 4985 eruditi
3013 4930 3251 4985 doctoris
3278 4931 3572 4999 amputatis
3594 4935 3743 4990 acti-

2145 5022 2248 5078 bus
2267 5031 2321 5077 et
2345 5022 2757 5093 cogitationibus
2776 5019 3060 5091 superfluis
3082 5022 3226 5076 velut
3255 5022 3364 5076 ictu
3391 5022 3743 5091 quadrautur

2145 5111 2371 5176 securis,
2391 5118 2447 5164 et
2468 5112 2607 5165 sicut
2629 5109 2847 5164 ordines
2870 5110 3105 5179 lapidum
3130 5112 3183 5164 in
3212 5112 3419 5179 pariete
3438 5121 3741 5182 portantur

2145 5202 2235 5257 alii
2263 5201 2332 5256 ab
2358 5201 2498 5264 aliis,
2528 5201 2603 5254 ita
2626 5209 2911 5271 portantur
2932 5200 3119 5257 ﬁdeles
3140 5203 3339 5273 quique
3364 5220 3395 5259 a
3417 5204 3735 5273 prmcedeu-

2146 5293 2289 5348 tibus
2317 5290 2373 5345 in
2416 5289 2655 5346 Ecclesia
2680 5289 2873 5359 justis;
2902 5299 3123 5362 portant
3168 5292 3271 5363 ipsi
3299 5304 3589 5365 sequentes
3633 5310 3735 5367 per

2145 5383 2448 5439 doctrinam
2476 5391 2532 5437 et
2558 5382 2897 5437 tolerantiam
2925 5395 3097 5452 usque
3118 5382 3188 5437 ad
3218 5383 3465 5439 ultimum
3494 5385 3730 5454 justum,

2146 5476 2382 5545 quicum
2411 5489 2441 5527 a
2467 5474 2739 5543 prioribus
2772 5480 3014 5542 portetur
3045 5489 3206 5542 quem
3244 5484 3461 5543 portare
3490 5478 3686 5533 debeat
3707 5518 3727 5543 ,

2146 5566 2260 5635 ipse
2289 5572 2602 5633 sequentem
2629 5579 2732 5617 non
2760 5562 2994 5618 habebit.
3026 5562 3126 5630 Qui
3158 5573 3337 5619 autem
3373 5580 3533 5621 onme
3561 5567 3730 5621 sedili-

2147 5654 2291 5710 cium
2319 5661 2519 5724 portat,
2549 5662 2603 5707 et
2634 5654 2744 5722 ipse
2766 5669 2797 5707 a
2815 5653 3030 5707 nemine
3056 5663 3322 5723 portatur,
3351 5654 3611 5709 Dominus
3646 5662 3729 5709 est

2150 5741 2418 5805 Christus,
2448 5741 2589 5795 unde
2613 5750 2668 5796 et
2695 5741 2829 5810 lapis
2854 5758 2882 5793 a
2913 5740 3181 5811 Propheta
3205 5742 3474 5812 pretiosus
3504 5753 3726 5798 vocatur
