3946 6330
154 368 249 427 169

1234 364 1536 423 HOMlLlAE
1571 362 1642 420 ΙΝ
1675 359 1928 422 EVANG.
1966 363 2055 421 ET
2090 358 2306 421 EPIST.

3280 363 3382 421 1το

150 481 201 536 in
223 479 569 536 fundamento
595 478 865 535 fundatus.
893 477 1414 548 Superwdiﬁcamini,
1444 478 1637 548 inquit,
1658 479 1713 533 in
1741 486 1794 545 Α
1820 488 1939 533 runt
1982 478 2331 546 tediﬁcantes,
2364 482 2421 530 ut
2450 474 2588 531 sicut
2626 473 2772 529 illum
2808 469 3225 544 reprobaveruut
3258 490 3382 530 cum

150 573 321 624 dmitos
343 568 633 639 spiritales.
665 570 743 623 ita
768 567 884 624 fieri
914 568 1032 623 illos
1053 568 1239 624 domos
1259 568 1528 638 spiritales
1552 568 1715 633 dicit,

150 674 264 713 cum
288 659 358 713 sit
382 674 488 713 una
517 658 713 729 domus
734 658 932 714 Christi
948 672 1017 713 ex
1038 657 1243 727 angelis
1266 666 1321 713 et
1338 656 1526 711 electis
1545 656 1719 711 homi-

149 747 299 802 nibus
317 747 565 811 collecta,
585 764 694 817 quo
714 748 870 802 modo
890 762 1013 802 cum
1028 746 1098 802 sit
1112 761 1217 801 una
1231 746 1472 802 Ecclesia
1497 745 1721 801 catholi—

148 849 207 889 ca
225 842 334 889 toto
355 836 489 890 orbe
506 834 719 901 diﬂ‘usa,
744 849 883 905 saepe
901 834 1181 904 pluraliter
1195 834 1531 905 appellantur
1548 835 1720 890 eccle-

150 924 237 978 sia:
263 933 483 993 propter
512 923 805 978 multifaria
845 923 1051 979 scilicet
1082 922 1314 979 ﬁdelium
1349 920 1721 979 conventicula

150 1014 305 1069 variis
325 1014 579 1069 tribubus
605 1013 814 1084 p0pulis
834 1022 887 1067 et
911 1012 1387 1086 iinguis‘discreta.
1412 1012 1566 1069 Unde
1591 1011 1722 1068 dicit

151 1100 259 1169 ipse
286 1118 300 1153 ε
322 1100 435 1170 Ego
458 1098 620 1155 Jesus
638 1099 759 1154 misi
786 1099 1034 1170 angelum
1059 1114 1240 1155 meum
1261 1097 1544 1154 testiﬁcari
1569 1098 1722 1156 vobis

152 1190 261 1244 luec
309 1190 362 1243 in
403 1188 670 1245 ecclesiis.
716 1187 826 1244 Nec
860 1188 1469 1259 praetereundumun
1503 1188 1721 1260 quidam

151 1279 357 1334 codices
408 1279 613 1333 habent
654 1293 879 1333 numero
922 1277 1177 1347 singulari
1219 1275 1722 1346 supermdilicamini

149 1368 333 1423 domus
379 1366 677 1437 spiritalis,
729 1367 819 1421 alii
854 1365 1357 1437 supertediticamini
1404 1364 1457 1418 in
1505 1364 1721 1419 domum

149 1460 459 1531 spiritalem,
486 1460 541 1514 in
571 1474 678 1530 quo
716 1458 973 1513 nimirum
996 1457 1177 1512 unitas
1197 1458 1311 1526 ipsa
1338 1455 1504 1510 totius
1522 1464 1723 1510 sanctae

150 1549 396 1606 Ecclesiae
416 1549 599 1619 aptius
617 1548 1046 1604 commendatur.
1070 1546 1203 1603 Cum
1224 1556 1402 1601 autem
1421 1545 1532 1615 jam
1555 1544 1724 1601 dixis-

152 1650 229 1696 set
258 1639 768 1710 Supertediﬁcamini
790 1639 970 1693 domos
994 1636 1253 1709 spiritales
1274 1638 1386 1692 sive
1406 1636 1592 1692 domus
1612 1637 1721 1709 spi-

153 1730 314 1786 ritalis
344 1731 496 1785 addit
532 1749 545 1784 :

1819 565 2145 628 :edilicarent
2182 574 2337 621 actus
2357 579 2505 631 suos,
2535 564 2775 620 nolentes
2796 578 2918 619 eum
2937 564 3001 620 in
3037 562 3386 622 fundamento

1819 657 1998 711 cordis
2023 657 2104 711 sui
2149 671 2366 727 ponere,
2413 656 2484 710 ita
2526 663 2581 710 et
2626 655 2725 724 ipsi
2773 656 3125 725 reprobentur
3152 655 3384 715 abeoin

1821 747 2052 800 adventu
2092 746 2226 816 ejus,
2270 746 2484 802 uolente
2527 746 2615 801 illo
2646 758 2772 802 tunc
2797 762 2891 803 eos
2916 748 3005 817 qui
3037 762 3095 803 se
3124 748 3382 818 reproba-

1820 840 2013 887 verunt
2033 833 2085 887 in
2112 834 2514 889 aediﬁcationem
2548 835 2791 904 accipere
2819 835 3007 890 demus
3033 850 3143 891 sum
3162 851 3283 906 quae
3304 846 3388 893 est

1820 926 1873 979 in
1900 924 2072 983 caelis.
2101 924 2168 978 Et
2188 926 2303 981 haec
2332 925 2602 982 distinctio
2635 926 2855 981 honoris
2888 927 3240 993 credentium,
3277 942 3385 983 non

1821 1014 2154 1069 credentium
2179 1021 2357 1069 autem
2393 1015 2785 1086 reprobationis
2812 1014 3090 1085 hucusque
3111 1017 3387 1088 pertingit,

1821 1102 1947 1157 hinc
1974 1103 2101 1159 item
2132 1104 2197 1159 de
2226 1105 2567 1161 credentibus
2595 1102 2753 1160 infert
2777 1118 2791 1158 :

1894 1192 1997 1247 Hic
2045 1194 2215 1263 {actus
2256 1196 2313 1249 in
2358 1206 2509 1267 caput
2557 1197 2755 1267 anguli.
2798 1195 2933 1263 Quia
2974 1195 3222 1253 videlicet
3252 1197 3393 1252 sicut

1823 1281 1959 1352 lapis
1982 1283 2256 1355 angularis
2286 1285 2421 1341 duos
2443 1286 2678 1356 parietes
2704 1286 2999 1359 coniungit,
3030 1287 3102 1343 ita
3133 1287 3394 1344 Dominus

1822 1370 2130 1427 .iudtcorum
2177 1372 2389 1443 plebem
2429 1382 2486 1429 et
2531 1374 2767 1444 gentium
2803 1376 2856 1429 in
2885 1390 2992 1430 una
3019 1376 3123 1432 sibi
3152 1375 3276 1432 fidei
3305 1390 3395 1432 so-

1823 1460 2018 1515 cietate
2044 1461 2335 1531 copulavit.
2369 1462 2447 1517 Ac
2473 1478 2594 1517 mox
2626 1462 2692 1517 de
2718 1462 3020 1520 infidelibus
3041 1464 3230 1521 addit:

1894 1548 1962 1601 Et
1984 1548 2115 1618 lapis
2145 1551 2445 1620 offensionis
2472 1562 2519 1605 et
2548 1561 2693 1621 petra
2723 1552 2979 1607 scandali.
3010 1552 3148 1609 Iiinc
3171 1560 3228 1609 et
3254 1552 3394 1609 Pau-

1823 1642 1905 1697 lus
1934 1658 1947 1694 :
1978 1641 2089 1696 Nos
2123 1643 2490 1711 pra’dicamus,
2536 1644 2728 1713 inquit,
2756 1644 3017 1699 Christum
3048 1644 3249 1701 Judteis
3277 1644 3393 1718 qui-

1822 1732 1936 1785 dem
1966 1732 2295 1799 scandalum,
2322 1734 2554 1803 gentibus
2583 1744 2754 1787 autem
2783 1734 3077 1787 stultitiam.

218 1821 583 1877 Sacerdotium
612 1830 869 1884 sanetum,
902 1818 954 1873 id
1002 1826 1104 1884 est,
1147 1819 1505 1874 sacerdotium
1534 1831 1724 1873 secun-
1752 1830 1800 1887 Β
1899 1822 1999 1877 His
2022 1824 2110 1893 qui
2145 1823 2410 1891 o/fendunt
2441 1825 2609 1889 verbo,
2654 1842 2743 1879 nec
2779 1826 2993 1880 credunt
3020 1827 3074 1880 in
3100 1843 3202 1897 quo
3238 1829 3402 1898 positi

152 1909 270 1965 dum
299 1926 395 1965 vos
416 1910 520 1980 ipsi
542 1909 835 1964 existentes
860 1923 1023 1978 super
1060 1909 1467 1963 fundamentum
1494 1907 1716 1963 Christi.

152 2001 369 2057 Omnem
399 2015 536 2070 ergo
554 1988 846 2055 Ecclesiam
872 1999 1231 2053 sacerdotium
1257 2005 1502 2052 sanctum
1540 1995 1721 2068 appel-

152 2092 243 2156 lat,
267 2093 409 2161 quod
428 2092 545 2147 sola
568 2091 759 2147 domus
778 2090 956 2145 Aaron
986 2090 1037 2144 in
1061 2089 1175 2159 lege
1200 2104 1392 2143 nomen
1414 2097 1469 2144 et
1486 2087 1721 2143 cilicium

155 2187 351 2242 habuit.
387 2187 528 2254 Quia
552 2188 803 2259 nimirum
828 2198 1018 2239 omnes
1035 2182 1230 2238 summi
1260 2181 1527 2253 pontiﬁcis
1548 2196 1719 2235 mem-

154 2278 241 2330 bra
265 2290 481 2341 sumus,
525 2276 701 2329 cuncti
736 2274 865 2346 .olco
889 2272 1088 2329 laetitia:
1132 2273 1429 2343 signamur,
1458 2270 1724 2326 universis

154 2366 391 2434 congruit
420 2364 567 2434 quod
596 2362 774 2417 subdit
800 2380 815 2415 :

185 2520 191 2525 ξ
220 2456 421 2523 Uﬂ'erre
450 2453 712 2523 spiritales
745 2453 940 2508 hostias
974 2469 1065 2523 per
1086 2452 1268 2507 Iesum
1292 2450 1576 2506 Christum.
1606 2450 1725 2522 Spi-

156 2545 330 2601 ritales
368 2554 551 2599 autem
598 2545 797 2599 hostias
813 2559 974 2614 opera
1014 2552 1223 2607 nostra,
1269 2542 1637 2611 eleemosynas
1668 2547 1724 2594 et

154 2650 334 2705 preces
360 2635 512 2700 dicit,
541 2635 608 2689 ad
636 2635 1034 2689 distinctionem
1062 2633 1356 2687 carnalium
1387 2633 1439 2686 in
1469 2632 1582 2702 lege
1611 2632 1723 2686 vic-

156 2727 424 2780 timarum.
454 2724 609 2792 Quod
636 2734 815 2795 autem
841 2726 894 2779 in
921 2723 1263 2779 conclusione
1285 2723 1416 2778 dicit
1434 2740 1525 2793 per
1543 2723 1726 2777 Iesum

155 2818 411 2878 Christum
450 2822 519 2877 ad
564 2831 756 2879 cuncta
805 2836 923 2891 quae
968 2819 1291 2889 promiserat
1340 2818 1571 2887 pertinet
1619 2831 1726 2886 quo

155 2927 245 2983 per
264 2912 441 2981 ipsius
496 2911 727 2980 gratiam
772 2919 827 2963 et
874 2906 1367 2978 supertediﬁcamur
1416 2905 1466 2959 in
1497 2904 1589 2958 illo
1629 2918 1727 2974 per

156 3003 475 3056 architectos
506 3002 776 3070 sapientes
797 3040 811 3065 ,
834 3000 938 3053 hoc
963 3007 1049 3053 est
1076 2998 1353 3051 ministros
1383 2995 1513 3050 Novi
1539 2995 1726 3050 Testa-

157 3092 334 3156 menli,
363 3099 419 3146 et
444 3092 638 3146 domus
651 3089 919 3159 spiritales
943 3088 1205 3143 eﬂicimur
1224 3102 1319 3156 per
1341 3086 1587 3156 spiritum
1609 3085 1727 3155 ejus

1822 1923 1961 1966 sunt.
1994 1909 2282 1966 Oli'endunt
2308 1912 2473 1966 verbo
2500 1926 2562 1966 eo
2592 1912 2707 1981 ipso
2734 1914 2877 1981 quod
2910 1915 3133 1969 verbum
3172 1915 3266 1970 Dei
3300 1928 3397 1969 au-

1824 2002 1941 2056 dire
1987 2014 2080 2056 eos
2127 2001 2421 2071 contingit;
2471 2000 2748 2057 ollendunt
2794 2002 2992 2068 animo,
3037 2003 3163 2058 dum
3208 2004 3394 2059 nolunt

1822 2090 2047 2146 credere
2075 2090 2218 2159 quod
2261 2090 2505 2144 audiunt.
2554 2090 2792 2159 Quorum
2846 2091 3125 2147 stultitiam
3160 2107 3393 2163 exagge-

1825 2182 1993 2236 rando
2033 2180 2278 2249 subjecit,
2315 2198 2405 2235 nec
2434 2181 2646 2236 credunt
2667 2183 2721 2237 in
2742 2198 2844 2253 quo
2868 2192 2916 2236 et
2935 2182 3111 2252 positi.
3146 2181 3282 2238 Sunt
3302 2182 3395 2252 qui

1827 2273 1880 2325 in
1904 2272 2005 2327 hoc
2030 2272 2209 2340 positi,
2235 2271 2287 2325 id
2316 2278 2400 2326 est
2424 2285 2521 2340 per
2549 2280 2796 2326 naturam
2836 2272 3081 2326 homines
3110 2270 3237 2327 iacti
3272 2280 3400 2327 sunt

1826 2369 1884 2415 ut
1907 2361 2132 2415 credant
2156 2362 2265 2415 Deo
2287 2370 2341 2415 ct
2368 2362 2485 2431 ejus
2519 2361 2779 2416 voluntati
2814 2362 3207 2433 obtemperent,
3238 2362 3396 2418 Salo.

1828 2468 1985 2507 mone
2009 2460 2298 2507 attestante
2321 2466 2442 2506 cum
2472 2452 2545 2506 ait
2576 2471 2587 2504 :
2622 2452 2897 2506 Dominum
2926 2453 3046 2507 time
3071 2461 3119 2507 et
3148 2453 3399 2519 mandata

1827 2541 1940 2610 ejus
1980 2541 2213 2606 observa,
2254 2541 2351 2594 hoc
2375 2551 2449 2595 est
2473 2545 2642 2595 omnis
2680 2542 2853 2607 homo,
2883 2542 2933 2597 id
2959 2552 3063 2609 est,
3090 2544 3145 2598 in
3172 2545 3275 2600 hoc
3300 2559 3393 2598 na-

1829 2629 2071 2684 turaliter
2112 2628 2284 2684 lactus
2327 2638 2413 2685 est
2460 2630 2636 2687 omnis
2681 2631 2843 2687 homo
2884 2642 2940 2687 ut
2984 2632 3151 2688 Deum
3202 2634 3399 2689 timens

1828 2718 1944 2789 ejus
1986 2720 2255 2775 mandatis
2294 2720 2639 2787 obsecundet.
2671 2721 2895 2790 Quidam
2920 2723 3134 2778 codices
3162 2723 3398 2788 habent,

1828 2815 1883 2869 in
1916 2830 2017 2885 quo
2048 2829 2093 2867 et
2130 2815 2304 2883 positi.
2354 2795 2485 2869 liem
2536 2815 2678 2885 quod
2722 2816 3033 2885 intelligitur
3068 2815 3225 2884 juxta
3272 2815 3399 2880 hoc,

1828 2904 1971 2973 quod
2000 2903 2196 2958 Paulus
2241 2903 2305 2957 de
2346 2904 2569 2958 Domino
2610 2904 2836 2974 loquens
2874 2906 2984 2961 ait:
3029 2904 3095 2959 In
3124 2906 3235 2975 ipso
3260 2906 3396 2959 enim

1827 3004 1875 3049 et
1907 2996 2143 3058 vivimus,
2174 3004 2221 3047 et
2245 3011 2528 3059 movemur,
2558 3006 2604 3049 et
2627 3013 2825 3051 sumus.

1910 3082 2009 3139 i’os
2035 3094 2209 3137 autem
2234 3102 2395 3155 genus
2422 3085 2655 3151 electum,
2688 3086 2857 3158 regale
2884 3088 3250 3154 sacerdotium,
3278 3106 3401 3161 gens

158 3192 333 3237 contra
362 3183 607 3250 pluvias,
640 3190 850 3244 ventos,
878 3178 1097 3233 ﬂumina
1130 3178 1481 3233 tentationum
1509 3176 1720 3240 muniti,
1753 3181 1795 3240 C
1829 3183 2031 3237 sancta,
2078 3173 2299 3244 populus
2338 3174 2716 3246 acquisitionis.
2768 3177 2880 3233 Hoc
2916 3188 3018 3243 est,
3050 3179 3223 3235 laudis
3251 3181 3403 3236 testi-

156 3281 208 3327 et
227 3274 530 3329 sacerdotio
561 3281 747 3327 sancto
772 3269 1107 3340 participari,
1132 3277 1187 3323 et
1219 3267 1342 3323 boni
1390 3267 1591 3337 aliquid
1639 3284 1728 3322 ac-

158 3348 410 3433 oeptabile
466 3363 695 3418 Domino
716 3374 931 3433 gerere,
973 3375 1079 3416 non
1118 3360 1223 3415 nisi
1248 3374 1343 3428 per
1378 3361 1551 3425 ipsum
1590 3360 1730 3414 vale-

159 3466 285 3506 mus.
332 3452 481 3507 Sicut
512 3453 651 3506 enim
678 3451 874 3521 palmes
921 3466 1023 3504 non
1048 3460 1209 3519 potest
1246 3449 1382 3517 ferre
1421 3450 1649 3517 fructum
1696 3467 1727 3503 a

158 3544 417 3611 semetipso
450 3543 553 3596 nisi
603 3542 852 3595 manserit
888 3540 943 3593 in
988 3541 1109 3604 site,
1144 3538 1219 3593 sic
1252 3553 1342 3592 nec
1380 3553 1500 3602 vos,
1532 3537 1727 3608 inquit,

159 3631 249 3685 nisi
274 3634 327 3685 in
357 3650 441 3687 me
464 3632 781 3687 manseritis.

224 3720 444 3791 Propter
496 3722 637 3793 quod
682 3719 1434 3791 continet.Scriptura:Ecce
1488 3735 1621 3789 pono
1674 3720 1728 3772 in

160 3809 280 3864 Sion
300 3811 530 3879 lapidem
550 3827 813 3865 summum
834 3810 1140 3881 angularem
1162 3809 1399 3874 electum,
1422 3810 1724 3880 pretiosum.

160 3897 261 3954 Hoc
308 3899 678 3954 testimonium
732 3900 797 3954 de
844 3899 980 3954 Isaia
1028 3900 1179 3968 ponit
1205 3899 1273 3953 ad
1302 3898 1728 3954 confirmandum

160 3987 253 4042 hoc
295 3990 438 4059 quod
481 3989 805 4059 promiserat
852 3988 920 4041 ad
965 4004 1114 4059 quem
1169 3988 1465 4043 accedentes
1501 3989 1727 4055 lapidem

159 4080 339 4143 rivum,
384 4090 640 4133 astruens
675 4088 730 4134 et
764 4078 1039 4133 aliirmans
1077 4077 1362 4133 Dominum
1396 4077 1728 4133 Salvatorem

158 4180 365 4239 propter
413 4171 728 4225 firmitatem
787 4186 940 4225 suam
996 4169 1225 4239 lapidem
1254 4182 1285 4222 a
1313 4169 1589 4238 prophetis
1630 4184 1726 4223 vo-

157 4260 279 4323 cari,
312 4268 366 4314 et
393 4260 541 4329 quod
570 4260 719 4313 addit
761 4278 774 4314 :

222 4346 285 4399 Et
320 4351 492 4401 omnis
523 4349 613 4419 qui
642 4348 805 4403 credit
825 4349 881 4403 in
903 4365 1021 4403 eum
1046 4365 1147 4403 non
1174 4349 1542 4420 confundetur,
1573 4366 1731 4421 prop-

159 4442 232 4488 tcr
251 4436 350 4490 hoc
384 4437 541 4505 ponit
568 4437 711 4505 quod
740 4437 986 4492 dixerat:
1020 4438 1089 4493 Et
1134 4456 1219 4493 vos
1255 4449 1502 4511 tanquam
1530 4439 1726 4509 lapides

155 4526 244 4578 sivi
271 4527 791 4597 superasti/Scantini.
840 4526 1070 4583 Pulchre
1108 4538 1287 4583 autem
1327 4532 1599 4599 propheta:
1633 4532 1722 4587 hic
1750 4518 1799 4576 D

157 4616 497 4677 conveniunt,
523 4625 576 4668 et
598 4614 832 4684 Apostoli
864 4632 1043 4672 sermo
1068 4633 1173 4687 quo
1200 4618 1399 4673 dicitur
1422 4636 1433 4671 :
1466 4620 1724 4674 Acceden-

156 4712 224 4758 ιω
242 4707 308 4757 ad
328 4706 559 4774 lapidem
587 4708 775 4769 vivam,
793 4708 875 4761 vel
894 4709 1155 4763 credentes
1174 4710 1226 4763 in
1245 4727 1307 4763 eo
1326 4727 1429 4763 non
1447 4711 1719 4778 confundi,

158 4790 290 4845 illius
332 4795 529 4862 psalmi
579 4796 846 4849 versiculo
888 4797 943 4849 in
988 4813 1096 4865 quo
1138 4813 1260 4853 cum
1308 4800 1509 4854 dictum
1555 4810 1718 4868 esset,

157 4882 383 4937 Accedite
426 4885 500 4937 ad
543 4901 661 4938 eum
690 4894 738 4938 et
771 4885 1159 4950 illuminamini,
1209 4890 1462 4945 continuo
1505 4890 1725 4959 subjun-

158 4977 290 5023 ctum
322 4981 405 5026 est
430 4991 443 5025 :
480 4972 548 5027 Et
573 4973 740 5027 vultus
765 4976 918 5028 vestri
949 4992 1050 5030 non
1074 4978 1392 5033 erubescent.
1421 4978 1517 5033 Cui
1548 4981 1723 5035 simile

160 5068 235 5113 est
260 5063 399 5131 quod
425 5062 668 5117 Joannes
703 5065 778 5118 ait
805 5083 815 5117 :
850 5064 918 5118 Et
941 5082 1095 5131 nunc,
1122 5067 1294 5134 ﬁlioli,
1320 5081 1521 5123 manete
1551 5072 1605 5123 in
1639 5087 1721 5135 eo,

160 5158 208 5199 ut
230 5166 343 5201 cum
368 5154 673 5221 apparuerit
705 5153 986 5207 habeamus
1015 5155 1265 5223 ﬁduciam
1300 5167 1346 5209 et
1374 5174 1477 5210 non
1501 5158 1724 5227 confun-

160 5240 338 5293 damur
366 5243 431 5295 ab
461 5260 522 5296 eo
547 5244 602 5296 in
622 5244 843 5296 adventu
871 5245 999 5314 ejus.

237 5328 383 5385 Vobis
409 5334 576 5401 igitur
597 5336 764 5386 honor
784 5335 1129 5390 credentibus.
1159 5336 1251 5392 llle
1274 5340 1526 5396 nimirum
1550 5342 1723 5398 honor

163 5429 215 5470 ut
238 5434 337 5473 non
362 5423 766 5477 contundamini
790 5425 856 5479 ab
877 5439 940 5479 eo
962 5424 1012 5479 in
1035 5426 1265 5482 adventu
1290 5429 1556 5498 ejus.Sed
1582 5434 1721 5489 sicut

164 5509 268 5577 ipse
310 5512 385 5565 ait
427 5530 440 5565 :
486 5510 546 5565 Si
585 5515 701 5582 quis
748 5515 875 5569 mihi
908 5516 1313 5584 ministraverit,
1355 5521 1719 5591 honoriﬁcabit

165 5614 268 5651 eum
297 5600 455 5656 Pater
482 5620 647 5657 meus.

231 5689 343 5744 Non
411 5694 741 5748 credentibus
796 5705 969 5750 autem
1022 5700 1154 5768 lapis
1204 5688 1355 5771 quem
1410 5706 1714 5772 reprobave-

508 5782 779 5843 ΡΑτιιοι..
827 5785 959 5846 CX.

1831 3264 2067 3317 inanium
2103 3260 2372 3333 quondam
2404 3265 2626 3336 antiquo
2652 3266 2859 3321 Domini
2892 3268 3087 3339 populo
3118 3283 3217 3338 per
3247 3269 3398 3341 Moy-

1829 3368 1922 3407 sen
1948 3354 2153 3420 datum,
2183 3354 2325 3425 quod
2360 3371 2501 3412 nunc
2538 3367 2681 3431 recte
2712 3359 2959 3427 gentibus
2992 3359 3085 3415 dat
3125 3360 3404 3433 apostolus

1827 3444 2039 3511 Petrus,
2082 3447 2206 3515 quia
2247 3446 2494 3503 videlicet
2518 3449 2572 3503 in
2599 3448 2871 3505 Christum
2907 3450 3271 3517 crediderunt,
3310 3454 3404 3523 qui

1830 3537 1973 3591 velut
2016 3538 2152 3607 lapis
2198 3539 2470 3609 angularis
2512 3539 2566 3594 in
2599 3555 2719 3596 eam
2759 3557 2920 3612 quam
2948 3542 3001 3597 in
3030 3543 3279 3599 se-lsrael
3307 3545 3403 3598 ha-

1828 3628 2020 3682 buerat
2064 3630 2291 3684 salutem
2327 3639 2511 3702 gentes
2544 3632 2805 3697 adunivit,
2836 3648 2970 3703 quos
2992 3650 3153 3704 genus
3178 3634 3400 3689 electum

1831 3727 1986 3770 vocat
2025 3727 2245 3788 propter
2290 3720 2470 3787 fidem,
2514 3730 2573 3776 ut
2615 3723 2908 3794 distinguat
2936 3724 3002 3778 ab
3028 3725 3109 3780 eis
3143 3726 3235 3795 qui
3270 3725 3404 3797 lapi-

1830 3808 1948 3862 dem
1976 3810 2155 3863 vivum
2195 3812 2531 3881 reprobando
2564 3812 2689 3867 lacti
2719 3822 2844 3869 sunt
2880 3815 2979 3885 ipsi
3028 3816 3265 3887 reprobi.
3302 3816 3404 3871 Re-

1830 3898 1944 3969 gale
1959 3908 2135 3954 autem
2154 3900 2501 3954 sacerdotium
2524 3904 2613 3972 qui
2635 3903 2777 3959 illius
2798 3906 3009 3974 corpori
3026 3913 3151 3961 sunt
3166 3906 3297 3961 uniti
3314 3908 3405 3977 qui

1831 4004 1924 4044 rex
1956 4005 2196 4045 summus
2226 3998 2279 4045 et
2307 3992 2561 4048 sacerdos
2591 4002 2673 4048 est
2708 4007 2887 4060 verus,
2917 4012 3137 4067 regnum
3169 3999 3282 4053 suis
3310 3999 3406 4052 tri-

1828 4082 1999 4135 buens
2021 4088 2078 4134 ut
2104 4096 2221 4147 rex,
2264 4091 2318 4137 et
2347 4090 2404 4137 ut
2429 4084 2667 4153 pontifex
2697 4100 2881 4141 eorum
2912 4096 3130 4157 peccata
3163 4091 3245 4147 sui
3276 4105 3404 4145 san-

1830 4171 2006 4240 guinis
2030 4172 2201 4226 hostia
2226 4173 2508 4238 mandans,
2540 4174 2726 4245 Regale
2745 4179 3091 4233 sacerdotium
3112 4195 3207 4235 eos
3233 4183 3405 4237 nomi-

1830 4270 1943 4326 nat,
1972 4270 2027 4315 et
2052 4270 2109 4314 ut
2137 4277 2357 4333 regnum
2394 4278 2612 4333 sperare
2639 4274 2954 4335 perpetuum
2985 4276 3040 4323 et
3070 4269 3275 4324 hostias
3300 4270 3401 4323 im-

1832 4350 2111 4405 maculata:
2154 4352 2583 4408 conversationis
2613 4356 2723 4409 Deo
2748 4370 2964 4425 semper
2991 4356 3185 4412 oll‘erre
3215 4359 3401 4413 memi-

1830 4442 2024 4495 nerint.
2070 4441 2206 4497 Gens
2245 4458 2456 4514 quoque
2486 4455 2667 4499 sancta
2702 4456 2749 4500 et
2787 4448 3010 4517 populus
3048 4450 3402 4520 acquisitionis

1828 4532 2267 4601 voeanturjuxta
2307 4535 2359 4588 id
2400 4536 2542 4605 quod
2582 4536 2856 4605 apostolus
2880 4538 3075 4593 Paulus
3106 4541 3402 4611 prophetia:

1826 4636 2102 4689 exponens
2143 4625 2464 4677 sententiam
2501 4624 2769 4680 dicentis:
2797 4624 2984 4681 Justus
3030 4638 3205 4683 autem
3256 4644 3399 4684 meus

1826 4734 1890 4772 cx
1912 4718 2016 4786 ﬁde
2030 4719 2163 4771 civit.
2185 4717 2337 4783 Quod
2354 4720 2399 4773 si
2419 4720 2734 4773 subtraxerit
2757 4738 2811 4775 se
2836 4738 2936 4776 non
2957 4722 3177 4793 placebit
3204 4726 3397 4783 animm

1829 4826 1974 4863 mete.
2014 4810 2123 4863 Nos
2160 4821 2357 4876 autem,
2396 4812 2589 4883 inquit,
2616 4829 2718 4867 non
2741 4830 2921 4867 sumus
2952 4814 3314 4885 subtractionz's
3344 4815 3398 4869 in

1828 4901 2187 4970 perditionem,
2211 4902 2299 4954 sed
2322 4900 2450 4969 ﬁdei
2474 4903 2527 4955 in
2555 4905 2948 4973 acquisitionem
2989 4906 3199 4959 anima'.
3236 4906 3303 4960 Et
3341 4908 3397 4962 in

1828 4991 2049 5045 Actibus
2109 4990 2468 5060 apostolorum
2506 5009 2517 5043 :
2569 4990 2667 5046 Vos
2711 4991 2936 5060 Spiritus
2975 5004 3185 5048 sanctus
3224 4994 3399 5065 posuit

1827 5079 2089 5148 episcopos
2134 5074 2306 5147 regere
2350 5078 2637 5134 Ecclesium
2686 5080 2897 5133 Domini
2930 5099 3086 5151 quam
3126 5084 3395 5153 acquisivit

1826 5170 2077 5239 sanguine
2100 5185 2215 5235 suo.
2238 5168 2472 5238 Pupulus
2503 5186 2630 5241 ergo
2658 5172 3027 5240 acquisitionis
3056 5171 3183 5227 lacti
3209 5189 3393 5230 sumus

1829 5260 1879 5311 in
1913 5259 2167 5327 sanguine
2193 5261 2360 5313 nostri
2393 5260 2785 5331 Redemptoris,
2814 5263 2955 5331 quod
2979 5271 3097 5317 erat
3123 5265 3393 5331 quondam

1827 5348 2051 5418 populus
2074 5348 2255 5414 lsrael,
2281 5350 2584 5419 redemptus
2606 5354 2865 5423 sanguine
2893 5353 3012 5422 agni
3041 5354 3107 5408 de
3135 5353 3390 5425 Egypto.

1832 5436 1979 5493 Unde
1999 5449 2053 5493 et
2075 5440 2127 5492 in
2153 5440 2392 5508 sequenti
2416 5456 2627 5509 quoque
2653 5442 2915 5496 versiculo
2946 5443 3171 5513 mystice
3196 5444 3394 5501 veteris

1826 5530 2138 5583 recordatur
2172 5532 2427 5593 historice,
2460 5541 2513 5585 et
2539 5532 2640 5585 hac
2670 5547 2807 5586 novo
2836 5534 2926 5587 Dei
2950 5533 3143 5603 populo
3176 5534 3394 5604 spirita-

1823 5620 1945 5672 liter
1964 5619 2120 5673 docct
2148 5621 2472 5689 implendum
2504 5621 2688 5676 dicens
2714 5640 2726 5673 :

1896 5709 1961 5761 Ut
1987 5721 2195 5764 virtutes
2223 5713 2539 5765 anmtntietis
2563 5713 2674 5782 ejus
2696 5717 2783 5784 qui
2803 5717 2865 5769 de
2892 5717 3114 5770 tenebris
3136 5733 3221 5771 vos
3245 5730 3395 5771 voca-

2883 5811 2921 5869 6
