3946 6344
465 318 553 372 ΠΙ

1092 317 1151 375 Β.
1196 318 1449 374 ιιΑΒΑΝι
1488 319 1705 375 MAUlll
1744 318 2039 374 AllClllEP

2160 319 2413 375 OGUNT.
2456 320 2739 379 OPERUM
2779 321 2958 379 PARS
2994 326 3057 380 ll.

3616 323 3717 379 172

457 430 523 483 vit
556 430 607 481 iu
640 425 947 482 admirabile
975 425 1151 481 lumen
1182 444 1354 484 suum.
1385 428 1538 484 Sicut
1568 429 1709 485 enim
1752 428 1807 482 lii
1848 428 1940 498 qui
1967 427 2035 483 de
2063 431 2109 490 Α
2138 444 2261 484 cum
2286 440 2613 499 qumrerent,
2644 439 2739 488 aut
2792 450 2976 489 secum
3024 435 3267 492 dolerent
3323 434 3560 491 ablatum
3610 436 3715 492 Do—

453 516 709 588 Egyptia
740 515 1003 572 servitute
1036 515 1248 572 liberati
1291 527 1419 573 sunt
1442 534 1540 588 per
1564 518 1781 588 Moysen
1813 531 2031 572 carmen

456 603 782 675 triumphale
824 612 947 675 post
992 606 1281 661 transitum
1327 608 1492 662 maris
1528 605 1718 671 Rubri,
1748 613 1803 659 et
1825 605 2034 660 demer-

454 712 575 753 sum
620 694 923 751 Pharaonis
965 696 1258 751 exercitum
1288 696 1514 751 Domino
1537 703 1845 761 cantarunt,
1878 695 1949 749 ita
1980 703 2035 749 et

453 804 555 846 nos
581 796 796 860 oportet
826 796 949 859 post
983 796 1301 860 perceptam
1347 789 1401 846 in
1446 788 1715 859 baptismo
1761 787 2035 842 remissio-

453 894 576 935 nem
606 887 951 950 peccatorum
982 878 1173 951 dignas
1199 877 1475 935 beneﬁciis
1504 878 1816 936 cmlestibus
1844 893 2036 948 repen-

454 968 585 1023 dere
619 968 843 1040 gratias.
891 967 1136 1039 Namque
1174 967 1409 1040 Egyptii
1451 984 1556 1023 non
1596 968 1766 1023 solum
1795 968 1919 1038 quia
1944 982 2038 1039 po-

450 1057 636 1128 pulum
669 1057 764 1114 Dei
787 1056 1118 1130 allligebant,
1144 1072 1330 1113 verum
1354 1057 1519 1113 etiam
1549 1058 1673 1128 quia
1703 1059 1924 1112 tenebrae
1951 1057 2039 1113 vel

450 1147 815 1205 tribulationes
856 1151 1281 1219 interpretantur
1324 1158 1457 1219 apte
1497 1150 1875 1221 persequentia
1938 1165 2035 1205 nos

449 1247 694 1310 peccata,
730 1241 826 1296 sed
854 1241 909 1296 in
943 1241 1269 1311 baptismate
1311 1242 1619 1312 signilleant
1659 1241 1849 1296 deleta.
1883 1240 2038 1296 Libe—

452 1330 593 1385 ratio
631 1345 846 1399 quoque
887 1330 1121 1385 ﬁliorum
1163 1330 1350 1396 lsrael,
1380 1342 1433 1386 et
1458 1331 1524 1385 ad
1554 1331 1875 1401 promissam
1906 1331 2035 1384 olim

453 1418 688 1486 patriam
711 1418 989 1488 perductio
1010 1420 1257 1490 congruit
1284 1420 1541 1491 mysterio
1567 1429 1769 1474 nostrae
1795 1420 2035 1488 redemp-

454 1506 618 1561 tionis
645 1521 745 1577 per
774 1522 935 1576 quam
978 1507 1047 1562 ad
1090 1506 1261 1562 lucem
1308 1523 1555 1578 supernae
1593 1509 1893 1563 mansionis
1919 1508 2038 1561 illu-

450 1605 658 1652 strante
688 1610 790 1651 nos
816 1612 881 1651 ac
909 1597 1142 1652 ducente
1176 1596 1377 1652 Christi
1402 1598 1575 1667 gratia
1606 1597 1905 1661 tendimus;
1937 1612 2035 1651 cu-

446 1688 537 1758 jus
566 1686 740 1743 lucem
790 1688 979 1759 gratia:
1024 1688 1189 1743 etiam
1222 1688 1311 1742 illa
1343 1688 1517 1743 nubes
1536 1697 1591 1743 et
1617 1688 1757 1757 ignis
1784 1687 2035 1743 columna

450 1780 905 1848 prazmonstravit,
932 1794 1052 1849 quae
1071 1793 1165 1835 eos
1188 1779 1240 1833 in
1267 1787 1381 1834 toto
1409 1780 1602 1834 itinere
1632 1779 1721 1834 illo
1745 1795 1775 1833 a
1803 1780 2039 1834 tenebris
2067 1773 2113 1831 B

453 1870 695 1927 defendit
733 1871 971 1927 noctium
1014 1880 1070 1927 et
1099 1871 1167 1926 ad
1207 1872 1507 1942 promissas
1548 1871 1737 1940 patria:
1784 1871 1940 1926 sedes
1986 1870 2040 1924 in

451 1962 747 2021 venerabili
774 1962 909 2019 calle
937 1963 1214 2033 perduxit.

526 2055 630 2122 Qui
656 2055 942 2126 aliquando
985 2072 1089 2109 non
1128 2054 1373 2125 populus,
1419 2070 1556 2108 nunc
1600 2062 1779 2108 autem
1817 2053 2039 2124 populus

459 2144 679 2215 Deiiqui
696 2161 797 2200 non
820 2145 1082 2199 consecuti
1099 2145 1549 2209 misericordiam,
1578 2161 1715 2198 nunc
1737 2153 1911 2198 autem
1939 2144 2042 2197 mi-

457 2234 800 2290 sericordiam
821 2235 1103 2288 consecuti.
1133 2234 1338 2289 Iudicat
1358 2240 1541 2302 aperte
1563 2249 1661 2312 per
1680 2234 1781 2288 bos
1800 2233 2045 2289 versicu-

456 2325 557 2392 los,
605 2327 749 2397 quod
794 2326 881 2382 bis
928 2326 1020 2394 qui
1067 2326 1133 2381 de
1182 2325 1432 2396 gentibus
1474 2326 1542 2379 ad
1582 2325 1742 2379 ﬁdem
1786 2333 2048 2380 venerant

458 2418 600 2473 hanc
642 2415 859 2486 scripsit
914 2415 1237 2487 epistolam;
1286 2416 1377 2485 qui
1430 2416 1701 2485 quondam
1744 2416 1961 2471 alienati
2015 2432 2046 2470 a

460 2508 874 2564 conversatione
921 2507 1101 2578 populi
1150 2506 1269 2572 Dei,
1318 2516 1445 2561 tunc
1499 2522 1598 2577 per
1641 2508 1870 2578 gratiam
1923 2506 2047 2563 ﬁdei

457 2598 655 2670 populo
674 2606 801 2654 sunt
823 2596 939 2667 eius
958 2596 1117 2662 uniti,
1131 2604 1186 2653 et
1199 2595 1627 2653 misericordiam
1646 2612 1806 2668 quam
1831 2612 2049 2668 sperare

464 2704 572 2746 non
610 2696 877 2744 noverant
917 2687 1119 2757 adepti.
1168 2685 1409 2742 Assumit
1452 2695 1633 2742 autem
1676 2700 1769 2741 eos
1812 2687 1877 2741 de
1921 2702 2049 2757 pro-

459 2778 625 2848 pheta
651 2775 788 2833 Osce
830 2775 919 2847 qui
947 2776 1013 2830 de
1038 2775 1321 2831 vocatione
1351 2776 1590 2847 gentium
1619 2776 1919 2846 praeimus
1942 2776 2047 2831 ait:

472 2866 700 2933 Vocabo,
750 2868 948 2939 inquit,
987 2884 1093 2922 non
1128 2866 1326 2938 plebem
1367 2883 1572 2932 meam,
1622 2864 1820 2936 plebem
1857 2883 2047 2931 meam,

462 2968 511 3012 et
571 2975 675 3012 non
738 2957 1153 3013 misericordiam
1207 2966 1577 3021 consecutam,
1632 2954 2049 3009 misericordiam

464 3056 815 3103 consecutam.
850 3044 919 3100 Et
951 3046 1048 3100 erit
1078 3045 1132 3099 in
1164 3043 1276 3099 loco
1311 3044 1399 3099 ubi
1432 3044 1635 3098 dictum
1668 3052 1744 3098 est
1785 3044 1899 3097 eis:
1926 3041 2051 3097 Non

464 3137 614 3210 plebs
635 3153 749 3192 mea
781 3152 899 3200 vos;
934 3135 1020 3190 ‘ibi
1066 3135 1389 3190 vocabuntur
1415 3134 1515 3205 ﬁlii
1544 3134 1640 3190 Dei
1664 3134 1783 3189 vivi.
1808 3131 2043 3201 Etjuxta

466 3229 768 3286 Psalmlstze
820 3226 1146 3285 sententiam
1172 3245 1186 3282 :
1217 3225 1409 3283 Omnes
1443 3234 1616 3295 gentes
1644 3223 1892 3296 plaudent
1934 3239 2047 3277 ma-

466 3321 618 3375 nibus
647 3328 695 3373 et
721 3318 955 3391 jubilant
987 3318 1049 3371 in-
1072 3333 1189 3375 voce
1215 3314 1600 3372 exsultationis.
1632 3314 1700 3369 Et
1722 3315 1851 3370 item
1877 3332 1889 3368 :
1920 3312 2049 3369 0m-

467 3427 555 3464 ncs
591 3420 785 3481 gentes,
819 3408 1017 3479 inquit,
1046 3408 1271 3474 venient,
1296 3416 1345 3462 et
1372 3406 1667 3461 adorabunt
1696 3422 1872 3459 coram
1899 3415 1968 3470 te,
2000 3412 2051 3458 et

467 3500 887 3569 honoriﬁcabunt
935 3515 1122 3553 nomen
1160 3509 1308 3552 tuum
1345 3498 1401 3551 in
1453 3506 1725 3560 azternum,
1773 3498 1899 3566 quia
1936 3511 2051 3549 ma-

466 3607 598 3662 gnus
620 3600 692 3644 est
711 3589 963 3644 Dominus
986 3588 1128 3642 Deus
1150 3598 1323 3647 noster
1346 3596 1394 3641 et
1417 3586 1792 3656 magnitudinis
1813 3587 1925 3656 ejus
1949 3602 2051 3640 non

468 3691 542 3734 est
570 3680 728 3751 ﬁnis;
774 3679 866 3748 qui
893 3678 1027 3732 vivit
1078 3686 1133 3732 et
1185 3683 1375 3747 regnat
1414 3676 1467 3729 in
1512 3674 1775 3733 Triuitate
1822 3684 1875 3729 et
1926 3675 2050 3729 uni-

468 3781 579 3826 tate
628 3768 866 3840 perfecta
916 3767 1059 3823 Deus
1102 3782 1201 3839 per
1238 3767 1419 3821 omnia
1463 3765 1660 3820 saecula
1708 3765 2048 3821 seculorum.

468 3864 664 3917 Amen.

1028 3949 1308 4008 HOMlLlA
1346 3948 1483 4005 XVI.

1009 4059 1062 4099 IN
1097 4057 1274 4098 EODEI
1314 4055 1503 4096 1⁵1⁵38το-

594 4136 779 4194 Lectio
817 4135 989 4191 sancti
1020 4132 1297 4205 Evangelii
1326 4131 1622 4187 secundum
1652 4128 1938 4185 Joannem.

547 4231 614 4283 In
637 4226 728 4282 illo
754 4236 1001 4295 tempore,
1033 4242 1140 4279 una
1166 4224 1369 4278 sabbati
1410 4221 1585 4277 Maria
1633 4219 1944 4291 Hagdalene
1974 4234 2059 4273 ve-

476 4320 552 4373 nit
584 4334 757 4382 mane,
799 4332 921 4372 cum
949 4314 1122 4369 adhuc
1164 4313 1384 4367 tenebraz
1426 4320 1615 4376 essent,
1650 4311 1719 4364 ad
1755 4325 2061 4364 monumen-

477 4419 585 4462 tum
610 4420 652 4461 et
690 4407 814 4461 vidit
843 4405 1070 4476 lapidem
1099 4402 1361 4458 sublatum
1389 4420 1419 4455 a
1443 4410 1799 4464 monumento,
1829 4409 1936 4454 etc.

548 4500 701 4556 Sicut
740 4501 791 4554 in
834 4499 1103 4569 principio
1140 4496 1335 4551 mulier
1372 4506 1561 4550 auctor
1590 4494 1759 4563 culpze
1781 4494 1901 4547 viro
1937 4492 2056 4558 fuit,

477 4595 560 4647 vir
598 4602 883 4648 exsecutor
924 4591 1148 4655 erroris,
1193 4588 1265 4643 ita
1315 4602 1458 4642 nunc
1500 4602 1619 4657 quae
1654 4586 1804 4657 prius
1832 4594 2057 4640 mortem

480 4690 789 4755 gustaverat
821 4681 1271 4735 resurrectionem
1309 4680 1456 4749 prior
1488 4679 1656 4742 vidit,
1695 4688 1751 4733 et
1779 4692 1844 4734 ue
1872 4692 2062 4748 perpe—

481 4773 557 4825 tui
609 4779 792 4826 reatus
839 4770 979 4839 apul
1026 4770 1172 4823 viros
1212 4769 1557 4840 approbriutn
1612 4770 1904 4823 sustineret
1942 4783 2062 4837 quie

479 4861 693 4930 culpam
721 4860 839 4915 viro
866 4858 1247 4923 transfuderat,
1275 4857 1565 4913 transludit
1583 4866 1638 4913 et
1665 4860 1912 4930 gratiam.
1944 4856 2059 4912 Una

488 4950 693 5005 sabbati
739 4950 886 5013 dicit,
934 4964 1095 5019 quam
1128 4948 1241 5016 jam
1273 4948 1413 5002 diem
1459 4948 1795 5002 Dominicum
1841 4957 2063 5017 propter

481 5042 694 5097 Domini
753 5043 1207 5097 resurrectionem
1257 5056 1374 5096 mos
1418 5040 1760 5099 Christianus
1789 5042 2059 5112 appellat;

483 5152 641 5205 quem
691 5136 969 5191 Matthmus
1013 5136 1162 5192 solus
1194 5136 1246 5189 in
1276 5135 1622 5205 evangelistis
1660 5136 1889 5205 primam
1936 5134 2060 5188 sab—

483 5227 594 5282 bati
628 5228 939 5282 nominavit.

553 5316 797 5371 Cucurrit
834 5334 975 5388 ergo,
1001 5327 1048 5371 et
1075 5320 1209 5371 venit
1249 5318 1318 5371 ad
1356 5316 1617 5371 Simonem
1668 5315 1883 5370 Petrum
1913 5326 1961 5370 et
1991 5318 2060 5369 ad

482 5408 647 5462 alium
668 5407 979 5475 discipulum
1006 5424 1158 5478 quem
1179 5408 1386 5461 amabat
1412 5408 1588 5470 Jes'us,
1613 5407 1809 5460 et‘dixit
1828 5407 1896 5459 eis
1916 5420 1932 5456 :
1954 5406 2059 5459 Tu-

484 5496 653 5549 lerunt
688 5496 970 5550 Dominum
1000 5502 1063 5551 de
1089 5506 1447 5559 monumento,
1482 5508 1526 5548 et
1564 5500 1735 5549 nescio
1769 5496 1854 5548 ubi
1880 5512 2066 5565 posue—

487 5597 605 5641 runt
628 5605 765 5641 eum.
809 5589 1003 5642 Amore
1032 5588 1199 5642 nimio
1228 5590 1442 5641 turbata
1476 5587 1600 5637 dum
1629 5601 1788 5654 quem
1822 5584 2065 5651 qnzcsivit

488 5692 595 5732 non
622 5680 853 5735 invenit:
897 5680 1138 5735 cucurrit
1175 5676 1451 5745 discipulis
1496 5678 1743 5728 nuntiare
1776 5684 1831 5726 ut
1864 5683 1955 5726 aut
1985 5688 2065 5726 sc-

2138 521 2382 587 minum,
2449 538 2610 592 quem
2670 526 2954 581 Dominum
3016 528 3297 583 nominare
3353 544 3458 583 non
3518 528 3712 583 metuit

2137 612 2263 667 dum
2323 628 2522 685 corpus
2572 615 2713 672 illius
2767 620 3141 675 tantummodo
3206 627 3477 688 quareret
3527 619 3583 673 in
3630 633 3718 673 se-

2134 703 2341 773 pulcro.

2207 795 2355 849 Estiit
2400 812 2522 867 ergo
2568 793 2756 851 Petrus
2785 807 2833 851 et
2881 796 2970 851 ille
2996 796 3131 851 alius
3163 797 3472 868 discipulus,
3495 807 3542 851 et
3570 812 3721 851 rens-

2135 896 2259 941 runt
2285 885 2356 940 ad
2378 896 2786 941 monumentum.
2825 886 3111 941 Currebant
3133 895 3304 940 autem
3335 886 3439 941 duo
3464 885 3645 951 simul,
3672 894 3721 940 et

2135 974 2225 1030 ille
2239 974 2375 1029 alius
2390 974 2677 1046 discipulus
2688 975 3027 1045 praecucurrit
3044 976 3196 1029 citius
3211 971 3390 1040 Petro,
3404 985 3449 1028 et
3468 975 3601 1028 venit
3623 973 3724 1043 pri-

2137 1082 2254 1120 mus
2282 1063 2472 1138 [prius]
2497 1066 2565 1119 ad
2593 1074 3003 1119 monumentum.
3032 1064 3373 1118 Advertcnda
3395 1063 3483 1117 hic
3504 1071 3559 1116 et
3582 1076 3723 1116 eom-

2140 1155 2439 1209 mendauda
2484 1154 2857 1224 recapitulatio
2901 1154 3167 1223 quomodo
3200 1154 3428 1207 redi:um
3458 1161 3542 1207 est
3572 1152 3639 1206 ad
3670 1150 3723 1205 id

2140 1245 2490 1314 quodfuerat
2518 1244 2962 1315 printer-missum,
3012 1251 3064 1297 et
3109 1252 3361 1312 tanquam
3402 1244 3501 1297 hoc
3532 1255 3727 1310 seque-

2141 1346 2292 1389 retur
2318 1334 2629 1403 adiunctum
2672 1343 2774 1388 est.
2818 1333 2951 1388 Cum
2980 1334 3125 1387 enim
3150 1331 3261 1400 jam
3292 1331 3519 1397 dixisset
3554 1327 3725 1384 Vene-

2142 1436 2263 1479 runt
2285 1426 2353 1478 ad
2384 1434 2793 1488 monumentum,
2822 1438 3103 1493 regressus
3123 1430 3204 1477 est
3232 1431 3289 1489 ut
3316 1430 3563 1476 narraret
3594 1434 3729 1489 quo-

2142 1515 2303 1570 modo
2350 1522 2633 1579 venerunt,
2680 1523 2842 1581 atque
2878 1513 2994 1567 ait:
3024 1513 3380 1566 Accurrebant
3410 1521 3586 1564 autem
3622 1509 3729 1565 duo

2139 1605 2317 1672 simul,
2358 1616 2462 1659 etc.
2499 1604 2600 1660 Ubi
2632 1604 2864 1658 ostendit
2904 1603 3047 1671 quod
3081 1614 3416 1672 pmurrens
3442 1599 3511 1652 ad
3536 1614 3730 1653 monu-

2142 1707 2381 1753 mentum
2432 1696 2581 1765 prior
2631 1696 2839 1749 venerit
2887 1693 2977 1748 ille
3019 1693 3157 1746 alius
3202 1689 3517 1759 discipulus,
3566 1702 3731 1758 quem

2142 1790 2378 1857 seipsum
2422 1784 2713 1855 signiﬁcat,
2760 1783 2854 1840 sed
2899 1790 3155 1852 tanquam
3195 1780 3261 1834 de
3290 1779 3398 1833 alio
3425 1793 3578 1833 more
3605 1792 3734 1831 sau-

2143 1886 2244 1932 etae
2273 1877 2567 1945 Scriptum
2593 1883 2790 1930 cuncta
2829 1881 3035 1932 narrat.

2213 1968 2283 2022 Et
2314 1984 2431 2021 cum
2454 1986 2517 2022 se
2535 1967 2858 2032 inclinasset,
2896 1966 3018 2021 vidit
3057 1966 3361 2020 linteamina
3394 1964 3585 2034 posita,
3626 1979 3735 2017 non

2143 2067 2316 2113 tamen
2336 2057 2587 2111 introivit.
2614 2056 2766 2123 Quod
2794 2071 2923 2110 vero
2953 2053 3118 2108 Maria
3149 2052 3467 2124 Magdalene‘
3489 2051 3639 2105 venit
3660 2048 3733 2105 ad

2144 2155 2552 2205 monumentum
2597 2162 2719 2201 cum
2761 2146 2941 2201 adhuc
2973 2144 3208 2200 tenebrae
3237 2149 3441 2208 essent,
3464 2140 3618 2209 juxta
3650 2139 3739 2194 hi-

2145 2243 2370 2298 storiam
2400 2250 2620 2297 notatur
2648 2243 2819 2311 hora,
2836 2241 2991 2311 juxta
3020 2238 3351 2313 intellectum
3376 2251 3509 2291 vero
3540 2232 3739 2305 mysti-

2146 2349 2267 2388 cum
2318 2333 2643 2403 requirentis
2689 2335 2937 2403 signatur
2982 2328 3353 2400 intelligentia.
3385 2327 3553 2381 Maria
3578 2326 3736 2381 enim

2147 2432 2421 2478 auctorem
2477 2422 2717 2477 omnium
2772 2435 2935 2489 quem
2988 2432 3153 2473 carne
3198 2416 3409 2471 viderat
3455 2423 3740 2470 mortuum

2148 2514 2419 2583 quaerebat
2454 2513 2505 2565 in
2536 2518 2902 2575 monumento,
2943 2518 2999 2563 et
3028 2508 3151 2578 quia
3197 2509 3341 2563 hunc
3384 2507 3606 2561 minime
3646 2506 3745 2562 in-

2146 2604 2315 2667 venit,
2353 2601 2590 2656 furatum
2621 2600 2869 2655 credidit.
2902 2599 3093 2655 Adhuc
3117 2612 3247 2667 ergo
3278 2606 3433 2653 erant
3470 2596 3739 2663 tenebras,

2148 2708 2269 2747 cum
2307 2693 2455 2749 venit
2484 2692 2550 2746 ad
2581 2698 3007 2746 monumentum.
3040 2688 3291 2744 Cucurrit
3332 2688 3516 2753 citius,
3565 2687 3742 2743 disci-

2148 2784 2289 2853 pulis
2312 2783 2610 2848 nuntiavit;
2641 2782 2735 2837 sed
2765 2782 2837 2835 illi
2873 2798 2983 2852 pra:
3006 2782 3218 2836 czeteris
3251 2787 3610 2835 cucurrerunt
3639 2778 3745 2850 qui

2148 2888 2260 2943 prie
2290 2873 2501 2927 ceteris
2528 2880 2870 2934 amaverunt,
2898 2869 3150 2925 videlicet
3178 2868 3371 2924 Petrus
3394 2876 3449 2922 et
3474 2866 3743 2923 Joannes.

2151 2963 2455 3019 Currebaut
2472 2971 2649 3018 autem
2672 2962 2760 3017 diu
2801 2960 2979 3025 simul,
3006 2961 3099 3017 sed
3112 2959 3346 3017 Joannes
3383 2958 3750 3031 praecucurrit

2152 3056 2314 3111 citius
2341 3053 2522 3120 Petro,
2559 3052 2707 3112 venit
2734 3052 2885 3123 prior
2920 3052 2988 3107 ad
3019 3061 3427 3107 monumentum
3450 3059 3507 3105 et
3528 3050 3746 3121 ingredi

2154 3164 2260 3203 non
2289 3147 2651 3218 pratsumpsit.
2671 3190 2673 3194 ι

2228 3238 2378 3293 Venit
2402 3254 2524 3309 ergo
2558 3236 2742 3293 Simon
2779 3236 2970 3293 Petrus
3005 3254 3223 3309 sequens
3251 3253 3390 3299 eum,
3422 3244 3469 3291 et
3507 3235 3751 3291 introivit

2148 3329 2203 3381 in
2232 3338 2643 3382 monumentum.
2673 3327 2779 3383 lste
2806 3342 2936 3382 vero
2960 3342 3151 3383 cursus
3177 3327 3415 3382 duorum-
3439 3323 3746 3394 discipulo-

2151 3433 2271 3471 rum
2301 3430 2552 3485 magnum
2576 3416 2737 3471 habet
2762 3415 3096 3487 mysterium.
3123 3414 3261 3481 Quid
3288 3414 3431 3468 enim
3461 3426 3559 3483 per
3582 3410 3755 3468 Joan-

2151 3521 2273 3562 nem
2287 3506 2377 3576 qui
2395 3506 2545 3576 prior
2554 3506 2701 3561 venit
2714 3506 2780 3561 ad
2795 3514 3199 3562 monumentum
3216 3512 3273 3560 et
3284 3518 3388 3558 non
3402 3503 3627 3557 intravit
3639 3502 3751 3561 nisi

2156 3596 2438 3667 Synagoga
2466 3596 2835 3667 signiﬁcatur?
2861 3596 2999 3664 Quid
3025 3611 3124 3666 per
3144 3596 3388 3660 Petrum,
3422 3595 3525 3649 nisi
3562 3592 3753 3650 Eccle-

2154 3688 2233 3743 sia
2264 3703 2329 3742 ex
2352 3688 2598 3759 gentibus
2628 3696 2965 3758 congregata
3001 3686 3428 3751 demonstratur,
3483 3700 3607 3755 quas
3647 3698 3749 3754 po-

2155 3778 2352 3833 sterius
2403 3785 2617 3841 vocata,
2666 3778 2813 3847 prior
2877 3777 3131 3832 intravit?
3180 3776 3553 3831 Cucurrerunt
3600 3774 3751 3829 enim

2155 3867 2358 3937 pariter
2388 3864 2674 3923 Gentilitas
2708 3873 2761 3921 et
2798 3864 3082 3936 Synagoga
3116 3880 3213 3935 per
3241 3862 3397 3931 hujus
3418 3862 3599 3917 saeculi
3628 3878 3754 3919 suo-

2158 3958 2449 4019 ccssioncs,
2482 3956 2575 4011 sed
2599 3971 2703 4011 non
2727 3956 2843 4025 pari
2874 3954 3224 4025 intelligentia
3250 3954 3557 4008 veniebant.
3589 3951 3752 4007 Venit

2161 4046 2444 4119 Synagoga
2484 4048 2634 4118 prior
2670 4048 2735 4102 ad
2773 4054 3213 4110 monumentum,
3258 4044 3355 4100 sed
3402 4044 3625 4099 minime
3662 4043 3751 4099 iu-

2162 4139 2345 4203 travit,
2378 4138 2503 4208 quia
2545 4138 2679 4208 legis
2720 4128 2968 4207 quaedam
3016 4136 3260 4207 percepit
3304 4134 3583 4200 mandata,
3625 4149 3754 4204 pro-

2160 4231 2356 4300 phetas
2397 4230 2785 4284 incarnationis
2808 4244 2871 4283 ac
2892 4228 3160 4298 passionis
3193 4226 3488 4282 Dominiea:
3521 4226 3752 4292 audivit,

2166 4320 2260 4375 sed
2283 4319 2507 4374 credere
2537 4318 2590 4373 in
2623 4327 2893 4373 mortuum
2914 4317 3105 4372 uoluit.

2248 4408 2385 4463 Vidit
2431 4407 2666 4462 Joannes
2711 4408 2879 4476 posita
2925 4406 3264 4470 linteamina,
3306 4420 3411 4459 non
3457 4415 3632 4460 tamen
3671 4405 3756 4459 in-

2170 4502 2366 4563 troivit,
2410 4500 2537 4569 quia
2567 4498 2818 4553 videlicet
2859 4497 3144 4569 Synagoga
3174 4506 3229 4551 et
3254 4496 3555 4565 Scriptura
3582 4508 3757 4550 sacra

2170 4598 2506 4645 sacramenta
2549 4590 2820 4659 cognovit,
2854 4597 2908 4643 et
2951 4598 3130 4641 tamen
3179 4587 3246 4644 ad
3290 4588 3449 4641 ﬁdem
3480 4582 3756 4654 passionis

2170 4682 2461 4738 Dominica:
2501 4681 2795 4745 credendo,
2821 4680 3021 4734 intrare
3066 4676 3300 4741 distulit;
3330 4690 3490 4745 quem
3523 4674 3610 4729 diu
3639 4674 3756 4730 lou-

2172 4788 2340 4844 geque
2370 4774 2726 4842 proplietavit,
2759 4782 3080 4840 prementem
3114 4770 3319 4825 viditet
3346 4765 3544 4831 renuit,
3582 4764 3757 4819 homi-

2172 4879 2291 4916 nem
2322 4879 2442 4918 esse
2480 4863 2745 4931 despexit,
2785 4862 2951 4915 Deum
2998 4875 3167 4915 carne
3214 4856 3497 4912 mortalem
3546 4851 3754 4911 facmm

2172 4954 2391 5008 credere
2437 4953 2623 5007 noluit.
2679 4952 2816 5019 Quid
2866 4967 2994 5021 ergo
3032 4961 3136 5017 est,
3185 4950 3287 5003 nisi
3330 4949 3454 5019 quia
3503 4956 3558 5005 et
3589 4946 3754 5004 citius

2172 5044 2430 5108 cucurrit,
2474 5052 2526 5097 et
2575 5052 2751 5097 tamen
2796 5044 2864 5097 ad
2906 5049 3315 5111 monumentum
3360 5056 3528 5095 vacua
3575 5040 3750 5095 stetit.

2186 5135 2329 5189 Venit
2376 5144 2547 5188 autem
2591 5133 2775 5189 Simon
2829 5132 3022 5186 Petrus
3075 5132 3389 5202 subsequens
3439 5146 3556 5184 eum
3592 5140 3639 5184 et
3670 5130 3755 5183 in-

2172 5236 2252 5279 tro
2276 5226 2346 5278 vit
2386 5225 2441 5277 in
2482 5234 2895 5286 monumentum,
2934 5223 3063 5291 quia
3107 5229 3290 5276 secuta
3337 5221 3604 5290 posterior
3650 5218 3753 5273 Ec-

2172 5316 2333 5370 clesia
2391 5315 2629 5384 gentium
2689 5312 3039 5366 mediatorem
3090 5310 3183 5363 Dei
3228 5318 3283 5364 et
3322 5309 3600 5363 hominum
3646 5307 3752 5363 ho-

2167 5407 2364 5459 minem
2399 5404 2580 5458 Jesum
2617 5403 2915 5466 Christum,
2969 5410 3024 5455 et
3066 5400 3317 5468 cognovit
3368 5411 3551 5462 carne,
3604 5412 3755 5453 mor-

2168 5504 2314 5548 tuum
2338 5504 2392 5548 et
2414 5495 2681 5548 viventem
2711 5492 2939 5547 credidit
2961 5491 3165 5546 Deum-
3184 5488 3467 5559 Sequitur:

2240 5582 2305 5635 Et
2335 5583 2458 5635 vidit
2491 5582 2794 5635 linteamina
2832 5580 3021 5649 posita,
3055 5590 3100 5633 et
3130 5578 3426 5641 sudarium,
3466 5574 3606 5645 quod
3637 5573 3759 5643 fuc-

2172 5684 2250 5727 rat
2283 5690 2435 5742 super
2464 5684 2615 5741 caput
2648 5671 2773 5726 Jcsu
2805 5688 2903 5724 non
2936 5687 3053 5724 cum
3085 5667 3474 5724 linteaminibus
3501 5656 3759 5738 positum;
