3946 6354
149 336 240 393 ηδ
1181 325 1485 383 norum.
1526 323 1593 379 1N
1632 320 1882 378 avsus.
1928 320 2013 374 ur
2057 318 2272 375 rzrtsr.
3266 318 3365 376 ω

151 443 227 499 sed
265 441 528 507 separatim
578 440 861 492 iuvaturum
906 438 956 489 in
990 452 1150 490 unum
1194 435 1385 488 locum.
1431 434 1567 501 Quid
1604 441 1688 487 est
1717 444 1765 500 Α
1793 431 1916 500 quia
1957 443 2145 484 omnes
2173 429 2264 498 qui
2296 442 2421 482 vera
2450 428 2730 483 devotione
2769 428 3161 495 mancipantur,
3193 437 3245 481 et
3274 430 3367 481 a;l-

152 530 276 602 quod
320 526 590 583 solarium
638 525 830 595 capitis
869 523 1079 578 Domini
1119 537 1243 578 cum
1294 520 1693 576 linteaminibus
1794 526 1949 575 versa
1989 519 2174 573 mundi
2214 516 2373 586 hujus
2411 526 2468 572 et
2500 518 2867 573 blandimenta
2898 518 3012 588 pari
3047 526 3223 573 mente
3248 534 3349 573 con

140 636 243 675 non
286 617 549 673 invenitur
591 616 644 670 in
696 623 1061 680 monumento,
1094 614 1200 668 nisi
1230 613 1374 683 quod
1402 619 1695 667 attestante
1797 621 2060 675 temnunt,
2093 610 2263 679 ipsam
2285 624 2496 678 quoque
2522 616 2751 664 mortem
2774 608 2922 662 velut
2946 608 3247 678 ingressum
3271 624 3365 677 pa-

152 708 297 764 Paule
326 715 475 776 caput
515 705 712 761 Christ
758 715 833 760 est
877 703 1017 758 Deus
1059 712 1115 758 et
1155 702 1453 757 divinitatis
1496 701 1696 755 incom-
1796 701 1914 755 tria:
1943 699 2178 755 cmlestis
2203 707 2466 753 amantes.
2500 695 2567 753 Et
2594 712 2662 754 ne
2687 697 2811 768 quis
2836 699 3158 769 sua‘virtute
3184 699 3369 753 mundi

153 796 501 871 prehensihilia
570 804 905 851 sacramenta
964 795 1031 849 ab
1103 793 1434 849 infirmitatis
1499 801 1696 846 nostrae
1774 790 1877 845 vel
1908 790 2064 845 luxus
2109 790 2192 845 vel
2232 790 2445 845 labores
2470 803 2530 845 se
2558 790 3018 860 superare‘posse
3054 788 3371 854 conﬁderet,

153 889 432 959 cognitione
461 887 724 957 disjuucta
751 895 893 950 sunt,
923 883 1143 953 ejusque
1166 884 1405 953 potentia
1434 892 1698 954 creatura:
1797 880 2042 936 Consulte
2072 879 2367 949 subjungit.

154 981 459 1037 transcendit
501 988 771 1033 naturam.
804 978 870 1031 Et
897 977 1189 1032 notandum
1216 974 1358 1045 quod
1389 989 1494 1029 non
1525 973 1697 1029 solum
1867 975 1935 1028 Et
1959 976 2069 1029 hwc
2095 984 2170 1029 est
2191 975 2409 1029 victoria
2447 990 2563 1044 qua:
2600 975 2754 1028 vincit
2774 972 3063 1039 mundum,
3110 969 3241 1042 ﬁdes
3284 988 3377 1026 no-

148 1072 415 1141 separatim
438 1110 454 1137 ,
497 1070 593 1124 sed
638 1068 799 1122 etiam
853 1066 1148 1121 involutum
1194 1065 1435 1119 invenire
1479 1062 1695 1118 dicitur.
1798 1074 1928 1117 stra.
1960 1061 2052 1116 Illa
2078 1062 2335 1117 nimirum
2381 1060 2513 1117 ﬁdes
2548 1075 2668 1130 quas
2694 1074 2794 1129 per
2816 1059 3156 1115 dilectionem
3183 1073 3375 1130 opera-

151 1160 375 1219 Linteum
424 1157 621 1226 quippe
667 1154 807 1225 quod
857 1154 1165 1217 involvitur,
1205 1152 1321 1221 ejus
1356 1166 1455 1206 nec
1485 1150 1699 1204 initium
1799 1160 1907 1215 tur,
1936 1150 2022 1205 illa
2046 1149 2181 1205 ﬁdes
2200 1164 2305 1219 qua
2333 1148 2451 1218 ejus
2473 1147 2750 1203 humiliter
2768 1146 3026 1202 auxilium
3050 1145 3368 1218 ﬂagitamus,

150 1264 237 1303 ncc
266 1248 379 1301 ﬁnis
405 1247 663 1315 aspicitur
712 1245 879 1299 Recte
916 1258 1045 1315 ergo
1094 1236 1369 1297 sudarium
1396 1240 1587 1309 capitis
1616 1240 1698 1292 in-
1799 1244 1890 1313 qui
1915 1243 2028 1297 ait:
2076 1241 2143 1295 In
2183 1241 2377 1311 mundo
2416 1238 2714 1310 pressuram
2758 1238 3013 1293 habebitis
3044 1257 3056 1269 ·
3095 1238 3187 1293 sed
3208 1238 3376 1304 conﬁ-

152 1337 367 1392 rolutum
410 1346 515 1400 est,
565 1336 691 1405 quia
735 1333 995 1389 celsitudo
1043 1332 1343 1387 divinitatis
1392 1346 1491 1385 nec
1538 1331 1702 1399 cmpit
1799 1334 1925 1399 dite,
1956 1344 2048 1403 ego
2075 1332 2171 1387 vici
2200 1330 2473 1386 mundum.

148 1442 255 1483 esse
300 1441 395 1481 nec
437 1426 647 1480 desivit.
693 1424 836 1480 Bene
881 1433 1058 1478 autem
1084 1423 1319 1487 additur,
1351 1423 1405 1475 in
1434 1438 1594 1475 unum
1618 1420 1700 1473 ιο-
1874 1424 2003 1489 Quis
2029 1433 2103 1477 est
2134 1433 2309 1477 autem
2335 1422 2422 1493 qui
2455 1422 2610 1476 vincit
2642 1420 2919 1484 mundum,
2951 1419 3051 1472 nisi
3086 1419 3177 1490 qui
3198 1420 3376 1473 credit

144 1533 275 1581 cum,
312 1516 433 1585 quia
464 1516 516 1569 in
536 1516 769 1571 scissura
799 1514 1058 1569 mentium
1099 1513 1236 1567 Deus
1272 1527 1374 1566 non
1407 1519 1517 1575 est;
1562 1510 1704 1565 Deus
1801 1513 1940 1586 quod
1967 1511 2123 1567 Iesus
2153 1521 2227 1567 est
2256 1510 2431 1565 Filius
2469 1509 2605 1565 Dei?
2642 1509 2819 1566 Vincit
2847 1511 3129 1575 mundum,
3161 1509 3253 1579 qui
3284 1507 3377 1563 Je-

148 1607 332 1676 quippe
370 1606 422 1659 ίη
463 1605 670 1659 “Hilam
708 1612 811 1669 εεῑδ
840 1610 895 1657 ει
940 1602 1014 1657 illi
1061 1600 1179 1670 eius
1230 1602 1428 1655 habere
1475 1600 1705 1670 gratiam
1804 1620 1923 1662 sum
1972 1620 2093 1660 esse
2140 1604 2333 1659 Filium
2379 1604 2473 1659 Dei
2525 1603 2767 1669 credens,
2822 1602 2982 1674 digna
3029 1602 3204 1658 eidem
3252 1601 3377 1657 fidei

149 1703 405 1748 merentur
441 1693 533 1763 qui
566 1708 625 1748 se
654 1694 721 1748 ab
748 1692 977 1747 inviceru
1025 1700 1248 1760 propter
1295 1696 1705 1759 persecutorum
1806 1698 1972 1765 Opera
1994 1694 2194 1766 jungit.
2225 1692 2332 1749 Sed
2363 1691 2604 1763 nunquid
2633 1692 2749 1747 sola
2778 1691 3075 1748 divinitatis
3099 1692 3217 1763 ejus
3244 1691 3378 1747 ﬁdes

149 1784 382 1839 scandala
414 1798 518 1838 non
548 1783 815 1839 dividunt.
848 1781 1031 1836 Potest
1060 1794 1273 1849 quoque
1299 1793 1397 1848 per
1427 1778 1707 1832 sudarium

1824 1794 1865 1843 et
1908 1785 2175 1841 confessio
2225 1785 2368 1839 valet
2412 1785 2478 1840 ad
2521 1783 2746 1839 salutem
2800 1781 3079 1839 sufﬁceret
3126 1783 3258 1839 Vide
3296 1797 3382 1839 se-

150 1874 314 1943 passio
369 1873 580 1927 Domini
636 1871 805 1925 nostri
869 1869 1175 1940 designari,
1234 1867 1389 1937 cujus
1438 1865 1704 1935 passionis
1805 1877 2044 1947 quentia,

149 1970 472 2015 sacramenta
530 1957 834 2014 inﬁdelibus
879 1966 1006 2011 sunt
1050 1955 1321 2019 involuta,
1370 1956 1496 2023 quia
1546 1967 1705 2022 quem

1879 1965 1977 2020 Hic
2016 1978 2109 2030 est,
2144 1967 2235 2037 qui
2260 1968 2397 2020 venit
2428 1981 2520 2035 per
2552 1978 2741 2036 aquam
2778 1974 2825 2018 et
2853 1965 3195 2034 sanguinem,
3224 1962 3378 2017 Iesus

150 2049 388 2104 Videbam
420 2064 586 2104 came
617 2045 922 2111 mortalem.
964 2046 1129 2099 Deum
1177 2058 1297 2099 esse
1347 2042 1704 2097 immortalem
1807 2058 2063 2112 Christus.
2088 2057 2191 2124 Qui
2225 2072 2351 2128 ergo
2394 2066 2513 2111 erat
2552 2064 2788 2110 aeternus
2828 2053 2999 2117 Filius
3038 2053 3154 2121 Dei,
3201 2052 3380 2110 factus

152 2154 246 2199 non
282 2140 593 2194 credebant.
635 2136 920 2192 Sudarium
953 2149 1079 2205 ergo
1106 2134 1249 2204 quod
1282 2148 1443 2202 super
1474 2131 1589 2200 ejus
1616 2147 1705 2185 ca-
1809 2157 1889 2202 ρει
1922 2149 2081 2202 homo
2112 2148 2165 2201 ίη
2196 2158 2455 2217 tempore,
2490 2152 2550 2199 ut
2578 2144 2671 2214 qui
2699 2160 2800 2200 nos
2826 2159 2921 2213 per
2944 2144 3243 2200 divinitatis
3270 2157 3383 2200 sure

150 2238 237 2298 put
258 2227 466 2293 fuerat,
490 2238 735 2283 seorsum
767 2225 1055 2287 invenitur,
1093 2222 1216 2291 quia
1251 2222 1367 2292 ipsa
1391 2222 1573 2292 passio
1602 2220 1708 2275 Be-

1828 2237 2101 2291 aotcntiam
2148 2243 2449 2301 creaverat,
2490 2248 2587 2305 per
2616 2234 2968 2291 humanitatis
3007 2247 3118 2290 sum
3159 2231 3386 2289 inﬁrmi-

151 2320 429 2388 demptoris
457 2318 628 2373 nostri
672 2316 829 2386 longe
856 2329 885 2368 a
922 2322 1104 2368 nostra
1149 2314 1398 2382 passione
1441 2310 1710 2380 disjundta
1812 2334 1978 2380 ωιεω
2007 2335 2296 2379 recrearet,

151 2422 242 2475 est,
272 2413 526 2482 quoniam
550 2410 667 2480 ipse
691 2409 809 2464 sine
832 2407 988 2473 culpa
1023 2404 1245 2476 pertulit
1271 2402 1413 2475 quod
1438 2417 1537 2458 nos
1556 2400 1709 2471 culpa

1886 2415 1988 2482 Qui
2018 2417 2149 2470 venit
2174 2431 2267 2486 per
2292 2431 2483 2487 «quam
2520 2427 2569 2471 et
2606 2416 2915 2487 sanguinem
2952 2431 3063 2470 sua:
3108 2415 3386 2486 passionis.

154 2502 449 2557 toleramus.
481 2501 603 2571 Ipse
628 2506 819 2570 sponte
853 2498 1011 2552 morti
1046 2497 1398 2551 succumbere
1424 2494 1613 2560 voluit,
1643 2493 1711 2547 ad
1814 2505 1937 2562 Non
1968 2508 2017 2561 ίη
2056 2522 2194 2577 aqua
2216 2506 2415 2573 solum,
2459 2508 2552 2564 sed
2583 2509 2637 2563 in
2676 2521 2814 2579 aqua
2852 2516 2908 2563 ει
2947 2507 3228 2578 sanguine.
3269 2506 3388 2563 Νοη

151 2607 300 2662 quam
327 2606 426 2646 nos
454 2591 609 2645 inviti
632 2590 895 2643 venimus.
930 2587 1213 2656 Sequitur:

1834 2599 1986 2657 .olum
2025 2598 2285 2667 baptizari
2327 2607 2548 2668 propter
2574 2607 2816 2671 nostram
2846 2598 3176 2654 ablutionem
3201 2598 3392 2671 digna-

218 2680 355 2736 Tunc
400 2697 527 2750 ergo
568 2679 797 2733 inIroivit
841 2689 888 2731 et
925 2676 1013 2730 ille
1059 2673 1345 2744 discipulus
1386 2673 1474 2744 qui
1509 2681 1713 2727 venerat

1838 2705 1903 2745 ius
1930 2697 2033 2754 est,
2061 2696 2117 2743 ut
2147 2690 2300 2744 nobis
2334 2688 2584 2758 Laptismi
2617 2697 3015 2745 sacramentum
3050 2698 3396 2745 consecraret

153 2774 288 2839 prius
327 2771 395 2824 ad
441 2778 855 2824 monumentum.
899 2766 1187 2835 Postquam
1234 2764 1457 2817 intravit
1502 2762 1711 2825 Petrus,

1839 2787 1872 2831 :t
1921 2778 2180 2843 traderet,
2225 2792 2414 2833 verum
2460 2778 2627 2833 etiam
2678 2778 2994 2849 sanguinem
3049 2794 3207 2835 suum
3247 2778 3397 2837 dedit

152 2864 415 2934 ingressus
435 2870 524 2917 est
544 2870 600 2915 et
621 2856 1183 2914 Joannes.‘Posterior
1206 2853 1427 2924 intravit
1454 2851 1545 2922 qui
1569 2849 1719 2920 prior
1817 2884 1916 2939 pro
1944 2868 2100 2923 nobis
2127 2875 2180 2922 ει
2208 2878 2305 2922 sua
2332 2880 2430 2923 nos
2454 2864 2991 2937 passione'redemn;
3023 2866 3177 2937 cujus
3215 2882 3401 2926 απτ..

154 2963 380 3009 νεηθῐειο
427 2952 624 3008 Nomm
664 2960 749 3006 εει
793 2949 933 3019 (ἰυοά
961 2950 1014 3003 in
1052 2946 1157 3002 “ne
1184 2944 1367 3000 mundi
1398 2944 1465 2999 ad
1489 2941 1717 2997 Redem‘
1820 2959 2020 3013 mentis
2046 2971 2259 3029 semper
2282 2955 2473 3013 refecti
2496 2957 2829 3013 nutriremur
2849 2958 2917 3014 ad
2942 2957 3191 3014 salutem.

155 3047 316 3116 ptoris
356 3044 524 3099 ﬁdem
572 3044 734 3096 etiam
763 3039 948 3098 Judaea
994 3038 1276 3110 colligetur
1299 3075 1314 3102 ι
1356 3033 1531 3089 Pallio
1574 3040 1717 3088 3W3-
1894 3045 1962 3101 Et
1991 3047 2206 3118 spiritus
2229 3054 2302 3101 est
2323 3045 2413 3117 qui
2438 3044 2750 3116 testiﬁcatur
2767 3046 3027 3118 quomodo
3057 3045 3296 3101 Christus
3322 3054 3402 3102 est

155 3150 322 3194 stante
351 3139 447 3207 qui
475 3137 550 3191 ait
576 3154 587 3189 :
620 3135 795 3188 Donec
821 3130 1086 3202 plenitudo
1132 3129 1361 3201 gentium
1398 3127 1639 3188 intraret,
1670 3133 1713 3178 et

1847 3136 2033 3190 'eritas.
2069 3130 2351 3206 Baptizato
2376 3135 2429 3189 in
2460 3132 2694 3191 Iordane
2718 3134 2947 3190 Domino
2974 3130 3250 3191 descendit
3280 3134 3405 3205 Spi-

156 3228 225 3282 sic
245 3228 407 3281 omnis
434 3222 607 3279 Israel
633 3222 807 3276 salvus
836 3220 1003 3289 fieret.

1846 3226 1962 3283 itus
2005 3234 2225 3282 sanctus
2267 3226 2321 3280 in
2356 3224 2537 3296 specie
2584 3225 2845 3282 columbas
2882 3241 3043 3297 super
3080 3242 3224 3293 eum,
3251 3228 3404 3283 testi-

218 3303 288 3373 Et
313 3317 441 3372 vidit
460 3324 517 3369 et
541 3312 781 3368 credidit.
820 3309 958 3378 Quid
983 3322 1112 3379 ergo
1141 3307 1359 3362 viditet
1393 3303 1521 3375 quid
1553 3302 1725 3359 credi.

1847 3315 2065 3369 nonium
2112 3314 2187 3368 illi
2221 3314 2511 3384 perhibens
2542 3314 2678 3386 quia
2700 3316 2903 3371 veritas
2929 3324 3031 3381 est,
3076 3317 3180 3372 hec
3209 3324 3293 3372 est
3313 3331 3405 3372 vc-

156 3414 259 3469 ditt
279 3412 427 3467 Vidit
452 3408 769 3464 linteamina
796 3406 990 3477 posita,
1020 3412 1076 3460 et
1110 3403 1338 3459 credidit
1361 3400 1504 3472 quod
1534 3398 1727 3455 mulier
1826 3419 1920 3460 rus
1946 3405 2038 3460 Dei
2073 3403 2259 3470 Filius,
2290 3419 2455 3459 verus
2486 3404 2748 3459 mediator
2772 3403 2866 3461 Dei
2890 3413 2945 3461 et
2970 3405 3275 3472 hominum,
3309 3420 3405 3461 ve-

158 3503 376 3567 dixerst,
424 3500 495 3555 de
536 3504 884 3553 monumento
912 3495 1198 3549 Dominum
1225 3490 1392 3547 fuisse
1429 3489 1716 3546 sublatum.

1848 3496 1923 3548 ‘us
1963 3494 2185 3548 humani
2225 3494 2442 3564 generis
2496 3493 2833 3565 Redemptor
2890 3508 2955 3550 ac
3006 3494 3406 3563 reconciliator,

160 3594 336 3648 Adhuc
358 3593 512 3648 enim
537 3590 775 3645 tenebrat
798 3595 957 3643 erant
980 3586 1033 3640 in
1063 3592 1433 3648 monumento,
1459 3582 1515 3638 id
1541 3588 1646 3646 est,
1673 3579 1728 3633 in
1827 3591 1957 3641 vere
1998 3584 2112 3655 ipse
2150 3585 2382 3641 mundus
2408 3585 2475 3641 ab
2503 3586 2650 3641 omni
2696 3585 2817 3642 labe
2841 3587 3072 3658 peccati,
3102 3600 3232 3643 vere
3256 3582 3405 3642 sum.

161 3684 419 3740 mentibus
462 3681 700 3745 illorum,
741 3679 863 3734 ideo
903 3676 1167 3745 sequitur,
1196 3681 1251 3728 et
1276 3672 1449 3727 dixit:
1477 3670 1728 3725 Nondum
1830 3673 1982 3729 ciens
2009 3671 2441 3742 tolierepeecata
2477 3675 2680 3730 mundi.
2730 3674 2882 3743 Quod
2920 3676 3083 3730 etiam
3138 3675 3253 3747 ipse
3309 3676 3406 3730 Ba-

161 3778 287 3830 αίπι
318 3776 552 3831 “mm”
591 3773 923 3841 δενίμεαναδν
963 3768 1088 3839 φάο
1120 3773 1569 3835 οροτίετειευηια
1592 3775 1733 3814 πιοτ·
1832 3766 2018 3836 ptista,
2048 3766 2165 3821 viso
2208 3765 2449 3836 ejusdem
2500 3766 2736 3837 Spiritus
2781 3768 3057 3836 adventu,
3106 3770 3416 3842 intelligens

162 3867 259 3921 teis
287 3880 575 3936 resurgere.
605 3863 856 3917 Abierant
894 3876 1014 3931 ergo
1050 3860 1238 3912 iterum
1272 3853 1514 3925 discipuli
1547 3852 1623 3906 ad
1652 3868 1735 3905 se-
1832 3857 1910 3910 ait
1936 3871 1951 3909 :
1982 3853 2087 3920 Qui
2111 3870 2192 3909 me
2212 3855 2350 3909 misit
2378 3855 2646 3927 bapti'sare
2676 3860 2731 3913 in
2761 3876 2919 3931 aqua,
2958 3860 3045 3916 ille
3079 3862 3207 3915 mihi
3237 3862 3370 3916 dixit
3396 3878 3413 3916 :

162 3958 412 4027 metipsos,
450 3954 515 4010 id
537 3962 638 4020 est,
673 3953 761 4008 ubi
788 3951 1121 4011 habitabant,
1164 3955 1220 4003 et
1262 3946 1403 4000 unde
1444 3944 1511 3998 ad
1553 3957 1735 3997 tuonu-
1837 3946 2008 4018 Super
2031 3963 2181 4018 quem
2212 3946 2400 4002 videris
2431 3948 2687 4019 Spiritum
2715 3950 3106 4007 descendentem
3130 3962 3177 4007 et
3200 3968 3415 4007 manen-

164 4056 393 4102 tueatnm
438 4050 813 4100 cucurrerant.
862 4039 1082 4109 Hocque
1125 4037 1420 4093 notandum
1453 4042 1555 4100 est,
1593 4031 1736 4103 quod
1836 4047 1939 4091 tem
1967 4052 2123 4107 super
2147 4053 2287 4103 eum,
2321 4038 2405 4095 hic
2431 4048 2503 4092 est
2532 4039 2623 4110 qui
2649 4039 2880 4111 baptizat
2901 4042 2958 4097 in
2980 4041 3183 4113 Spiritu
3212 4055 3418 4108 sancto,

164 4137 213 4191 in
255 4136 451 4206 lapidis
479 4135 700 4189 nomine
724 4141 778 4187 et
804 4133 857 4187 in
884 4131 1111 4186 duorum
1150 4126 1543 4199 signiﬁcatione
1570 4138 1739 4194 popu-
1838 4136 1885 4181 et
1906 4144 1999 4198 ego
2033 4128 2157 4192 vidi;
2197 4140 2245 4182 et
2276 4130 2629 4184 testimonium
2658 4132 2915 4201 pcrhibut',
2953 4134 3077 4205 quia
3115 4134 3199 4187 hic
3226 4143 3301 4189 est
3328 4133 3420 4187 Fi-

164 4225 350 4291 iovum,
374 4228 609 4281 istarum
629 4224 857 4279 duarum
881 4234 1117 4289 congrua
1152 4219 1223 4273 sit
1241 4214 1531 4273 concordia
1560 4213 1740 4267 lectio-
1839 4218 1942 4271 tius
1988 4217 2105 4272 Dei.
2153 4218 2291 4286 Quia
2321 4234 2450 4290 ergo
2490 4219 2723 4289 Spiritus
2764 4219 2948 4277 Jesnrn
2977 4222 3277 4278 tlhristum‘
3301 4237 3423 4280 csso

164 4333 284 4373 num
306 4326 370 4373 et-
384 4318 442 4372 in
465 4314 713 4387 augulari
736 4313 914 4384 lapide
938 4312 1230 4368 secundum
1255 4306 1573 4378 Apostolum
1592 4312 1722 4359 utea

1861 4317 2107 4374 estatur,
2157 4310 2271 4380 ipse
2323 4325 2381 4366 se
2437 4312 2722 4369 veritatem
2772 4318 3135 4385 cognominat.
3179 4314 3419 4386 Baptista

166 4423 265 4481 que
287 4408 523 4479 populus
549 4406 851 4477 comitatur,
883 4413 940 4459 et
963 4404 1017 4457 in
1038 4401 1246 4458 duobus
1270 4398 1525 4468 apostolis
1550 4409 1743 4453 secun-
1774 4478 1790 4481 4
1844 4400 1993 4456 illum
2039 4402 2327 4457 veritatem
2374 4404 2653 4473 prmdicat,
2697 4402 2839 4460 filius
2878 4405 3113 4460 tonitrui'
3141 4416 3420 4461 veritatem

166 4478 285 4557 thin
317 4478 672 4570 Evangelium
702 4495 917 4565 utrique
953 4492 1133 4563 populi
1171 4491 1553 4561 designantur;
1583 4484 1724 4541 Joan.

1866 4494 2201 4565 :vangelizat.
2231 4494 2469 4551 Taceant
2498 4495 2795 4566 blasphemi
2834 4496 2925 4567 qui
2969 4498 3111 4551 hunc
3154 4504 3424 4551 tantasma

168 4604 260 4645 nes
284 4590 430 4645 enim
467 4586 802 4651 Iudaeorum,
828 4585 1024 4640 Petrus
1052 4582 1290 4654 gentium
1327 4579 1579 4651 populum
1611 4576 1726 4647 ligu-

1865 4594 1967 4639 ésse
1993 4585 2375 4655 dogmatizant,
2406 4596 2592 4655 pereat
2622 4585 2687 4639 de
2720 4594 2859 4640 terra
2905 4586 3163 4641 memoria
3211 4601 3423 4649 eorum,

169 4682 338 4739 nbat.
378 4683 494 4750 Qui
536 4689 716 4736 tamen
760 4680 975 4749 utrique
997 4688 1053 4733 et
1078 4677 1276 4734 Iudaeis
1300 4685 1461 4746 atque
1494 4674 1745 4746 gentibus
1848 4677 2090 4746 quicum
2118 4676 2202 4732 vel
2232 4678 2395 4732 Deum
2434 4677 2518 4732 vel
2552 4678 2823 4733 hominem
2866 4692 2985 4733 esse
3031 4694 3221 4733 verum
3265 4679 3428 4735 dene-

171 4774 398 4828 verbum
440 4772 542 4829 Dei
587 4771 973 4841 prtedicabant,
1024 4776 1079 4823 et
1121 4767 1458 4823 Salvatorem
1502 4775 1744 4820 nostrum
1851 4774 1999 4835 gant.

172 4862 457 4918 ﬂaminum
479 4860 666 4916 Iesum
688 4859 961 4915 Christum
986 4859 1252 4913 veraciter
1267 4874 1297 4911 a
1318 4856 1550 4923 mortuis
1564 4869 1745 4908 resur-
1925 4856 2061 4921 Quia
2084 4868 2187 4911 tres
2208 4867 2326 4911 sunt
2346 4859 2434 4927 qui
2456 4858 2805 4911 testimonium
2836 4858 2983 4923 dant,
3006 4857 3241 4929 spiritus,
3269 4869 3431 4928 aqua,

175 4954 375 5010 rexisse
394 4955 753 5018 otendebant,
782 4953 869 5009 cui
886 4962 969 5008 est
994 4954 1165 5024 gloria
1192 4966 1314 5007 cum
1334 4951 1561 5005 Domino
1590 4949 1747 5003 Patre
1853 4959 1899 5001 et
1938 4948 2167 5017 sanguis.
2213 4946 2445 5016 Spiritus
2474 4948 2619 5001 dedit
2646 4949 3011 5003 testimonium
3040 4935 3429 5020 quomodo‘Jcc

174 5042 233 5096 iu
252 5043 466 5097 unitate
497 5042 733 5115 Spiritus
760 5044 955 5110 sancti,
975 5058 1072 5113 per
1100 5043 1279 5098 omnia
1309 5040 1504 5096 saecula
1532 5038 1753 5095 stet-nlo-
1854 5054 1945 5093 sus
1966 5049 2047 5093 est
2077 5040 2295 5104 veritas,
2332 5040 2548 5109 quando
2574 5055 2735 5111 super
2766 5040 3097 5111 baptizatum
3126 5040 3428 5095 descendit.

173 5144 311 5187 tum.
338 5131 541 5188 Amen.
1855 5132 1910 5187 Si
1942 5135 2082 5187 enim
2127 5133 2295 5188 Filius
2331 5149 2490 5189 verus
2532 5134 2624 5188 Dei
2654 5149 2761 5188 non
2788 5142 2953 5198 esset,
2997 5147 3335 5204 nequaquam
3377 5133 3433 5187 in

723 5220 1002 5278 HOMILIA
1039 5220 1200 5276 XVII.
1859 5239 1982 5277 cum
2016 5233 2163 5277 tanta
2190 5223 2624 5279 manifestatione
2671 5223 2907 5294 Spiritus
2950 5233 3171 5280 sanctus
3206 5223 3433 5278 veniret.

576 5325 833 5365 uenturos
869 5326 1077 5365 ocnvs
1117 5324 1346 5365 osseus.
1858 5309 2009 5377 Aqua
2034 5309 2270 5363 etiamet
2302 5311 2522 5380 sanguis
2547 5309 2745 5364 dedere
2768 5312 3136 5383 testimonium
3164 5308 3440 5379 quomodo

384 5397 579 5456 Lectio
602 5400 855 5470 Epistola:
876 5399 1025 5454 beati
1042 5397 1265 5453 Joannis
1288 5398 1532 5468 apostoli.
1856 5397 2015 5453 Jesus
2044 5409 2128 5455 est
2162 5401 2384 5467 veritas,
2433 5402 2646 5470 quando
2696 5403 2761 5457 de
2810 5402 2977 5457 latere
3018 5402 3133 5470 ejus
3178 5402 3232 5455 in
3274 5412 3436 5453 cruce

244 5488 587 5557 Charim'm'.
630 5507 781 5547 οπιηε
818 5490 956 5561 quod
1002 5500 1183 5544 natum
1220 5499 1297 5543 est
1330 5505 1395 5542 ex
1420 5488 1552 5544 Dea.
1601 5484 1756 5539 υἱιιτίί
1860 5492 2060 5546 mortui
2095 5501 2407 5559 manarunt,
2453 5493 2596 5561 quod
2630 5494 2940 5548 nullatenus
2983 5492 3098 5549 ﬁeri
3142 5498 3343 5562 posset,
3383 5489 3430 5543 si

180 5582 453 5644 mundum,
482 5590 590 5636 etc.
1860 5590 2045 5636 veram
2092 5584 2273 5637 carnis
2320 5592 2570 5638 naturam
2621 5598 2727 5638 non
2779 5585 3017 5639 haberet.
3076 5582 3182 5637 Sed
3225 5590 3281 5636 et
3327 5582 3432 5634 hoc

245 5672 365 5729 Ideo
410 5688 649 5743 namque
699 5674 947 5728 mandata
991 5674 1168 5728 divina
1217 5689 1321 5726 non
1378 5678 1501 5727 sunt
1535 5670 1753 5742 gravia,
1861 5670 2000 5739 quod
2027 5687 2147 5725 cum
2178 5681 2301 5726 ante
2330 5673 2633 5741 passionem
2673 5681 2875 5740 oraret,
2925 5663 3101 5729 factus
3145 5682 3226 5729 cst
3269 5672 3431 5727 sudor
