3946 6328
455 340 563 397 “5

1091 331 1153 388 B.
1195 331 1451 389 RABANI
1491 326 2062 393 MAURIARCHIEP.
2107 326 2416 387 MOGUN'I‘.
2458 327 2746 387 OPERUM
2785 327 2964 384 PARS
2998 327 3060 383 ll.

3644 324 3746 379 {76

460 457 577 525 ejus
615 454 755 509 sicut
782 459 947 524 gutta:
992 446 1273 518 sanguinis
1313 444 1656 501 decurrentis
1703 442 1757 497 in
1813 450 2038 507 terram,
2068 444 2119 501 Α
2146 456 2274 506 nos;
2321 442 2413 513 qui
2458 442 2687 498 redimet
2738 442 2949 496 animas
2984 456 3263 497 servorum
3299 454 3523 497 suorum
3545 450 3603 495 et
3637 455 3743 496 non

460 543 675 601 veritati
716 541 897 597 carnis
931 544 1220 606 assumpta:
1263 535 1634 591 testimonium
1666 533 1778 589 dat.
1818 530 1930 587 Nec
1963 545 2046 586 re-
2143 530 2481 600 derelinquet
2509 546 2699 586 omnes
2740 539 3021 600 sperantes
3061 530 3114 585 in
3165 544 3223 585 se
3268 530 3426 587 Iesus
3469 530 3742 599 Christus,

452 632 751 703 jieiendum
804 627 950 700 quod
1002 627 1056 681 in
1102 626 1207 682 hoc
1255 640 1472 697 quoque
1523 623 1746 696 sanguis
1796 630 1853 677 et
1901 636 2043 692 aqua

461 724 829 782 testimonium
866 720 941 776 illi
984 718 1250 775 dederunt
1294 716 1513 788 quando
1562 716 1629 771 de
1674 714 1848 769 latere
1892 728 2041 769 mor—

457 813 819 870 tnivivaciter
843 809 1193 875 eiﬁmcrunt,
1242 807 1387 879 quod
1422 814 1541 863 erat
1568 814 1758 861 contra
1793 812 2043 859 naturam

460 905 730 976 corporis;
778 910 941 971 atque
978 900 1046 955 ob
1073 899 1125 953 id
1156 898 1435 971 mysteriis
1476 904 1663 966 aptum
1703 903 1759 949 et
1798 893 2045 949 testimo—

456 999 547 1053 nio
604 994 855 1051 veritatis
902 989 1005 1046 fuit
1052 1004 1387 1061 congruum,
1438 985 1691 1041 videlicet
1738 984 2045 1039 insinuatur

454 1090 581 1160 quia
608 1094 663 1142 et
692 1088 865 1157 ipsum
906 1082 1120 1140 Domini
1169 1093 1367 1149 corpus
1409 1076 1604 1133 melius
1641 1084 1763 1147 post
1812 1083 2043 1131 mortem

454 1188 601 1236 esset
634 1178 907 1247 victurum
941 1171 1325 1231 resuscitatum
1358 1168 1409 1222 in
1436 1166 1631 1239 gloria,
1670 1174 1725 1220 et
1748 1166 1866 1245 ipsa
1896 1178 2045 1219 mors

454 1270 598 1324 illius
620 1266 778 1323 nobis
797 1264 966 1319 vitam
990 1260 1236 1317 donaret.
1285 1257 1397 1313 Hoc
1436 1270 1651 1327 quoque
1695 1253 1840 1324 quod
1877 1250 2045 1307 sudor

451 1359 572 1430 ejus
617 1357 791 1411 instar
836 1360 1113 1424 guttarum
1163 1346 1445 1419 sanguinis
1493 1342 1816 1400 decurrebat
1843 1341 1898 1395 in
1935 1348 2043 1395 ter-

456 1465 571 1505 ram
620 1444 989 1503 testimonium
1033 1437 1348 1512 perhibebat
1402 1435 1480 1490 illi
1526 1439 1875 1491 sacrosancto
1926 1446 2043 1502 my-

453 1542 643 1606 sterio,
691 1537 836 1610 quod
879 1531 1179 1591 Ecclesiam
1226 1538 1396 1585 totum
1425 1543 1522 1600 per
1552 1528 1741 1584 orbem
1782 1539 1881 1580 suo
1910 1538 2039 1580 san-

452 1631 614 1699 guine
642 1628 869 1684 lavaret.
1970 1692 1975 1701 ἱ

528 1717 939 1775 EMitresuuum
977 1722 1120 1769 sunt.
1168 1710 1446 1767 lndividua
1486 1722 1720 1777 namque
1759 1706 1875 1761 haec
1918 1719 2039 1759 ma-

2144 621 2405 678 Dominus
2433 629 2619 677 noster
2646 622 2741 691 qui
2774 637 2898 677 eum
2935 621 3096 676 Patre
3125 628 3178 677 et
3208 620 3412 691 Spiritu
3439 630 3631 678 sancto
3663 622 3747 677 vi-

2140 711 2221 766 vit
2246 718 2303 767 et
2329 719 2541 783 regnat,
2576 726 2673 783 per
2700 712 2881 767 omnia
2905 712 3102 768 saecula
3147 714 3492 769 szeculorum.
3542 714 3742 771 Arnen.

2676 825 2955 882 HOMILIA
3013 827 3199 883 XVIII.

2686 914 2739 952 IN
2777 906 2966 953 EODEIf
3005 914 3193 955 FESTO.

2247 988 2435 1045 Lectio
2481 989 2655 1045 sancti
2699 989 2973 1061 Evangelii
3007 992 3301 1047 secundum
3344 992 3635 1049 Joannem.

2214 1079 2283 1136 In
2318 1080 2410 1136 illo
2447 1090 2676 1151 tempore
2704 1122 2718 1147 ,
2756 1098 2872 1135 cum
2906 1092 3037 1137 esset
3074 1100 3190 1136 sero
3225 1083 3310 1137 die
3346 1084 3438 1139 illo
3476 1102 3586 1140 una
3620 1086 3745 1140 sab-

2150 1173 2419 1236 3atorum,
2458 1181 2507 1226 et
2540 1170 2679 1241 fores
2716 1181 2882 1226 essent
2925 1173 3119 1227 clausa
3159 1174 3249 1227 ubi
3295 1186 3445 1229 erant
3495 1176 3744 1248 discipuli

2143 1263 2440 1333 congregati
2477 1272 2687 1331 propter
2722 1270 2918 1315 metum
2954 1260 3288 1329 Judmorum,
3328 1264 3462 1317 venit
3497 1262 3657 1318 Iesus
3693 1274 3745 1319 et

2143 1352 2282 1406 stetit
2320 1352 2375 1405 in
2411 1351 2581 1405 medio
2618 1367 2821 1416 eorum,
2863 1361 2968 1406 etc.

2214 1439 2353 1509 Quid
2391 1442 2589 1496 mirum
2624 1440 2671 1495 si
2704 1440 2901 1496 clausis
2923 1440 3105 1509 januis
3132 1452 3253 1514 post
3281 1446 3743 1500 resurrectionem

2144 1546 2295 1587 suam
2322 1531 2376 1586 in
2403 1540 2665 1586 alternum
2685 1530 2797 1600 jam
2826 1533 3067 1589 victurus
3104 1535 3342 1600 intravit,
3383 1536 3473 1605 qui
3512 1536 3747 1591 moritu-

2145 1637 2237 1676 rus
2278 1622 2499 1679 veniens
2542 1638 2650 1677 non
2698 1633 2884 1691 aperto
2930 1633 3082 1680 utero
3128 1625 3353 1697 virginis
3389 1628 3602 1687 exivit?
3635 1626 3747 1683 Sed

2144 1713 2270 1782 quia
2295 1711 2425 1767 illud
2455 1727 2653 1783 corpus
2698 1714 2841 1782 quod
2888 1714 3055 1768 videri
3097 1724 3310 1785 poterat
3353 1716 3486 1772 ﬁdes
3516 1718 3741 1771 intuen-

455 1820 604 1876 ncnt,
646 1807 889 1878 nihilque
920 1820 1107 1861 eorum
1134 1818 1164 1857 a
1204 1818 1302 1857 sua
1338 1798 1676 1856 connexione
1714 1794 2037 1867 sejungitur,
2070 1801 2117 1861 Β
2147 1802 2281 1856 tium
2306 1801 2608 1867 dubitabat,
2641 1803 2875 1859 οειεηάίι
2911 1804 2990 1858 eis
3018 1806 3265 1873 protinus
3284 1822 3476 1863 manus
3498 1815 3554 1862 ει
3575 1806 3743 1874 ιλιαδ,

453 1904 580 1974 quia
604 1916 704 1957 nec
728 1901 845 1955 sine
867 1913 994 1954 vera
1019 1894 1303 1952 divinitate
1325 1892 1651 1952 humanitas,
1682 1903 1783 1943 nec
1802 1888 1920 1944 sine
1942 1888 2039 1942 bu-

454 1996 717 2052 manitate
758 1991 1031 2049 divinitas.
1059 1988 1167 2043 Sed
1196 1996 1249 2041 et
1288 1987 1340 2040 in
1368 1984 1522 2039 nobis
1545 1983 1660 2037 hmo
1695 1995 1862 2035 unum
1889 1989 2034 2045 sunt,

455 2105 562 2141 non
587 2094 794 2139 natura:
820 2080 1064 2151 ejusdem
1094 2077 1419 2141 substantia,
1452 2075 1546 2130 sed
1584 2074 1823 2144 ejusdem
1848 2086 2041 2142 opera-

450 2180 599 2232 tione
636 2172 902 2245 mystcrii.
952 2170 1109 2235 Nam,
1148 2169 1289 2223 sicut
1324 2167 1516 2220 beatus
1563 2162 1885 2217 Ambrosius
1929 2160 2034 2225 ait,

452 2268 689 2339 Spiritus
718 2271 953 2320 mentem
981 2265 1227 2323 renovat,
1244 2271 1382 2326 aqua
1411 2252 1625 2324 proﬁcit
1647 2250 1716 2305 ad
1738 2250 2035 2313 lavacrum,

455 2356 675 2427 sanguis
714 2359 923 2423 spectat
948 2349 1016 2403 ad
1050 2347 1306 2419 pretium.
1342 2343 1578 2413 Spiritus
1604 2342 1747 2395 enim
1798 2353 1898 2394 nos
1940 2352 2040 2407 per

457 2448 803 2518 adoptionem
830 2442 981 2513 ﬁlios
1026 2440 1120 2496 Dei
1154 2437 1282 2493 fecit
1308 2476 1321 2502 ,
1362 2434 1503 2490 sacri
1542 2432 1707 2487 fontis
1750 2430 1893 2485 unda
1941 2444 2039 2483 nos

451 2541 644 2603 abluit,
686 2534 908 2607 sanguis
938 2529 1149 2587 Domini
1177 2543 1276 2583 nos
1302 2525 1550 2579 redemit.
1582 2521 1827 2576 Alterum
1873 2519 2039 2589 igitur

454 2629 744 2693 invisibile,
767 2627 999 2682 alterum
1040 2620 1254 2677 visibile
1298 2615 1669 2673 testimonium
1696 2622 2039 2670 sacramento

450 2720 801 2790 consequitur
844 2712 1074 2787 spiritali
1104 2730 1118 2765 :

525 2813 585 2869 Si
622 2810 977 2866 testimonium
1021 2804 1290 2859 hominum
1331 2800 1648 2870 accepimus,
1685 2794 2038 2851 testiinonium

451 2904 547 2958 Dei
572 2901 746 2972 majus
775 2908 872 2964 est,
896 2895 1145 2970 quoniam
1172 2894 1270 2947 hoc
1298 2900 1373 2947 est
1406 2888 1756 2945 testimonium
1778 2885 1875 2940 Dei
1899 2884 2040 2956 quod

452 2992 624 3063 majus
663 2999 759 3056 est,
790 2989 916 3059 quia
944 2984 1253 3055 testiﬁcatus
1281 2980 1445 3036 estde
1481 2976 1621 3032 Filio
1641 2992 1759 3031 suo.
1789 2973 2040 3044 Magnum

452 3062 541 3137 est
563 3077 929 3136 testimonium
960 3072 1197 3130 hominis
1223 3071 1366 3141 quod
1394 3068 1644 3141 perhibet
1667 3065 1734 3122 de
1754 3063 1893 3119 Filio
1920 3062 2036 3129 Dei,

449 3176 676 3227 dicens:
708 3167 857 3223 Dixit
892 3164 1151 3220 Dominus
1186 3160 1409 3216 Domino
1445 3169 1601 3212 meo:
1633 3153 1767 3213 Sede
1787 3152 2038 3208 adextris

451 3262 603 3317 meis.
648 3259 717 3315 Et
754 3273 820 3314 ex
863 3270 1097 3337 persona
1139 3252 1284 3308 illius
1330 3250 1452 3306 Filii
1480 3268 1492 3301 :
1518 3248 1775 3303 Dominus
1804 3246 1937 3337 dicit
1968 3244 2037 3337 ad

451 3370 534 3407 me
558 3368 575 3405 :
600 3348 776 3405 Filius
824 3334 971 3401 meus
1000 3362 1055 3400 es
1092 3355 1168 3398 tu.
1200 3342 1445 3411 Itemque
1478 3353 1545 3395 ex
1590 3351 1818 3409 persona
1864 3334 2043 3391 Patris

455 3440 729 3513 loquentis
774 3439 841 3495 de
885 3436 1021 3493 Filio
1051 3449 1067 3490 :
1099 3434 1220 3505 Ipse
1261 3428 1519 3486 invocabit
1557 3445 1658 3493 me,
1698 3425 1862 3481 Pater
1894 3441 2041 3479 meus

452 3554 505 3591 es
536 3545 615 3600 tu,
658 3531 798 3587 Deus
831 3545 1000 3595 meus,
1052 3538 1101 3582 et
1141 3534 1411 3595 susceptor
1458 3520 1647 3577 salutis
1689 3536 1838 3574 mete.
1881 3518 2042 3572 Pater

454 3640 631 3691 meus,
676 3623 805 3694 quia
851 3635 953 3691 ego
987 3618 1155 3673 Filius
1184 3616 1315 3681 Dei;
1366 3614 1511 3670 Deus
1557 3626 1731 3674 meus,
1778 3609 1905 3679 quia
1941 3623 2041 3679 ego

452 3720 646 3782 homo;
689 3721 971 3784 susceptor
1011 3710 1204 3766 salutis
1258 3722 1414 3771 meae,
1468 3704 1593 3774 quia
1643 3717 1742 3774 ego
1778 3712 2041 3773 passurus

454 3817 508 3862 et
534 3823 564 3861 a
591 3814 768 3861 morte
808 3800 1097 3859 salvandus
1135 3812 1274 3854 sum.
1310 3795 1375 3849 Et
1407 3810 1521 3865 ego,
1553 3791 1750 3863 inquit,
1789 3791 2043 3861 primoge-

455 3904 620 3957 nitum
668 3912 858 3968 ponam
915 3894 1067 3949 illum
1115 3889 1377 3945 excelsum
1436 3901 1545 3957 pne
1599 3883 1805 3954 regibus
1864 3889 2038 3935 terrm.

459 3994 709 4065 Magnum
739 3998 821 4045 est
851 3988 954 4043 hoc
976 3982 1344 4041 testimonium
1380 3994 1567 4041 veras,
1596 3985 1649 4031 et
1674 3974 1819 4065 omni
1852 3986 2043 4065 accep:

457 4061 605 4141 tione
632 4083 853 4154 dignum
884 4079 988 4133 hoc
1013 4086 1097 4130 est
1124 4071 1491 4128 testimonium
1522 4068 1588 4123 de
1617 4066 1754 4121 Filio
1782 4063 1915 4129 Dei;
1947 4061 2043 4117 sed

460 4174 630 4231 multo
662 4172 833 4242 magis
858 4175 941 4224 est
977 4165 1345 4221 testimonium
1382 4161 1500 4224 Dei,
1544 4159 1688 4229 quod
1722 4154 2042 4211 testiﬁcatus

457 4277 542 4324 est
576 4267 694 4337 ipse
718 4264 785 4318 de
810 4261 948 4315 Filio
972 4274 1093 4323 suo,
1121 4270 1243 4311 cum
1290 4254 1355 4309 de
1396 4252 1538 4307 coelo
1570 4248 1719 4303 illum
1762 4246 2043 4337 alloquens

444 4333 679 4410 raitszu
718 4368 770 4405 es
820 4346 992 4402 Filius
1039 4361 1183 4399 meus
1229 4342 1480 4405 dilectus,
1532 4340 1587 4393 in
1634 4347 1685 4391 te
1727 4333 2042 4406 complacuit

458 4445 609 4512 mihi.
653 4440 903 4511 Magnum
943 4444 1027 4491 est
1076 4433 1443 4488 testiinonium
1488 4425 1843 4499 prcecursoris
1896 4423 2041 4492 quod

2144 1892 2463 1963 palpandam
2493 1908 2711 1949 carnem
2754 1894 2985 1963 praebuit
3011 1911 3174 1965 quam
3211 1896 3409 1951 clausis
3433 1897 3621 1966 januis
3649 1899 3740 1952 in-

2145 1983 2406 2038 troduxit.
2454 1983 2603 2038 Clavi
2646 1986 2787 2038 enim
2833 2000 3023 2040 manus
3062 1984 3323 2051 ﬁxerant,
3362 1986 3550 2041 lancea
3598 1986 3746 2042 latus

2144 2082 2428 2143 aperuerat
2454 2092 2465 2126 :
2494 2074 2567 2128 ibi
2603 2075 2669 2128 ad
2708 2075 3065 2130 dubitantium
3096 2077 3259 2131 corda
3286 2077 3527 2131 sananda
3555 2078 3748 2133 vulne-

2146 2180 2265 2219 rum
2290 2174 2416 2220 sunt
2452 2174 2665 2220 servata
2707 2167 2949 2237 vestigia,
2981 2166 3106 2235 quia
3157 2167 3213 2221 in
3261 2181 3319 2222 se
3364 2166 3470 2223 duo
3508 2167 3651 2222 mira
3690 2176 3751 2223 et

2138 2256 2292 2325 juxta
2325 2257 2616 2312 humanam
2646 2259 2911 2313 rationem
2939 2258 3041 2314 sibi
3069 2259 3221 2315 valde
3261 2260 3533 2314 contraria
3562 2267 3750 2315 osten-

2144 2347 2242 2411 dit,
2268 2346 2401 2400 dum
2427 2356 2547 2417 post
2572 2349 3025 2402 resurrectionem
3058 2364 3254 2418 corpus
3279 2364 3438 2403 suum
3472 2355 3527 2402 et
3561 2349 3751 2404 incor-

2146 2436 2397 2506 ruptibile
2424 2446 2478 2492 et
2507 2444 2683 2493 tamen
2723 2437 2995 2507 palpabile
3036 2438 3445 2493 demonstravit.
3501 2437 3640 2493 Nam
3686 2449 3747 2497 et

2144 2528 2415 2597 corrumpi
2447 2543 2670 2584 necesse
2702 2537 2786 2583 est
2817 2529 2961 2599 quod
3002 2528 3268 2599 palpatur,
3302 2538 3355 2586 et
3380 2530 3590 2599 palpari
3630 2546 3749 2586 non

2141 2628 2321 2689 potest
2340 2619 2482 2689 quod
2517 2634 2621 2673 non
2648 2621 3032 2688 corrumpitur.
3093 2618 3198 2674 Sed
3227 2619 3367 2676 miro
3392 2622 3550 2674 modo
3574 2630 3749 2691 atque

2142 2710 2501 2766 inaestimabili
2528 2709 2856 2780 Redemptor
2879 2720 3063 2766 noster
3088 2722 3139 2766 et
3169 2711 3578 2782 incorruptibile
3619 2722 3751 2784 post

2142 2800 2595 2854 resurrectionem
2618 2807 2673 2853 et
2696 2799 2961 2869 palpabile
2984 2815 3179 2870 corpus
3204 2800 3469 2865 exhibuit,
3498 2810 3556 2855 ut
3583 2818 3750 2857 mon-

2143 2890 2370 2946 strando
2417 2890 2824 2960 incorruptibile
2860 2891 3117 2945 invitaret
3154 2890 3220 2944 ad
3258 2893 3565 2961 praemium,
3602 2907 3753 2961 prae-

2141 2980 2319 3036 bendo
2357 2980 2623 3051 palpabile
2657 2979 2917 3036 formaret
2959 2981 3030 3035 ad
3070 2979 3250 3035 ﬁdem.
3297 2981 3363 3035 Et
3408 2982 3747 3053 incorrupti-

2141 3075 2303 3131 bilem
2328 3090 2387 3131 se
2406 3088 2535 3147 ergo
2560 3083 2611 3131 et
2640 3074 2965 3145 palpabilem
2990 3074 3381 3129 demonstravit
3405 3082 3465 3127 ut
3494 3078 3751 3145 profecto

2065 3179 2111 3243 ρ
2141 3177 2262 3219 esse
2302 3173 2425 3235 post
2463 3164 2919 3221 resurrectionem
2966 3164 3275 3218 ostenderet
3309 3178 3507 3234 corpus
3554 3179 3746 3227 suum,

2144 3260 2201 3307 et
2229 3252 2472 3323 ejusdem
2502 3260 2712 3307 natura:
2741 3262 2794 3308 et
2825 3251 3046 3307 alterius
3077 3252 3282 3322 gloriae.

2213 3342 2356 3397 Dicit
2388 3344 2464 3398 eis
2486 3356 2503 3394 :
2529 3340 2648 3397 Pax
2676 3342 2841 3397 vobis.
2882 3340 3076 3397 Pacem
3102 3340 3365 3396 oﬁ‘erebat
3392 3340 3483 3412 qui
3514 3348 3745 3412 propter

2142 3450 2332 3509 pacem
2374 3436 2540 3499 venit,
2587 3443 2642 3490 et
2690 3433 2885 3505 quibus
2916 3442 3041 3489 ante
3077 3434 3248 3487 dixit:
3276 3431 3469 3487 Pacem
3502 3435 3740 3505 relinquo

2144 3528 2306 3592 vobis,
2334 3541 2511 3597 pacem
2541 3542 2710 3579 meam
2744 3525 2813 3578 do
2853 3525 3015 3590 vobis,
3047 3523 3206 3579 modo
3245 3524 3374 3580 dicit
3404 3522 3525 3578 Pax
3558 3526 3701 3580 vobis
3720 3539 3739 3577 :

2144 3632 2306 3686 quam
2325 3630 2513 3686 pacem
2538 3615 2592 3671 in
2610 3623 2868 3671 nascente
2879 3613 3098 3670 Christo
3114 3612 3286 3686 angeli
3308 3614 3741 3685 pradicaverunt

2145 3706 2365 3760 mundo.

2215 3795 2285 3851 Et
2323 3796 2419 3851 hoc
2449 3812 2567 3851 cum
2601 3796 2851 3861 dixisset,
2894 3797 3118 3852 ostendit
3150 3802 3227 3853 eis
3266 3813 3453 3850 manus
3490 3806 3536 3850 et
3574 3796 3738 3852 latus.

2146 3886 2324 3943 Gavisi
2359 3896 2478 3941 sunt
2524 3904 2646 3957 ergo
2693 3886 2937 3958 discipuli
2968 3889 3073 3942 viso
3107 3887 3351 3941 Domino.
3396 3886 3596 3941 Parum
3636 3886 3742 3942 fuit

2144 3976 2315 4032 oculis
2342 3991 2400 4031 se
2425 3975 2708 4031 videndum
2738 3979 2979 4045 praebere
2999 4017 3014 4041 ,
3046 3976 3092 4031 si
3127 3990 3233 4031 non
3260 3976 3529 4046 praeberet
3567 3977 3739 4031 etiam

2146 4066 2395 4121 manibus
2418 4065 2878 4120 contrectandum.
2933 4064 3034 4131 Qui
3061 4066 3185 4119 dum
3214 4064 3481 4135 palpanda
3504 4064 3744 4135 discipu-

2146 4157 2212 4213 lis
2237 4172 2361 4213 ossa
2389 4171 2717 4226 carnemque
2740 4164 3143 4225 praemonstrat;
3163 4166 3347 4225 aperte
3368 4164 3567 4211 statum
3593 4172 3742 4213 verte

2146 4245 2561 4302 resurrectionis
2588 4260 2709 4315 quae
2735 4246 2876 4304 inse
2901 4243 3063 4311 facta,
3094 4254 3148 4300 et
3177 4246 3231 4300 in
3259 4247 3415 4302 nobis
3442 4255 3526 4303 est
3553 4246 3745 4302 futura

2146 4336 2432 4409 signiﬁcat.
2477 4335 2613 4403 Quia
2648 4351 2753 4390 non
2791 4336 2931 4391 sicut
2958 4335 3254 4406 Eutychius
3281 4335 3741 4407 Constantinopo-

2147 4426 2325 4480 litanae
2356 4426 2505 4480 urbis
2526 4426 2809 4494 episcopus
2830 4425 3064 4496 scripsit,
3096 4436 3341 4480 nostrum
3367 4440 3564 4495 corpus
3587 4425 3743 4481 nulla

460 4536 554 4589 Dei
581 4532 719 4588 Filio
739 4528 1052 4602 perhibens,
1076 4525 1153 4579 ait
1177 4540 1190 4576 :
1221 4520 1333 4593 Ego
1363 4518 1621 4591 baptizari
1653 4532 1739 4570 vos
1769 4530 1927 4585 aqua,
1954 4512 2042 4567 ille
2069 4533 2122 4593 Β
2147 4515 2561 4571 resurrectionis
2584 4514 2752 4585 gloria
2780 4516 2885 4569 erit
2908 4514 3267 4585 impalpahile,
3295 4515 3471 4569 ventis
3502 4529 3746 4584 aereque

459 4640 578 4679 vero
615 4620 897 4692 baptizabit
948 4634 1035 4673 vos
1084 4613 1285 4685 Spiritu
1329 4620 1530 4666 sancto.
1581 4607 1754 4677 Majus
1778 4614 1862 4660 est
1892 4604 2044 4659 testi-

2149 4602 2429 4664 subtilius;
2466 4604 2519 4655 in
2550 4602 2640 4655 illa
2672 4602 2815 4656 enim
2850 4603 3260 4658 resurrectionis
3289 4602 3458 4673 gloria
3487 4603 3591 4657 erit
3617 4617 3746 4657 cor-

460 4712 702 4771 monium
727 4710 904 4764 Patris
946 4723 1053 4777 quo
1080 4706 1339 4777 Spiritum
1379 4708 1625 4758 sanetum
1655 4699 1708 4753 in
1739 4712 1884 4763 eum,
1934 4712 2042 4767 quo
2136 4709 2251 4765 'pus
2279 4703 2523 4749 nostrum
2555 4693 2749 4748 subtile
2787 4695 3002 4763 quidem
3052 4710 3150 4764 per
3190 4693 3440 4749 eﬁ'ectum
3480 4692 3746 4763 spiritalis

460 4818 676 4874 semper
698 4808 815 4857 erat
838 4798 1031 4868 plenus
1060 4798 1224 4853 etiam
1251 4792 1535 4849 visibiliter
1559 4791 1727 4847 misit.

533 4894 639 4960 Qui
673 4891 837 4946 credit
867 4891 922 4945 in
956 4886 1155 4941 Filium
1189 4884 1283 4938 Dei
1314 4882 1466 4936 liabet
1492 4880 1841 4935 testimonium
1863 4878 1961 4932 Dei
1989 4879 2043 4931 in

465 5005 535 5042 se.
576 4985 679 5053 Qui
718 4984 792 5038 ita
819 4980 995 5037 credit
1026 4979 1081 5033 in
1120 4975 1314 5030 Filium
1361 4972 1474 5035 Dei,
1522 4978 1581 5025 ut
1618 4980 1870 5025 exerceat
1916 4984 2045 5039 ope-

462 5076 634 5133 rando
681 5073 827 5145 quod
868 5069 1060 5130 credit,
1107 5064 1269 5121 habet
1315 5061 1681 5117 testimonium
1722 5059 1815 5114 Dei
1871 5061 1925 5113 in
1968 5074 2045 5123 se,

464 5168 593 5225 illud
635 5168 841 5235 utique,
889 5162 1015 5232 quia
1058 5159 1173 5230 ipse
1218 5158 1434 5226 quoqde
1472 5154 1524 5208 in
1572 5152 1803 5207 ﬁliorum
1830 5151 1924 5207 Dei
1951 5168 2050 5206 nu-

464 5276 616 5316 mero
638 5258 758 5331 jure
789 5261 1148 5325 computetur,
1178 5252 1293 5319 ipso
1320 5248 1482 5302 unico
1513 5245 1607 5301 Dei
1640 5245 1777 5301 Filio
1812 5248 1891 5301 sic
1936 5245 2049 5299 suis

466 5350 715 5405 ﬁdelibus
747 5346 1029 5415 pollicente
1063 5361 1075 5395 :
1108 5341 1167 5397 Si
1187 5341 1302 5410 quis
1327 5338 1452 5391 mihi
1480 5337 1865 5398 ministraverit,
1890 5337 2053 5389 hono-

468 5439 691 5507 riﬁcabit
706 5452 821 5490 eum
844 5432 1003 5487 Pater
1014 5448 1177 5485 meus.
1216 5429 1368 5497 Quod
1385 5427 1427 5481 si
1449 5426 1541 5482 Dei
1573 5425 1934 5503 testimOninm
1957 5424 2051 5478 ba-

468 5529 598 5583 bere
631 5525 913 5589 merueris,
943 5523 988 5576 si
1018 5510 1299 5575 Dominum
1329 5527 1519 5573 testem
1544 5524 1647 5569 ture
1673 5514 1794 5569 ﬁdei
1828 5514 2054 5569 inteme-

470 5624 603 5671 rata:
629 5613 953 5683 possederis,
981 5608 1108 5679 quid
1138 5619 1187 5663 te
1212 5609 1483 5662 hominum
1516 5604 1753 5667 infamia,
1804 5614 1894 5658 aut
1931 5619 2053 5673 per-

472 5704 677 5760 secutio
700 5701 853 5759 laedet
882 5720 895 5755 :
928 5699 986 5756 Si
1018 5701 1158 5755 enim
1190 5698 1323 5751 Deus
1367 5714 1459 5767 pro
1506 5697 1669 5760 nabis,
1714 5697 1827 5766 quis
1868 5704 2048 5748 contra

2150 4784 2423 4855 potentiar,
2446 4784 2539 4837 sed
2564 4783 2827 4853 palpabile
2856 4800 2951 4853 per
2974 4785 3254 4839 veritatem
3285 4794 3512 4838 naturae.
3550 4782 3744 4855 Neque

2154 4874 2280 4927 huic
2328 4874 2612 4928 assertioni
2651 4880 2871 4941 putetur
2915 4871 3139 4942 apostoli
3183 4887 3363 4927 sermo
3412 4860 3738 4943 repugnare,

2155 4962 2280 5032 quia
2301 4978 2425 5015 caro
2451 4971 2498 5015 et
2524 4962 2737 5031 sanguis
2761 4978 2973 5031 regnum
2994 4961 3090 5015 Dei
3114 4978 3216 5015 non
3239 4959 3605 5031 possidebunt;
3632 4962 3743 5019 hoc

2151 5053 2295 5107 enim
2323 5052 2439 5107 loco
2468 5052 2757 5124 Apostolus
2782 5052 2961 5108 carnis
2994 5061 3048 5107 et
3076 5051 3355 5122 sanguinis
3381 5052 3599 5105 nomine
3627 5067 3743 5107 non

2150 5144 2503 5199 substantiam
2540 5143 2651 5198 veri
2680 5143 2941 5213 corporis,
2970 5142 3063 5197 sed
3102 5141 3504 5211 corruptionem
3536 5149 3744 5195 morta-

2150 5236 2317 5291 litatis
2362 5234 2661 5307 signiﬁcat,
2715 5234 2854 5289 sicut
2900 5234 3011 5304 ipse
3051 5242 3444 5302 consequenter
3492 5232 3746 5300 exposuit

2148 5328 2339 5393 dicens
2378 5346 2390 5379 :
2434 5327 2615 5396 Neque
2661 5326 2920 5392 corruptio
2973 5324 3380 5394 incorruptelam
3430 5322 3737 5392 possidebit.

2155 5416 2324 5471 Aliter
2350 5431 2579 5485 namque
2621 5416 2672 5468 in
2706 5414 2986 5483 Scriptura
3032 5430 3186 5469 sacra
3231 5431 3360 5471 caro
3390 5414 3548 5484 juxta
3584 5423 3742 5468 natu.

2156 5524 2296 5573 ram,
2331 5508 2487 5562 aliter
2514 5507 2667 5574 juxta
2706 5506 2936 5576 culpam,
2974 5506 3301 5574 aliterjuxta
3334 5508 3742 5577 corruptionem

2156 5597 2518 5661 mortalitatis,
2547 5613 2663 5665 qua:
2691 5612 2755 5650 ex
2784 5596 2937 5664 culpa
2959 5596 3200 5665 contigit,
3224 5596 3537 5667 appellatur.
3575 5598 3742 5653 Juxta

2156 5698 2401 5743 naturain
2441 5688 2652 5757 quidem
2692 5692 2813 5740 ‘cum
2855 5685 3057 5742 dictum
3094 5694 3214 5741 est:
3244 5686 3359 5741 Hoc
3399 5703 3537 5740 nunc
3574 5702 3631 5741 os
3677 5701 3741 5742 σε

3214 6318 3227 6319 7
3236 6318 3267 6322 ἡ
3500 6321 3564 6328 ἤ-
3648 6324 3697 6328 Ϊ
3702 6314 3936 6328 Ἦ--τμ-ι
