  <div class='ocr_page' id='page_1' title='image "/cluster/home/n/w/nwhite01/storage/ocr_20150623/110/uva.x000827066/096.png"; bbox 0 0 3946 6326; ppageno 0'>
   <div class='ocr_carea' id='block_1_1' title="bbox 184 400 277 457">
    <p class='ocr_par' dir='ltr' id='par_1_1' title="bbox 184 400 277 457">
     <span class='ocr_line' id='line_1_1' title="bbox 184 400 277 457; baseline -0.022 0"><span class='ocrx_word' id='word_1_1' title='bbox 184 400 277 457; x_wconf 76' lang='grc'><strong>177</strong></span> 
     </span>
    </p>
   </div>
   <div class='ocr_carea' id='block_1_2' title="bbox 1259 395 2350 457">
    <p class='ocr_par' dir='ltr' id='par_1_2' title="bbox 1259 395 2350 457">
     <span class='ocr_line' id='line_1_2' title="bbox 1259 395 2350 457; baseline -0.006 -2"><span class='ocrx_word' id='word_1_2' title='bbox 1259 400 1559 457; x_wconf 65' lang='lat' dir='ltr'><strong>llOMlth-E</strong></span> <span class='ocrx_word' id='word_1_3' title='bbox 1598 397 1665 453; x_wconf 80' lang='lat' dir='ltr'><strong>IN</strong></span> <span class='ocrx_word' id='word_1_4' title='bbox 1706 396 1963 452; x_wconf 60' lang='lat' dir='ltr'><strong>EVANG.</strong></span> <span class='ocrx_word' id='word_1_5' title='bbox 2007 395 2092 451; x_wconf 77' lang='grc' dir='ltr'><strong>ΕΤ</strong></span> <span class='ocrx_word' id='word_1_6' title='bbox 2134 395 2350 452; x_wconf 79' lang='lat' dir='ltr'><strong>EPIST.</strong></span> 
     </span>
    </p>
   </div>
   <div class='ocr_carea' id='block_1_3' title="bbox 3337 400 3434 453">
    <p class='ocr_par' dir='ltr' id='par_1_3' title="bbox 3337 400 3434 453">
     <span class='ocr_line' id='line_1_3' title="bbox 3337 400 3434 453; baseline 0 -1"><span class='ocrx_word' id='word_1_7' title='bbox 3337 400 3434 453; x_wconf 71' lang='grc'><strong>173</strong></span> 
     </span>
    </p>
   </div>
   <div class='ocr_carea' id='block_1_4' title="bbox 183 506 3435 579">
    <p class='ocr_par' dir='ltr' id='par_1_4' title="bbox 183 506 3435 579">
     <span class='ocr_line' id='line_1_4' title="bbox 183 506 3435 579; baseline -0.001 -11"><span class='ocrx_word' id='word_1_8' title='bbox 183 512 372 569; x_wconf 78' lang='lat' dir='ltr'><strong>ossibus</strong></span> <span class='ocrx_word' id='word_1_9' title='bbox 418 512 545 566; x_wconf 85' lang='lat' dir='ltr'><strong>meis</strong></span> <span class='ocrx_word' id='word_1_10' title='bbox 584 522 632 567; x_wconf 87' lang='lat' dir='ltr'><strong>ct</strong></span> <span class='ocrx_word' id='word_1_11' title='bbox 680 530 802 569; x_wconf 89' lang='lat' dir='ltr'><strong>caro</strong></span> <span class='ocrx_word' id='word_1_12' title='bbox 831 512 894 568; x_wconf 84' lang='lat' dir='ltr'><strong>de</strong></span> <span class='ocrx_word' id='word_1_13' title='bbox 918 530 1075 567; x_wconf 86' lang='lat' dir='ltr'><strong>carne</strong></span> <span class='ocrx_word' id='word_1_14' title='bbox 1108 528 1258 577; x_wconf 87' lang='lat' dir='ltr'><strong>mea;</strong></span> <span class='ocrx_word' id='word_1_15' title='bbox 1293 525 1338 567; x_wconf 81' lang='lat' dir='ltr'><strong>et</strong></span> <span class='ocrx_word' id='word_1_16' title='bbox 1376 510 1598 566; x_wconf 81' lang='lat' dir='ltr'><strong>Verbum</strong></span> <span class='ocrx_word' id='word_1_17' title='bbox 1628 527 1749 565; x_wconf 86' lang='lat' dir='ltr'><strong>caro</strong></span> <span class='ocrx_word' id='word_1_18' title='bbox 1776 515 1825 571; x_wconf 77' lang='grc' dir='ltr'>Α</span> <span class='ocrx_word' id='word_1_19' title='bbox 1855 516 2195 578; x_wconf 73' lang='lat' dir='ltr'><strong>peccatorum</strong></span> <span class='ocrx_word' id='word_1_20' title='bbox 2218 506 2532 561; x_wconf 81' lang='lat' dir='ltr'><strong>remissione</strong></span> <span class='ocrx_word' id='word_1_21' title='bbox 2560 522 2620 562; x_wconf 87' lang='lat' dir='ltr'><strong>ac</strong></span> <span class='ocrx_word' id='word_1_22' title='bbox 2642 507 2950 562; x_wconf 85' lang='lat' dir='ltr'><strong>detentione</strong></span> <span class='ocrx_word' id='word_1_23' title='bbox 2971 507 3217 579; x_wconf 73' lang='lat' dir='ltr'><strong>subjecit.</strong></span> <span class='ocrx_word' id='word_1_24' title='bbox 3249 507 3435 564; x_wconf 80' lang='lat' dir='ltr'><strong>Scien-</strong></span> 
     </span>
    </p>
   </div>
   <div class='ocr_carea' id='block_1_5' title="bbox 179 602 1744 675">
    <p class='ocr_par' dir='ltr' id='par_1_5' title="bbox 179 602 1744 675">
     <span class='ocr_line' id='line_1_5' title="bbox 179 602 1744 675; baseline 0 -17"><span class='ocrx_word' id='word_1_25' title='bbox 179 604 368 675; x_wconf 72' lang='lat' dir='ltr'><strong>factum</strong></span> <span class='ocrx_word' id='word_1_26' title='bbox 404 616 479 657; x_wconf 89' lang='lat' dir='ltr'><strong>est</strong></span> <span class='ocrx_word' id='word_1_27' title='bbox 514 614 563 657; x_wconf 89' lang='lat' dir='ltr'><strong>et</strong></span> <span class='ocrx_word' id='word_1_28' title='bbox 602 604 856 659; x_wconf 76' lang='lat' dir='ltr'><strong>habitabit</strong></span> <span class='ocrx_word' id='word_1_29' title='bbox 890 605 943 659; x_wconf 85' lang='lat' dir='ltr'><strong>in</strong></span> <span class='ocrx_word' id='word_1_30' title='bbox 980 604 1144 658; x_wconf 78' lang='lat' dir='ltr'><strong>nobis.</strong></span> <span class='ocrx_word' id='word_1_31' title='bbox 1185 602 1342 659; x_wconf 74' lang='lat' dir='ltr'><strong>Juxta</strong></span> <span class='ocrx_word' id='word_1_32' title='bbox 1374 605 1583 674; x_wconf 81' lang='lat' dir='ltr'><strong>culpam</strong></span> <span class='ocrx_word' id='word_1_33' title='bbox 1617 618 1744 658; x_wconf 88' lang='lat' dir='ltr'><strong>vero</strong></span> 
     </span>
    </p>
   </div>
   <div class='ocr_carea' id='block_1_6' title="bbox 180 691 1743 764">
    <p class='ocr_par' dir='ltr' id='par_1_6' title="bbox 180 691 1743 764">
     <span class='ocr_line' id='line_1_6' title="bbox 180 691 1743 764; baseline -0.002 -14"><span class='ocrx_word' id='word_1_34' title='bbox 180 710 295 750; x_wconf 88' lang='lat' dir='ltr'><strong>cum</strong></span> <span class='ocrx_word' id='word_1_35' title='bbox 325 693 525 748; x_wconf 77' lang='lat' dir='ltr'><strong>dieitur</strong></span> <span class='ocrx_word' id='word_1_36' title='bbox 555 712 568 747; x_wconf 91' lang='lat'><strong>:</strong></span> <span class='ocrx_word' id='word_1_37' title='bbox 597 691 737 748; x_wconf 86' lang='lat' dir='ltr'><strong>Caro</strong></span> <span class='ocrx_word' id='word_1_38' title='bbox 774 695 1085 761; x_wconf 78' lang='lat' dir='ltr'><strong>concupiscit</strong></span> <span class='ocrx_word' id='word_1_39' title='bbox 1131 694 1376 750; x_wconf 81' lang='lat' dir='ltr'><strong>adversus</strong></span> <span class='ocrx_word' id='word_1_40' title='bbox 1422 695 1661 764; x_wconf 77' lang='lat' dir='ltr'><strong>spiritum</strong></span> <span class='ocrx_word' id='word_1_41' title='bbox 1696 702 1743 747; x_wconf 86' lang='lat' dir='ltr'><strong>et</strong></span> 
     </span>
    </p>
   </div>
   <div class='ocr_carea' id='block_1_7' title="bbox 176 782 1746 854">
    <p class='ocr_par' dir='ltr' id='par_1_7' title="bbox 176 782 1746 854">
     <span class='ocr_line' id='line_1_7' title="bbox 176 782 1746 854; baseline 0 -18"><span class='ocrx_word' id='word_1_42' title='bbox 176 783 378 854; x_wconf 84' lang='lat' dir='ltr'><strong>spiritus</strong></span> <span class='ocrx_word' id='word_1_43' title='bbox 399 783 649 837; x_wconf 84' lang='lat' dir='ltr'><strong>adversus</strong></span> <span class='ocrx_word' id='word_1_44' title='bbox 680 800 905 837; x_wconf 84' lang='lat' dir='ltr'><strong>cantem.</strong></span> <span class='ocrx_word' id='word_1_45' title='bbox 943 782 1099 837; x_wconf 83' lang='lat' dir='ltr'><strong>Juxta</strong></span> <span class='ocrx_word' id='word_1_46' title='bbox 1124 783 1621 853; x_wconf 77' lang='lat' dir='ltr'><strong>corruptibilitatem</strong></span> <span class='ocrx_word' id='word_1_47' title='bbox 1651 797 1746 836; x_wconf 82' lang='lat' dir='ltr'><strong>au-</strong></span> 
     </span>
    </p>
   </div>
   <div class='ocr_carea' id='block_1_8' title="bbox 179 872 1742 944">
    <p class='ocr_par' dir='ltr' id='par_1_8' title="bbox 179 872 1742 944">
     <span class='ocr_line' id='line_1_8' title="bbox 179 872 1742 944; baseline -0.001 -16"><span class='ocrx_word' id='word_1_48' title='bbox 179 883 300 938; x_wconf 88' lang='lat' dir='ltr'><strong>tem,</strong></span> <span class='ocrx_word' id='word_1_49' title='bbox 328 889 449 929; x_wconf 88' lang='lat' dir='ltr'><strong>cum</strong></span> <span class='ocrx_word' id='word_1_50' title='bbox 481 873 744 942; x_wconf 86' lang='lat' dir='ltr'><strong>scriptum</strong></span> <span class='ocrx_word' id='word_1_51' title='bbox 774 882 852 929; x_wconf 91' lang='lat' dir='ltr'><strong>est</strong></span> <span class='ocrx_word' id='word_1_52' title='bbox 881 893 892 927; x_wconf 90' lang='lat'><strong>:</strong></span> <span class='ocrx_word' id='word_1_53' title='bbox 924 872 992 925; x_wconf 85' lang='lat' dir='ltr'><strong>Et</strong></span> <span class='ocrx_word' id='word_1_54' title='bbox 1025 875 1292 927; x_wconf 83' lang='lat' dir='ltr'><strong>memorati</strong></span> <span class='ocrx_word' id='word_1_55' title='bbox 1319 884 1438 927; x_wconf 87' lang='lat' dir='ltr'><strong>sunt</strong></span> <span class='ocrx_word' id='word_1_56' title='bbox 1468 874 1590 944; x_wconf 78' lang='lat' dir='ltr'><strong>quia</strong></span> <span class='ocrx_word' id='word_1_57' title='bbox 1620 890 1742 928; x_wconf 88' lang='lat' dir='ltr'><strong>caro</strong></span> 
     </span>
    </p>
   </div>
   <div class='ocr_carea' id='block_1_9' title="bbox 175 961 1741 1034">
    <p class='ocr_par' dir='ltr' id='par_1_9' title="bbox 175 961 1741 1034">
     <span class='ocr_line' id='line_1_9' title="bbox 175 961 1741 1034; baseline 0 -17"><span class='ocrx_word' id='word_1_58' title='bbox 175 973 306 1029; x_wconf 73' lang='lat' dir='ltr'><strong>sunt,</strong></span> <span class='ocrx_word' id='word_1_59' title='bbox 334 964 386 1019; x_wconf 88' lang='lat' dir='ltr'><strong>id</strong></span> <span class='ocrx_word' id='word_1_60' title='bbox 406 972 511 1029; x_wconf 88' lang='lat' dir='ltr'><strong>est,</strong></span> <span class='ocrx_word' id='word_1_61' title='bbox 543 963 761 1034; x_wconf 79' lang='lat' dir='ltr'><strong>fragiles</strong></span> <span class='ocrx_word' id='word_1_62' title='bbox 785 972 839 1019; x_wconf 87' lang='lat' dir='ltr'><strong>et</strong></span> <span class='ocrx_word' id='word_1_63' title='bbox 866 964 1205 1019; x_wconf 89' lang='lat' dir='ltr'><strong>moribundi.-</strong></span> <span class='ocrx_word' id='word_1_64' title='bbox 1246 961 1358 1017; x_wconf 87' lang='lat' dir='ltr'><strong>lloc</strong></span> <span class='ocrx_word' id='word_1_65' title='bbox 1377 962 1519 1016; x_wconf 83' lang='lat' dir='ltr'><strong>enim</strong></span> <span class='ocrx_word' id='word_1_66' title='bbox 1544 977 1601 1019; x_wconf 90' lang='lat' dir='ltr'><strong>se</strong></span> <span class='ocrx_word' id='word_1_67' title='bbox 1622 978 1741 1018; x_wconf 83' lang='lat' dir='ltr'><strong>car-</strong></span> 
     </span>
    </p>
   </div>
   <div class='ocr_carea' id='block_1_10' title="bbox 175 1053 1741 1126">
    <p class='ocr_par' dir='ltr' id='par_1_10' title="bbox 175 1053 1741 1126">
     <span class='ocr_line' id='line_1_10' title="bbox 175 1053 1741 1126; baseline 0.002 -17"><span class='ocrx_word' id='word_1_68' title='bbox 175 1056 255 1110; x_wconf 87' lang='lat' dir='ltr'><strong>nis</strong></span> <span class='ocrx_word' id='word_1_69' title='bbox 305 1056 525 1111; x_wconf 85' lang='lat' dir='ltr'><strong>nomine</strong></span> <span class='ocrx_word' id='word_1_70' title='bbox 566 1055 878 1126; x_wconf 79' lang='lat' dir='ltr'><strong>designasse</strong></span> <span class='ocrx_word' id='word_1_71' title='bbox 919 1053 1228 1110; x_wconf 82' lang='lat' dir='ltr'><strong>manifestat</strong></span> <span class='ocrx_word' id='word_1_72' title='bbox 1273 1055 1385 1123; x_wconf 90' lang='lat' dir='ltr'><strong>ipse</strong></span> <span class='ocrx_word' id='word_1_73' title='bbox 1423 1054 1704 1111; x_wconf 89' lang='lat' dir='ltr'><strong>Psalmista</strong></span> <span class='ocrx_word' id='word_1_74' title='bbox 1728 1098 1741 1123; x_wconf 94' lang='lat'><strong>,</strong></span> 
     </span>
    </p>
   </div>
   <div class='ocr_carea' id='block_1_11' title="bbox 175 1149 1739 1221">
    <p class='ocr_par' dir='ltr' id='par_1_11' title="bbox 175 1149 1739 1221">
     <span class='ocr_line' id='line_1_11' title="bbox 175 1149 1739 1221; baseline 0.001 -17"><span class='ocrx_word' id='word_1_75' title='bbox 175 1151 260 1221; x_wconf 85' lang='lat' dir='ltr'><strong>qui</strong></span> <span class='ocrx_word' id='word_1_76' title='bbox 302 1151 548 1221; x_wconf 84' lang='lat' dir='ltr'><strong>protinus</strong></span> <span class='ocrx_word' id='word_1_77' title='bbox 584 1152 772 1206; x_wconf 87' lang='lat' dir='ltr'><strong>addit:</strong></span> <span class='ocrx_word' id='word_1_78' title='bbox 804 1149 1027 1220; x_wconf 75' lang='lat' dir='ltr'><strong>Spiritus</strong></span> <span class='ocrx_word' id='word_1_79' title='bbox 1072 1152 1259 1205; x_wconf 86' lang='lat' dir='ltr'><strong>vadens</strong></span> <span class='ocrx_word' id='word_1_80' title='bbox 1292 1160 1339 1205; x_wconf 89' lang='lat' dir='ltr'><strong>et</strong></span> <span class='ocrx_word' id='word_1_81' title='bbox 1381 1169 1482 1206; x_wconf 86' lang='lat' dir='ltr'><strong>non</strong></span> <span class='ocrx_word' id='word_1_82' title='bbox 1520 1152 1739 1205; x_wconf 86' lang='lat' dir='ltr'><strong>rediens.</strong></span> 
     </span>
    </p>
   </div>
   <div class='ocr_carea' id='block_1_12' title="bbox 172 1240 1745 1314">
    <p class='ocr_par' dir='ltr' id='par_1_12' title="bbox 172 1240 1745 1314">
     <span class='ocr_line' id='line_1_12' title="bbox 172 1240 1745 1314; baseline 0 -17"><span class='ocrx_word' id='word_1_83' title='bbox 172 1240 407 1313; x_wconf 83' lang='lat' dir='ltr'><strong>Regnum</strong></span> <span class='ocrx_word' id='word_1_84' title='bbox 444 1243 627 1314; x_wconf 82' lang='lat' dir='ltr'><strong>itaque</strong></span> <span class='ocrx_word' id='word_1_85' title='bbox 673 1244 881 1298; x_wconf 83' lang='lat' dir='ltr'><strong>Domini</strong></span> <span class='ocrx_word' id='word_1_86' title='bbox 928 1259 1052 1299; x_wconf 88' lang='lat' dir='ltr'><strong>caro</strong></span> <span class='ocrx_word' id='word_1_87' title='bbox 1090 1260 1194 1298; x_wconf 90' lang='lat' dir='ltr'><strong>non</strong></span> <span class='ocrx_word' id='word_1_88' title='bbox 1240 1244 1552 1313; x_wconf 83' lang='lat' dir='ltr'><strong>possidebit,</strong></span> <span class='ocrx_word' id='word_1_89' title='bbox 1582 1244 1633 1298; x_wconf 86' lang='lat' dir='ltr'><strong>id</strong></span> <span class='ocrx_word' id='word_1_90' title='bbox 1661 1252 1745 1297; x_wconf 74' lang='lat' dir='ltr'><strong>est</strong></span> 
     </span>
    </p>
   </div>
   <div class='ocr_carea' id='block_1_13' title="bbox 172 1333 1744 1404">
    <p class='ocr_par' dir='ltr' id='par_1_13' title="bbox 172 1333 1744 1404">
     <span class='ocr_line' id='line_1_13' title="bbox 172 1333 1744 1404; baseline -0.001 -14"><span class='ocrx_word' id='word_1_91' title='bbox 172 1347 292 1390; x_wconf 83' lang='lat' dir='ltr'><strong>caro</strong></span> <span class='ocrx_word' id='word_1_92' title='bbox 318 1333 469 1403; x_wconf 82' lang='lat' dir='ltr'><strong>juxta</strong></span> <span class='ocrx_word' id='word_1_93' title='bbox 514 1335 726 1404; x_wconf 84' lang='lat' dir='ltr'><strong>culpam</strong></span> <span class='ocrx_word' id='word_1_94' title='bbox 760 1333 845 1388; x_wconf 89' lang='lat' dir='ltr'><strong>vel</strong></span> <span class='ocrx_word' id='word_1_95' title='bbox 884 1334 1299 1398; x_wconf 76' lang='lat' dir='ltr'><strong>mortalitatem;</strong></span> <span class='ocrx_word' id='word_1_96' title='bbox 1329 1342 1384 1388; x_wconf 91' lang='lat' dir='ltr'><strong>et</strong></span> <span class='ocrx_word' id='word_1_97' title='bbox 1412 1342 1584 1388; x_wconf 85' lang='lat' dir='ltr'><strong>tamen</strong></span> <span class='ocrx_word' id='word_1_98' title='bbox 1617 1350 1744 1389; x_wconf 87' lang='lat' dir='ltr'><strong>caro</strong></span> 
     </span>
    </p>
   </div>
   <div class='ocr_carea' id='block_1_14' title="bbox 167 1424 1743 1498">
    <p class='ocr_par' dir='ltr' id='par_1_14' title="bbox 167 1424 1743 1498">
     <span class='ocr_line' id='line_1_14' title="bbox 167 1424 1743 1498; baseline -0.001 -18"><span class='ocrx_word' id='word_1_99' title='bbox 167 1426 456 1496; x_wconf 83' lang='lat' dir='ltr'><strong>possidebit</strong></span> <span class='ocrx_word' id='word_1_100' title='bbox 484 1442 709 1498; x_wconf 80' lang='lat' dir='ltr'><strong>regnum</strong></span> <span class='ocrx_word' id='word_1_101' title='bbox 737 1426 969 1492; x_wconf 87' lang='lat' dir='ltr'><strong>Domini,</strong></span> <span class='ocrx_word' id='word_1_102' title='bbox 1001 1427 1053 1481; x_wconf 91' lang='lat' dir='ltr'><strong>id</strong></span> <span class='ocrx_word' id='word_1_103' title='bbox 1091 1438 1193 1491; x_wconf 87' lang='lat' dir='ltr'><strong>cst,</strong></span> <span class='ocrx_word' id='word_1_104' title='bbox 1230 1440 1358 1481; x_wconf 87' lang='lat' dir='ltr'><strong>caro</strong></span> <span class='ocrx_word' id='word_1_105' title='bbox 1393 1424 1547 1494; x_wconf 83' lang='lat' dir='ltr'><strong>juxta</strong></span> <span class='ocrx_word' id='word_1_106' title='bbox 1588 1434 1743 1479; x_wconf 89' lang='lat' dir='ltr'><strong>natu-</strong></span> 
     </span>
    </p>
   </div>
   <div class='ocr_carea' id='block_1_15' title="bbox 169 1515 1740 1585">
    <p class='ocr_par' dir='ltr' id='par_1_15' title="bbox 169 1515 1740 1585">
     <span class='ocr_line' id='line_1_15' title="bbox 169 1515 1740 1585; baseline 0.002 -18"><span class='ocrx_word' id='word_1_107' title='bbox 169 1528 279 1568; x_wconf 83' lang='lat' dir='ltr'><strong>ram</strong></span> <span class='ocrx_word' id='word_1_108' title='bbox 300 1530 456 1584; x_wconf 86' lang='lat' dir='ltr'><strong>quam</strong></span> <span class='ocrx_word' id='word_1_109' title='bbox 481 1524 537 1570; x_wconf 88' lang='lat' dir='ltr'><strong>et</strong></span> <span class='ocrx_word' id='word_1_110' title='bbox 560 1515 818 1571; x_wconf 87' lang='lat' dir='ltr'><strong>Dominus</strong></span> <span class='ocrx_word' id='word_1_111' title='bbox 840 1525 961 1585; x_wconf 88' lang='lat' dir='ltr'><strong>post</strong></span> <span class='ocrx_word' id='word_1_112' title='bbox 987 1516 1435 1571; x_wconf 86' lang='lat' dir='ltr'><strong>resurrectionem</strong></span> <span class='ocrx_word' id='word_1_113' title='bbox 1458 1516 1740 1571; x_wconf 86' lang='lat' dir='ltr'><strong>videndam</strong></span> 
     </span>
    </p>
   </div>
   <div class='ocr_carea' id='block_1_16' title="bbox 166 1604 1740 1675">
    <p class='ocr_par' dir='ltr' id='par_1_16' title="bbox 166 1604 1740 1675">
     <span class='ocr_line' id='line_1_16' title="bbox 166 1604 1740 1675; baseline 0.002 -18"><span class='ocrx_word' id='word_1_114' title='bbox 166 1604 586 1674; x_wconf 86' lang='lat' dir='ltr'><strong>palpandamque</strong></span> <span class='ocrx_word' id='word_1_115' title='bbox 613 1604 889 1675; x_wconf 87' lang='lat' dir='ltr'><strong>discipulis</strong></span> <span class='ocrx_word' id='word_1_116' title='bbox 921 1605 1179 1660; x_wconf 78' lang='lat' dir='ltr'><strong>exhibuit.</strong></span> <span class='ocrx_word' id='word_1_117' title='bbox 1213 1605 1279 1660; x_wconf 87' lang='lat' dir='ltr'><strong>Et</strong></span> <span class='ocrx_word' id='word_1_118' title='bbox 1310 1607 1376 1660; x_wconf 90' lang='lat' dir='ltr'><strong>de</strong></span> <span class='ocrx_word' id='word_1_119' title='bbox 1408 1620 1513 1674; x_wconf 89' lang='lat' dir='ltr'><strong>qua</strong></span> <span class='ocrx_word' id='word_1_120' title='bbox 1553 1606 1740 1660; x_wconf 90' lang='lat' dir='ltr'><strong>beatus</strong></span> 
     </span>
    </p>
   </div>
   <div class='ocr_carea' id='block_1_17' title="bbox 167 1692 1740 1765">
    <p class='ocr_par' dir='ltr' id='par_1_17' title="bbox 167 1692 1740 1765">
     <span class='ocr_line' id='line_1_17' title="bbox 167 1692 1740 1765; baseline 0.001 -17"><span class='ocrx_word' id='word_1_121' title='bbox 167 1692 260 1749; x_wconf 82' lang='lat' dir='ltr'><strong>Job</strong></span> <span class='ocrx_word' id='word_1_122' title='bbox 282 1710 401 1749; x_wconf 90' lang='lat' dir='ltr'><strong>cum</strong></span> <span class='ocrx_word' id='word_1_123' title='bbox 433 1695 658 1765; x_wconf 80' lang='lat' dir='ltr'><strong>gloriam</strong></span> <span class='ocrx_word' id='word_1_124' title='bbox 688 1696 1101 1751; x_wconf 85' lang='lat' dir='ltr'><strong>resurrectionis</strong></span> <span class='ocrx_word' id='word_1_125' title='bbox 1142 1695 1486 1761; x_wconf 87' lang='lat' dir='ltr'><strong>describeret,</strong></span> <span class='ocrx_word' id='word_1_126' title='bbox 1525 1696 1637 1749; x_wconf 85' lang='lat' dir='ltr'><strong>ait:</strong></span> <span class='ocrx_word' id='word_1_127' title='bbox 1670 1693 1740 1749; x_wconf 86' lang='lat' dir='ltr'><strong>Et</strong></span> 
     </span>
    </p>
   </div>
   <div class='ocr_carea' id='block_1_18' title="bbox 167 1784 1737 1853">
    <p class='ocr_par' dir='ltr' id='par_1_18' title="bbox 167 1784 1737 1853">
     <span class='ocr_line' id='line_1_18' title="bbox 167 1784 1737 1853; baseline 0.003 -18"><span class='ocrx_word' id='word_1_128' title='bbox 167 1800 365 1837; x_wconf 86' lang='lat' dir='ltr'><strong>rursum</strong></span> <span class='ocrx_word' id='word_1_129' title='bbox 387 1784 753 1838; x_wconf 84' lang='lat' dir='ltr'><strong>circumdabor</strong></span> <span class='ocrx_word' id='word_1_130' title='bbox 776 1784 906 1853; x_wconf 83' lang='lat' dir='ltr'><strong>pelle</strong></span> <span class='ocrx_word' id='word_1_131' title='bbox 933 1802 1066 1849; x_wconf 89' lang='lat' dir='ltr'><strong>mea,</strong></span> <span class='ocrx_word' id='word_1_132' title='bbox 1092 1795 1139 1838; x_wconf 87' lang='lat' dir='ltr'><strong>et</strong></span> <span class='ocrx_word' id='word_1_133' title='bbox 1168 1787 1219 1838; x_wconf 88' lang='lat' dir='ltr'><strong>in</strong></span> <span class='ocrx_word' id='word_1_134' title='bbox 1248 1801 1403 1839; x_wconf 89' lang='lat' dir='ltr'><strong>carne</strong></span> <span class='ocrx_word' id='word_1_135' title='bbox 1426 1802 1539 1838; x_wconf 87' lang='lat' dir='ltr'><strong>mea</strong></span> <span class='ocrx_word' id='word_1_136' title='bbox 1563 1785 1737 1839; x_wconf 77' lang='lat' dir='ltr'><strong>videbo</strong></span> 
     </span>
    </p>
   </div>
   <div class='ocr_carea' id='block_1_19' title="bbox 1846 593 3431 669">
    <p class='ocr_par' dir='ltr' id='par_1_19' title="bbox 1846 593 3431 669">
     <span class='ocr_line' id='line_1_19' title="bbox 1846 593 3431 669; baseline 0.001 -17"><span class='ocrx_word' id='word_1_137' title='bbox 1846 600 1970 652; x_wconf 90' lang='lat' dir='ltr'><strong>dum</strong></span> <span class='ocrx_word' id='word_1_138' title='bbox 2002 614 2128 653; x_wconf 82' lang='lat' dir='ltr'><strong>vero</strong></span> <span class='ocrx_word' id='word_1_139' title='bbox 2157 606 2239 653; x_wconf 88' lang='lat' dir='ltr'><strong>est</strong></span> <span class='ocrx_word' id='word_1_140' title='bbox 2267 593 2405 668; x_wconf 82' lang='lat' dir='ltr'><strong>quod</strong></span> <span class='ocrx_word' id='word_1_141' title='bbox 2437 598 2488 651; x_wconf 76' lang='lat' dir='ltr'><strong>lti</strong></span> <span class='ocrx_word' id='word_1_142' title='bbox 2512 600 2599 669; x_wconf 89' lang='lat' dir='ltr'><strong>qui</strong></span> <span class='ocrx_word' id='word_1_143' title='bbox 2630 600 2860 669; x_wconf 90' lang='lat' dir='ltr'><strong>primum</strong></span> <span class='ocrx_word' id='word_1_144' title='bbox 2894 598 3150 669; x_wconf 86' lang='lat' dir='ltr'><strong>Spiritum</strong></span> <span class='ocrx_word' id='word_1_145' title='bbox 3182 610 3431 656; x_wconf 88' lang='lat' dir='ltr'><strong>sanctum</strong></span> 
     </span>
    </p>
   </div>
   <div class='ocr_carea' id='block_1_20' title="bbox 1845 689 3430 762">
    <p class='ocr_par' dir='ltr' id='par_1_20' title="bbox 1845 689 3430 762">
     <span class='ocr_line' id='line_1_20' title="bbox 1845 689 3430 762; baseline 0.002 -19"><span class='ocrx_word' id='word_1_146' title='bbox 1845 690 2146 745; x_wconf 86' lang='lat' dir='ltr'><strong>habuerunt</strong></span> <span class='ocrx_word' id='word_1_147' title='bbox 2183 697 2240 743; x_wconf 91' lang='lat' dir='ltr'><strong>ut</strong></span> <span class='ocrx_word' id='word_1_148' title='bbox 2276 697 2329 743; x_wconf 90' lang='lat' dir='ltr'><strong>et</strong></span> <span class='ocrx_word' id='word_1_149' title='bbox 2365 689 2462 759; x_wconf 86' lang='lat' dir='ltr'><strong>ipsi</strong></span> <span class='ocrx_word' id='word_1_150' title='bbox 2500 690 2810 745; x_wconf 85' lang='lat' dir='ltr'><strong>innocenter</strong></span> <span class='ocrx_word' id='word_1_151' title='bbox 2841 690 3087 745; x_wconf 89' lang='lat' dir='ltr'><strong>viverent</strong></span> <span class='ocrx_word' id='word_1_152' title='bbox 3114 700 3169 745; x_wconf 86' lang='lat' dir='ltr'><strong>et</strong></span> <span class='ocrx_word' id='word_1_153' title='bbox 3205 692 3258 745; x_wconf 92' lang='lat' dir='ltr'><strong>in</strong></span> <span class='ocrx_word' id='word_1_154' title='bbox 3289 708 3430 762; x_wconf 69' lang='lat' dir='ltr'><strong>prse-</strong></span> 
     </span>
    </p>
   </div>
   <div class='ocr_carea' id='block_1_21' title="bbox 1843 779 3433 854">
    <p class='ocr_par' dir='ltr' id='par_1_21' title="bbox 1843 779 3433 854">
     <span class='ocr_line' id='line_1_21' title="bbox 1843 779 3433 854; baseline 0.002 -22"><span class='ocrx_word' id='word_1_155' title='bbox 1843 780 2113 835; x_wconf 86' lang='lat' dir='ltr'><strong>dicatione</strong></span> <span class='ocrx_word' id='word_1_156' title='bbox 2142 780 2459 849; x_wconf 76' lang='lat' dir='ltr'><strong>quibusdam</strong></span> <span class='ocrx_word' id='word_1_157' title='bbox 2495 779 2828 850; x_wconf 82' lang='lat' dir='ltr'><strong>prodessent,</strong></span> <span class='ocrx_word' id='word_1_158' title='bbox 2882 782 3084 837; x_wconf 89' lang='lat' dir='ltr'><strong>idcirco</strong></span> <span class='ocrx_word' id='word_1_159' title='bbox 3128 784 3271 837; x_wconf 91' lang='lat' dir='ltr'><strong>hunc</strong></span> <span class='ocrx_word' id='word_1_160' title='bbox 3312 788 3433 854; x_wconf 88' lang='lat' dir='ltr'><strong>post</strong></span> 
     </span>
    </p>
   </div>
   <div class='ocr_carea' id='block_1_22' title="bbox 1846 869 3429 944">
    <p class='ocr_par' dir='ltr' id='par_1_22' title="bbox 1846 869 3429 944">
     <span class='ocr_line' id='line_1_22' title="bbox 1846 869 3429 944; baseline 0.003 -21"><span class='ocrx_word' id='word_1_161' title='bbox 1846 871 2291 925; x_wconf 88' lang='lat' dir='ltr'><strong>resurrectionem</strong></span> <span class='ocrx_word' id='word_1_162' title='bbox 2324 869 2533 925; x_wconf 88' lang='lat' dir='ltr'><strong>Domini</strong></span> <span class='ocrx_word' id='word_1_163' title='bbox 2576 880 2820 939; x_wconf 87' lang='lat' dir='ltr'><strong>patenter</strong></span> <span class='ocrx_word' id='word_1_164' title='bbox 2860 882 3203 944; x_wconf 87' lang='lat' dir='ltr'><strong>acceperunt,</strong></span> <span class='ocrx_word' id='word_1_165' title='bbox 3233 880 3294 927; x_wconf 92' lang='lat' dir='ltr'><strong>ut</strong></span> <span class='ocrx_word' id='word_1_166' title='bbox 3320 886 3429 928; x_wconf 85' lang='lat' dir='ltr'><strong>non</strong></span> 
     </span>
    </p>
   </div>
   <div class='ocr_carea' id='block_1_23' title="bbox 1844 962 3175 1034">
    <p class='ocr_par' dir='ltr' id='par_1_23' title="bbox 1844 962 3175 1034">
     <span class='ocr_line' id='line_1_23' title="bbox 1844 962 3175 1034; baseline 0.002 -18"><span class='ocrx_word' id='word_1_167' title='bbox 1844 962 2166 1033; x_wconf 86' lang='lat' dir='ltr'><strong>prodessent</strong></span> <span class='ocrx_word' id='word_1_168' title='bbox 2192 964 2398 1033; x_wconf 86' lang='lat' dir='ltr'><strong>paucis,</strong></span> <span class='ocrx_word' id='word_1_169' title='bbox 2432 964 2526 1019; x_wconf 90' lang='lat' dir='ltr'><strong>sed</strong></span> <span class='ocrx_word' id='word_1_170' title='bbox 2556 962 2799 1032; x_wconf 89' lang='lat' dir='ltr'><strong>pluribus</strong></span> <span class='ocrx_word' id='word_1_171' title='bbox 2832 963 3175 1034; x_wconf 87' lang='lat' dir='ltr'><strong>profuissent.</strong></span> 
     </span>
    </p>
   </div>
   <div class='ocr_carea' id='block_1_24' title="bbox 1918 1056 3430 1127">
    <p class='ocr_par' dir='ltr' id='par_1_24' title="bbox 1918 1056 3430 1127">
     <span class='ocr_line' id='line_1_24' title="bbox 1918 1056 3430 1127; baseline 0.002 -18"><span class='ocrx_word' id='word_1_172' title='bbox 1918 1057 2142 1112; x_wconf 78' lang='lat' dir='ltr'><strong>Thomas</strong></span> <span class='ocrx_word' id='word_1_173' title='bbox 2168 1066 2339 1111; x_wconf 89' lang='lat' dir='ltr'><strong>autem</strong></span> <span class='ocrx_word' id='word_1_174' title='bbox 2367 1074 2502 1112; x_wconf 85' lang='lat' dir='ltr'><strong>unus</strong></span> <span class='ocrx_word' id='word_1_175' title='bbox 2531 1058 2594 1111; x_wconf 89' lang='lat' dir='ltr'><strong>de</strong></span> <span class='ocrx_word' id='word_1_176' title='bbox 2614 1056 2905 1123; x_wconf 83' lang='lat' dir='ltr'><strong>duodecim,</strong></span> <span class='ocrx_word' id='word_1_177' title='bbox 2933 1060 3020 1127; x_wconf 86' lang='lat' dir='ltr'><strong>qui</strong></span> <span class='ocrx_word' id='word_1_178' title='bbox 3051 1058 3241 1111; x_wconf 88' lang='lat' dir='ltr'><strong>dicitur</strong></span> <span class='ocrx_word' id='word_1_179' title='bbox 3260 1057 3430 1127; x_wconf 79' lang='lat' dir='ltr'><strong>Didy-</strong></span> 
     </span>
    </p>
   </div>
   <div class='ocr_carea' id='block_1_25' title="bbox 1846 1149 3429 1219">
    <p class='ocr_par' dir='ltr' id='par_1_25' title="bbox 1846 1149 3429 1219">
     <span class='ocr_line' id='line_1_25' title="bbox 1846 1149 3429 1219; baseline 0.001 -17"><span class='ocrx_word' id='word_1_180' title='bbox 1846 1166 1986 1214; x_wconf 88' lang='lat' dir='ltr'><strong>mus,</strong></span> <span class='ocrx_word' id='word_1_181' title='bbox 2018 1165 2120 1204; x_wconf 86' lang='lat' dir='ltr'><strong>non</strong></span> <span class='ocrx_word' id='word_1_182' title='bbox 2145 1159 2255 1203; x_wconf 88' lang='lat' dir='ltr'><strong>erat</strong></span> <span class='ocrx_word' id='word_1_183' title='bbox 2287 1166 2403 1202; x_wconf 89' lang='lat' dir='ltr'><strong>cum</strong></span> <span class='ocrx_word' id='word_1_184' title='bbox 2433 1150 2505 1203; x_wconf 88' lang='lat' dir='ltr'><strong>eis</strong></span> <span class='ocrx_word' id='word_1_185' title='bbox 2536 1150 2743 1219; x_wconf 84' lang='lat' dir='ltr'><strong>quando</strong></span> <span class='ocrx_word' id='word_1_186' title='bbox 2773 1149 2905 1204; x_wconf 86' lang='lat' dir='ltr'><strong>venit</strong></span> <span class='ocrx_word' id='word_1_187' title='bbox 2930 1149 3106 1205; x_wconf 72' lang='lat' dir='ltr'><strong>Iesus.</strong></span> <span class='ocrx_word' id='word_1_188' title='bbox 3152 1151 3259 1206; x_wconf 90' lang='lat' dir='ltr'><strong>lste</strong></span> <span class='ocrx_word' id='word_1_189' title='bbox 3289 1166 3429 1206; x_wconf 88' lang='lat' dir='ltr'><strong>unus</strong></span> 
     </span>
    </p>
   </div>
   <div class='ocr_carea' id='block_1_26' title="bbox 1845 1238 3427 1312">
    <p class='ocr_par' dir='ltr' id='par_1_26' title="bbox 1845 1238 3427 1312">
     <span class='ocr_line' id='line_1_26' title="bbox 1845 1238 3427 1312; baseline 0.002 -20"><span class='ocrx_word' id='word_1_190' title='bbox 1845 1238 2139 1309; x_wconf 85' lang='lat' dir='ltr'><strong>discipulus</strong></span> <span class='ocrx_word' id='word_1_191' title='bbox 2165 1238 2350 1295; x_wconf 83' lang='lat' dir='ltr'><strong>defuit.</strong></span> <span class='ocrx_word' id='word_1_192' title='bbox 2394 1238 2662 1294; x_wconf 79' lang='lat' dir='ltr'><strong>Reversus</strong></span> <span class='ocrx_word' id='word_1_193' title='bbox 2691 1241 2834 1309; x_wconf 88' lang='lat' dir='ltr'><strong>quod</strong></span> <span class='ocrx_word' id='word_1_194' title='bbox 2860 1250 3070 1312; x_wconf 90' lang='lat' dir='ltr'><strong>gestum</strong></span> <span class='ocrx_word' id='word_1_195' title='bbox 3098 1250 3179 1296; x_wconf 92' lang='lat' dir='ltr'><strong>est</strong></span> <span class='ocrx_word' id='word_1_196' title='bbox 3204 1242 3427 1305; x_wconf 84' lang='lat' dir='ltr'><strong>audivit,</strong></span> 
     </span>
    </p>
   </div>
   <div class='ocr_carea' id='block_1_27' title="bbox 1844 1331 3426 1388">
    <p class='ocr_par' dir='ltr' id='par_1_27' title="bbox 1844 1331 3426 1388">
     <span class='ocr_line' id='line_1_27' title="bbox 1844 1331 3426 1388; baseline 0.002 -4"><span class='ocrx_word' id='word_1_197' title='bbox 1844 1332 2023 1386; x_wconf 87' lang='lat' dir='ltr'><strong>audita</strong></span> <span class='ocrx_word' id='word_1_198' title='bbox 2054 1331 2271 1386; x_wconf 88' lang='lat' dir='ltr'><strong>credere</strong></span> <span class='ocrx_word' id='word_1_199' title='bbox 2298 1332 2494 1386; x_wconf 91' lang='lat' dir='ltr'><strong>renuit.</strong></span> <span class='ocrx_word' id='word_1_200' title='bbox 2548 1331 2705 1386; x_wconf 84' lang='lat' dir='ltr'><strong>Venit</strong></span> <span class='ocrx_word' id='word_1_201' title='bbox 2732 1332 2925 1387; x_wconf 90' lang='lat' dir='ltr'><strong>iterum</strong></span> <span class='ocrx_word' id='word_1_202' title='bbox 2956 1333 3214 1388; x_wconf 90' lang='lat' dir='ltr'><strong>Dominus</strong></span> <span class='ocrx_word' id='word_1_203' title='bbox 3234 1340 3287 1388; x_wconf 89' lang='lat' dir='ltr'><strong>et</strong></span> <span class='ocrx_word' id='word_1_204' title='bbox 3317 1349 3426 1387; x_wconf 84' lang='lat' dir='ltr'><strong>non</strong></span> 
     </span>
    </p>
   </div>
   <div class='ocr_carea' id='block_1_28' title="bbox 1844 1423 3426 1495">
    <p class='ocr_par' dir='ltr' id='par_1_28' title="bbox 1844 1423 3426 1495">
     <span class='ocr_line' id='line_1_28' title="bbox 1844 1423 3426 1495; baseline 0 -18"><span class='ocrx_word' id='word_1_205' title='bbox 1844 1424 2082 1479; x_wconf 88' lang='lat' dir='ltr'><strong>credenti</strong></span> <span class='ocrx_word' id='word_1_206' title='bbox 2118 1423 2379 1493; x_wconf 88' lang='lat' dir='ltr'><strong>discipulo</strong></span> <span class='ocrx_word' id='word_1_207' title='bbox 2425 1424 2563 1478; x_wconf 90' lang='lat' dir='ltr'><strong>latus</strong></span> <span class='ocrx_word' id='word_1_208' title='bbox 2600 1423 2924 1494; x_wconf 80' lang='lat' dir='ltr'><strong>palpandum</strong></span> <span class='ocrx_word' id='word_1_209' title='bbox 2955 1424 3204 1495; x_wconf 77' lang='lat' dir='ltr'><strong>prmbuit,</strong></span> <span class='ocrx_word' id='word_1_210' title='bbox 3235 1439 3426 1478; x_wconf 85' lang='lat' dir='ltr'><strong>manus</strong></span> 
     </span>
    </p>
   </div>
   <div class='ocr_carea' id='block_1_29' title="bbox 1842 1517 3425 1581">
    <p class='ocr_par' dir='ltr' id='par_1_29' title="bbox 1842 1517 3425 1581">
     <span class='ocr_line' id='line_1_29' title="bbox 1842 1517 3425 1581; baseline 0.001 -10"><span class='ocrx_word' id='word_1_211' title='bbox 1842 1518 2097 1581; x_wconf 88' lang='lat' dir='ltr'><strong>ostendit,</strong></span> <span class='ocrx_word' id='word_1_212' title='bbox 2130 1525 2185 1572; x_wconf 91' lang='lat' dir='ltr'><strong>et</strong></span> <span class='ocrx_word' id='word_1_213' title='bbox 2212 1525 2428 1573; x_wconf 87' lang='lat' dir='ltr'><strong>ostensa</strong></span> <span class='ocrx_word' id='word_1_214' title='bbox 2455 1517 2738 1571; x_wconf 84' lang='lat' dir='ltr'><strong>vulnerum</strong></span> <span class='ocrx_word' id='word_1_215' title='bbox 2770 1532 2988 1572; x_wconf 89' lang='lat' dir='ltr'><strong>suorum</strong></span> <span class='ocrx_word' id='word_1_216' title='bbox 3028 1518 3301 1580; x_wconf 84' lang='lat' dir='ltr'><strong>cicatrice.</strong></span> <span class='ocrx_word' id='word_1_217' title='bbox 3342 1520 3425 1573; x_wconf 85' lang='lat' dir='ltr'><strong>in-</strong></span> 
     </span>
    </p>
   </div>
   <div class='ocr_carea' id='block_1_30' title="bbox 1842 1606 3426 1677">
    <p class='ocr_par' dir='ltr' id='par_1_30' title="bbox 1842 1606 3426 1677">
     <span class='ocr_line' id='line_1_30' title="bbox 1842 1606 3426 1677; baseline 0.001 -16"><span class='ocrx_word' id='word_1_218' title='bbox 1842 1606 2113 1663; x_wconf 87' lang='lat' dir='ltr'><strong>ﬁdelitatis</strong></span> <span class='ocrx_word' id='word_1_219' title='bbox 2140 1608 2282 1663; x_wconf 88' lang='lat' dir='ltr'><strong>illius</strong></span> <span class='ocrx_word' id='word_1_220' title='bbox 2323 1608 2516 1663; x_wconf 84' lang='lat' dir='ltr'><strong>vulnus</strong></span> <span class='ocrx_word' id='word_1_221' title='bbox 2564 1609 2793 1664; x_wconf 85' lang='lat' dir='ltr'><strong>sanavit.</strong></span> <span class='ocrx_word' id='word_1_222' title='bbox 2847 1608 3003 1677; x_wconf 86' lang='lat' dir='ltr'><strong>Quid,</strong></span> <span class='ocrx_word' id='word_1_223' title='bbox 3058 1609 3253 1665; x_wconf 88' lang='lat' dir='ltr'><strong>fratres</strong></span> <span class='ocrx_word' id='word_1_224' title='bbox 3300 1609 3426 1665; x_wconf 81' lang='lat' dir='ltr'><strong>cha-</strong></span> 
     </span>
    </p>
   </div>
   <div class='ocr_carea' id='block_1_31' title="bbox 1842 1698 3423 1771">
    <p class='ocr_par' dir='ltr' id='par_1_31' title="bbox 1842 1698 3423 1771">
     <span class='ocr_line' id='line_1_31' title="bbox 1842 1698 3423 1771; baseline 0.003 -19"><span class='ocrx_word' id='word_1_225' title='bbox 1842 1698 2060 1764; x_wconf 90' lang='lat' dir='ltr'><strong>rissimi,</strong></span> <span class='ocrx_word' id='word_1_226' title='bbox 2106 1699 2233 1769; x_wconf 89' lang='lat' dir='ltr'><strong>quid</strong></span> <span class='ocrx_word' id='word_1_227' title='bbox 2279 1700 2420 1754; x_wconf 88' lang='lat' dir='ltr'><strong>inter</strong></span> <span class='ocrx_word' id='word_1_228' title='bbox 2466 1700 2582 1754; x_wconf 80' lang='lat' dir='ltr'><strong>btec</strong></span> <span class='ocrx_word' id='word_1_229' title='bbox 2635 1701 3132 1757; x_wconf 86' lang='lat' dir='ltr'><strong>animadvertistis?</strong></span> <span class='ocrx_word' id='word_1_230' title='bbox 3182 1703 3423 1771; x_wconf 71' lang='lat' dir='ltr'><strong>nunquid</strong></span> 
     </span>
    </p>
   </div>
   <div class='ocr_carea' id='block_1_32' title="bbox 1841 1795 3425 1866">
    <p class='ocr_par' dir='ltr' id='par_1_32' title="bbox 1841 1795 3425 1866">
     <span class='ocr_line' id='line_1_32' title="bbox 1841 1795 3425 1866; baseline 0 -17"><span class='ocrx_word' id='word_1_231' title='bbox 1841 1809 1968 1849; x_wconf 86' lang='lat' dir='ltr'><strong>casu</strong></span> <span class='ocrx_word' id='word_1_232' title='bbox 2013 1803 2221 1866; x_wconf 88' lang='lat' dir='ltr'><strong>gestum</strong></span> <span class='ocrx_word' id='word_1_233' title='bbox 2260 1795 2483 1850; x_wconf 86' lang='lat' dir='ltr'><strong>creditis</strong></span> <span class='ocrx_word' id='word_1_234' title='bbox 2524 1803 2581 1849; x_wconf 92' lang='lat' dir='ltr'><strong>ut</strong></span> <span class='ocrx_word' id='word_1_235' title='bbox 2620 1796 2822 1851; x_wconf 89' lang='lat' dir='ltr'><strong>electus</strong></span> <span class='ocrx_word' id='word_1_236' title='bbox 2863 1796 2949 1850; x_wconf 92' lang='lat' dir='ltr'><strong>ille</strong></span> <span class='ocrx_word' id='word_1_237' title='bbox 2976 1795 3265 1866; x_wconf 86' lang='lat' dir='ltr'><strong>discipulus</strong></span> <span class='ocrx_word' id='word_1_238' title='bbox 3296 1804 3425 1849; x_wconf 88' lang='lat' dir='ltr'><strong>tunc</strong></span> 
     </span>
    </p>
   </div>
   <div class='ocr_carea' id='block_1_33' title="bbox 166 1859 3422 1950">
    <p class='ocr_par' dir='ltr' id='par_1_33' title="bbox 166 1859 3422 1950">
     <span class='ocr_line' id='line_1_33' title="bbox 166 1859 3422 1950; baseline 0.004 -22"><span class='ocrx_word' id='word_1_239' title='bbox 166 1868 460 1924; x_wconf 80' lang='lat' dir='ltr'><strong>Dominum.</strong></span> <span class='ocrx_word' id='word_1_240' title='bbox 504 1871 643 1941; x_wconf 82' lang='lat' dir='ltr'><strong>Lege</strong></span> <span class='ocrx_word' id='word_1_241' title='bbox 676 1871 953 1940; x_wconf 78' lang='lat' dir='ltr'><strong>epistolam</strong></span> <span class='ocrx_word' id='word_1_242' title='bbox 996 1872 1167 1927; x_wconf 84' lang='lat' dir='ltr'><strong>sancti</strong></span> <span class='ocrx_word' id='word_1_243' title='bbox 1194 1871 1477 1943; x_wconf 79' lang='lat' dir='ltr'><strong>Augustini</strong></span> <span class='ocrx_word' id='word_1_244' title='bbox 1516 1874 1583 1927; x_wconf 82' lang='lat' dir='ltr'><strong>ad</strong></span> <span class='ocrx_word' id='word_1_245' title='bbox 1616 1873 1742 1928; x_wconf 79' lang='lat' dir='ltr'><strong>Cre-</strong></span> <span class='ocrx_word' id='word_1_246' title='bbox 1768 1859 1814 1917; x_wconf 81' lang='grc' dir='ltr'>Β</span> <span class='ocrx_word' id='word_1_247' title='bbox 1843 1859 2092 1940; x_wconf 60' lang='lat' dir='ltr'><strong>deesset?</strong></span> <span class='ocrx_word' id='word_1_248' title='bbox 2146 1886 2268 1941; x_wconf 84' lang='lat' dir='ltr'><strong>Post</strong></span> <span class='ocrx_word' id='word_1_249' title='bbox 2298 1888 2412 1941; x_wconf 59' lang='lat' dir='ltr'><strong>haec</strong></span> <span class='ocrx_word' id='word_1_250' title='bbox 2436 1889 2655 1942; x_wconf 89' lang='lat' dir='ltr'><strong>veniens</strong></span> <span class='ocrx_word' id='word_1_251' title='bbox 2682 1888 2907 1950; x_wconf 82' lang='lat' dir='ltr'><strong>audiret,</strong></span> <span class='ocrx_word' id='word_1_252' title='bbox 2954 1859 3177 1943; x_wconf 76' lang='lat' dir='ltr'><strong>audiens</strong></span> <span class='ocrx_word' id='word_1_253' title='bbox 3213 1888 3422 1942; x_wconf 85' lang='lat' dir='ltr'><strong>dubita-</strong></span> 
     </span>
    </p>
   </div>
   <div class='ocr_carea' id='block_1_34' title="bbox 165 1960 1665 2031">
    <p class='ocr_par' dir='ltr' id='par_1_34' title="bbox 165 1960 1665 2031">
     <span class='ocr_line' id='line_1_34' title="bbox 165 1960 1665 2031; baseline 0.003 -18"><span class='ocrx_word' id='word_1_254' title='bbox 165 1960 418 2013; x_wconf 84' lang='lat' dir='ltr'><strong>scentium</strong></span> <span class='ocrx_word' id='word_1_255' title='bbox 447 1962 513 2014; x_wconf 87' lang='lat' dir='ltr'><strong>de</strong></span> <span class='ocrx_word' id='word_1_256' title='bbox 539 1976 763 2029; x_wconf 87' lang='lat' dir='ltr'><strong>corpore</strong></span> <span class='ocrx_word' id='word_1_257' title='bbox 790 1960 998 2014; x_wconf 89' lang='lat' dir='ltr'><strong>Domini</strong></span> <span class='ocrx_word' id='word_1_258' title='bbox 1034 1969 1157 2031; x_wconf 91' lang='lat' dir='ltr'><strong>post</strong></span> <span class='ocrx_word' id='word_1_259' title='bbox 1194 1964 1665 2019; x_wconf 84' lang='lat' dir='ltr'><strong>resurrectionem.</strong></span> 
     </span>
    </p>
   </div>
   <div class='ocr_carea' id='block_1_35' title="bbox 232 2050 1739 2122">
    <p class='ocr_par' dir='ltr' id='par_1_35' title="bbox 232 2050 1739 2122">
     <span class='ocr_line' id='line_1_35' title="bbox 232 2050 1739 2122; baseline 0.005 -20"><span class='ocrx_word' id='word_1_260' title='bbox 232 2050 364 2103; x_wconf 89' lang='lat' dir='ltr'><strong>Dicit</strong></span> <span class='ocrx_word' id='word_1_261' title='bbox 390 2066 521 2122; x_wconf 82' lang='lat' dir='ltr'><strong>ergo</strong></span> <span class='ocrx_word' id='word_1_262' title='bbox 542 2053 622 2105; x_wconf 86' lang='lat' dir='ltr'><strong>eis</strong></span> <span class='ocrx_word' id='word_1_263' title='bbox 652 2053 842 2105; x_wconf 87' lang='lat' dir='ltr'><strong>iterum</strong></span> <span class='ocrx_word' id='word_1_264' title='bbox 874 2051 989 2105; x_wconf 75' lang='lat' dir='ltr'><strong>Pax</strong></span> <span class='ocrx_word' id='word_1_265' title='bbox 1010 2053 1176 2106; x_wconf 79' lang='lat' dir='ltr'><strong>oob&#39;s.</strong></span> <span class='ocrx_word' id='word_1_266' title='bbox 1231 2054 1448 2107; x_wconf 87' lang='lat' dir='ltr'><strong>lteratio</strong></span> <span class='ocrx_word' id='word_1_267' title='bbox 1475 2055 1739 2110; x_wconf 88' lang='lat' dir='ltr'><strong>sermonis</strong></span> 
     </span>
    </p>
   </div>
   <div class='ocr_carea' id='block_1_36' title="bbox 164 2142 1737 2211">
    <p class='ocr_par' dir='ltr' id='par_1_36' title="bbox 164 2142 1737 2211">
     <span class='ocr_line' id='line_1_36' title="bbox 164 2142 1737 2211; baseline 0 -13"><span class='ocrx_word' id='word_1_268' title='bbox 164 2142 494 2198; x_wconf 76' lang='lat' dir='ltr'><strong>cauiirmatio</strong></span> <span class='ocrx_word' id='word_1_269' title='bbox 525 2153 629 2197; x_wconf 88' lang='lat' dir='ltr'><strong>est.</strong></span> <span class='ocrx_word' id='word_1_270' title='bbox 668 2142 815 2211; x_wconf 83' lang='lat' dir='ltr'><strong>Quod</strong></span> <span class='ocrx_word' id='word_1_271' title='bbox 844 2154 1021 2197; x_wconf 89' lang='lat' dir='ltr'><strong>autem</strong></span> <span class='ocrx_word' id='word_1_272' title='bbox 1054 2145 1184 2199; x_wconf 79' lang='lat' dir='ltr'><strong>dicit</strong></span> <span class='ocrx_word' id='word_1_273' title='bbox 1213 2146 1472 2210; x_wconf 89' lang='lat' dir='ltr'><strong>secundo,</strong></span> <span class='ocrx_word' id='word_1_274' title='bbox 1502 2144 1620 2199; x_wconf 75' lang='lat' dir='ltr'><strong>Pax</strong></span> <span class='ocrx_word' id='word_1_275' title='bbox 1654 2162 1737 2199; x_wconf 84' lang='lat' dir='ltr'><strong>vo-</strong></span> 
     </span>
    </p>
   </div>
   <div class='ocr_carea' id='block_1_37' title="bbox 163 2232 1737 2310">
    <p class='ocr_par' dir='ltr' id='par_1_37' title="bbox 163 2232 1737 2310">
     <span class='ocr_line' id='line_1_37' title="bbox 163 2232 1737 2310; baseline 0.006 -25"><span class='ocrx_word' id='word_1_276' title='bbox 163 2232 255 2295; x_wconf 81' lang='lat' dir='ltr'><strong>bis,</strong></span> <span class='ocrx_word' id='word_1_277' title='bbox 281 2234 517 2287; x_wconf 77' lang='lat' dir='ltr'><strong>ostendit</strong></span> <span class='ocrx_word' id='word_1_278' title='bbox 536 2235 814 2304; x_wconf 87' lang='lat' dir='ltr'><strong>paciﬁcata</strong></span> <span class='ocrx_word' id='word_1_279' title='bbox 836 2250 953 2291; x_wconf 89' lang='lat' dir='ltr'><strong>esse</strong></span> <span class='ocrx_word' id='word_1_280' title='bbox 974 2251 1093 2305; x_wconf 71' lang='lat' dir='ltr'><strong>qua:</strong></span> <span class='ocrx_word' id='word_1_281' title='bbox 1117 2237 1169 2290; x_wconf 88' lang='lat' dir='ltr'><strong>in</strong></span> <span class='ocrx_word' id='word_1_282' title='bbox 1192 2237 1343 2293; x_wconf 76' lang='lat' dir='ltr'><strong>cmlis</strong></span> <span class='ocrx_word' id='word_1_283' title='bbox 1366 2247 1513 2303; x_wconf 89' lang='lat' dir='ltr'><strong>sunt,</strong></span> <span class='ocrx_word' id='word_1_284' title='bbox 1540 2247 1595 2292; x_wconf 91' lang='lat' dir='ltr'><strong>et</strong></span> <span class='ocrx_word' id='word_1_285' title='bbox 1617 2256 1737 2310; x_wconf 84' lang='lat' dir='ltr'><strong>quae</strong></span> 
     </span>
    </p>
   </div>
   <div class='ocr_carea' id='block_1_38' title="bbox 162 2320 1049 2394">
    <p class='ocr_par' dir='ltr' id='par_1_38' title="bbox 162 2320 1049 2394">
     <span class='ocr_line' id='line_1_38' title="bbox 162 2320 1049 2394; baseline 0.002 -18"><span class='ocrx_word' id='word_1_286' title='bbox 162 2320 212 2376; x_wconf 90' lang='lat' dir='ltr'><strong>in</strong></span> <span class='ocrx_word' id='word_1_287' title='bbox 245 2323 396 2377; x_wconf 87' lang='lat' dir='ltr'><strong>terris</strong></span> <span class='ocrx_word' id='word_1_288' title='bbox 422 2339 518 2392; x_wconf 87' lang='lat' dir='ltr'><strong>per</strong></span> <span class='ocrx_word' id='word_1_289' title='bbox 540 2326 851 2394; x_wconf 80' lang='lat' dir='ltr'><strong>sanguinem</strong></span> <span class='ocrx_word' id='word_1_290' title='bbox 875 2341 1049 2392; x_wconf 75' lang='lat' dir='ltr'><strong>suum.</strong></span> 
     </span>
    </p>
   </div>
   <div class='ocr_carea' id='block_1_39' title="bbox 230 2410 1736 2483">
    <p class='ocr_par' dir='ltr' id='par_1_39' title="bbox 230 2410 1736 2483">
     <span class='ocr_line' id='line_1_39' title="bbox 230 2410 1736 2483; baseline 0.006 -19"><span class='ocrx_word' id='word_1_291' title='bbox 230 2410 368 2465; x_wconf 76' lang='lat' dir='ltr'><strong>Sicut</strong></span> <span class='ocrx_word' id='word_1_292' title='bbox 396 2414 535 2465; x_wconf 80' lang='lat' dir='ltr'><strong>misit</strong></span> <span class='ocrx_word' id='word_1_293' title='bbox 566 2430 645 2466; x_wconf 87' lang='lat' dir='ltr'><strong>me</strong></span> <span class='ocrx_word' id='word_1_294' title='bbox 671 2411 849 2479; x_wconf 85' lang='lat' dir='ltr'><strong>Pater,</strong></span> <span class='ocrx_word' id='word_1_295' title='bbox 870 2424 915 2467; x_wconf 88' lang='lat' dir='ltr'><strong>et</strong></span> <span class='ocrx_word' id='word_1_296' title='bbox 938 2431 1027 2483; x_wconf 85' lang='lat' dir='ltr'><strong>ego</strong></span> <span class='ocrx_word' id='word_1_297' title='bbox 1050 2417 1191 2469; x_wconf 83' lang='lat' dir='ltr'><strong>mitto</strong></span> <span class='ocrx_word' id='word_1_298' title='bbox 1212 2433 1319 2471; x_wconf 86' lang='lat' dir='ltr'><strong>vos.</strong></span> <span class='ocrx_word' id='word_1_299' title='bbox 1361 2415 1521 2471; x_wconf 86' lang='lat' dir='ltr'><strong>Pater</strong></span> <span class='ocrx_word' id='word_1_300' title='bbox 1542 2416 1736 2473; x_wconf 83' lang='lat' dir='ltr'><strong>Filium</strong></span> 
     </span>
    </p>
   </div>
   <div class='ocr_carea' id='block_1_40' title="bbox 161 2500 1736 2578">
    <p class='ocr_par' dir='ltr' id='par_1_40' title="bbox 161 2500 1736 2578">
     <span class='ocr_line' id='line_1_40' title="bbox 161 2500 1736 2578; baseline 0.006 -24"><span class='ocrx_word' id='word_1_301' title='bbox 161 2500 315 2563; x_wconf 87' lang='lat' dir='ltr'><strong>misit,</strong></span> <span class='ocrx_word' id='word_1_302' title='bbox 349 2502 438 2571; x_wconf 91' lang='lat' dir='ltr'><strong>qui</strong></span> <span class='ocrx_word' id='word_1_303' title='bbox 472 2504 619 2556; x_wconf 89' lang='lat' dir='ltr'><strong>hunc</strong></span> <span class='ocrx_word' id='word_1_304' title='bbox 648 2518 745 2573; x_wconf 89' lang='lat' dir='ltr'><strong>pro</strong></span> <span class='ocrx_word' id='word_1_305' title='bbox 773 2504 1140 2573; x_wconf 88' lang='lat' dir='ltr'><strong>redemptione</strong></span> <span class='ocrx_word' id='word_1_306' title='bbox 1165 2508 1379 2578; x_wconf 88' lang='lat' dir='ltr'><strong>generis</strong></span> <span class='ocrx_word' id='word_1_307' title='bbox 1409 2508 1625 2563; x_wconf 88' lang='lat' dir='ltr'><strong>humani</strong></span> <span class='ocrx_word' id='word_1_308' title='bbox 1655 2510 1736 2564; x_wconf 93' lang='lat' dir='ltr'><strong>in-</strong></span> 
     </span>
    </p>
   </div>
   <div class='ocr_carea' id='block_1_41' title="bbox 158 2594 1733 2664">
    <p class='ocr_par' dir='ltr' id='par_1_41' title="bbox 158 2594 1733 2664">
     <span class='ocr_line' id='line_1_41' title="bbox 158 2594 1733 2664; baseline 0.004 -16"><span class='ocrx_word' id='word_1_309' title='bbox 158 2594 359 2648; x_wconf 83' lang='lat' dir='ltr'><strong>carnari</strong></span> <span class='ocrx_word' id='word_1_310' title='bbox 400 2594 712 2658; x_wconf 88' lang='lat' dir='ltr'><strong>constituit;</strong></span> <span class='ocrx_word' id='word_1_311' title='bbox 745 2611 901 2664; x_wconf 90' lang='lat' dir='ltr'><strong>quem</strong></span> <span class='ocrx_word' id='word_1_312' title='bbox 938 2595 1184 2651; x_wconf 85' lang='lat' dir='ltr'><strong>videlicet</strong></span> <span class='ocrx_word' id='word_1_313' title='bbox 1222 2598 1277 2651; x_wconf 89' lang='lat' dir='ltr'><strong>in</strong></span> <span class='ocrx_word' id='word_1_314' title='bbox 1314 2600 1514 2654; x_wconf 89' lang='lat' dir='ltr'><strong>mundo</strong></span> <span class='ocrx_word' id='word_1_315' title='bbox 1549 2601 1733 2655; x_wconf 88' lang='lat' dir='ltr'><strong>venire</strong></span> 
     </span>
    </p>
   </div>
   <div class='ocr_carea' id='block_1_42' title="bbox 157 2683 1731 2760">
    <p class='ocr_par' dir='ltr' id='par_1_42' title="bbox 157 2683 1731 2760">
     <span class='ocr_line' id='line_1_42' title="bbox 157 2683 1731 2760; baseline 0.006 -24"><span class='ocrx_word' id='word_1_316' title='bbox 157 2683 219 2738; x_wconf 85' lang='lat' dir='ltr'><strong>ad</strong></span> <span class='ocrx_word' id='word_1_317' title='bbox 243 2684 551 2753; x_wconf 81' lang='lat' dir='ltr'><strong>passionem</strong></span> <span class='ocrx_word' id='word_1_318' title='bbox 582 2684 781 2748; x_wconf 88' lang='lat' dir='ltr'><strong>voluit,</strong></span> <span class='ocrx_word' id='word_1_319' title='bbox 812 2685 904 2739; x_wconf 88' lang='lat' dir='ltr'><strong>sed</strong></span> <span class='ocrx_word' id='word_1_320' title='bbox 932 2693 1109 2741; x_wconf 88' lang='lat' dir='ltr'><strong>tamen</strong></span> <span class='ocrx_word' id='word_1_321' title='bbox 1134 2688 1330 2743; x_wconf 87' lang='lat' dir='ltr'><strong>amavit</strong></span> <span class='ocrx_word' id='word_1_322' title='bbox 1354 2688 1546 2744; x_wconf 83' lang='lat' dir='ltr'><strong>Filium</strong></span> <span class='ocrx_word' id='word_1_323' title='bbox 1570 2706 1731 2760; x_wconf 87' lang='lat' dir='ltr'><strong>quem</strong></span> 
     </span>
    </p>
   </div>
   <div class='ocr_carea' id='block_1_43' title="bbox 158 2773 1732 2849">
    <p class='ocr_par' dir='ltr' id='par_1_43' title="bbox 158 2773 1732 2849">
     <span class='ocr_line' id='line_1_43' title="bbox 158 2773 1732 2849; baseline 0.007 -22"><span class='ocrx_word' id='word_1_324' title='bbox 158 2773 219 2827; x_wconf 86' lang='lat' dir='ltr'><strong>ad</strong></span> <span class='ocrx_word' id='word_1_325' title='bbox 243 2775 546 2843; x_wconf 73' lang='lat' dir='ltr'><strong>passionem</strong></span> <span class='ocrx_word' id='word_1_326' title='bbox 587 2775 748 2830; x_wconf 88' lang='lat' dir='ltr'><strong>tuisit.</strong></span> <span class='ocrx_word' id='word_1_327' title='bbox 786 2776 999 2832; x_wconf 88' lang='lat' dir='ltr'><strong>Electos</strong></span> <span class='ocrx_word' id='word_1_328' title='bbox 1027 2793 1155 2833; x_wconf 89' lang='lat' dir='ltr'><strong>vero</strong></span> <span class='ocrx_word' id='word_1_329' title='bbox 1179 2780 1445 2849; x_wconf 86' lang='lat' dir='ltr'><strong>apostolos</strong></span> <span class='ocrx_word' id='word_1_330' title='bbox 1473 2781 1732 2838; x_wconf 89' lang='lat' dir='ltr'><strong>Dominus</strong></span> 
     </span>
    </p>
   </div>
   <div class='ocr_carea' id='block_1_44' title="bbox 157 2863 1731 2939">
    <p class='ocr_par' dir='ltr' id='par_1_44' title="bbox 157 2863 1731 2939">
     <span class='ocr_line' id='line_1_44' title="bbox 157 2863 1731 2939; baseline 0.008 -23"><span class='ocrx_word' id='word_1_331' title='bbox 157 2876 255 2917; x_wconf 91' lang='lat' dir='ltr'><strong>non</strong></span> <span class='ocrx_word' id='word_1_332' title='bbox 290 2863 355 2918; x_wconf 89' lang='lat' dir='ltr'><strong>ad</strong></span> <span class='ocrx_word' id='word_1_333' title='bbox 383 2864 574 2919; x_wconf 88' lang='lat' dir='ltr'><strong>mundi</strong></span> <span class='ocrx_word' id='word_1_334' title='bbox 605 2866 819 2935; x_wconf 83' lang='lat' dir='ltr'><strong>gaudia,</strong></span> <span class='ocrx_word' id='word_1_335' title='bbox 852 2866 943 2920; x_wconf 88' lang='lat' dir='ltr'><strong>sed</strong></span> <span class='ocrx_word' id='word_1_336' title='bbox 976 2867 1118 2921; x_wconf 87' lang='lat' dir='ltr'><strong>sicut</strong></span> <span class='ocrx_word' id='word_1_337' title='bbox 1156 2868 1271 2939; x_wconf 82' lang='lat' dir='ltr'><strong>ipse</strong></span> <span class='ocrx_word' id='word_1_338' title='bbox 1302 2871 1496 2925; x_wconf 89' lang='lat' dir='ltr'><strong>missus</strong></span> <span class='ocrx_word' id='word_1_339' title='bbox 1537 2880 1620 2927; x_wconf 90' lang='lat' dir='ltr'><strong>est</strong></span> <span class='ocrx_word' id='word_1_340' title='bbox 1663 2874 1731 2928; x_wconf 89' lang='lat' dir='ltr'><strong>ad</strong></span> 
     </span>
    </p>
   </div>
   <div class='ocr_carea' id='block_1_45' title="bbox 156 2952 1731 3030">
    <p class='ocr_par' dir='ltr' id='par_1_45' title="bbox 156 2952 1731 3030">
     <span class='ocr_line' id='line_1_45' title="bbox 156 2952 1731 3030; baseline 0.006 -23"><span class='ocrx_word' id='word_1_341' title='bbox 156 2952 422 3021; x_wconf 79' lang='lat' dir='ltr'><strong>passiones</strong></span> <span class='ocrx_word' id='word_1_342' title='bbox 458 2954 515 3007; x_wconf 87' lang='lat' dir='ltr'><strong>in</strong></span> <span class='ocrx_word' id='word_1_343' title='bbox 554 2954 813 3009; x_wconf 85' lang='lat' dir='ltr'><strong>mundum</strong></span> <span class='ocrx_word' id='word_1_344' title='bbox 845 2955 1029 3009; x_wconf 89' lang='lat' dir='ltr'><strong>mittit.</strong></span> <span class='ocrx_word' id='word_1_345' title='bbox 1071 2957 1204 3025; x_wconf 86' lang='lat' dir='ltr'><strong>Quia</strong></span> <span class='ocrx_word' id='word_1_346' title='bbox 1234 2974 1361 3030; x_wconf 87' lang='lat' dir='ltr'><strong>ergo</strong></span> <span class='ocrx_word' id='word_1_347' title='bbox 1390 2959 1559 3016; x_wconf 86' lang='lat' dir='ltr'><strong>Filius</strong></span> <span class='ocrx_word' id='word_1_348' title='bbox 1580 2976 1731 3017; x_wconf 86' lang='lat' dir='ltr'><strong>ama-</strong></span> 
     </span>
    </p>
   </div>
   <div class='ocr_carea' id='block_1_46' title="bbox 159 3042 1727 3118">
    <p class='ocr_par' dir='ltr' id='par_1_46' title="bbox 159 3042 1727 3118">
     <span class='ocr_line' id='line_1_46' title="bbox 159 3042 1727 3118; baseline 0.009 -24"><span class='ocrx_word' id='word_1_349' title='bbox 159 3051 239 3095; x_wconf 90' lang='lat' dir='ltr'><strong>tur</strong></span> <span class='ocrx_word' id='word_1_350' title='bbox 261 3058 287 3096; x_wconf 87' lang='lat' dir='ltr'><strong>a</strong></span> <span class='ocrx_word' id='word_1_351' title='bbox 315 3042 499 3108; x_wconf 88' lang='lat' dir='ltr'><strong>Patre,</strong></span> <span class='ocrx_word' id='word_1_352' title='bbox 535 3054 591 3101; x_wconf 87' lang='lat' dir='ltr'><strong>et</strong></span> <span class='ocrx_word' id='word_1_353' title='bbox 625 3053 801 3101; x_wconf 84' lang='lat' dir='ltr'><strong>tamen</strong></span> <span class='ocrx_word' id='word_1_354' title='bbox 840 3047 905 3100; x_wconf 90' lang='lat' dir='ltr'><strong>ad</strong></span> <span class='ocrx_word' id='word_1_355' title='bbox 942 3048 1247 3118; x_wconf 88' lang='lat' dir='ltr'><strong>passionem</strong></span> <span class='ocrx_word' id='word_1_356' title='bbox 1288 3051 1538 3116; x_wconf 90' lang='lat' dir='ltr'><strong>mittitur,</strong></span> <span class='ocrx_word' id='word_1_357' title='bbox 1574 3062 1628 3107; x_wconf 91' lang='lat' dir='ltr'><strong>et</strong></span> <span class='ocrx_word' id='word_1_358' title='bbox 1651 3053 1727 3108; x_wconf 85' lang='lat' dir='ltr'><strong>ita</strong></span> 
     </span>
    </p>
   </div>
   <div class='ocr_carea' id='block_1_47' title="bbox 156 3131 1721 3210">
    <p class='ocr_par' dir='ltr' id='par_1_47' title="bbox 156 3131 1721 3210">
     <span class='ocr_line' id='line_1_47' title="bbox 156 3131 1721 3210; baseline 0.009 -26"><span class='ocrx_word' id='word_1_359' title='bbox 156 3131 391 3202; x_wconf 85' lang='lat' dir='ltr'><strong>discipuli</strong></span> <span class='ocrx_word' id='word_1_360' title='bbox 431 3143 687 3189; x_wconf 88' lang='lat' dir='ltr'><strong>amantur</strong></span> <span class='ocrx_word' id='word_1_361' title='bbox 725 3152 754 3189; x_wconf 87' lang='lat' dir='ltr'><strong>a</strong></span> <span class='ocrx_word' id='word_1_362' title='bbox 792 3137 1036 3203; x_wconf 89' lang='lat' dir='ltr'><strong>Domino,</strong></span> <span class='ocrx_word' id='word_1_363' title='bbox 1067 3140 1157 3208; x_wconf 91' lang='lat' dir='ltr'><strong>qui</strong></span> <span class='ocrx_word' id='word_1_364' title='bbox 1192 3148 1374 3195; x_wconf 89' lang='lat' dir='ltr'><strong>tamen</strong></span> <span class='ocrx_word' id='word_1_365' title='bbox 1412 3143 1479 3197; x_wconf 86' lang='lat' dir='ltr'><strong>ad</strong></span> <span class='ocrx_word' id='word_1_366' title='bbox 1513 3143 1721 3210; x_wconf 89' lang='lat' dir='ltr'><strong>passio-</strong></span> 
     </span>
    </p>
   </div>
   <div class='ocr_carea' id='block_1_48' title="bbox 1843 1976 3422 2046">
    <p class='ocr_par' dir='ltr' id='par_1_48' title="bbox 1843 1976 3422 2046">
     <span class='ocr_line' id='line_1_48' title="bbox 1843 1976 3422 2046; baseline 0.001 -17"><span class='ocrx_word' id='word_1_367' title='bbox 1843 1983 1945 2040; x_wconf 89' lang='lat' dir='ltr'><strong>ret,</strong></span> <span class='ocrx_word' id='word_1_368' title='bbox 1978 1976 2227 2031; x_wconf 88' lang='lat' dir='ltr'><strong>dubitans</strong></span> <span class='ocrx_word' id='word_1_369' title='bbox 2252 1977 2517 2046; x_wconf 86' lang='lat' dir='ltr'><strong>palparet,</strong></span> <span class='ocrx_word' id='word_1_370' title='bbox 2550 1993 2653 2031; x_wconf 89' lang='lat' dir='ltr'><strong>non</strong></span> <span class='ocrx_word' id='word_1_371' title='bbox 2680 1978 2783 2030; x_wconf 90' lang='lat' dir='ltr'><strong>hoc</strong></span> <span class='ocrx_word' id='word_1_372' title='bbox 2810 1992 2935 2031; x_wconf 87' lang='lat' dir='ltr'><strong>casu</strong></span> <span class='ocrx_word' id='word_1_373' title='bbox 2967 1977 3062 2031; x_wconf 85' lang='lat' dir='ltr'><strong>sed</strong></span> <span class='ocrx_word' id='word_1_374' title='bbox 3106 1976 3282 2031; x_wconf 84' lang='lat' dir='ltr'><strong>divina</strong></span> <span class='ocrx_word' id='word_1_375' title='bbox 3315 1977 3422 2031; x_wconf 83' lang='lat' dir='ltr'><strong>dis-</strong></span> 
     </span>
    </p>
   </div>
   <div class='ocr_carea' id='block_1_49' title="bbox 1840 2063 3418 2138">
    <p class='ocr_par' dir='ltr' id='par_1_49' title="bbox 1840 2063 3418 2138">
     <span class='ocr_line' id='line_1_49' title="bbox 1840 2063 3418 2138; baseline -0.001 -18"><span class='ocrx_word' id='word_1_376' title='bbox 1840 2066 2153 2135; x_wconf 91' lang='lat' dir='ltr'><strong>pensatione</strong></span> <span class='ocrx_word' id='word_1_377' title='bbox 2193 2076 2398 2137; x_wconf 84' lang='lat' dir='ltr'><strong>gestum</strong></span> <span class='ocrx_word' id='word_1_378' title='bbox 2422 2076 2523 2121; x_wconf 90' lang='lat' dir='ltr'><strong>est.</strong></span> <span class='ocrx_word' id='word_1_379' title='bbox 2557 2067 2679 2138; x_wconf 89' lang='lat' dir='ltr'><strong>Egit</strong></span> <span class='ocrx_word' id='word_1_380' title='bbox 2714 2082 2943 2136; x_wconf 85' lang='lat' dir='ltr'><strong>namque</strong></span> <span class='ocrx_word' id='word_1_381' title='bbox 2974 2063 3111 2122; x_wconf 78' lang='lat' dir='ltr'><strong>miro</strong></span> <span class='ocrx_word' id='word_1_382' title='bbox 3141 2067 3298 2121; x_wconf 87' lang='lat' dir='ltr'><strong>modo</strong></span> <span class='ocrx_word' id='word_1_383' title='bbox 3323 2081 3418 2120; x_wconf 86' lang='lat' dir='ltr'><strong>su-</strong></span> 
     </span>
    </p>
   </div>
   <div class='ocr_carea' id='block_1_50' title="bbox 1838 2156 3417 2228">
    <p class='ocr_par' dir='ltr' id='par_1_50' title="bbox 1838 2156 3417 2228">
     <span class='ocr_line' id='line_1_50' title="bbox 1838 2156 3417 2228; baseline 0.001 -17"><span class='ocrx_word' id='word_1_384' title='bbox 1838 2171 2002 2226; x_wconf 84' lang='lat' dir='ltr'><strong>perna</strong></span> <span class='ocrx_word' id='word_1_385' title='bbox 2031 2156 2313 2212; x_wconf 89' lang='lat' dir='ltr'><strong>clementia</strong></span> <span class='ocrx_word' id='word_1_386' title='bbox 2347 2165 2405 2211; x_wconf 91' lang='lat' dir='ltr'><strong>ut</strong></span> <span class='ocrx_word' id='word_1_387' title='bbox 2434 2157 2725 2228; x_wconf 87' lang='lat' dir='ltr'><strong>discipulus</strong></span> <span class='ocrx_word' id='word_1_388' title='bbox 2763 2158 3011 2213; x_wconf 88' lang='lat' dir='ltr'><strong>dubitans</strong></span> <span class='ocrx_word' id='word_1_389' title='bbox 3047 2158 3172 2213; x_wconf 91' lang='lat' dir='ltr'><strong>dum</strong></span> <span class='ocrx_word' id='word_1_390' title='bbox 3206 2158 3257 2212; x_wconf 91' lang='lat' dir='ltr'><strong>in</strong></span> <span class='ocrx_word' id='word_1_391' title='bbox 3299 2174 3417 2213; x_wconf 88' lang='lat' dir='ltr'><strong>ma-</strong></span> 
     </span>
    </p>
   </div>
   <div class='ocr_carea' id='block_1_51' title="bbox 1838 2246 3415 2318">
    <p class='ocr_par' dir='ltr' id='par_1_51' title="bbox 1838 2246 3415 2318">
     <span class='ocr_line' id='line_1_51' title="bbox 1838 2246 3415 2318; baseline 0.003 -19"><span class='ocrx_word' id='word_1_392' title='bbox 1838 2246 2005 2318; x_wconf 89' lang='lat' dir='ltr'><strong>gistro</strong></span> <span class='ocrx_word' id='word_1_393' title='bbox 2043 2262 2141 2301; x_wconf 86' lang='lat' dir='ltr'><strong>suo</strong></span> <span class='ocrx_word' id='word_1_394' title='bbox 2165 2246 2382 2303; x_wconf 89' lang='lat' dir='ltr'><strong>vulnera</strong></span> <span class='ocrx_word' id='word_1_395' title='bbox 2412 2247 2652 2318; x_wconf 89' lang='lat' dir='ltr'><strong>palparet</strong></span> <span class='ocrx_word' id='word_1_396' title='bbox 2682 2249 2880 2313; x_wconf 91' lang='lat' dir='ltr'><strong>carnis,</strong></span> <span class='ocrx_word' id='word_1_397' title='bbox 2922 2249 2974 2303; x_wconf 89' lang='lat' dir='ltr'><strong>in</strong></span> <span class='ocrx_word' id='word_1_398' title='bbox 3013 2248 3167 2304; x_wconf 90' lang='lat' dir='ltr'><strong>nobis</strong></span> <span class='ocrx_word' id='word_1_399' title='bbox 3197 2249 3415 2303; x_wconf 79' lang='lat' dir='ltr'><strong>vulnera</strong></span> 
     </span>
    </p>
   </div>
   <div class='ocr_carea' id='block_1_52' title="bbox 1836 2338 3420 2397">
    <p class='ocr_par' dir='ltr' id='par_1_52' title="bbox 1836 2338 3420 2397">
     <span class='ocr_line' id='line_1_52' title="bbox 1836 2338 3420 2397; baseline 0.004 -7"><span class='ocrx_word' id='word_1_400' title='bbox 1836 2348 2054 2392; x_wconf 88' lang='lat' dir='ltr'><strong>sanaret</strong></span> <span class='ocrx_word' id='word_1_401' title='bbox 2086 2338 2432 2394; x_wconf 85' lang='lat' dir='ltr'><strong>inﬁdelitatis.</strong></span> <span class='ocrx_word' id='word_1_402' title='bbox 2480 2340 2605 2395; x_wconf 83' lang='lat' dir='ltr'><strong>Plus</strong></span> <span class='ocrx_word' id='word_1_403' title='bbox 2630 2341 2771 2395; x_wconf 88' lang='lat' dir='ltr'><strong>enim</strong></span> <span class='ocrx_word' id='word_1_404' title='bbox 2804 2342 2958 2397; x_wconf 88' lang='lat' dir='ltr'><strong>nobis</strong></span> <span class='ocrx_word' id='word_1_405' title='bbox 2987 2340 3205 2397; x_wconf 73' lang='lat' dir='ltr'><strong>Thema:</strong></span> <span class='ocrx_word' id='word_1_406' title='bbox 3232 2341 3420 2396; x_wconf 83' lang='lat' dir='ltr'><strong>inﬁde—</strong></span> 
     </span>
    </p>
   </div>
   <div class='ocr_carea' id='block_1_53' title="bbox 1837 2426 3412 2504">
    <p class='ocr_par' dir='ltr' id='par_1_53' title="bbox 1837 2426 3412 2504">
     <span class='ocr_line' id='line_1_53' title="bbox 1837 2426 3412 2504; baseline 0.006 -24"><span class='ocrx_word' id='word_1_407' title='bbox 1837 2426 1961 2483; x_wconf 86' lang='lat' dir='ltr'><strong>litas</strong></span> <span class='ocrx_word' id='word_1_408' title='bbox 1987 2430 2053 2484; x_wconf 88' lang='lat' dir='ltr'><strong>ad</strong></span> <span class='ocrx_word' id='word_1_409' title='bbox 2081 2429 2259 2496; x_wconf 81' lang='lat' dir='ltr'><strong>ﬁdem,</strong></span> <span class='ocrx_word' id='word_1_410' title='bbox 2287 2446 2448 2499; x_wconf 87' lang='lat' dir='ltr'><strong>quam</strong></span> <span class='ocrx_word' id='word_1_411' title='bbox 2478 2430 2610 2487; x_wconf 80' lang='lat' dir='ltr'><strong>ﬁdes</strong></span> <span class='ocrx_word' id='word_1_412' title='bbox 2648 2434 2980 2488; x_wconf 86' lang='lat' dir='ltr'><strong>credentium</strong></span> <span class='ocrx_word' id='word_1_413' title='bbox 3030 2434 3412 2504; x_wconf 89' lang='lat' dir='ltr'><strong>discipulorum</strong></span> 
     </span>
    </p>
   </div>
   <div class='ocr_carea' id='block_1_54' title="bbox 1838 2515 3411 2595">
    <p class='ocr_par' dir='ltr' id='par_1_54' title="bbox 1838 2515 3411 2595">
     <span class='ocr_line' id='line_1_54' title="bbox 1838 2515 3411 2595; baseline 0.009 -26"><span class='ocrx_word' id='word_1_414' title='bbox 1838 2515 1955 2583; x_wconf 88' lang='lat' dir='ltr'><strong>ﬁtit,</strong></span> <span class='ocrx_word' id='word_1_415' title='bbox 1990 2520 2114 2588; x_wconf 87' lang='lat' dir='ltr'><strong>quia</strong></span> <span class='ocrx_word' id='word_1_416' title='bbox 2146 2520 2269 2574; x_wconf 91' lang='lat' dir='ltr'><strong>dum</strong></span> <span class='ocrx_word' id='word_1_417' title='bbox 2299 2520 2383 2575; x_wconf 91' lang='lat' dir='ltr'><strong>ille</strong></span> <span class='ocrx_word' id='word_1_418' title='bbox 2411 2522 2477 2576; x_wconf 87' lang='lat' dir='ltr'><strong>ad</strong></span> <span class='ocrx_word' id='word_1_419' title='bbox 2509 2521 2666 2577; x_wconf 82' lang='lat' dir='ltr'><strong>ﬁdem</strong></span> <span class='ocrx_word' id='word_1_420' title='bbox 2692 2525 2957 2595; x_wconf 87' lang='lat' dir='ltr'><strong>palpando</strong></span> <span class='ocrx_word' id='word_1_421' title='bbox 2987 2526 3279 2592; x_wconf 88' lang='lat' dir='ltr'><strong>reducitur,</strong></span> <span class='ocrx_word' id='word_1_422' title='bbox 3312 2543 3411 2583; x_wconf 76' lang='lat' dir='ltr'><strong>no-</strong></span> 
     </span>
    </p>
   </div>
   <div class='ocr_carea' id='block_1_55' title="bbox 1836 2612 3412 2685">
    <p class='ocr_par' dir='ltr' id='par_1_55' title="bbox 1836 2612 3412 2685">
     <span class='ocr_line' id='line_1_55' title="bbox 1836 2612 3412 2685; baseline 0.005 -22"><span class='ocrx_word' id='word_1_423' title='bbox 1836 2616 1947 2663; x_wconf 87' lang='lat' dir='ltr'><strong>stra</strong></span> <span class='ocrx_word' id='word_1_424' title='bbox 1962 2624 2110 2665; x_wconf 89' lang='lat' dir='ltr'><strong>mens</strong></span> <span class='ocrx_word' id='word_1_425' title='bbox 2128 2612 2273 2666; x_wconf 90' lang='lat' dir='ltr'><strong>omni</strong></span> <span class='ocrx_word' id='word_1_426' title='bbox 2288 2612 2621 2669; x_wconf 85' lang='lat' dir='ltr'><strong>dubitatione</strong></span> <span class='ocrx_word' id='word_1_427' title='bbox 2635 2616 2925 2685; x_wconf 88' lang='lat' dir='ltr'><strong>postposita</strong></span> <span class='ocrx_word' id='word_1_428' title='bbox 2940 2617 2991 2670; x_wconf 91' lang='lat' dir='ltr'><strong>in</strong></span> <span class='ocrx_word' id='word_1_429' title='bbox 3015 2617 3116 2672; x_wconf 86' lang='lat' dir='ltr'><strong>ﬁde</strong></span> <span class='ocrx_word' id='word_1_430' title='bbox 3130 2618 3412 2673; x_wconf 89' lang='lat' dir='ltr'><strong>solidatur.</strong></span> 
     </span>
    </p>
   </div>
   <div class='ocr_carea' id='block_1_56' title="bbox 1902 2698 3413 2773">
    <p class='ocr_par' dir='ltr' id='par_1_56' title="bbox 1902 2698 3413 2773">
     <span class='ocr_line' id='line_1_56' title="bbox 1902 2698 3413 2773; baseline 0.006 -21"><span class='ocrx_word' id='word_1_431' title='bbox 1902 2698 2162 2754; x_wconf 73' lang='lat' dir='ltr'><strong>Dixerunt</strong></span> <span class='ocrx_word' id='word_1_432' title='bbox 2188 2717 2309 2772; x_wconf 85' lang='lat' dir='ltr'><strong>ergo</strong></span> <span class='ocrx_word' id='word_1_433' title='bbox 2338 2704 2385 2755; x_wconf 90' lang='lat' dir='ltr'><strong>ei</strong></span> <span class='ocrx_word' id='word_1_434' title='bbox 2410 2702 2504 2756; x_wconf 86' lang='lat' dir='ltr'><strong>alii</strong></span> <span class='ocrx_word' id='word_1_435' title='bbox 2530 2704 2771 2773; x_wconf 84' lang='lat' dir='ltr'><strong>discipuli</strong></span> <span class='ocrx_word' id='word_1_436' title='bbox 2795 2718 2812 2756; x_wconf 86' lang='lat'><strong>.&#39;</strong></span> <span class='ocrx_word' id='word_1_437' title='bbox 2848 2704 3079 2760; x_wconf 82' lang='lat' dir='ltr'><strong>Vidimus</strong></span> <span class='ocrx_word' id='word_1_438' title='bbox 3110 2706 3413 2763; x_wconf 85' lang='lat' dir='ltr'><strong>Dominum.</strong></span> 
     </span>
    </p>
   </div>
   <div class='ocr_carea' id='block_1_57' title="bbox 1836 2787 3416 2869">
    <p class='ocr_par' dir='ltr' id='par_1_57' title="bbox 1836 2787 3416 2869">
     <span class='ocr_line' id='line_1_57' title="bbox 1836 2787 3416 2869; baseline 0.008 -29"><span class='ocrx_word' id='word_1_439' title='bbox 1836 2787 1935 2841; x_wconf 84' lang='lat' dir='ltr'><strong>Ille</strong></span> <span class='ocrx_word' id='word_1_440' title='bbox 1968 2799 2140 2844; x_wconf 85' lang='lat' dir='ltr'><strong>autem</strong></span> <span class='ocrx_word' id='word_1_441' title='bbox 2162 2791 2293 2846; x_wconf 77' lang='lat' dir='ltr'><strong>dixit</strong></span> <span class='ocrx_word' id='word_1_442' title='bbox 2316 2793 2390 2846; x_wconf 89' lang='lat' dir='ltr'><strong>eis</strong></span> <span class='ocrx_word' id='word_1_443' title='bbox 2413 2811 2431 2847; x_wconf 92' lang='lat'><strong><em>:</em></strong></span> <span class='ocrx_word' id='word_1_444' title='bbox 2455 2792 2575 2848; x_wconf 88' lang='lat' dir='ltr'><strong>Nisi</strong></span> <span class='ocrx_word' id='word_1_445' title='bbox 2601 2795 2772 2849; x_wconf 77' lang='lat' dir='ltr'><strong>videro</strong></span> <span class='ocrx_word' id='word_1_446' title='bbox 2801 2795 2855 2848; x_wconf 86' lang='lat' dir='ltr'><strong>iu</strong></span> <span class='ocrx_word' id='word_1_447' title='bbox 2878 2797 3115 2851; x_wconf 87' lang='lat' dir='ltr'><strong>manibus</strong></span> <span class='ocrx_word' id='word_1_448' title='bbox 3136 2797 3251 2868; x_wconf 89' lang='lat' dir='ltr'><strong>ejus</strong></span> <span class='ocrx_word' id='word_1_449' title='bbox 3275 2797 3416 2869; x_wconf 70' lang='lat' dir='ltr'><strong>ﬁatu-</strong></span> 
     </span>
    </p>
   </div>
   <div class='ocr_carea' id='block_1_58' title="bbox 1832 2878 3416 2955">
    <p class='ocr_par' dir='ltr' id='par_1_58' title="bbox 1832 2878 3416 2955">
     <span class='ocr_line' id='line_1_58' title="bbox 1832 2878 3416 2955; baseline 0.006 -24"><span class='ocrx_word' id='word_1_450' title='bbox 1832 2895 1946 2933; x_wconf 86' lang='lat' dir='ltr'><strong>ram</strong></span> <span class='ocrx_word' id='word_1_451' title='bbox 1977 2878 2261 2947; x_wconf 76' lang='lat' dir='ltr'><strong>clavorum,</strong></span> <span class='ocrx_word' id='word_1_452' title='bbox 2290 2892 2338 2936; x_wconf 84' lang='lat' dir='ltr'><strong>et</strong></span> <span class='ocrx_word' id='word_1_453' title='bbox 2365 2883 2564 2937; x_wconf 87' lang='lat' dir='ltr'><strong>mittam</strong></span> <span class='ocrx_word' id='word_1_454' title='bbox 2591 2884 2808 2955; x_wconf 86' lang='lat' dir='ltr'><strong>digitum</strong></span> <span class='ocrx_word' id='word_1_455' title='bbox 2829 2902 2995 2939; x_wconf 86' lang='lat' dir='ltr'><strong>meum</strong></span> <span class='ocrx_word' id='word_1_456' title='bbox 3025 2886 3080 2940; x_wconf 86' lang='lat' dir='ltr'><strong>in</strong></span> <span class='ocrx_word' id='word_1_457' title='bbox 3107 2885 3277 2940; x_wconf 86' lang='lat' dir='ltr'><strong>locum</strong></span> <span class='ocrx_word' id='word_1_458' title='bbox 3306 2885 3416 2941; x_wconf 87' lang='lat' dir='ltr'><strong>cla-</strong></span> 
     </span>
    </p>
   </div>
   <div class='ocr_carea' id='block_1_59' title="bbox 1830 2974 3412 3047">
    <p class='ocr_par' dir='ltr' id='par_1_59' title="bbox 1830 2974 3412 3047">
     <span class='ocr_line' id='line_1_59' title="bbox 1830 2974 3412 3047; baseline 0.006 -24"><span class='ocrx_word' id='word_1_459' title='bbox 1830 2986 2031 3035; x_wconf 80' lang='lat' dir='ltr'><strong>vorum,</strong></span> <span class='ocrx_word' id='word_1_460' title='bbox 2062 2983 2111 3026; x_wconf 86' lang='lat' dir='ltr'><strong>et</strong></span> <span class='ocrx_word' id='word_1_461' title='bbox 2147 2974 2350 3027; x_wconf 87' lang='lat' dir='ltr'><strong>mittam</strong></span> <span class='ocrx_word' id='word_1_462' title='bbox 2386 2991 2598 3029; x_wconf 86' lang='lat' dir='ltr'><strong>manum</strong></span> <span class='ocrx_word' id='word_1_463' title='bbox 2640 2993 2809 3030; x_wconf 88' lang='lat' dir='ltr'><strong>meam</strong></span> <span class='ocrx_word' id='word_1_464' title='bbox 2847 2978 2902 3031; x_wconf 87' lang='lat' dir='ltr'><strong>in</strong></span> <span class='ocrx_word' id='word_1_465' title='bbox 2952 2976 3093 3031; x_wconf 86' lang='lat' dir='ltr'><strong>latus</strong></span> <span class='ocrx_word' id='word_1_466' title='bbox 3135 2976 3269 3047; x_wconf 84' lang='lat' dir='ltr'><strong>ejus,</strong></span> <span class='ocrx_word' id='word_1_467' title='bbox 3309 2995 3412 3033; x_wconf 83' lang='lat' dir='ltr'><strong>non</strong></span> 
     </span>
    </p>
   </div>
   <div class='ocr_carea' id='block_1_60' title="bbox 1830 3061 3415 3131">
    <p class='ocr_par' dir='ltr' id='par_1_60' title="bbox 1830 3061 3415 3131">
     <span class='ocr_line' id='line_1_60' title="bbox 1830 3061 3415 3131; baseline 0.006 -17"><span class='ocrx_word' id='word_1_468' title='bbox 1830 3061 2057 3116; x_wconf 85' lang='lat' dir='ltr'><strong>credam.</strong></span> <span class='ocrx_word' id='word_1_469' title='bbox 2109 3063 2260 3131; x_wconf 90' lang='lat' dir='ltr'><strong>Quod</strong></span> <span class='ocrx_word' id='word_1_470' title='bbox 2310 3073 2488 3119; x_wconf 87' lang='lat' dir='ltr'><strong>autem</strong></span> <span class='ocrx_word' id='word_1_471' title='bbox 2539 3066 2669 3121; x_wconf 92' lang='lat' dir='ltr'><strong>dicit</strong></span> <span class='ocrx_word' id='word_1_472' title='bbox 2702 3065 2936 3123; x_wconf 79' lang='lat' dir='ltr'><strong>Joannes</strong></span> <span class='ocrx_word' id='word_1_473' title='bbox 2986 3083 3091 3122; x_wconf 91' lang='lat' dir='ltr'><strong>non</strong></span> <span class='ocrx_word' id='word_1_474' title='bbox 3129 3084 3251 3123; x_wconf 91' lang='lat' dir='ltr'><strong>cum</strong></span> <span class='ocrx_word' id='word_1_475' title='bbox 3308 3068 3415 3123; x_wconf 77' lang='lat' dir='ltr'><strong>illis</strong></span> 
     </span>
    </p>
   </div>
   <div class='ocr_carea' id='block_1_61' title="bbox 1830 3149 3413 3223">
    <p class='ocr_par' dir='ltr' id='par_1_61' title="bbox 1830 3149 3413 3223">
     <span class='ocr_line' id='line_1_61' title="bbox 1830 3149 3413 3223; baseline 0.006 -19"><span class='ocrx_word' id='word_1_476' title='bbox 1830 3149 1997 3208; x_wconf 87' lang='lat' dir='ltr'><strong>fuisse</strong></span> <span class='ocrx_word' id='word_1_477' title='bbox 2026 3161 2153 3209; x_wconf 91' lang='lat' dir='ltr'><strong>tunc</strong></span> <span class='ocrx_word' id='word_1_478' title='bbox 2177 3154 2475 3223; x_wconf 88' lang='lat' dir='ltr'><strong>apostolum</strong></span> <span class='ocrx_word' id='word_1_479' title='bbox 2506 3155 2791 3222; x_wconf 83' lang='lat' dir='ltr'><strong>Thomam,</strong></span> <span class='ocrx_word' id='word_1_480' title='bbox 2826 3173 2945 3213; x_wconf 89' lang='lat' dir='ltr'><strong>cum</strong></span> <span class='ocrx_word' id='word_1_481' title='bbox 2985 3158 3277 3213; x_wconf 89' lang='lat' dir='ltr'><strong>secundum</strong></span> <span class='ocrx_word' id='word_1_482' title='bbox 3308 3158 3413 3214; x_wconf 84' lang='lat' dir='ltr'><strong>Lu-</strong></span> 
     </span>
    </p>
   </div>
   <div class='ocr_carea' id='block_1_62' title="bbox 157 3212 3409 3321">
    <p class='ocr_par' dir='ltr' id='par_1_62' title="bbox 157 3212 3409 3321">
     <span class='ocr_line' id='line_1_62' title="bbox 157 3212 3409 3321; baseline 0.008 -44"><span class='ocrx_word' id='word_1_483' title='bbox 157 3237 269 3276; x_wconf 88' lang='lat' dir='ltr'><strong>nem</strong></span> <span class='ocrx_word' id='word_1_484' title='bbox 314 3226 607 3321; x_wconf 57' lang='lat' dir='ltr'><strong>mill-untur</strong></span> <span class='ocrx_word' id='word_1_485' title='bbox 653 3228 706 3281; x_wconf 90' lang='lat' dir='ltr'><strong>in</strong></span> <span class='ocrx_word' id='word_1_486' title='bbox 753 3230 1027 3285; x_wconf 90' lang='lat' dir='ltr'><strong>mundum.</strong></span> <span class='ocrx_word' id='word_1_487' title='bbox 1084 3231 1268 3301; x_wconf 85' lang='lat' dir='ltr'><strong>Itaque</strong></span> <span class='ocrx_word' id='word_1_488' title='bbox 1312 3232 1508 3289; x_wconf 90' lang='lat' dir='ltr'><strong>dicitur</strong></span> <span class='ocrx_word' id='word_1_489' title='bbox 1536 3250 1550 3287; x_wconf 89' lang='lat'><strong>:</strong></span> <span class='ocrx_word' id='word_1_490' title='bbox 1578 3234 1727 3289; x_wconf 83' lang='lat' dir='ltr'><strong>Sicut</strong></span> <span class='ocrx_word' id='word_1_491' title='bbox 1754 3212 1799 3274; x_wconf 62' lang='grc' dir='ltr'><strong>δ</strong></span> <span class='ocrx_word' id='word_1_492' title='bbox 1831 3256 1948 3297; x_wconf 88' lang='lat' dir='ltr'><strong>eam</strong></span> <span class='ocrx_word' id='word_1_493' title='bbox 1976 3242 2081 3298; x_wconf 91' lang='lat' dir='ltr'><strong>duo</strong></span> <span class='ocrx_word' id='word_1_494' title='bbox 2114 3212 2464 3314; x_wconf 38' lang='lat' dir='ltr'><strong>illi,‘quorutn</strong></span> <span class='ocrx_word' id='word_1_495' title='bbox 2502 3258 2618 3303; x_wconf 88' lang='lat' dir='ltr'><strong>erat</strong></span> <span class='ocrx_word' id='word_1_496' title='bbox 2660 3264 2798 3304; x_wconf 89' lang='lat' dir='ltr'><strong>unus</strong></span> <span class='ocrx_word' id='word_1_497' title='bbox 2842 3247 3122 3317; x_wconf 88' lang='lat' dir='ltr'><strong>Cleophas,</strong></span> <span class='ocrx_word' id='word_1_498' title='bbox 3176 3252 3409 3321; x_wconf 83' lang='lat' dir='ltr'><strong>regressi</strong></span> 
     </span>
    </p>
   </div>
   <div class='ocr_carea' id='block_1_63' title="bbox 156 3314 1730 3389">
    <p class='ocr_par' dir='ltr' id='par_1_63' title="bbox 156 3314 1730 3389">
     <span class='ocr_line' id='line_1_63' title="bbox 156 3314 1730 3389; baseline 0.009 -22"><span class='ocrx_word' id='word_1_499' title='bbox 156 3316 283 3369; x_wconf 81' lang='lat' dir='ltr'><strong>misit</strong></span> <span class='ocrx_word' id='word_1_500' title='bbox 310 3333 390 3371; x_wconf 87' lang='lat' dir='ltr'><strong>me</strong></span> <span class='ocrx_word' id='word_1_501' title='bbox 410 3314 595 3383; x_wconf 86' lang='lat' dir='ltr'><strong>Pater,</strong></span> <span class='ocrx_word' id='word_1_502' title='bbox 629 3329 675 3371; x_wconf 86' lang='lat' dir='ltr'><strong>et</strong></span> <span class='ocrx_word' id='word_1_503' title='bbox 700 3336 791 3389; x_wconf 87' lang='lat' dir='ltr'><strong>ego</strong></span> <span class='ocrx_word' id='word_1_504' title='bbox 816 3320 961 3375; x_wconf 88' lang='lat' dir='ltr'><strong>mitto</strong></span> <span class='ocrx_word' id='word_1_505' title='bbox 992 3338 1098 3388; x_wconf 82' lang='lat' dir='ltr'><strong>vos,</strong></span> <span class='ocrx_word' id='word_1_506' title='bbox 1143 3323 1194 3377; x_wconf 91' lang='lat' dir='ltr'><strong>id</strong></span> <span class='ocrx_word' id='word_1_507' title='bbox 1234 3332 1317 3379; x_wconf 89' lang='lat' dir='ltr'><strong>est</strong></span> <span class='ocrx_word' id='word_1_508' title='bbox 1357 3338 1420 3379; x_wconf 82' lang='lat' dir='ltr'><strong>ea</strong></span> <span class='ocrx_word' id='word_1_509' title='bbox 1466 3326 1730 3383; x_wconf 84' lang='lat' dir='ltr'><strong>charitate</strong></span> 
     </span>
    </p>
   </div>
   <div class='ocr_carea' id='block_1_64' title="bbox 156 3404 1726 3482">
    <p class='ocr_par' dir='ltr' id='par_1_64' title="bbox 156 3404 1726 3482">
     <span class='ocr_line' id='line_1_64' title="bbox 156 3404 1726 3482; baseline 0.011 -28"><span class='ocrx_word' id='word_1_510' title='bbox 156 3414 242 3457; x_wconf 86' lang='lat' dir='ltr'><strong>vos</strong></span> <span class='ocrx_word' id='word_1_511' title='bbox 278 3404 457 3476; x_wconf 85' lang='lat' dir='ltr'><strong>diligo,</strong></span> <span class='ocrx_word' id='word_1_512' title='bbox 487 3421 614 3459; x_wconf 89' lang='lat' dir='ltr'><strong>cum</strong></span> <span class='ocrx_word' id='word_1_513' title='bbox 652 3408 793 3462; x_wconf 90' lang='lat' dir='ltr'><strong>inter</strong></span> <span class='ocrx_word' id='word_1_514' title='bbox 832 3411 1079 3465; x_wconf 86' lang='lat' dir='ltr'><strong>scandala</strong></span> <span class='ocrx_word' id='word_1_515' title='bbox 1112 3421 1516 3482; x_wconf 87' lang='lat' dir='ltr'><strong>persecutorum</strong></span> <span class='ocrx_word' id='word_1_516' title='bbox 1552 3416 1726 3481; x_wconf 88' lang='lat' dir='ltr'><strong>mitto,</strong></span> 
     </span>
    </p>
   </div>
   <div class='ocr_carea' id='block_1_65' title="bbox 156 3497 1724 3573">
    <p class='ocr_par' dir='ltr' id='par_1_65' title="bbox 156 3497 1724 3573">
     <span class='ocr_line' id='line_1_65' title="bbox 156 3497 1724 3573; baseline 0.011 -27"><span class='ocrx_word' id='word_1_517' title='bbox 156 3507 249 3563; x_wconf 87' lang='lat' dir='ltr'><strong>qua</strong></span> <span class='ocrx_word' id='word_1_518' title='bbox 276 3511 359 3549; x_wconf 89' lang='lat' dir='ltr'><strong>me</strong></span> <span class='ocrx_word' id='word_1_519' title='bbox 388 3497 659 3552; x_wconf 87' lang='lat' dir='ltr'><strong>eharitate</strong></span> <span class='ocrx_word' id='word_1_520' title='bbox 685 3498 846 3554; x_wconf 84' lang='lat' dir='ltr'><strong>Pater</strong></span> <span class='ocrx_word' id='word_1_521' title='bbox 874 3500 1065 3573; x_wconf 84' lang='lat' dir='ltr'><strong>diligit,</strong></span> <span class='ocrx_word' id='word_1_522' title='bbox 1092 3517 1249 3572; x_wconf 89' lang='lat' dir='ltr'><strong>quem</strong></span> <span class='ocrx_word' id='word_1_523' title='bbox 1279 3505 1461 3560; x_wconf 88' lang='lat' dir='ltr'><strong>venire</strong></span> <span class='ocrx_word' id='word_1_524' title='bbox 1493 3506 1561 3561; x_wconf 90' lang='lat' dir='ltr'><strong>ad</strong></span> <span class='ocrx_word' id='word_1_525' title='bbox 1593 3506 1724 3562; x_wconf 91' lang='lat' dir='ltr'><strong>tole-</strong></span> 
     </span>
    </p>
   </div>
   <div class='ocr_carea' id='block_1_66' title="bbox 158 3584 815 3652">
    <p class='ocr_par' dir='ltr' id='par_1_66' title="bbox 158 3584 815 3652">
     <span class='ocr_line' id='line_1_66' title="bbox 158 3584 815 3652; baseline 0.011 -17"><span class='ocrx_word' id='word_1_526' title='bbox 158 3584 337 3637; x_wconf 80' lang='lat' dir='ltr'><strong>randas</strong></span> <span class='ocrx_word' id='word_1_527' title='bbox 362 3586 649 3652; x_wconf 89' lang='lat' dir='ltr'><strong>passiones</strong></span> <span class='ocrx_word' id='word_1_528' title='bbox 674 3586 815 3642; x_wconf 86' lang='lat' dir='ltr'><strong>fecit.</strong></span> 
     </span>
    </p>
   </div>
   <div class='ocr_carea' id='block_1_67' title="bbox 218 3670 1727 3759">
    <p class='ocr_par' dir='ltr' id='par_1_67' title="bbox 218 3670 1727 3759">
     <span class='ocr_line' id='line_1_67' title="bbox 218 3670 1727 3759; baseline 0.012 -33"><span class='ocrx_word' id='word_1_529' title='bbox 218 3670 329 3727; x_wconf 80' lang='lat' dir='ltr'><strong>Hoc</strong></span> <span class='ocrx_word' id='word_1_530' title='bbox 354 3691 474 3729; x_wconf 82' lang='lat' dir='ltr'><strong>cum</strong></span> <span class='ocrx_word' id='word_1_531' title='bbox 512 3677 749 3744; x_wconf 66' lang='lat' dir='ltr'><strong>dixisset,</strong></span> <span class='ocrx_word' id='word_1_532' title='bbox 789 3680 1088 3751; x_wconf 62' lang='lat' dir='ltr'><strong>insufﬂauit,</strong></span> <span class='ocrx_word' id='word_1_533' title='bbox 1127 3692 1176 3737; x_wconf 88' lang='lat' dir='ltr'><strong>et</strong></span> <span class='ocrx_word' id='word_1_534' title='bbox 1207 3684 1332 3739; x_wconf 83' lang='lat' dir='ltr'><strong>dicit</strong></span> <span class='ocrx_word' id='word_1_535' title='bbox 1365 3688 1438 3741; x_wconf 88' lang='lat' dir='ltr'><strong>eis</strong></span> <span class='ocrx_word' id='word_1_536' title='bbox 1462 3689 1727 3759; x_wconf 79' lang='lat' dir='ltr'><strong>:Accipite</strong></span> 
     </span>
    </p>
   </div>
   <div class='ocr_carea' id='block_1_68' title="bbox 161 3758 1726 3847">
    <p class='ocr_par' dir='ltr' id='par_1_68' title="bbox 161 3758 1726 3847">
     <span class='ocr_line' id='line_1_68' title="bbox 161 3758 1726 3847; baseline 0.012 -33"><span class='ocrx_word' id='word_1_537' title='bbox 161 3758 393 3830; x_wconf 76' lang='lat' dir='ltr'><strong>Spiritum</strong></span> <span class='ocrx_word' id='word_1_538' title='bbox 434 3774 697 3819; x_wconf 83' lang='lat' dir='ltr'><strong>sanctum.</strong></span> <span class='ocrx_word' id='word_1_539' title='bbox 750 3767 1102 3834; x_wconf 83' lang='lat' dir='ltr'><strong>Quaerendum</strong></span> <span class='ocrx_word' id='word_1_540' title='bbox 1150 3774 1303 3830; x_wconf 91' lang='lat' dir='ltr'><strong>nobis</strong></span> <span class='ocrx_word' id='word_1_541' title='bbox 1342 3785 1425 3831; x_wconf 89' lang='lat' dir='ltr'><strong>est</strong></span> <span class='ocrx_word' id='word_1_542' title='bbox 1475 3758 1726 3847; x_wconf 86' lang='lat' dir='ltr'><strong>quidest</strong></span> 
     </span>
    </p>
   </div>
   <div class='ocr_carea' id='block_1_69' title="bbox 151 3849 1723 3930">
    <p class='ocr_par' dir='ltr' id='par_1_69' title="bbox 151 3849 1723 3930">
     <span class='ocr_line' id='line_1_69' title="bbox 151 3849 1723 3930; baseline 0.015 -31"><span class='ocrx_word' id='word_1_543' title='bbox 151 3849 281 3916; x_wconf 85' lang='lat' dir='ltr'><strong>quod</strong></span> <span class='ocrx_word' id='word_1_544' title='bbox 328 3850 594 3922; x_wconf 86' lang='lat' dir='ltr'><strong>Spiritum</strong></span> <span class='ocrx_word' id='word_1_545' title='bbox 632 3868 875 3911; x_wconf 88' lang='lat' dir='ltr'><strong>sanctum</strong></span> <span class='ocrx_word' id='word_1_546' title='bbox 920 3859 1175 3917; x_wconf 84' lang='lat' dir='ltr'><strong>Dominus</strong></span> <span class='ocrx_word' id='word_1_547' title='bbox 1223 3872 1424 3930; x_wconf 90' lang='lat' dir='ltr'><strong>noster,</strong></span> <span class='ocrx_word' id='word_1_548' title='bbox 1465 3876 1523 3922; x_wconf 88' lang='lat' dir='ltr'><strong>et</strong></span> <span class='ocrx_word' id='word_1_549' title='bbox 1556 3869 1723 3924; x_wconf 87' lang='lat' dir='ltr'><strong>semel</strong></span> 
     </span>
    </p>
   </div>
   <div class='ocr_carea' id='block_1_70' title="bbox 153 3939 1719 4025">
    <p class='ocr_par' dir='ltr' id='par_1_70' title="bbox 153 3939 1719 4025">
     <span class='ocr_line' id='line_1_70' title="bbox 153 3939 1719 4025; baseline 0.012 -33"><span class='ocrx_word' id='word_1_550' title='bbox 153 3939 287 3993; x_wconf 85' lang='lat' dir='ltr'><strong>dedit</strong></span> <span class='ocrx_word' id='word_1_551' title='bbox 322 3942 381 3995; x_wconf 87' lang='lat' dir='ltr'><strong>in</strong></span> <span class='ocrx_word' id='word_1_552' title='bbox 418 3951 566 3997; x_wconf 86' lang='lat' dir='ltr'><strong>terra</strong></span> <span class='ocrx_word' id='word_1_553' title='bbox 609 3946 926 4011; x_wconf 87' lang='lat' dir='ltr'><strong>consistens,</strong></span> <span class='ocrx_word' id='word_1_554' title='bbox 959 3957 1012 4003; x_wconf 91' lang='lat' dir='ltr'><strong>et</strong></span> <span class='ocrx_word' id='word_1_555' title='bbox 1036 3952 1198 4007; x_wconf 90' lang='lat' dir='ltr'><strong>semel</strong></span> <span class='ocrx_word' id='word_1_556' title='bbox 1237 3954 1373 4009; x_wconf 78' lang='lat' dir='ltr'><strong>ctelo</strong></span> <span class='ocrx_word' id='word_1_557' title='bbox 1408 3956 1719 4025; x_wconf 71' lang='lat' dir='ltr'><strong>praesidens.</strong></span> 
     </span>
    </p>
   </div>
   <div class='ocr_carea' id='block_1_71' title="bbox 151 4027 1724 4115">
    <p class='ocr_par' dir='ltr' id='par_1_71' title="bbox 151 4027 1724 4115">
     <span class='ocr_line' id='line_1_71' title="bbox 151 4027 1724 4115; baseline 0.012 -32"><span class='ocrx_word' id='word_1_558' title='bbox 151 4027 324 4101; x_wconf 79' lang='lat' dir='ltr'><strong>Neque</strong></span> <span class='ocrx_word' id='word_1_559' title='bbox 349 4033 495 4086; x_wconf 88' lang='lat' dir='ltr'><strong>enim</strong></span> <span class='ocrx_word' id='word_1_560' title='bbox 529 4032 636 4088; x_wconf 89' lang='lat' dir='ltr'><strong>alio</strong></span> <span class='ocrx_word' id='word_1_561' title='bbox 664 4034 713 4088; x_wconf 92' lang='lat' dir='ltr'><strong>in</strong></span> <span class='ocrx_word' id='word_1_562' title='bbox 739 4035 855 4090; x_wconf 91' lang='lat' dir='ltr'><strong>loco</strong></span> <span class='ocrx_word' id='word_1_563' title='bbox 874 4036 1106 4107; x_wconf 90' lang='lat' dir='ltr'><strong>Spiritus</strong></span> <span class='ocrx_word' id='word_1_564' title='bbox 1128 4049 1345 4098; x_wconf 89' lang='lat' dir='ltr'><strong>sanctus</strong></span> <span class='ocrx_word' id='word_1_565' title='bbox 1373 4054 1557 4115; x_wconf 87' lang='lat' dir='ltr'><strong>aperte</strong></span> <span class='ocrx_word' id='word_1_566' title='bbox 1577 4061 1724 4102; x_wconf 86' lang='lat' dir='ltr'><strong>mon-</strong></span> 
     </span>
    </p>
   </div>
   <div class='ocr_carea' id='block_1_72' title="bbox 152 4124 1717 4207">
    <p class='ocr_par' dir='ltr' id='par_1_72' title="bbox 152 4124 1717 4207">
     <span class='ocr_line' id='line_1_72' title="bbox 152 4124 1717 4207; baseline 0.013 -34"><span class='ocrx_word' id='word_1_567' title='bbox 152 4128 359 4187; x_wconf 84' lang='lat' dir='ltr'><strong>stratur,</strong></span> <span class='ocrx_word' id='word_1_568' title='bbox 390 4124 497 4177; x_wconf 89' lang='lat' dir='ltr'><strong>nisi</strong></span> <span class='ocrx_word' id='word_1_569' title='bbox 528 4140 671 4178; x_wconf 90' lang='lat' dir='ltr'><strong>nunc</strong></span> <span class='ocrx_word' id='word_1_570' title='bbox 700 4140 822 4180; x_wconf 91' lang='lat' dir='ltr'><strong>cum</strong></span> <span class='ocrx_word' id='word_1_571' title='bbox 845 4141 943 4197; x_wconf 89' lang='lat' dir='ltr'><strong>per</strong></span> <span class='ocrx_word' id='word_1_572' title='bbox 971 4129 1380 4189; x_wconf 76' lang='lat' dir='ltr'><strong>insulilationem</strong></span> <span class='ocrx_word' id='word_1_573' title='bbox 1406 4138 1717 4207; x_wconf 88' lang='lat' dir='ltr'><strong>percipitur,</strong></span> 
     </span>
    </p>
   </div>
   <div class='ocr_carea' id='block_1_73' title="bbox 150 4215 1720 4294">
    <p class='ocr_par' dir='ltr' id='par_1_73' title="bbox 150 4215 1720 4294">
     <span class='ocr_line' id='line_1_73' title="bbox 150 4215 1720 4294; baseline 0.012 -31"><span class='ocrx_word' id='word_1_574' title='bbox 150 4218 197 4264; x_wconf 90' lang='lat' dir='ltr'><strong>et</strong></span> <span class='ocrx_word' id='word_1_575' title='bbox 220 4215 562 4280; x_wconf 86' lang='lat' dir='ltr'><strong>postmodum</strong></span> <span class='ocrx_word' id='word_1_576' title='bbox 591 4229 713 4268; x_wconf 83' lang='lat' dir='ltr'><strong>cum</strong></span> <span class='ocrx_word' id='word_1_577' title='bbox 742 4216 808 4271; x_wconf 90' lang='lat' dir='ltr'><strong>de</strong></span> <span class='ocrx_word' id='word_1_578' title='bbox 838 4217 975 4273; x_wconf 73' lang='lat' dir='ltr'><strong>cmlo</strong></span> <span class='ocrx_word' id='word_1_579' title='bbox 1011 4220 1229 4276; x_wconf 82' lang='lat' dir='ltr'><strong>veniens</strong></span> <span class='ocrx_word' id='word_1_580' title='bbox 1251 4224 1303 4276; x_wconf 91' lang='lat' dir='ltr'><strong>in</strong></span> <span class='ocrx_word' id='word_1_581' title='bbox 1330 4223 1525 4294; x_wconf 88' lang='lat' dir='ltr'><strong>linguis</strong></span> <span class='ocrx_word' id='word_1_582' title='bbox 1553 4227 1720 4282; x_wconf 89' lang='lat' dir='ltr'><strong>variis</strong></span> 
     </span>
    </p>
   </div>
   <div class='ocr_carea' id='block_1_74' title="bbox 148 4300 1716 4384">
    <p class='ocr_par' dir='ltr' id='par_1_74' title="bbox 148 4300 1716 4384">
     <span class='ocr_line' id='line_1_74' title="bbox 148 4300 1716 4384; baseline 0.011 -29"><span class='ocrx_word' id='word_1_583' title='bbox 148 4300 557 4359; x_wconf 84' lang='lat' dir='ltr'><strong>demonstratur.</strong></span> <span class='ocrx_word' id='word_1_584' title='bbox 598 4306 708 4361; x_wconf 87' lang='lat' dir='ltr'><strong>Cur</strong></span> <span class='ocrx_word' id='word_1_585' title='bbox 727 4322 854 4377; x_wconf 90' lang='lat' dir='ltr'><strong>ergo</strong></span> <span class='ocrx_word' id='word_1_586' title='bbox 879 4309 1028 4376; x_wconf 90' lang='lat' dir='ltr'><strong>prius</strong></span> <span class='ocrx_word' id='word_1_587' title='bbox 1056 4310 1109 4365; x_wconf 92' lang='lat' dir='ltr'><strong>in</strong></span> <span class='ocrx_word' id='word_1_588' title='bbox 1138 4320 1280 4367; x_wconf 88' lang='lat' dir='ltr'><strong>terra</strong></span> <span class='ocrx_word' id='word_1_589' title='bbox 1307 4314 1583 4384; x_wconf 89' lang='lat' dir='ltr'><strong>discipulis</strong></span> <span class='ocrx_word' id='word_1_590' title='bbox 1618 4318 1716 4371; x_wconf 86' lang='lat' dir='ltr'><strong>da-</strong></span> 
     </span>
    </p>
   </div>
   <div class='ocr_carea' id='block_1_75' title="bbox 150 4397 1718 4472">
    <p class='ocr_par' dir='ltr' id='par_1_75' title="bbox 150 4397 1718 4472">
     <span class='ocr_line' id='line_1_75' title="bbox 150 4397 1718 4472; baseline 0.01 -26"><span class='ocrx_word' id='word_1_591' title='bbox 150 4400 244 4459; x_wconf 89' lang='lat' dir='ltr'><strong>tur,</strong></span> <span class='ocrx_word' id='word_1_592' title='bbox 272 4397 617 4464; x_wconf 88' lang='lat' dir='ltr'><strong>postmodum</strong></span> <span class='ocrx_word' id='word_1_593' title='bbox 640 4398 705 4452; x_wconf 90' lang='lat' dir='ltr'><strong>de</strong></span> <span class='ocrx_word' id='word_1_594' title='bbox 726 4397 862 4452; x_wconf 87' lang='lat' dir='ltr'><strong>coelo</strong></span> <span class='ocrx_word' id='word_1_595' title='bbox 889 4400 1137 4467; x_wconf 88' lang='lat' dir='ltr'><strong>mittitur,</strong></span> <span class='ocrx_word' id='word_1_596' title='bbox 1168 4402 1268 4456; x_wconf 90' lang='lat' dir='ltr'><strong>nisi</strong></span> <span class='ocrx_word' id='word_1_597' title='bbox 1297 4405 1439 4472; x_wconf 90' lang='lat' dir='ltr'><strong>quod</strong></span> <span class='ocrx_word' id='word_1_598' title='bbox 1468 4407 1573 4460; x_wconf 91' lang='lat' dir='ltr'><strong>duo</strong></span> <span class='ocrx_word' id='word_1_599' title='bbox 1594 4417 1718 4462; x_wconf 90' lang='lat' dir='ltr'><strong>sunt</strong></span> 
     </span>
    </p>
   </div>
   <div class='ocr_carea' id='block_1_76' title="bbox 146 4488 1710 4565">
    <p class='ocr_par' dir='ltr' id='par_1_76' title="bbox 146 4488 1710 4565">
     <span class='ocr_line' id='line_1_76' title="bbox 146 4488 1710 4565; baseline 0.008 -25"><span class='ocrx_word' id='word_1_600' title='bbox 146 4496 397 4557; x_wconf 69' lang='lat' dir='ltr'><strong>praecepta</strong></span> <span class='ocrx_word' id='word_1_601' title='bbox 421 4488 732 4554; x_wconf 87' lang='lat' dir='ltr'><strong>charitatis,</strong></span> <span class='ocrx_word' id='word_1_602' title='bbox 756 4489 968 4545; x_wconf 87' lang='lat' dir='ltr'><strong>dilectio</strong></span> <span class='ocrx_word' id='word_1_603' title='bbox 990 4492 1234 4547; x_wconf 89' lang='lat' dir='ltr'><strong>videlicet</strong></span> <span class='ocrx_word' id='word_1_604' title='bbox 1252 4494 1346 4549; x_wconf 90' lang='lat' dir='ltr'><strong>Dei</strong></span> <span class='ocrx_word' id='word_1_605' title='bbox 1370 4503 1424 4549; x_wconf 88' lang='lat' dir='ltr'><strong>et</strong></span> <span class='ocrx_word' id='word_1_606' title='bbox 1443 4498 1671 4565; x_wconf 79' lang='lat' dir='ltr'><strong>proximi</strong></span> <span class='ocrx_word' id='word_1_607' title='bbox 1698 4518 1710 4552; x_wconf 93' lang='lat'><strong>:</strong></span> 
     </span>
    </p>
   </div>
   <div class='ocr_carea' id='block_1_77' title="bbox 147 4573 1714 4654">
    <p class='ocr_par' dir='ltr' id='par_1_77' title="bbox 147 4573 1714 4654">
     <span class='ocr_line' id='line_1_77' title="bbox 147 4573 1714 4654; baseline 0.011 -25"><span class='ocrx_word' id='word_1_608' title='bbox 147 4573 198 4629; x_wconf 86' lang='lat' dir='ltr'><strong>in</strong></span> <span class='ocrx_word' id='word_1_609' title='bbox 238 4586 376 4631; x_wconf 82' lang='lat' dir='ltr'><strong>terra</strong></span> <span class='ocrx_word' id='word_1_610' title='bbox 424 4579 593 4633; x_wconf 82' lang='lat' dir='ltr'><strong>datur</strong></span> <span class='ocrx_word' id='word_1_611' title='bbox 643 4576 876 4648; x_wconf 88' lang='lat' dir='ltr'><strong>Spiritus</strong></span> <span class='ocrx_word' id='word_1_612' title='bbox 931 4589 989 4634; x_wconf 91' lang='lat' dir='ltr'><strong>ut</strong></span> <span class='ocrx_word' id='word_1_613' title='bbox 1033 4582 1287 4654; x_wconf 83' lang='lat' dir='ltr'><strong>diligatur</strong></span> <span class='ocrx_word' id='word_1_614' title='bbox 1337 4588 1632 4654; x_wconf 77' lang='lat' dir='ltr'><strong>proximus,</strong></span> <span class='ocrx_word' id='word_1_615' title='bbox 1682 4607 1714 4646; x_wconf 85' lang='lat' dir='ltr'><strong>e</strong></span> 
     </span>
    </p>
   </div>
   <div class='ocr_carea' id='block_1_78' title="bbox 145 4666 1711 4752">
    <p class='ocr_par' dir='ltr' id='par_1_78' title="bbox 145 4666 1711 4752">
     <span class='ocr_line' id='line_1_78' title="bbox 145 4666 1711 4752; baseline 0.01 -30"><span class='ocrx_word' id='word_1_616' title='bbox 145 4666 274 4722; x_wconf 78' lang='lat' dir='ltr'><strong>Ocelo</strong></span> <span class='ocrx_word' id='word_1_617' title='bbox 310 4669 473 4722; x_wconf 88' lang='lat' dir='ltr'><strong>datur</strong></span> <span class='ocrx_word' id='word_1_618' title='bbox 526 4668 747 4738; x_wconf 87' lang='lat' dir='ltr'><strong>spiritus</strong></span> <span class='ocrx_word' id='word_1_619' title='bbox 789 4677 849 4725; x_wconf 92' lang='lat' dir='ltr'><strong>ut</strong></span> <span class='ocrx_word' id='word_1_620' title='bbox 884 4670 1137 4743; x_wconf 86' lang='lat' dir='ltr'><strong>diligatur</strong></span> <span class='ocrx_word' id='word_1_621' title='bbox 1181 4674 1339 4732; x_wconf 89' lang='lat' dir='ltr'><strong>Deus.</strong></span> <span class='ocrx_word' id='word_1_622' title='bbox 1395 4678 1545 4734; x_wconf 91' lang='lat' dir='ltr'><strong>Sicut</strong></span> <span class='ocrx_word' id='word_1_623' title='bbox 1584 4696 1711 4752; x_wconf 87' lang='lat' dir='ltr'><strong>ergo</strong></span> 
     </span>
    </p>
   </div>
   <div class='ocr_carea' id='block_1_79' title="bbox 144 4760 1708 4842">
    <p class='ocr_par' dir='ltr' id='par_1_79' title="bbox 144 4760 1708 4842">
     <span class='ocr_line' id='line_1_79' title="bbox 144 4760 1708 4842; baseline 0.012 -33"><span class='ocrx_word' id='word_1_624' title='bbox 144 4771 238 4811; x_wconf 86' lang='lat' dir='ltr'><strong>una</strong></span> <span class='ocrx_word' id='word_1_625' title='bbox 280 4767 363 4814; x_wconf 88' lang='lat' dir='ltr'><strong>est</strong></span> <span class='ocrx_word' id='word_1_626' title='bbox 395 4760 642 4815; x_wconf 87' lang='lat' dir='ltr'><strong>ebaritas</strong></span> <span class='ocrx_word' id='word_1_627' title='bbox 684 4770 739 4816; x_wconf 90' lang='lat' dir='ltr'><strong>et</strong></span> <span class='ocrx_word' id='word_1_628' title='bbox 788 4763 892 4817; x_wconf 92' lang='lat' dir='ltr'><strong>duo</strong></span> <span class='ocrx_word' id='word_1_629' title='bbox 935 4776 1223 4836; x_wconf 58' lang='lat' dir='ltr'><strong>praecepta,</strong></span> <span class='ocrx_word' id='word_1_630' title='bbox 1276 4768 1350 4823; x_wconf 89' lang='lat' dir='ltr'><strong>ita</strong></span> <span class='ocrx_word' id='word_1_631' title='bbox 1396 4786 1537 4826; x_wconf 91' lang='lat' dir='ltr'><strong>unus</strong></span> <span class='ocrx_word' id='word_1_632' title='bbox 1583 4771 1708 4842; x_wconf 89' lang='lat' dir='ltr'><strong>Spi-</strong></span> 
     </span>
    </p>
   </div>
   <div class='ocr_carea' id='block_1_80' title="bbox 146 4849 1706 4919">
    <p class='ocr_par' dir='ltr' id='par_1_80' title="bbox 146 4849 1706 4919">
     <span class='ocr_line' id='line_1_80' title="bbox 146 4849 1706 4919; baseline 0.012 -18"><span class='ocrx_word' id='word_1_633' title='bbox 146 4849 270 4904; x_wconf 86' lang='lat' dir='ltr'><strong>ritus</strong></span> <span class='ocrx_word' id='word_1_634' title='bbox 310 4860 363 4905; x_wconf 90' lang='lat' dir='ltr'><strong>et</strong></span> <span class='ocrx_word' id='word_1_635' title='bbox 402 4853 513 4907; x_wconf 90' lang='lat' dir='ltr'><strong>duo</strong></span> <span class='ocrx_word' id='word_1_636' title='bbox 562 4852 707 4907; x_wconf 90' lang='lat' dir='ltr'><strong>data.</strong></span> <span class='ocrx_word' id='word_1_637' title='bbox 759 4851 916 4910; x_wconf 88' lang='lat' dir='ltr'><strong>Prius</strong></span> <span class='ocrx_word' id='word_1_638' title='bbox 962 4872 992 4910; x_wconf 89' lang='lat' dir='ltr'><strong>a</strong></span> <span class='ocrx_word' id='word_1_639' title='bbox 1038 4859 1368 4916; x_wconf 87' lang='lat' dir='ltr'><strong>consistente</strong></span> <span class='ocrx_word' id='word_1_640' title='bbox 1402 4863 1626 4919; x_wconf 90' lang='lat' dir='ltr'><strong>Domino</strong></span> <span class='ocrx_word' id='word_1_641' title='bbox 1655 4866 1706 4919; x_wconf 90' lang='lat' dir='ltr'><strong>in</strong></span> 
     </span>
    </p>
   </div>
   <div class='ocr_carea' id='block_1_81' title="bbox 147 4944 1709 5019">
    <p class='ocr_par' dir='ltr' id='par_1_81' title="bbox 147 4944 1709 5019">
     <span class='ocr_line' id='line_1_81' title="bbox 147 4944 1709 5019; baseline 0.01 -26"><span class='ocrx_word' id='word_1_642' title='bbox 147 4948 295 5001; x_wconf 88' lang='lat' dir='ltr'><strong>terra,</strong></span> <span class='ocrx_word' id='word_1_643' title='bbox 333 4944 680 5012; x_wconf 88' lang='lat' dir='ltr'><strong>postmodum</strong></span> <span class='ocrx_word' id='word_1_644' title='bbox 712 4959 743 4999; x_wconf 89' lang='lat' dir='ltr'><strong>e</strong></span> <span class='ocrx_word' id='word_1_645' title='bbox 782 4945 941 5009; x_wconf 89' lang='lat' dir='ltr'><strong>coelo,</strong></span> <span class='ocrx_word' id='word_1_646' title='bbox 986 4949 1109 5019; x_wconf 87' lang='lat' dir='ltr'><strong>quia</strong></span> <span class='ocrx_word' id='word_1_647' title='bbox 1158 4950 1211 5003; x_wconf 92' lang='lat' dir='ltr'><strong>in</strong></span> <span class='ocrx_word' id='word_1_648' title='bbox 1255 4952 1481 5019; x_wconf 77' lang='lat' dir='ltr'><strong>proximi</strong></span> <span class='ocrx_word' id='word_1_649' title='bbox 1528 4969 1709 5008; x_wconf 86' lang='lat' dir='ltr'><strong>amore</strong></span> 
     </span>
    </p>
   </div>
   <div class='ocr_carea' id='block_1_82' title="bbox 146 5030 1705 5105">
    <p class='ocr_par' dir='ltr' id='par_1_82' title="bbox 146 5030 1705 5105">
     <span class='ocr_line' id='line_1_82' title="bbox 146 5030 1705 5105; baseline 0.01 -21"><span class='ocrx_word' id='word_1_650' title='bbox 146 5030 359 5087; x_wconf 86' lang='lat' dir='ltr'><strong>discitur</strong></span> <span class='ocrx_word' id='word_1_651' title='bbox 386 5035 629 5102; x_wconf 78' lang='lat' dir='ltr'><strong>qual&#39;ter</strong></span> <span class='ocrx_word' id='word_1_652' title='bbox 656 5039 935 5105; x_wconf 88' lang='lat' dir='ltr'><strong>pervenire</strong></span> <span class='ocrx_word' id='word_1_653' title='bbox 962 5039 1153 5094; x_wconf 87' lang='lat' dir='ltr'><strong>debeat</strong></span> <span class='ocrx_word' id='word_1_654' title='bbox 1199 5043 1265 5095; x_wconf 88' lang='lat' dir='ltr'><strong>ad</strong></span> <span class='ocrx_word' id='word_1_655' title='bbox 1308 5058 1545 5099; x_wconf 88' lang='lat' dir='ltr'><strong>amorem</strong></span> <span class='ocrx_word' id='word_1_656' title='bbox 1592 5047 1705 5100; x_wconf 87' lang='lat' dir='ltr'><strong>Dei.</strong></span> 
     </span>
    </p>
   </div>
   <div class='ocr_carea' id='block_1_83' title="bbox 145 5121 1710 5197">
    <p class='ocr_par' dir='ltr' id='par_1_83' title="bbox 145 5121 1710 5197">
     <span class='ocr_line' id='line_1_83' title="bbox 145 5121 1710 5197; baseline 0.01 -21"><span class='ocrx_word' id='word_1_657' title='bbox 145 5121 457 5180; x_wconf 83' lang='lat' dir='ltr'><strong>lnsufﬁando</strong></span> <span class='ocrx_word' id='word_1_658' title='bbox 486 5128 753 5197; x_wconf 84' lang='lat' dir='ltr'><strong>signiﬁcat</strong></span> <span class='ocrx_word' id='word_1_659' title='bbox 803 5129 1060 5197; x_wconf 86' lang='lat' dir='ltr'><strong>Spiritum</strong></span> <span class='ocrx_word' id='word_1_660' title='bbox 1104 5142 1345 5187; x_wconf 86' lang='lat' dir='ltr'><strong>sanctum</strong></span> <span class='ocrx_word' id='word_1_661' title='bbox 1385 5151 1489 5189; x_wconf 91' lang='lat' dir='ltr'><strong>non</strong></span> <span class='ocrx_word' id='word_1_662' title='bbox 1536 5136 1710 5191; x_wconf 81' lang='lat' dir='ltr'><strong>Patris</strong></span> 
     </span>
    </p>
   </div>
   <div class='ocr_carea' id='block_1_84' title="bbox 147 5214 1171 5286">
    <p class='ocr_par' dir='ltr' id='par_1_84' title="bbox 147 5214 1171 5286">
     <span class='ocr_line' id='line_1_84' title="bbox 147 5214 1171 5286; baseline 0.005 -18"><span class='ocrx_word' id='word_1_663' title='bbox 147 5214 299 5271; x_wconf 89' lang='lat' dir='ltr'><strong>solius</strong></span> <span class='ocrx_word' id='word_1_664' title='bbox 326 5232 447 5271; x_wconf 88' lang='lat' dir='ltr'><strong>esse</strong></span> <span class='ocrx_word' id='word_1_665' title='bbox 478 5215 763 5286; x_wconf 89' lang='lat' dir='ltr'><strong>Spiritum,</strong></span> <span class='ocrx_word' id='word_1_666' title='bbox 794 5220 885 5273; x_wconf 88' lang='lat' dir='ltr'><strong>sed</strong></span> <span class='ocrx_word' id='word_1_667' title='bbox 914 5229 967 5275; x_wconf 91' lang='lat' dir='ltr'><strong>et</strong></span> <span class='ocrx_word' id='word_1_668' title='bbox 994 5236 1171 5275; x_wconf 87' lang='lat' dir='ltr'><strong>suum.</strong></span> 
     </span>
    </p>
   </div>
   <div class='ocr_carea' id='block_1_85' title="bbox 209 5304 1709 5386">
    <p class='ocr_par' dir='ltr' id='par_1_85' title="bbox 209 5304 1709 5386">
     <span class='ocr_line' id='line_1_85' title="bbox 209 5304 1709 5386; baseline 0.009 -29"><span class='ocrx_word' id='word_1_669' title='bbox 209 5304 438 5370; x_wconf 83' lang='lat' dir='ltr'><strong>Quorum</strong></span> <span class='ocrx_word' id='word_1_670' title='bbox 468 5308 770 5362; x_wconf 84' lang='lat' dir='ltr'><strong>remiseritis</strong></span> <span class='ocrx_word' id='word_1_671' title='bbox 788 5320 1018 5378; x_wconf 86' lang='lat' dir='ltr'><strong>peccata,</strong></span> <span class='ocrx_word' id='word_1_672' title='bbox 1048 5312 1379 5367; x_wconf 81' lang='lat' dir='ltr'><strong>remittuntur</strong></span> <span class='ocrx_word' id='word_1_673' title='bbox 1398 5317 1491 5380; x_wconf 86' lang='lat' dir='ltr'><strong>eis,</strong></span> <span class='ocrx_word' id='word_1_674' title='bbox 1515 5326 1560 5370; x_wconf 92' lang='lat' dir='ltr'><strong>et</strong></span> <span class='ocrx_word' id='word_1_675' title='bbox 1583 5334 1709 5386; x_wconf 86' lang='lat' dir='ltr'><strong>quo-</strong></span> 
     </span>
    </p>
   </div>
   <div class='ocr_carea' id='block_1_86' title="bbox 147 5400 1709 5478">
    <p class='ocr_par' dir='ltr' id='par_1_86' title="bbox 147 5400 1709 5478">
     <span class='ocr_line' id='line_1_86' title="bbox 147 5400 1709 5478; baseline 0.01 -31"><span class='ocrx_word' id='word_1_676' title='bbox 147 5411 251 5450; x_wconf 82' lang='lat' dir='ltr'><strong>ntm</strong></span> <span class='ocrx_word' id='word_1_677' title='bbox 278 5400 615 5461; x_wconf 79' lang='lat' dir='ltr'><strong>minueritis,</strong></span> <span class='ocrx_word' id='word_1_678' title='bbox 642 5410 834 5454; x_wconf 83' lang='lat' dir='ltr'><strong>retenta</strong></span> <span class='ocrx_word' id='word_1_679' title='bbox 863 5412 1002 5455; x_wconf 87' lang='lat' dir='ltr'><strong>sunt.</strong></span> <span class='ocrx_word' id='word_1_680' title='bbox 1040 5402 1176 5458; x_wconf 88' lang='lat' dir='ltr'><strong>Ecce</strong></span> <span class='ocrx_word' id='word_1_681' title='bbox 1200 5405 1434 5460; x_wconf 84' lang='lat' dir='ltr'><strong>Charitas</strong></span> <span class='ocrx_word' id='word_1_682' title='bbox 1464 5422 1580 5476; x_wconf 62' lang='lat' dir='ltr'><strong>qua:</strong></span> <span class='ocrx_word' id='word_1_683' title='bbox 1610 5426 1709 5478; x_wconf 88' lang='lat' dir='ltr'><strong>per</strong></span> 
     </span>
    </p>
   </div>
   <div class='ocr_carea' id='block_1_87' title="bbox 148 5482 1703 5563">
    <p class='ocr_par' dir='ltr' id='par_1_87' title="bbox 148 5482 1703 5563">
     <span class='ocr_line' id='line_1_87' title="bbox 148 5482 1703 5563; baseline 0.008 -24"><span class='ocrx_word' id='word_1_684' title='bbox 148 5482 391 5555; x_wconf 84' lang='lat' dir='ltr'><strong>Spiritum</strong></span> <span class='ocrx_word' id='word_1_685' title='bbox 430 5496 682 5543; x_wconf 85' lang='lat' dir='ltr'><strong>sanctum</strong></span> <span class='ocrx_word' id='word_1_686' title='bbox 729 5490 1039 5547; x_wconf 80' lang='lat' dir='ltr'><strong>dill&#39;unditur</strong></span> <span class='ocrx_word' id='word_1_687' title='bbox 1085 5492 1140 5547; x_wconf 91' lang='lat' dir='ltr'><strong>in</strong></span> <span class='ocrx_word' id='word_1_688' title='bbox 1188 5496 1437 5551; x_wconf 80' lang='lat' dir='ltr'><strong>cordibus</strong></span> <span class='ocrx_word' id='word_1_689' title='bbox 1485 5500 1703 5563; x_wconf 84' lang='lat' dir='ltr'><strong>nostris,</strong></span> 
     </span>
    </p>
   </div>
   <div class='ocr_carea' id='block_1_88' title="bbox 146 5577 1703 5649">
    <p class='ocr_par' dir='ltr' id='par_1_88' title="bbox 146 5577 1703 5649">
     <span class='ocr_line' id='line_1_88' title="bbox 146 5577 1703 5649; baseline 0.01 -22"><span class='ocrx_word' id='word_1_690' title='bbox 146 5577 452 5646; x_wconf 74' lang='lat' dir='ltr'><strong>participem</strong></span> <span class='ocrx_word' id='word_1_691' title='bbox 496 5592 721 5633; x_wconf 91' lang='lat' dir='ltr'><strong>suorum</strong></span> <span class='ocrx_word' id='word_1_692' title='bbox 762 5592 980 5649; x_wconf 87' lang='lat' dir='ltr'><strong>peccata</strong></span> <span class='ocrx_word' id='word_1_693' title='bbox 1017 5583 1264 5646; x_wconf 89' lang='lat' dir='ltr'><strong>dimittit;</strong></span> <span class='ocrx_word' id='word_1_694' title='bbox 1307 5601 1491 5640; x_wconf 89' lang='lat' dir='ltr'><strong>eorum</strong></span> <span class='ocrx_word' id='word_1_695' title='bbox 1527 5598 1703 5643; x_wconf 89' lang='lat' dir='ltr'><strong>autem</strong></span> 
     </span>
    </p>
   </div>
   <div class='ocr_carea' id='block_1_89' title="bbox 148 5664 1702 5747">
    <p class='ocr_par' dir='ltr' id='par_1_89' title="bbox 148 5664 1702 5747">
     <span class='ocr_line' id='line_1_89' title="bbox 148 5664 1702 5747; baseline 0.012 -33"><span class='ocrx_word' id='word_1_696' title='bbox 148 5664 229 5730; x_wconf 84' lang='lat' dir='ltr'><strong>qui</strong></span> <span class='ocrx_word' id='word_1_697' title='bbox 267 5681 367 5721; x_wconf 87' lang='lat' dir='ltr'><strong>non</strong></span> <span class='ocrx_word' id='word_1_698' title='bbox 410 5677 539 5721; x_wconf 89' lang='lat' dir='ltr'><strong>sunt</strong></span> <span class='ocrx_word' id='word_1_699' title='bbox 580 5667 697 5735; x_wconf 87' lang='lat' dir='ltr'><strong>ejus</strong></span> <span class='ocrx_word' id='word_1_700' title='bbox 733 5671 1020 5740; x_wconf 87' lang='lat' dir='ltr'><strong>participes</strong></span> <span class='ocrx_word' id='word_1_701' title='bbox 1065 5683 1223 5729; x_wconf 87' lang='lat' dir='ltr'><strong>tenet.</strong></span> <span class='ocrx_word' id='word_1_702' title='bbox 1265 5676 1387 5730; x_wconf 90' lang='lat' dir='ltr'><strong>ldeo</strong></span> <span class='ocrx_word' id='word_1_703' title='bbox 1425 5686 1702 5747; x_wconf 89' lang='lat' dir='ltr'><strong>postquam</strong></span> 
     </span>
    </p>
   </div>
   <div class='ocr_carea' id='block_1_90' title="bbox 152 5750 1704 5827">
    <p class='ocr_par' dir='ltr' id='par_1_90' title="bbox 152 5750 1704 5827">
     <span class='ocr_line' id='line_1_90' title="bbox 152 5750 1704 5827; baseline 0.012 -21"><span class='ocrx_word' id='word_1_704' title='bbox 152 5750 290 5820; x_wconf 75' lang='lat' dir='ltr'><strong>dixit,</strong></span> <span class='ocrx_word' id='word_1_705' title='bbox 322 5759 552 5827; x_wconf 74' lang='lat' dir='ltr'><strong>Accipite</strong></span> <span class='ocrx_word' id='word_1_706' title='bbox 586 5758 841 5827; x_wconf 80' lang='lat' dir='ltr'><strong>Spiritum</strong></span> <span class='ocrx_word' id='word_1_707' title='bbox 887 5773 1140 5825; x_wconf 64' lang='lat' dir='ltr'><strong>sanciam,</strong></span> <span class='ocrx_word' id='word_1_708' title='bbox 1197 5766 1294 5818; x_wconf 89' lang='lat' dir='ltr'><strong>hoc</strong></span> <span class='ocrx_word' id='word_1_709' title='bbox 1339 5774 1591 5824; x_wconf 79' lang='lat' dir='ltr'><strong>continuo</strong></span> <span class='ocrx_word' id='word_1_710' title='bbox 1639 5770 1704 5825; x_wconf 88' lang='lat' dir='ltr'><strong>dc</strong></span> 
     </span>
    </p>
   </div>
   <div class='ocr_carea' id='block_1_91' title="bbox 1827 3332 3409 3410">
    <p class='ocr_par' dir='ltr' id='par_1_91' title="bbox 1827 3332 3409 3410">
     <span class='ocr_line' id='line_1_91' title="bbox 1827 3332 3409 3410; baseline 0.006 -22"><span class='ocrx_word' id='word_1_711' title='bbox 1827 3332 2123 3390; x_wconf 79' lang='lat' dir='ltr'><strong>Jerusalem</strong></span> <span class='ocrx_word' id='word_1_712' title='bbox 2155 3337 2475 3392; x_wconf 89' lang='lat' dir='ltr'><strong>invenerunt</strong></span> <span class='ocrx_word' id='word_1_713' title='bbox 2508 3350 2861 3410; x_wconf 85' lang='lat' dir='ltr'><strong>congregatos</strong></span> <span class='ocrx_word' id='word_1_714' title='bbox 2900 3341 3169 3408; x_wconf 88' lang='lat' dir='ltr'><strong>undecim,</strong></span> <span class='ocrx_word' id='word_1_715' title='bbox 3218 3352 3275 3398; x_wconf 88' lang='lat' dir='ltr'><strong>et</strong></span> <span class='ocrx_word' id='word_1_716' title='bbox 3314 3359 3409 3399; x_wconf 88' lang='lat' dir='ltr'><strong>eos</strong></span> 
     </span>
    </p>
   </div>
   <div class='ocr_carea' id='block_1_92' title="bbox 1828 3425 3407 3503">
    <p class='ocr_par' dir='ltr' id='par_1_92' title="bbox 1828 3425 3407 3503">
     <span class='ocr_line' id='line_1_92' title="bbox 1828 3425 3407 3503; baseline 0.009 -25"><span class='ocrx_word' id='word_1_717' title='bbox 1828 3425 1917 3494; x_wconf 86' lang='lat' dir='ltr'><strong>qui</strong></span> <span class='ocrx_word' id='word_1_718' title='bbox 1947 3440 2067 3481; x_wconf 91' lang='lat' dir='ltr'><strong>cum</strong></span> <span class='ocrx_word' id='word_1_719' title='bbox 2100 3427 2230 3495; x_wconf 89' lang='lat' dir='ltr'><strong>ipsis</strong></span> <span class='ocrx_word' id='word_1_720' title='bbox 2254 3438 2430 3493; x_wconf 87' lang='lat' dir='ltr'><strong>erant,</strong></span> <span class='ocrx_word' id='word_1_721' title='bbox 2459 3431 2643 3499; x_wconf 90' lang='lat' dir='ltr'><strong>procul</strong></span> <span class='ocrx_word' id='word_1_722' title='bbox 2676 3433 2836 3487; x_wconf 88' lang='lat' dir='ltr'><strong>dubio</strong></span> <span class='ocrx_word' id='word_1_723' title='bbox 2878 3434 3277 3503; x_wconf 83' lang='lat' dir='ltr'><strong>intelligendum</strong></span> <span class='ocrx_word' id='word_1_724' title='bbox 3321 3446 3407 3492; x_wconf 86' lang='lat' dir='ltr'><strong>est</strong></span> 
     </span>
    </p>
   </div>
   <div class='ocr_carea' id='block_1_93' title="bbox 1826 3514 3408 3592">
    <p class='ocr_par' dir='ltr' id='par_1_93' title="bbox 1826 3514 3408 3592">
     <span class='ocr_line' id='line_1_93' title="bbox 1826 3514 3408 3592; baseline 0.008 -25"><span class='ocrx_word' id='word_1_725' title='bbox 1826 3514 1968 3584; x_wconf 87' lang='lat' dir='ltr'><strong>quod</strong></span> <span class='ocrx_word' id='word_1_726' title='bbox 2006 3515 2129 3570; x_wconf 89' lang='lat' dir='ltr'><strong>inde</strong></span> <span class='ocrx_word' id='word_1_727' title='bbox 2171 3515 2404 3573; x_wconf 88' lang='lat' dir='ltr'><strong>Thomas</strong></span> <span class='ocrx_word' id='word_1_728' title='bbox 2452 3519 2645 3574; x_wconf 79' lang='lat' dir='ltr'><strong>exierit</strong></span> <span class='ocrx_word' id='word_1_729' title='bbox 2687 3530 2973 3592; x_wconf 89' lang='lat' dir='ltr'><strong>antequam</strong></span> <span class='ocrx_word' id='word_1_730' title='bbox 3025 3524 3103 3577; x_wconf 90' lang='lat' dir='ltr'><strong>eis</strong></span> <span class='ocrx_word' id='word_1_731' title='bbox 3150 3522 3408 3579; x_wconf 89' lang='lat' dir='ltr'><strong>Dominus</strong></span> 
     </span>
    </p>
   </div>
   <div class='ocr_carea' id='block_1_94' title="bbox 1826 3604 2642 3678">
    <p class='ocr_par' dir='ltr' id='par_1_94' title="bbox 1826 3604 2642 3678">
     <span class='ocr_line' id='line_1_94' title="bbox 1826 3604 2642 3678; baseline 0.002 -18"><span class='ocrx_word' id='word_1_732' title='bbox 1826 3605 1944 3661; x_wconf 69' lang='lat' dir='ltr'><strong>haec</strong></span> <span class='ocrx_word' id='word_1_733' title='bbox 1972 3604 2312 3675; x_wconf 89' lang='lat' dir='ltr'><strong>loquentibus</strong></span> <span class='ocrx_word' id='word_1_734' title='bbox 2340 3618 2642 3678; x_wconf 87' lang='lat' dir='ltr'><strong>appareret.</strong></span> 
     </span>
    </p>
   </div>
   <div class='ocr_carea' id='block_1_95' title="bbox 1894 3708 3399 3787">
    <p class='ocr_par' dir='ltr' id='par_1_95' title="bbox 1894 3708 3399 3787">
     <span class='ocr_line' id='line_1_95' title="bbox 1894 3708 3399 3787; baseline 0.007 -24"><span class='ocrx_word' id='word_1_735' title='bbox 1894 3708 1964 3763; x_wconf 88' lang='lat' dir='ltr'><strong>Et</strong></span> <span class='ocrx_word' id='word_1_736' title='bbox 1991 3720 2104 3780; x_wconf 87' lang='lat' dir='ltr'><strong>post</strong></span> <span class='ocrx_word' id='word_1_737' title='bbox 2128 3711 2238 3784; x_wconf 85' lang='lat' dir='ltr'><strong>dies</strong></span> <span class='ocrx_word' id='word_1_738' title='bbox 2263 3724 2376 3767; x_wconf 91' lang='lat' dir='ltr'><strong>octo</strong></span> <span class='ocrx_word' id='word_1_739' title='bbox 2400 3714 2588 3768; x_wconf 86' lang='lat' dir='ltr'><strong>iterum</strong></span> <span class='ocrx_word' id='word_1_740' title='bbox 2619 3726 2766 3770; x_wconf 84' lang='lat' dir='ltr'><strong>erant</strong></span> <span class='ocrx_word' id='word_1_741' title='bbox 2800 3716 3042 3787; x_wconf 86' lang='lat' dir='ltr'><strong>discipuli</strong></span> <span class='ocrx_word' id='word_1_742' title='bbox 3075 3718 3189 3787; x_wconf 81' lang='lat' dir='ltr'><strong>ejus</strong></span> <span class='ocrx_word' id='word_1_743' title='bbox 3236 3720 3399 3784; x_wconf 79' lang='lat' dir='ltr'><strong>intus,</strong></span> 
     </span>
    </p>
   </div>
   <div class='ocr_carea' id='block_1_96' title="bbox 1822 3798 3405 3875">
    <p class='ocr_par' dir='ltr' id='par_1_96' title="bbox 1822 3798 3405 3875">
     <span class='ocr_line' id='line_1_96' title="bbox 1822 3798 3405 3875; baseline 0.007 -21"><span class='ocrx_word' id='word_1_744' title='bbox 1822 3809 1869 3854; x_wconf 89' lang='lat' dir='ltr'><strong>et</strong></span> <span class='ocrx_word' id='word_1_745' title='bbox 1900 3798 2124 3856; x_wconf 81' lang='lat' dir='ltr'><strong>Thomas</strong></span> <span class='ocrx_word' id='word_1_746' title='bbox 2150 3819 2266 3855; x_wconf 89' lang='lat' dir='ltr'><strong>cum</strong></span> <span class='ocrx_word' id='word_1_747' title='bbox 2292 3804 2384 3858; x_wconf 87' lang='lat' dir='ltr'><strong>eis.</strong></span> <span class='ocrx_word' id='word_1_748' title='bbox 2425 3802 2570 3858; x_wconf 81' lang='lat' dir='ltr'><strong>Venit</strong></span> <span class='ocrx_word' id='word_1_749' title='bbox 2594 3803 2749 3859; x_wconf 76' lang='lat' dir='ltr'><strong>Iesus</strong></span> <span class='ocrx_word' id='word_1_750' title='bbox 2765 3808 2950 3875; x_wconf 87' lang='lat' dir='ltr'><strong>januis</strong></span> <span class='ocrx_word' id='word_1_751' title='bbox 2972 3808 3185 3871; x_wconf 84' lang='lat' dir='ltr'><strong>clausis,</strong></span> <span class='ocrx_word' id='word_1_752' title='bbox 3214 3819 3261 3863; x_wconf 86' lang='lat' dir='ltr'><strong>et</strong></span> <span class='ocrx_word' id='word_1_753' title='bbox 3297 3820 3405 3865; x_wconf 88' lang='lat' dir='ltr'><strong>ste-</strong></span> 
     </span>
    </p>
   </div>
   <div class='ocr_carea' id='block_1_97' title="bbox 1822 3891 3403 3953">
    <p class='ocr_par' dir='ltr' id='par_1_97' title="bbox 1822 3891 3403 3953">
     <span class='ocr_line' id='line_1_97' title="bbox 1822 3891 3403 3953; baseline 0.006 -9"><span class='ocrx_word' id='word_1_754' title='bbox 1822 3892 1881 3945; x_wconf 90' lang='lat' dir='ltr'><strong>tit</strong></span> <span class='ocrx_word' id='word_1_755' title='bbox 1904 3891 1959 3945; x_wconf 88' lang='lat' dir='ltr'><strong>in</strong></span> <span class='ocrx_word' id='word_1_756' title='bbox 1988 3892 2155 3946; x_wconf 88' lang='lat' dir='ltr'><strong>medio</strong></span> <span class='ocrx_word' id='word_1_757' title='bbox 2186 3909 2365 3947; x_wconf 88' lang='lat' dir='ltr'><strong>eorum</strong></span> <span class='ocrx_word' id='word_1_758' title='bbox 2393 3903 2438 3947; x_wconf 92' lang='lat' dir='ltr'><strong>et</strong></span> <span class='ocrx_word' id='word_1_759' title='bbox 2479 3893 2793 3950; x_wconf 74' lang='lat' dir='ltr'><strong>dixit:Pax</strong></span> <span class='ocrx_word' id='word_1_760' title='bbox 2833 3896 2992 3950; x_wconf 82' lang='lat' dir='ltr'><strong>vobis.</strong></span> <span class='ocrx_word' id='word_1_761' title='bbox 3038 3897 3234 3952; x_wconf 83' lang='lat' dir='ltr'><strong>Deinde</strong></span> <span class='ocrx_word' id='word_1_762' title='bbox 3274 3901 3403 3953; x_wconf 87' lang='lat' dir='ltr'><strong>dicit</strong></span> 
     </span>
    </p>
   </div>
   <div class='ocr_carea' id='block_1_98' title="bbox 1826 3980 3400 4053">
    <p class='ocr_par' dir='ltr' id='par_1_98' title="bbox 1826 3980 3400 4053">
     <span class='ocr_line' id='line_1_98' title="bbox 1826 3980 3400 4053; baseline 0.004 -18"><span class='ocrx_word' id='word_1_763' title='bbox 1826 3980 2035 4037; x_wconf 69' lang='lat' dir='ltr'><strong>Thamar</strong></span> <span class='ocrx_word' id='word_1_764' title='bbox 2056 3997 2073 4035; x_wconf 93' lang='lat'><strong><em>:</em></strong></span> <span class='ocrx_word' id='word_1_765' title='bbox 2092 3980 2239 4051; x_wconf 80' lang='lat' dir='ltr'><strong>Infer</strong></span> <span class='ocrx_word' id='word_1_766' title='bbox 2258 3982 2477 4053; x_wconf 87' lang='lat' dir='ltr'><strong>digitum</strong></span> <span class='ocrx_word' id='word_1_767' title='bbox 2500 3993 2646 4037; x_wconf 89' lang='lat' dir='ltr'><strong>tuum</strong></span> <span class='ocrx_word' id='word_1_768' title='bbox 2668 3986 2788 4048; x_wconf 81' lang='lat' dir='ltr'><strong>huc,</strong></span> <span class='ocrx_word' id='word_1_769' title='bbox 2817 3995 2865 4039; x_wconf 90' lang='lat' dir='ltr'><strong>et</strong></span> <span class='ocrx_word' id='word_1_770' title='bbox 2891 3985 3007 4039; x_wconf 84' lang='lat' dir='ltr'><strong>vide</strong></span> <span class='ocrx_word' id='word_1_771' title='bbox 3026 4002 3213 4040; x_wconf 80' lang='lat' dir='ltr'><strong>manus</strong></span> <span class='ocrx_word' id='word_1_772' title='bbox 3232 4004 3400 4051; x_wconf 82' lang='lat' dir='ltr'><strong>meas,</strong></span> 
     </span>
    </p>
   </div>
   <div class='ocr_carea' id='block_1_99' title="bbox 1820 4070 3401 4141">
    <p class='ocr_par' dir='ltr' id='par_1_99' title="bbox 1820 4070 3401 4141">
     <span class='ocr_line' id='line_1_99' title="bbox 1820 4070 3401 4141; baseline 0.006 -18"><span class='ocrx_word' id='word_1_773' title='bbox 1820 4080 1866 4124; x_wconf 89' lang='lat' dir='ltr'><strong>ct</strong></span> <span class='ocrx_word' id='word_1_774' title='bbox 1897 4070 2030 4141; x_wconf 70' lang='lat' dir='ltr'><strong>affer</strong></span> <span class='ocrx_word' id='word_1_775' title='bbox 2054 4088 2269 4125; x_wconf 85' lang='lat' dir='ltr'><strong>manum</strong></span> <span class='ocrx_word' id='word_1_776' title='bbox 2290 4082 2454 4139; x_wconf 87' lang='lat' dir='ltr'><strong>tuam,</strong></span> <span class='ocrx_word' id='word_1_777' title='bbox 2478 4084 2524 4127; x_wconf 88' lang='lat' dir='ltr'><strong>et</strong></span> <span class='ocrx_word' id='word_1_778' title='bbox 2553 4075 2693 4128; x_wconf 88' lang='lat' dir='ltr'><strong>mitte</strong></span> <span class='ocrx_word' id='word_1_779' title='bbox 2714 4076 2766 4129; x_wconf 85' lang='lat' dir='ltr'><strong>in</strong></span> <span class='ocrx_word' id='word_1_780' title='bbox 2789 4074 2927 4130; x_wconf 87' lang='lat' dir='ltr'><strong>latus</strong></span> <span class='ocrx_word' id='word_1_781' title='bbox 2968 4093 3169 4139; x_wconf 85' lang='lat' dir='ltr'><strong>meum,</strong></span> <span class='ocrx_word' id='word_1_782' title='bbox 3200 4087 3249 4131; x_wconf 87' lang='lat' dir='ltr'><strong>et</strong></span> <span class='ocrx_word' id='word_1_783' title='bbox 3291 4079 3401 4133; x_wconf 90' lang='lat' dir='ltr'><strong>noli</strong></span> 
     </span>
    </p>
   </div>
   <div class='ocr_carea' id='block_1_100' title="bbox 1819 4159 3399 4236">
    <p class='ocr_par' dir='ltr' id='par_1_100' title="bbox 1819 4159 3399 4236">
     <span class='ocr_line' id='line_1_100' title="bbox 1819 4159 3399 4236; baseline 0.008 -23"><span class='ocrx_word' id='word_1_784' title='bbox 1819 4174 1929 4213; x_wconf 83' lang='lat' dir='ltr'><strong>esse</strong></span> <span class='ocrx_word' id='word_1_785' title='bbox 1974 4159 2275 4214; x_wconf 87' lang='lat' dir='ltr'><strong>incredulus</strong></span> <span class='ocrx_word' id='word_1_786' title='bbox 2315 4161 2404 4215; x_wconf 87' lang='lat' dir='ltr'><strong>sed</strong></span> <span class='ocrx_word' id='word_1_787' title='bbox 2441 4161 2631 4229; x_wconf 83' lang='lat' dir='ltr'><strong>ﬁdelis.</strong></span> <span class='ocrx_word' id='word_1_788' title='bbox 2692 4162 2783 4218; x_wconf 88' lang='lat' dir='ltr'><strong>Sic</strong></span> <span class='ocrx_word' id='word_1_789' title='bbox 2832 4164 3029 4234; x_wconf 89' lang='lat' dir='ltr'><strong>quippe</strong></span> <span class='ocrx_word' id='word_1_790' title='bbox 3081 4165 3399 4236; x_wconf 87' lang='lat' dir='ltr'><strong>discipulum</strong></span> 
     </span>
    </p>
   </div>
   <div class='ocr_carea' id='block_1_101' title="bbox 1819 4249 3399 4321">
    <p class='ocr_par' dir='ltr' id='par_1_101' title="bbox 1819 4249 3399 4321">
     <span class='ocr_line' id='line_1_101' title="bbox 1819 4249 3399 4321; baseline 0.004 -18"><span class='ocrx_word' id='word_1_791' title='bbox 1819 4256 1941 4318; x_wconf 88' lang='lat' dir='ltr'><strong>post</strong></span> <span class='ocrx_word' id='word_1_792' title='bbox 1968 4249 2416 4304; x_wconf 88' lang='lat' dir='ltr'><strong>resurrectionem</strong></span> <span class='ocrx_word' id='word_1_793' title='bbox 2441 4266 2590 4304; x_wconf 84' lang='lat' dir='ltr'><strong>suam</strong></span> <span class='ocrx_word' id='word_1_794' title='bbox 2623 4252 2869 4306; x_wconf 88' lang='lat' dir='ltr'><strong>dubitare</strong></span> <span class='ocrx_word' id='word_1_795' title='bbox 2897 4254 3161 4321; x_wconf 90' lang='lat' dir='ltr'><strong>permisit,</strong></span> <span class='ocrx_word' id='word_1_796' title='bbox 3191 4270 3290 4309; x_wconf 89' lang='lat' dir='ltr'><strong>nec</strong></span> <span class='ocrx_word' id='word_1_797' title='bbox 3319 4264 3399 4309; x_wconf 85' lang='lat' dir='ltr'><strong>ta-</strong></span> 
     </span>
    </p>
   </div>
   <div class='ocr_carea' id='block_1_102' title="bbox 1820 4339 3393 4405">
    <p class='ocr_par' dir='ltr' id='par_1_102' title="bbox 1820 4339 3393 4405">
     <span class='ocr_line' id='line_1_102' title="bbox 1820 4339 3393 4405; baseline 0.004 -12"><span class='ocrx_word' id='word_1_798' title='bbox 1820 4354 1941 4394; x_wconf 89' lang='lat' dir='ltr'><strong>men</strong></span> <span class='ocrx_word' id='word_1_799' title='bbox 1975 4340 2028 4393; x_wconf 90' lang='lat' dir='ltr'><strong>in</strong></span> <span class='ocrx_word' id='word_1_800' title='bbox 2055 4339 2387 4395; x_wconf 85' lang='lat' dir='ltr'><strong>dubitatione</strong></span> <span class='ocrx_word' id='word_1_801' title='bbox 2415 4341 2669 4405; x_wconf 89' lang='lat' dir='ltr'><strong>deseruit,</strong></span> <span class='ocrx_word' id='word_1_802' title='bbox 2709 4342 2850 4396; x_wconf 88' lang='lat' dir='ltr'><strong>sicut</strong></span> <span class='ocrx_word' id='word_1_803' title='bbox 2886 4352 3009 4398; x_wconf 92' lang='lat' dir='ltr'><strong>ante</strong></span> <span class='ocrx_word' id='word_1_804' title='bbox 3058 4346 3393 4400; x_wconf 87' lang='lat' dir='ltr'><strong>nativitatem</strong></span> 
     </span>
    </p>
   </div>
   <div class='ocr_carea' id='block_1_103' title="bbox 1817 4428 3395 4502">
    <p class='ocr_par' dir='ltr' id='par_1_103' title="bbox 1817 4428 3395 4502">
     <span class='ocr_line' id='line_1_103' title="bbox 1817 4428 3395 4502; baseline 0.004 -20"><span class='ocrx_word' id='word_1_805' title='bbox 1817 4442 1969 4483; x_wconf 88' lang='lat' dir='ltr'><strong>suam</strong></span> <span class='ocrx_word' id='word_1_806' title='bbox 2009 4428 2206 4484; x_wconf 72' lang='lat' dir='ltr'><strong>habere</strong></span> <span class='ocrx_word' id='word_1_807' title='bbox 2243 4428 2465 4484; x_wconf 83' lang='lat' dir='ltr'><strong>Mariam</strong></span> <span class='ocrx_word' id='word_1_808' title='bbox 2505 4444 2760 4498; x_wconf 90' lang='lat' dir='ltr'><strong>sponsum</strong></span> <span class='ocrx_word' id='word_1_809' title='bbox 2789 4431 2975 4495; x_wconf 88' lang='lat' dir='ltr'><strong>voluit,</strong></span> <span class='ocrx_word' id='word_1_810' title='bbox 3004 4432 3093 4502; x_wconf 91' lang='lat' dir='ltr'><strong>qui</strong></span> <span class='ocrx_word' id='word_1_811' title='bbox 3122 4442 3298 4489; x_wconf 91' lang='lat' dir='ltr'><strong>tamen</strong></span> <span class='ocrx_word' id='word_1_812' title='bbox 3326 4436 3395 4488; x_wconf 87' lang='lat' dir='ltr'><strong>ad</strong></span> 
     </span>
    </p>
   </div>
   <div class='ocr_carea' id='block_1_104' title="bbox 1740 4519 3391 4607">
    <p class='ocr_par' dir='ltr' id='par_1_104' title="bbox 1740 4519 3391 4607">
     <span class='ocr_line' id='line_1_104' title="bbox 1740 4519 3391 4607; baseline 0.005 -35"><span class='ocrx_word' id='word_1_813' title='bbox 1740 4548 1793 4607; x_wconf 67' lang='grc' dir='ltr'><strong>Ι)</strong></span> <span class='ocrx_word' id='word_1_814' title='bbox 1816 4519 1932 4587; x_wconf 90' lang='lat' dir='ltr'><strong>ejus</strong></span> <span class='ocrx_word' id='word_1_815' title='bbox 1958 4521 2172 4589; x_wconf 89' lang='lat' dir='ltr'><strong>nuptias</strong></span> <span class='ocrx_word' id='word_1_816' title='bbox 2206 4536 2310 4576; x_wconf 92' lang='lat' dir='ltr'><strong>non</strong></span> <span class='ocrx_word' id='word_1_817' title='bbox 2339 4522 2600 4590; x_wconf 90' lang='lat' dir='ltr'><strong>pervenit.</strong></span> <span class='ocrx_word' id='word_1_818' title='bbox 2651 4521 2783 4576; x_wconf 85' lang='lat' dir='ltr'><strong>Nam</strong></span> <span class='ocrx_word' id='word_1_819' title='bbox 2819 4524 2891 4577; x_wconf 88' lang='lat' dir='ltr'><strong>ita</strong></span> <span class='ocrx_word' id='word_1_820' title='bbox 2926 4523 3098 4580; x_wconf 86' lang='lat' dir='ltr'><strong>factus</strong></span> <span class='ocrx_word' id='word_1_821' title='bbox 3122 4534 3203 4580; x_wconf 86' lang='lat' dir='ltr'><strong>est</strong></span> <span class='ocrx_word' id='word_1_822' title='bbox 3228 4526 3391 4582; x_wconf 89' lang='lat' dir='ltr'><strong>disci-</strong></span> 
     </span>
    </p>
   </div>
   <div class='ocr_carea' id='block_1_105' title="bbox 1786 4613 3389 4684">
    <p class='ocr_par' dir='ltr' id='par_1_105' title="bbox 1786 4613 3389 4684">
     <span class='ocr_line' id='line_1_105' title="bbox 1786 4613 3389 4684; baseline 0.005 -18"><span class='ocrx_word' id='word_1_823' title='bbox 1786 4616 1791 4622; x_wconf 83' lang='lat'><strong><em>&#39;</em></strong></span> <span class='ocrx_word' id='word_1_824' title='bbox 1815 4613 1971 4682; x_wconf 84' lang='lat' dir='ltr'><strong>pulus</strong></span> <span class='ocrx_word' id='word_1_825' title='bbox 2000 4613 2250 4669; x_wconf 85' lang='lat' dir='ltr'><strong>dubitans</strong></span> <span class='ocrx_word' id='word_1_826' title='bbox 2275 4624 2329 4670; x_wconf 89' lang='lat' dir='ltr'><strong>et</strong></span> <span class='ocrx_word' id='word_1_827' title='bbox 2358 4614 2579 4684; x_wconf 83' lang='lat' dir='ltr'><strong>palpans</strong></span> <span class='ocrx_word' id='word_1_828' title='bbox 2610 4617 2759 4670; x_wconf 89' lang='lat' dir='ltr'><strong>testis</strong></span> <span class='ocrx_word' id='word_1_829' title='bbox 2794 4630 2931 4671; x_wconf 70' lang='lat' dir='ltr'><strong>veras</strong></span> <span class='ocrx_word' id='word_1_830' title='bbox 2960 4618 3389 4684; x_wconf 86' lang='lat' dir='ltr'><strong>resurrectionis,</strong></span> 
     </span>
    </p>
   </div>
   <div class='ocr_carea' id='block_1_106' title="bbox 1816 4702 3392 4781">
    <p class='ocr_par' dir='ltr' id='par_1_106' title="bbox 1816 4702 3392 4781">
     <span class='ocr_line' id='line_1_106' title="bbox 1816 4702 3392 4781; baseline 0.004 -23"><span class='ocrx_word' id='word_1_831' title='bbox 1816 4704 1956 4759; x_wconf 88' lang='lat' dir='ltr'><strong>sicut</strong></span> <span class='ocrx_word' id='word_1_832' title='bbox 1979 4718 2206 4772; x_wconf 89' lang='lat' dir='ltr'><strong>sponsus</strong></span> <span class='ocrx_word' id='word_1_833' title='bbox 2233 4702 2332 4757; x_wconf 89' lang='lat' dir='ltr'><strong>fuit</strong></span> <span class='ocrx_word' id='word_1_834' title='bbox 2360 4705 2550 4759; x_wconf 79' lang='lat' dir='ltr'><strong>muris</strong></span> <span class='ocrx_word' id='word_1_835' title='bbox 2573 4713 2753 4760; x_wconf 88' lang='lat' dir='ltr'><strong>custos</strong></span> <span class='ocrx_word' id='word_1_836' title='bbox 2782 4707 3137 4777; x_wconf 72' lang='lat' dir='ltr'><strong>integerrima:</strong></span> <span class='ocrx_word' id='word_1_837' title='bbox 3165 4708 3392 4781; x_wconf 85' lang='lat' dir='ltr'><strong>virgini—</strong></span> 
     </span>
    </p>
   </div>
   <div class='ocr_carea' id='block_1_107' title="bbox 1816 4791 3386 4867">
    <p class='ocr_par' dir='ltr' id='par_1_107' title="bbox 1816 4791 3386 4867">
     <span class='ocr_line' id='line_1_107' title="bbox 1816 4791 3386 4867; baseline 0.006 -21"><span class='ocrx_word' id='word_1_838' title='bbox 1816 4793 1960 4846; x_wconf 85' lang='lat' dir='ltr'><strong>tatis.</strong></span> <span class='ocrx_word' id='word_1_839' title='bbox 2012 4791 2126 4846; x_wconf 88' lang='lat' dir='ltr'><strong>Non</strong></span> <span class='ocrx_word' id='word_1_840' title='bbox 2154 4793 2322 4847; x_wconf 87' lang='lat' dir='ltr'><strong>solum</strong></span> <span class='ocrx_word' id='word_1_841' title='bbox 2353 4809 2542 4849; x_wconf 87' lang='lat' dir='ltr'><strong>manus</strong></span> <span class='ocrx_word' id='word_1_842' title='bbox 2566 4804 2620 4851; x_wconf 91' lang='lat' dir='ltr'><strong>et</strong></span> <span class='ocrx_word' id='word_1_843' title='bbox 2648 4798 2810 4867; x_wconf 88' lang='lat' dir='ltr'><strong>pedes</strong></span> <span class='ocrx_word' id='word_1_844' title='bbox 2848 4799 3039 4866; x_wconf 88' lang='lat' dir='ltr'><strong>quibus</strong></span> <span class='ocrx_word' id='word_1_845' title='bbox 3075 4800 3241 4855; x_wconf 83' lang='lat' dir='ltr'><strong>indita</strong></span> <span class='ocrx_word' id='word_1_846' title='bbox 3271 4800 3386 4856; x_wconf 82' lang='lat' dir='ltr'><strong>cla—</strong></span> 
     </span>
    </p>
   </div>
   <div class='ocr_carea' id='block_1_108' title="bbox 1814 4882 3385 4954">
    <p class='ocr_par' dir='ltr' id='par_1_108' title="bbox 1814 4882 3385 4954">
     <span class='ocr_line' id='line_1_108' title="bbox 1814 4882 3385 4954; baseline 0.008 -20"><span class='ocrx_word' id='word_1_847' title='bbox 1814 4896 2003 4936; x_wconf 89' lang='lat' dir='ltr'><strong>vorum</strong></span> <span class='ocrx_word' id='word_1_848' title='bbox 2032 4882 2274 4938; x_wconf 89' lang='lat' dir='ltr'><strong>claruere</strong></span> <span class='ocrx_word' id='word_1_849' title='bbox 2298 4885 2544 4954; x_wconf 88' lang='lat' dir='ltr'><strong>vestigia,</strong></span> <span class='ocrx_word' id='word_1_850' title='bbox 2573 4886 2664 4940; x_wconf 89' lang='lat' dir='ltr'><strong>sed</strong></span> <span class='ocrx_word' id='word_1_851' title='bbox 2683 4895 2973 4943; x_wconf 87' lang='lat' dir='ltr'><strong>attestante</strong></span> <span class='ocrx_word' id='word_1_852' title='bbox 2992 4887 3199 4946; x_wconf 86' lang='lat' dir='ltr'><strong>Joanne</strong></span> <span class='ocrx_word' id='word_1_853' title='bbox 3219 4892 3385 4947; x_wconf 89' lang='lat' dir='ltr'><strong>etiam</strong></span> 
     </span>
    </p>
   </div>
   <div class='ocr_carea' id='block_1_109' title="bbox 1813 4970 3386 5043">
    <p class='ocr_par' dir='ltr' id='par_1_109' title="bbox 1813 4970 3386 5043">
     <span class='ocr_line' id='line_1_109' title="bbox 1813 4970 3386 5043; baseline 0.01 -22"><span class='ocrx_word' id='word_1_854' title='bbox 1813 4970 1952 5026; x_wconf 87' lang='lat' dir='ltr'><strong>latus</strong></span> <span class='ocrx_word' id='word_1_855' title='bbox 1977 4972 2117 5041; x_wconf 89' lang='lat' dir='ltr'><strong>quod</strong></span> <span class='ocrx_word' id='word_1_856' title='bbox 2154 4973 2333 5028; x_wconf 86' lang='lat' dir='ltr'><strong>lancea</strong></span> <span class='ocrx_word' id='word_1_857' title='bbox 2377 4974 2703 5043; x_wconf 89' lang='lat' dir='ltr'><strong>perforatum</strong></span> <span class='ocrx_word' id='word_1_858' title='bbox 2729 4976 2900 5032; x_wconf 82' lang='lat' dir='ltr'><strong>fuerat</strong></span> <span class='ocrx_word' id='word_1_859' title='bbox 2923 4981 3175 5043; x_wconf 87' lang='lat' dir='ltr'><strong>ostendit,</strong></span> <span class='ocrx_word' id='word_1_860' title='bbox 3214 4990 3273 5036; x_wconf 91' lang='lat' dir='ltr'><strong>ut</strong></span> <span class='ocrx_word' id='word_1_861' title='bbox 3302 4983 3386 5037; x_wconf 77' lang='lat' dir='ltr'><strong>vi-</strong></span> 
     </span>
    </p>
   </div>
   <div class='ocr_carea' id='block_1_110' title="bbox 1814 5060 3385 5127">
    <p class='ocr_par' dir='ltr' id='par_1_110' title="bbox 1814 5060 3385 5127">
     <span class='ocr_line' id='line_1_110' title="bbox 1814 5060 3385 5127; baseline 0.01 -15"><span class='ocrx_word' id='word_1_862' title='bbox 1814 5060 2007 5115; x_wconf 88' lang='lat' dir='ltr'><strong>delicet</strong></span> <span class='ocrx_word' id='word_1_863' title='bbox 2027 5070 2243 5116; x_wconf 87' lang='lat' dir='ltr'><strong>ostensa</strong></span> <span class='ocrx_word' id='word_1_864' title='bbox 2270 5062 2547 5117; x_wconf 88' lang='lat' dir='ltr'><strong>vulnerum</strong></span> <span class='ocrx_word' id='word_1_865' title='bbox 2577 5080 2792 5119; x_wconf 89' lang='lat' dir='ltr'><strong>suorum</strong></span> <span class='ocrx_word' id='word_1_866' title='bbox 2823 5067 3075 5123; x_wconf 89' lang='lat' dir='ltr'><strong>cicatrice</strong></span> <span class='ocrx_word' id='word_1_867' title='bbox 3095 5071 3385 5127; x_wconf 79' lang='lat' dir='ltr'><strong>dubietatis</strong></span> 
     </span>
    </p>
   </div>
   <div class='ocr_carea' id='block_1_111' title="bbox 1815 5154 3386 5232">
    <p class='ocr_par' dir='ltr' id='par_1_111' title="bbox 1815 5154 3386 5232">
     <span class='ocr_line' id='line_1_111' title="bbox 1815 5154 3386 5232; baseline 0.01 -27"><span class='ocrx_word' id='word_1_868' title='bbox 1815 5160 1974 5222; x_wconf 89' lang='lat' dir='ltr'><strong>atque</strong></span> <span class='ocrx_word' id='word_1_869' title='bbox 1999 5154 2327 5210; x_wconf 88' lang='lat' dir='ltr'><strong>inﬁdelitatis</strong></span> <span class='ocrx_word' id='word_1_870' title='bbox 2348 5171 2529 5211; x_wconf 89' lang='lat' dir='ltr'><strong>eorum</strong></span> <span class='ocrx_word' id='word_1_871' title='bbox 2552 5158 2742 5213; x_wconf 90' lang='lat' dir='ltr'><strong>vulnus</strong></span> <span class='ocrx_word' id='word_1_872' title='bbox 2761 5170 2995 5215; x_wconf 89' lang='lat' dir='ltr'><strong>sanaret.</strong></span> <span class='ocrx_word' id='word_1_873' title='bbox 3031 5162 3225 5217; x_wconf 80' lang='lat' dir='ltr'><strong>Verum</strong></span> <span class='ocrx_word' id='word_1_874' title='bbox 3254 5179 3386 5232; x_wconf 87' lang='lat' dir='ltr'><strong>quo-</strong></span> 
     </span>
    </p>
   </div>
   <div class='ocr_carea' id='block_1_112' title="bbox 1813 5243 3380 5311">
    <p class='ocr_par' dir='ltr' id='par_1_112' title="bbox 1813 5243 3380 5311">
     <span class='ocr_line' id='line_1_112' title="bbox 1813 5243 3380 5311; baseline 0.01 -17"><span class='ocrx_word' id='word_1_875' title='bbox 1813 5243 1971 5296; x_wconf 88' lang='lat' dir='ltr'><strong>modo</strong></span> <span class='ocrx_word' id='word_1_876' title='bbox 1998 5252 2120 5311; x_wconf 90' lang='lat' dir='ltr'><strong>post</strong></span> <span class='ocrx_word' id='word_1_877' title='bbox 2146 5246 2590 5301; x_wconf 89' lang='lat' dir='ltr'><strong>resurrectionem</strong></span> <span class='ocrx_word' id='word_1_878' title='bbox 2617 5246 2887 5302; x_wconf 89' lang='lat' dir='ltr'><strong>clavorum</strong></span> <span class='ocrx_word' id='word_1_879' title='bbox 2931 5259 2986 5304; x_wconf 90' lang='lat' dir='ltr'><strong>et</strong></span> <span class='ocrx_word' id='word_1_880' title='bbox 3021 5250 3221 5307; x_wconf 65' lang='lat' dir='ltr'><strong>lanceas</strong></span> <span class='ocrx_word' id='word_1_881' title='bbox 3267 5252 3380 5309; x_wconf 86' lang='lat' dir='ltr'><strong>loca</strong></span> 
     </span>
    </p>
   </div>
   <div class='ocr_carea' id='block_1_113' title="bbox 1814 5331 3385 5412">
    <p class='ocr_par' dir='ltr' id='par_1_113' title="bbox 1814 5331 3385 5412">
     <span class='ocr_line' id='line_1_113' title="bbox 1814 5331 3385 5412; baseline 0.009 -29"><span class='ocrx_word' id='word_1_882' title='bbox 1814 5331 2096 5400; x_wconf 89' lang='lat' dir='ltr'><strong>pandendo</strong></span> <span class='ocrx_word' id='word_1_883' title='bbox 2135 5332 2511 5403; x_wconf 86' lang='lat' dir='ltr'><strong>discipulorum</strong></span> <span class='ocrx_word' id='word_1_884' title='bbox 2550 5336 2797 5407; x_wconf 86' lang='lat' dir='ltr'><strong>dignatus</strong></span> <span class='ocrx_word' id='word_1_885' title='bbox 2824 5348 2906 5393; x_wconf 91' lang='lat' dir='ltr'><strong>est</strong></span> <span class='ocrx_word' id='word_1_886' title='bbox 2944 5339 3100 5394; x_wconf 86' lang='lat' dir='ltr'><strong>ﬁdem</strong></span> <span class='ocrx_word' id='word_1_887' title='bbox 3128 5356 3385 5412; x_wconf 89' lang='lat' dir='ltr'><strong>spemque</strong></span> 
     </span>
    </p>
   </div>
   <div class='ocr_carea' id='block_1_114' title="bbox 1816 5419 3382 5497">
    <p class='ocr_par' dir='ltr' id='par_1_114' title="bbox 1816 5419 3382 5497">
     <span class='ocr_line' id='line_1_114' title="bbox 1816 5419 3382 5497; baseline 0.01 -25"><span class='ocrx_word' id='word_1_888' title='bbox 1816 5419 2088 5483; x_wconf 88' lang='lat' dir='ltr'><strong>roborare,</strong></span> <span class='ocrx_word' id='word_1_889' title='bbox 2118 5420 2189 5474; x_wconf 87' lang='lat' dir='ltr'><strong>ita</strong></span> <span class='ocrx_word' id='word_1_890' title='bbox 2217 5422 2268 5474; x_wconf 89' lang='lat' dir='ltr'><strong>in</strong></span> <span class='ocrx_word' id='word_1_891' title='bbox 2300 5422 2383 5476; x_wconf 91' lang='lat' dir='ltr'><strong>die</strong></span> <span class='ocrx_word' id='word_1_892' title='bbox 2402 5421 2587 5489; x_wconf 88' lang='lat' dir='ltr'><strong>judicii</strong></span> <span class='ocrx_word' id='word_1_893' title='bbox 2615 5432 2669 5477; x_wconf 90' lang='lat' dir='ltr'><strong>et</strong></span> <span class='ocrx_word' id='word_1_894' title='bbox 2690 5426 2875 5479; x_wconf 88' lang='lat' dir='ltr'><strong>eadem</strong></span> <span class='ocrx_word' id='word_1_895' title='bbox 2906 5429 3162 5496; x_wconf 89' lang='lat' dir='ltr'><strong>passonis</strong></span> <span class='ocrx_word' id='word_1_896' title='bbox 3179 5428 3382 5497; x_wconf 83' lang='lat' dir='ltr'><strong>judicia</strong></span> 
     </span>
    </p>
   </div>
   <div class='ocr_carea' id='block_1_115' title="bbox 1806 5508 3382 5579">
    <p class='ocr_par' dir='ltr' id='par_1_115' title="bbox 1806 5508 3382 5579">
     <span class='ocr_line' id='line_1_115' title="bbox 1806 5508 3382 5579; baseline 0.01 -17"><span class='ocrx_word' id='word_1_897' title='bbox 1806 5516 1858 5562; x_wconf 90' lang='lat' dir='ltr'><strong>et</strong></span> <span class='ocrx_word' id='word_1_898' title='bbox 1886 5508 2053 5577; x_wconf 89' lang='lat' dir='ltr'><strong>ipsam</strong></span> <span class='ocrx_word' id='word_1_899' title='bbox 2079 5512 2281 5579; x_wconf 87' lang='lat' dir='ltr'><strong>pariter</strong></span> <span class='ocrx_word' id='word_1_900' title='bbox 2301 5528 2514 5567; x_wconf 88' lang='lat' dir='ltr'><strong>crucem</strong></span> <span class='ocrx_word' id='word_1_901' title='bbox 2537 5517 2881 5572; x_wconf 88' lang='lat' dir='ltr'><strong>monstrando</strong></span> <span class='ocrx_word' id='word_1_902' title='bbox 2900 5526 3155 5575; x_wconf 88' lang='lat' dir='ltr'><strong>venturus</strong></span> <span class='ocrx_word' id='word_1_903' title='bbox 3175 5530 3258 5575; x_wconf 91' lang='lat' dir='ltr'><strong>est</strong></span> <span class='ocrx_word' id='word_1_904' title='bbox 3276 5522 3382 5577; x_wconf 75' lang='grc' dir='ltr'><strong>ἰηι-</strong></span> 
     </span>
    </p>
   </div>
   <div class='ocr_carea' id='block_1_116' title="bbox 1804 5595 3383 5673">
    <p class='ocr_par' dir='ltr' id='par_1_116' title="bbox 1804 5595 3383 5673">
     <span class='ocr_line' id='line_1_116' title="bbox 1804 5595 3383 5673; baseline 0.013 -28"><span class='ocrx_word' id='word_1_905' title='bbox 1804 5595 2053 5662; x_wconf 71' lang='lat' dir='ltr'><strong>pietatem</strong></span> <span class='ocrx_word' id='word_1_906' title='bbox 2070 5599 2419 5666; x_wconf 84' lang='lat' dir='ltr'><strong>superborum</strong></span> <span class='ocrx_word' id='word_1_907' title='bbox 2432 5599 2901 5672; x_wconf 85' lang='lat' dir='ltr'><strong>inﬁdelitatemque</strong></span> <span class='ocrx_word' id='word_1_908' title='bbox 2915 5605 3258 5673; x_wconf 75' lang='lat' dir='ltr'><strong>confundere,</strong></span> <span class='ocrx_word' id='word_1_909' title='bbox 3273 5608 3383 5666; x_wconf 87' lang='lat' dir='ltr'><strong>scl-</strong></span> 
     </span>
    </p>
   </div>
   <div class='ocr_carea' id='block_1_117' title="bbox 1808 5684 3379 5764">
    <p class='ocr_par' dir='ltr' id='par_1_117' title="bbox 1808 5684 3379 5764">
     <span class='ocr_line' id='line_1_117' title="bbox 1808 5684 3379 5764; baseline 0.011 -29"><span class='ocrx_word' id='word_1_910' title='bbox 1808 5684 1929 5736; x_wconf 90' lang='lat' dir='ltr'><strong>licet</strong></span> <span class='ocrx_word' id='word_1_911' title='bbox 1946 5692 2003 5735; x_wconf 91' lang='lat' dir='ltr'><strong>ut</strong></span> <span class='ocrx_word' id='word_1_912' title='bbox 2016 5684 2185 5752; x_wconf 90' lang='lat' dir='ltr'><strong>ipsum</strong></span> <span class='ocrx_word' id='word_1_913' title='bbox 2202 5702 2410 5751; x_wconf 83' lang='lat' dir='ltr'><strong>seesse,</strong></span> <span class='ocrx_word' id='word_1_914' title='bbox 2426 5690 2515 5758; x_wconf 89' lang='lat' dir='ltr'><strong>qui</strong></span> <span class='ocrx_word' id='word_1_915' title='bbox 2540 5690 2608 5745; x_wconf 89' lang='lat' dir='ltr'><strong>ab</strong></span> <span class='ocrx_word' id='word_1_916' title='bbox 2632 5691 2811 5760; x_wconf 90' lang='lat' dir='ltr'><strong>impiis</strong></span> <span class='ocrx_word' id='word_1_917' title='bbox 2832 5701 2887 5747; x_wconf 91' lang='lat' dir='ltr'><strong>et</strong></span> <span class='ocrx_word' id='word_1_918' title='bbox 2910 5709 3008 5761; x_wconf 90' lang='lat' dir='ltr'><strong>pro</strong></span> <span class='ocrx_word' id='word_1_919' title='bbox 3035 5696 3212 5764; x_wconf 90' lang='lat' dir='ltr'><strong>impiis</strong></span> <span class='ocrx_word' id='word_1_920' title='bbox 3230 5712 3379 5752; x_wconf 44' lang='lat' dir='ltr'><strong>more</strong></span> 
     </span>
    </p>
   </div>
   <div class='ocr_carea' id='block_1_118' title="bbox 1809 5777 3375 5852">
    <p class='ocr_par' dir='ltr' id='par_1_118' title="bbox 1809 5777 3375 5852">
     <span class='ocr_line' id='line_1_118' title="bbox 1809 5777 3375 5852; baseline 0.011 -27"><span class='ocrx_word' id='word_1_921' title='bbox 1809 5782 1928 5826; x_wconf 89' lang='lat' dir='ltr'><strong>tuus</strong></span> <span class='ocrx_word' id='word_1_922' title='bbox 1944 5782 2020 5827; x_wconf 83' lang='lat' dir='ltr'><strong>est</strong></span> <span class='ocrx_word' id='word_1_923' title='bbox 2035 5814 2045 5837; x_wconf 80' lang='lat'><strong>,</strong></span> <span class='ocrx_word' id='word_1_924' title='bbox 2062 5777 2269 5828; x_wconf 87' lang='lat' dir='ltr'><strong>cunctis</strong></span> <span class='ocrx_word' id='word_1_925' title='bbox 2295 5777 2467 5846; x_wconf 74' lang='lat' dir='ltr'><strong>palam.</strong></span> <span class='ocrx_word' id='word_1_926' title='bbox 2498 5779 2695 5843; x_wconf 55' lang='lat' dir='ltr'><strong>angelis</strong></span> <span class='ocrx_word' id='word_1_927' title='bbox 2710 5791 2760 5833; x_wconf 71' lang='grc' dir='ltr'><strong>οι,</strong></span> <span class='ocrx_word' id='word_1_928' title='bbox 2776 5783 3077 5838; x_wconf 70' lang='lat' dir='ltr'><strong>hominibus</strong></span> <span class='ocrx_word' id='word_1_929' title='bbox 3096 5786 3342 5842; x_wconf 71' lang='lat' dir='ltr'><strong>ostendat</strong></span> <span class='ocrx_word' id='word_1_930' title='bbox 3356 5824 3375 5852; x_wconf 81' lang='lat'><strong>,</strong></span> 
     </span>
    </p>
   </div>
  </div>
