3946 6368
577 457 679 513 179

575 569 900 637 videamque,
932 577 989 621 ut
1018 568 1273 637 scriptum
1304 577 1405 633 est,
1440 570 1493 621 in
1535 586 1684 637 quem
1730 584 2073 640 pupugerunt,
2106 581 2151 624 et

572 658 819 728 plangant
854 673 907 711 se
937 673 1092 726 super
1115 674 1231 711 eum
1268 674 1439 713 omnes
1471 658 1645 713 tribue
1669 671 1839 713 teme.
1884 658 2026 714 Sane
2057 675 2153 713 no-

574 748 793 802 tandum
829 747 969 815 quod
998 748 1168 801 solent
1209 749 1260 801 in
1292 749 1395 804 hoc
1423 750 1539 803 loco
1576 750 1801 819 gentiles
1829 750 2153 803 calumniam

571 851 823 901 struere,
873 846 927 892 et
976 836 1133 891 (idem
1179 850 1406 908 sperata:
1457 856 1487 893 a
1536 840 1689 894 nobis
1747 842 2154 895 resurrectionis

568 934 731 987 stulta
759 932 1070 1004 garrulitate
1091 934 1354 988 deridere.
1392 933 1445 987 Si
1477 935 1618 988 enim
1653 937 1764 1003 ipse
1788 936 1927 990 Deus
1956 946 2151 999 vester,

568 1026 840 1094 inquiunt,
873 1041 970 1080 nec
999 1025 1097 1080 sibi
1139 1025 1335 1081 inllicta
1374 1042 1402 1079 a
1442 1025 1640 1080 Judzeis
1690 1026 1909 1081 vulnera
1958 1041 2151 1080 curare

566 1117 865 1188 pmvaluit,
908 1117 1002 1172 sed
1041 1118 1354 1173 cicatricum
1400 1116 1623 1186 vestigia
1666 1116 1803 1171 caelo
1848 1132 2051 1181 secum,
2096 1126 2151 1170 ut

565 1208 745 1263 dicitis
769 1208 992 1271 invexit,
1025 1223 1129 1277 qua
1160 1207 1465 1262 temeritate
1494 1206 1696 1276 putatis
1724 1222 1847 1262 eum
1879 1216 2057 1261 vestra
2085 1208 2148 1261 de

564 1298 785 1368 pulvere
826 1301 1067 1355 membra
1108 1299 1175 1353 ad
1213 1300 1479 1368 integrum
1527 1313 1646 1354 esse
1696 1308 2145 1354 restauraturuin.

565 1389 770 1457 Quibus
816 1391 1263 1459 respondendum,
1304 1389 1430 1459 quia
1483 1388 1623 1443 Deus
1664 1399 1848 1445 noster
1873 1392 1963 1463 qui
1996 1406 2147 1446 suam

564 1495 819 1551 perpetua
840 1482 949 1552 jam
984 1480 1390 1536 immortalitate
1418 1479 1767 1548 glorificatam
1805 1480 1868 1535 de
1897 1481 2149 1549 sepulcro

563 1590 782 1630 carnem
811 1575 1137 1629 resuscitare
1181 1572 1394 1641 quando
1430 1572 1614 1636 voluit,
1657 1582 1709 1626 et
1748 1572 2017 1643 quomodo
2055 1587 2149 1625 νος

564 1664 679 1727 luit,
698 1666 891 1734 potuit,
908 1667 1071 1719 etiam
1086 1665 1298 1733 qualem
1314 1662 1475 1717 voluit
1488 1661 1785 1717 suscitavit.
1804 1661 1985 1732 Neque
2002 1663 2145 1717 enim

561 1770 899 1825 consequens
926 1764 1008 1809 est
1035 1766 1092 1809 ut
1126 1755 1219 1823 qui
1259 1753 1464 1823 majora
1513 1752 1707 1808 fecisse
1749 1754 2008 1824 probatur
2047 1754 2147 1809 mi-

561 1863 693 1904 nora
731 1846 906 1901 facere
933 1846 1251 1917 nequiverit,
1287 1846 1379 1901 sed
1408 1853 1554 1900 certe
1581 1846 1998 1914 dispensationis
2023 1861 2144 1917 gra-

558 1939 633 1993 tia
658 1938 749 2008 qui
780 1935 951 2005 majus
979 1936 1105 1990 fecit
1134 1936 1311 1991 minus
1341 1934 1516 1992 facere
1544 1937 1865 2006 supersedit.
1918 1935 2029 1992 Hoc
2063 1946 2143 1991 est

558 2030 701 2100 quod
729 2030 918 2084 mortis
948 2044 1108 2100 regna
1134 2027 1421 2093 destruxit,
1450 2028 1601 2098 signa
1631 2028 1819 2082 mortis
1857 2027 2143 2083 obliterare

558 2120 766 2175 noluit:
794 2118 967 2189 primo
998 2118 1245 2173 \‘idt'licet
1266 2128 1325 2172 ut
1351 2132 1448 2189 per
1481 2118 1595 2173 haec
1634 2117 1910 2188 discipulis
1937 2118 2049 2172 suis
2077 2117 2140 2171 li-

556 2210 821 2265 dentsute
856 2208 1265 2263 resurrectionis
1314 2217 1611 2272 astrueret;
1654 2207 1844 2263 deinde
1892 2216 1957 2261 ur
1992 2207 2141 2261 Patri

554 2316 654 2370 pro
680 2299 833 2354 nobis
866 2299 1171 2369 supplicans
1198 2298 1355 2369 quale
1388 2314 1555 2368 genus
1590 2298 1779 2353 mortis
1810 2315 1906 2369 pro
1946 2307 2141 2353 morta-

554 2392 685 2446 lium
718 2391 823 2445 vita
854 2390 1374 2461 protuleritsemper
1402 2389 1680 2455 ostendat;
1732 2390 1890 2445 tertio
1942 2398 2000 2443 ut
2043 2405 2139 2444 sua

557 2487 733 2535 morte
772 2480 1063 2549 redemptis
1100 2493 1205 2548 qua
1238 2479 1659 2533 misericorditer
1693 2476 1857 2546 arljuti
1884 2479 1992 2533 sint
2018 2494 2140 2548 pro-

552 2573 742 2641 positis
769 2586 983 2641 semper
1011 2570 1251 2638 ejusdem
1282 2570 1472 2624 mortis
1497 2569 1712 2623 innovet
1735 2570 1967 2633 indiciis,
2000 2570 2141 2625 ideo-

552 2677 683 2733 que,
714 2662 1111 2717 misericordias
1146 2661 1355 2716 Domini
1402 2661 1456 2715 in
1485 2669 1744 2715 azternum
1787 2669 2007 2716 cantare
2032 2678 2137 2717 non

551 2762 768 2809 cessent
818 2753 909 2807 sed
940 2752 1120 2806 dicant
1160 2751 1251 2820 qui
1303 2750 1563 2821 redempti
1620 2760 1739 2805 sunt
1782 2766 1812 2804 a
1862 2750 2132 2805 Domino:

554 2845 816 2911 Quoniam
862 2845 1043 2906 bonus,
1095 2844 1342 2913 quoniam
1379 2843 1433 2895 in
1475 2851 1725 2901 aeternum
1779 2841 2137 2895 misericordia

550 2938 701 3006 ejus;
730 2943 1002 3005 postremo
1029 2943 1086 2988 ut
1110 2934 1275 3011 etiam
1301 2930 1520 3003 perfidis
1550 2933 1601 2986 in
1621 2932 1823 3002 judicio
1859 2947 2019 3002 quam
2043 2931 2135 3000 ju-

552 3037 634 3083 ste
662 3027 985 3082 damnentur
1014 3034 1232 3079 ostensa
1270 3024 1412 3079 inter
1438 3016 1560 3081 'alia
1593 3024 1791 3094 flagitia
1821 3025 1983 3078 etiam
2016 3024 2133 3077 vul-

552 3131 744 3173 nerum
780 3132 900 3186 qua:
927 3117 993 3170 ab
1019 3115 1098 3170 eis
1135 3115 1371 3185 suscepit
1400 3115 1653 3170 cicatrice
1682 3116 1978 3170 denuntiet.
2012 3114 2135 3170 Vel-

552 3205 628 3261 uti
655 3205 699 3260 si
727 3204 879 3259 miles
902 3202 1096 3273 aliquis
1124 3203 1450 3259 fortissimus
1469 3202 1692 3272 jubente
1742 3219 1840 3258 suo
1866 3218 1993 3275 rege
2036 3218 2135 3272 pro

552 3297 717 3352 totius
754 3297 929 3367 gentis
985 3296 1153 3351 salute
1202 3295 1457 3367 singulari
1507 3298 1803 3351 certamine
1849 3282 2129 3359 desudans,

554 3385 738 3439 multis
788 3386 1001 3453 quidem
1051 3386 1363 3441 vulneribus
1392 3386 1651 3455 exceptis,
1710 3388 1917 3442 hostem
1956 3396 2134 3442 tamen

552 3478 859 3543 interficiat,
892 3478 1059 3547 spolia
1087 3478 1203 3548 ejus
1251 3477 1493 3547 diripiat,
1542 3478 1827 3534 victoriam
1858 3493 1969 3533 suae
1989 3479 2135 3549 genti

550 3575 824 3638 reportet,
870 3575 926 3622 et
969 3568 1329 3637 interrogatus
1374 3583 1405 3621 a
1443 3568 1686 3635 medico,
1725 3571 1821 3625 cui
1866 3570 2134 3625 curandus

550 3658 925 3720 committitur,
964 3657 1037 3711 ita
1062 3672 1127 3711 ne
1156 3657 1282 3712 velit
1325 3658 1502 3713 curari
1531 3668 1592 3713 ut
1632 3673 1731 3714 nec
1754 3660 1979 3733 vestigia
2016 3662 2132 3714 vul-

550 3761 740 3813 uerum
766 3747 872 3801 ulla
905 3746 1195 3811 resideant,
1227 3762 1295 3799 an
1327 3746 1497 3818 magis
1522 3747 1593 3801 ita
1622 3755 1681 3801 ut
1704 3748 1986 3805 cicatrices
2013 3750 2133 3819 qui-

550 3840 671 3893 dem
688 3844 1024 3901 remaneant,
1050 3833 1365 3893 deformitas
1389 3853 1517 3893 vero
1541 3854 1763 3909 prorsus
1774 3840 1950 3895 omnis
1971 3848 2024 3899 et
2035 3840 2136 3896 fte-

550 3930 693 3984 ditas
719 3929 878 3991 absit,
925 3927 1246 3997 respondeat
1269 3929 1462 3999 saepius
1488 3928 1562 3982 ita
1594 3944 1653 3983 se
1681 3928 1815 3983 velle
1842 3930 2023 3985 sanari
2053 3938 2131 3996 ut,

551 4030 663 4077 toto
690 4021 879 4077 salutis
904 4020 1220 4089 decorisque
1243 4020 1455 4090 pristini
1482 4028 1623 4076 statu
1656 4031 1991 4090 recuperato,
2014 4037 2133 4091 per-

537 4108 709 4182 petua
738 4126 921 4167 secum
966 4110 1100 4164 tanti
1131 4109 1475 4165 circumferat
1506 4110 1665 4181 ‘signa
1710 4112 1984 4183 triumphi.
2040 4112 2133 4167 Sic

546 4202 791 4273 profecto
831 4200 1092 4257 Dominus
1122 4201 1359 4271 perpetis
1400 4202 1469 4257 ob
1512 4202 1723 4272 signum
1749 4203 1989 4258 victoriae
2025 4220 2131 4259 non

546 4292 727 4348 curari
749 4300 973 4362 excepta
1000 4306 1099 4361 pro
1121 4290 1277 4345 nobis
1309 4290 1528 4346 vulnera
1556 4292 1841 4360 passionis,
1867 4294 1959 4348 sed
1987 4294 2129 4363 ipso-

550 4401 667 4440 rum
698 4384 981 4441 cicatrices
1030 4383 1167 4439 coelo
1204 4382 1403 4438 inferre
1453 4398 1614 4453 quam
1656 4382 1870 4440 abolere
1898 4387 2128 4451 maluit;

548 4490 650 4533 nec
681 4483 858 4531 tamen
884 4490 947 4530 ex
979 4475 1063 4529 his
1093 4474 1365 4544 quippiam
1401 4474 1521 4529 fidei
1549 4483 1747 4530 nostrae
1776 4478 2129 4533 resurrectio-

1211 454 1269 508 B.
1316 454 1566 510 RABANI
1606 456 1822 513 MAUR!
1862 456 2178 511 AllLIEllEl‘.
2221 459 2523 517 MOGUNT.
2571 461 2854 519 Oi‘iIllL'Tii
2890 462 3064 519 PARS
3102 463 3164 518 ll.

3743 471 3847 527 180

2182 579 2225 633 Α
2257 571 2363 626 Nos
2385 573 2576 643 signazi
2606 590 2809 637 sumus,
2839 575 2930 629 sel
2958 576 2999 629 si
3026 574 3181 629 filem
3215 588 3449 633 nostram
3476 583 3734 649 operibus
3763 598 3847 637 se.

2257 662 2509 729 quimur;
2549 662 2636 717 ille
2679 664 2876 717 ctenim
2928 680 3054 719 vere
3084 667 3253 720 credit
3280 708 3293 731 ,
3344 670 3433 737 qui
3466 681 3689 726 exercet
3716 689 3849 743 ope-

2257 753 2423 806 rando
2453 754 2595 822 quod
2639 756 2826 809 credit.
2880 754 3031 822 Quod
3065 765 3241 811 autem
3284 759 3392 822 ait,
3426 760 3575 815 Beati
3610 764 3700 833 qui
3741 780 3844 819 non

2253 842 2491 896 viderunt
2521 854 2566 896 et
2609 844 2961 911 crediderunt,
3015 848 3270 915 prieteriti
3314 852 3569 920 temporis
3603 870 3737 908 usus
3762 864 3846 910 est

2252 932 2437 991 verbo,
2466 942 2716 1003 tanqua-n
2749 933 2834 989 ille
2857 937 3112 1005 quiquod
3137 947 3250 991 erat
3276 936 3510 994 futurum
3538 943 3590 995 in
3624 960 3721 997 sua
3751 962 3845 997 no-

2253 1030 2400 1075 verat
2433 1023 2898 1091 prmdcstinatione
2948 1024 3075 1094 jam-
3115 1027 3335 1083 factum.
3392 1028 3495 1086 Sed
3544 1034 3627 1089 his
3656 1036 3841 1091 verbis

2250 1114 2747 1185 propriegcntinm,
2774 1125 2833 1170 ut
2860 1117 3112 1184 diximus,
3144 1118 3276 1175 fides
3302 1121 3631 1193 designatur.
3666 1126 3841 1179 Multa

2248 1201 2454 1271 quidem
2491 1214 2536 1259 et
2562 1206 2667 1258 alia
2698 1207 2848 1276 signa
2877 1206 2995 1275 fecit
3024 1206 3179 1261 Jesus
3219 1210 3273 1261 in
3308 1223 3577 1281 conspectu
3601 1214 3837 1283 discipu-

2249 1294 2416 1347 lorum
2465 1312 2701 1357 suorum,
2758 1312 2873 1366 qua:
2919 1313 3020 1350 non
3062 1307 3182 1351 sunt
3210 1300 3401 1369 scripta
3445 1302 3497 1354 in
3543 1301 3673 1356 libro
3719 1304 3837 1368 hoc,

2249 1381 2561 1451 signifieans
2595 1385 2919 1455 evangelista
2968 1387 3198 1457 plurima
3234 1390 3425 1444 fecisse
3452 1391 3633 1447 Jcsum
3682 1396 3839 1465 signa

2247 1479 2300 1525 et
2325 1474 2582 1561 miracula
2610 1474 2795 1528 salutis
2830 1485 2884 1528 et
2912 1478 3313 1545 praedicationis
3340 1495 3460 1550 qua:
3486 1500 3591 1539 non
3632 1477 3836 1555 scripta

2246 1572 2425 1617 essent
2452 1573 2670 1635 propter
2707 1566 3101 1622 multitudinem
3139 1570 3350 1625 illarum
3376 1588 3554 1629 rerum
3588 1590 3711 1647 quae
3743 1593 3835 1649 ge-

2246 1664 2343 1709 sta:
2376 1654 2591 1711 fuerunt
2627 1658 2694 1711 ab
2730 1673 2813 1712 eo.

2320 1746 2447 1801 "ire
2470 1759 2641 1804 autem
2667 1752 2857 1821 scripta
2880 1761 2999 1805 sunt
3024 1763 3078 1805 ut
3108 1754 3333 1809 credatis
3355 1759 3476 1823 quia
3505 1757 3659 1815 Iesus
3686 1760 3837 1815 Chri-

2244 1848 2354 1893 stus
2392 1848 2463 1893 est
2495 1837 2667 1894 Filius
2715 1841 2831 1907 Dei,
2881 1852 2927 1896 et
2974 1852 3029 1896 ut
3071 1847 3331 1901 credentes
3377 1851 3532 1903 vitam
3578 1860 3832 1907 teternam

2175 1913 2217 1969 Β
2248 1932 2481 1985 habeatis
2522 1932 2582 2013 Vin
2614 1935 2821 1987 nomine
2865 1936 2999 2004 ejus.
3058 1936 3150 1990 llle
3193 1939 3338 1993 enim
3370 1942 3460 2009 qui
3506 1944 3679 1997 credit
3711 1940 3835 2015 quia

2245 2021 2400 2076 Jesus
2424 2030 2507 2077 est
2531 2020 2777 2077 Christus
2802 2023 2966 2079 Filius
2996 2026 3108 2090 Dei,
3138 2017 3405 2084 credendo
3436 2031 3606 2099 ipsum
3636 2033 3834 2087 Filium

2247 2112 2298 2165 in
2336 2127 2392 2187 se
2437 2113 2599 2167 habet
2628 2133 2639 2167 :
2667 2115 2911 2170 habendo
2953 2115 3145 2171 Filium
3173 2127 3226 2172 et
3265 2120 3430 2173 vitam
3472 2121 3654 2183 habet,
3706 2124 3833 2194 quia

2247 2201 2359 2270 ipse
2400 2202 2535 2257 dixit
2572 2221 2583 2255 :
2630 2201 2739 2273 Ego
2782 2206 3007 2257 sumain
3048 2215 3095 2258 et
3140 2208 3326 2260 veritas
3367 2219 3413 2261 et
3444 2210 3567 2263 rita.
3610 2210 3837 2281 insuper

2243 2293 2408 2346 vitam
2436 2307 2558 2347 cum
2582 2294 2783 2347 sanctis
2812 2293 3108 2363 possidebit
3132 2303 3390 2351 aeternam
3435 2297 3519 2351 ubi
3551 2300 3655 2352 erit
3686 2309 3835 2353 certa

2242 2382 2525 2447 securitas,
2558 2382 2882 2451 sempiterna
2910 2384 3160 2447 felicitas,
3191 2386 3545 2441 inenarrabile
3580 2390 3833 2459 gaudium

2243 2473 2331 2527 ubi
2360 2474 2670 2543 implebitur
2701 2474 2827 2528 illud
2856 2494 2869 2528 :
2905 2476 3011 2529 Ero
3058 2476 3269 2531 illorum
3297 2478 3457 2543 Deus,
3488 2491 3533 2533 et
3570 2484 3673 2550 ipsi
3706 2485 3830 2535 mihi

2241 2573 2392 2616 erunt
2421 2564 2666 2633 populus,
2699 2565 2747 2618 id
2782 2576 2861 2620 est
2887 2582 2981 2621 ero
3009 2570 3147 2622 unde
3176 2571 3459 2635 satientur,
3506 2587 3599 2626 ero
3644 2590 3832 2627 eorum

2242 2666 2293 2709 et
2322 2656 2453 2722 vita,
2483 2665 2537 2710 et
2560 2655 2725 2723 salus,
2755 2668 2807 2711 et
2830 2646 3021 2721 victus,
3050 2667 3105 2713 et
3129 2661 3304 2731 copia,
3351 2671 3404 2716 et
3432 2662 3620 2731 gloria,
3655 2674 3711 2718 et
3743 2667 3834 2718 ho-

2242 2760 2357 2806 nor,
2384 2752 2439 2799 et
2464 2760 2590 2815 pax,
2622 2755 2675 2799 et
2704 2748 2883 2802 omnia
2919 2747 3083 2803 bona.
3135 2749 3201 2803 Et
3252 2750 3330 2804 sic
3363 2750 3675 2819 implebitur
3706 2752 3832 2805 illud

2240 2835 2476 2905 Apostoli
2500 2852 2512 2888 :
2532 2834 2601 2889 Ut
2626 2837 2691 2889 sit
2712 2835 2854 2890 Deus
2881 2839 3055 2891 omnia
3077 2838 3132 2895 in
3157 2838 3414 2901 omnibus,
3444 2840 3555 2907 ipse
3580 2839 3705 2893 finis
3731 2841 3833 2894 erit

2240 2927 2627 2983 desideriorum
2654 2937 2981 2990 nostrorum,
3005 2928 3094 2998 qui
3120 2930 3236 2984 sine
3262 2930 3367 2983 line
3392 2930 3684 2993 videbitur,
3716 2930 3830 2984 sine

2240 3018 2455 3073 fastidio
2480 3026 2711 3081 amatur,
2743 3018 2861 3071 sine
2884 3017 3195 3088 fatigatione
3220 3018 3467 3072 laudatur
3490 3017 3647 3072 Jesns
3674 3018 3830 3072 Chri-

2240 3121 2355 3167 stus
2384 3111 2646 3165 Dominus
2688 3119 2887 3171 noster,
2939 3111 3177 3179 quicum
3204 3110 3362 3164 Patre
3394 3116 3445 3163 et
3476 3108 3681 3177 Spiritu
3712 3124 3829 3163 sano

2243 3212 2330 3260 eto
2356 3204 2489 3258 vivit
2530 3212 2585 3258 et
2628 3211 2822 3273 regnat
2865 3203 3005 3259 Deus
3033 3219 3128 3274 per
3153 3205 3335 3259 omnia
3366 3204 3559 3259 saecula
3606 3204 3826 3260 saeculo-

2243 3310 2382 3349 rum.
2414 3294 2607 3349 Amen.

2166 3254 2209 3315 C

2803 3384 3081 3440 HOMlLlA
3111 3384 3247 3441 XIX.

2895 3492 3049 3530 FERIA
3082 3492 3155 3531 ιν.

2604 3565 2791 3620 Lectio
2819 3564 3073 3636 Epistola:
3096 3566 3162 3621 ad
3195 3564 3465 3621 Hebraeos.

2308 3675 2550 3743 Fratres,
2580 3677 2780 3730 obedite
2818 3678 3105 3747 pra'positis
3145 3678 3325 3732 vestris
3344 3688 3397 3731 et
3425 3677 3693 3747 subjacete
3720 3682 3817 3743 eis;

2235 3767 2335 3839 ipsi
2356 3769 2493 3823 enim
2518 3767 2825 3839 pervigilant
2846 3771 2997 3840 quasi
3022 3771 3273 3824 rationem
3315 3786 3409 3840 pro
3432 3771 3716 3828 animabus
3742 3790 3821 3828 re-

2235 3858 2357 3916 stris
2385 3858 2673 3925 reddituri,
2711 3869 2763 3913 ut
2793 3877 2908 3913 cum
2950 3860 3143 3930 gaudio
3166 3862 3263 3914 hoc
3286 3861 3487 3930 faciant
3514 3870 3561 3916 et
3602 3880 3711 3917 non
3738 3881 3820 3935 ge-

2234 3958 2467 4014 mentes;
2492 3948 2589 4001 hoc
2628 3949 2765 4001 enim
2788 3964 2889 4002 non
2914 3948 3115 4019 expedit
3145 3948 3303 4002 vobis.

2302 4036 2592 4107 Postquam
2622 4037 2869 4105 superius
2895 4037 3122 4103 dixerat,
3172 4036 3409 4102 Quorum
3446 4044 3809 4110 cantemptan-
3894 4048 3895 4059 ‘

2233 4136 2308 4181 tes
2328 4128 2524 4181 exitum
2550 4128 2973 4192 conversationis,
3007 4128 3287 4181 imitamini
3306 4126 3487 4195 fidem,
3519 4137 3653 4183 tunc
3679 4130 3817 4184 intu-
3890 4120 3893 4195 λ

2234 4216 2296 4270 lit
2322 4235 2333 4269 :
2365 4216 2566 4273 obedite
2595 4218 2889 4287 pra'positis
2922 4219 3121 4281 vestris,
3150 4226 3196 4271 et
3231 4218 3450 4282 subiecti
3474 4227 3659 4274 estote.
3704 4220 3815 4287 Pri-

2231 4323 2378 4361 mum
2406 4307 2689 4363 constituit
2712 4323 2805 4363 eos
2842 4317 2898 4363 et
2922 4317 3050 4363 tunc
3076 4308 3211 4362 dixit
3237 4326 3251 4362 :
3286 4308 3500 4363 Obedite
3519 4313 3812 4382 praepositis
3886 4300 3889 4382 β

2231 4401 2434 4465 vestris,
2460 4399 2784 4469 etsubjacete
2812 4399 2904 4453 eis.
2936 4397 3073 4469 Quid
3100 4410 3250 4469 ergo,
3278 4398 3409 4467 dicit
3436 4398 3657 4470 aliquis,
3690 4402 3811 4457 dum

2230 4492 2551 4562 praepositus
2575 4490 2839 4560 malignus
2856 4490 3158 4545 exstiterit?
3180 4488 3295 4544 Non
3312 4490 3635 4546 obaudimus
3663 4492 3812 4551 mali-

545 4568 630 4622 nis
655 4566 986 4636 prmjudicat,
1018 4565 1081 4618 de
1129 4579 1233 4633 qua
1262 4566 1435 4619 veraci
1485 4567 1837 4634 promissione
1880 4569 2126 4635 praedici-
2152 4588 2208 4645 ι)
2231 4598 2412 4652 gnum,
2445 4582 2676 4651 quantm-
2717 4582 2849 4636 dicis
2878 4581 3205 4649 malignum;
3237 4580 3281 4636 si
3309 4581 3524 4650 quidem
3563 4581 3617 4635 ίη
3650 4596 3811 4639 ερας,
3872 4582 3881 4657 4

547 4670 634 4715 tur
664 4678 677 4713 :
707 4659 771 4713 Et
803 4659 1021 4729 capillus
1048 4660 1111 4711 de
1130 4659 1297 4727 capite
1321 4670 1484 4713 vestro
1529 4677 1628 4713 non
1665 4662 1868 4729 peribit.

619 4750 902 4819 Respondit
936 4749 1158 4803 Thomas
1209 4760 1256 4803 et
1299 4750 1429 4803 dixit
1458 4752 1504 4803 ei
1542 4767 1559 4805 :
1606 4750 1860 4806 Dominus
1911 4770 2056 4808 meus
2082 4764 2128 4807 et

552 4841 687 4895 Deus
712 4855 872 4893 meus.
914 4838 1048 4891 Dicit
1083 4840 1129 4890 ei
1169 4837 1324 4892 Iesus
1356 4854 1373 4891 :
1408 4839 1544 4904 Quia
1584 4833 1755 4894 uidisti
1784 4858 1863 4895 me
1904 4844 2126 4896 credidi-

544 4932 632 4986 sti.
662 4931 796 4984 Dum
823 4945 951 4998 ergo
980 4928 1110 4983 vidit
1133 4928 1389 4993 Thomas,
1418 4929 1545 4983 dum
1571 4931 1823 4998 palpavit,
1856 4947 1952 4985 cur
1973 4933 2021 4986 ei
2050 4933 2126 4985 di-

543 5024 727 5078 citur:
763 5021 897 5087 Quia
944 5022 1118 5076 vidisti
1154 5038 1252 5085 me,
1290 5022 1600 5075 credidisti?
1643 5020 1747 5075 Sed
1777 5023 1918 5076 aliud
1968 5024 2119 5087 vidit,

543 5116 686 5170 aliud
716 5114 978 5177 credidit;
1030 5130 1057 5167 a
1111 5115 1323 5167 mortali
1355 5114 1551 5184 quippe
1600 5115 1816 5169 homine
1868 5115 2120 5169 divinitas

546 5206 712 5260 videri
752 5220 855 5259 non
909 5205 1098 5274 potuit.
1153 5204 1434 5259 Hominem
1482 5205 1647 5274 igitur
1697 5206 1825 5259 vidit
1868 5215 1924 5258 ct
1953 5206 2118 5259 Deum

542 5292 821 5349 confessus
847 5302 933 5347 est
979 5294 1197 5348 dicens:
1253 5293 1508 5347 Dominus
1538 5308 1682 5347 meus
1707 5304 1754 5347 et
1786 5294 1925 5347 Deus
1952 5310 2117 5347 meus.

542 5384 786 5440 Videndo
834 5400 961 5455 ergo
1016 5386 1245 5439 credidit
1278 5386 1369 5454 qui
1419 5385 1810 5439 considerando
1846 5386 2115 5440 hominem

544 5490 726 5529 verum
780 5473 921 5528 hunc
962 5474 1125 5527 Deum
1174 5489 1330 5542 quem
1361 5474 1543 5529 videre
1572 5490 1675 5529 non
1706 5482 1913 5542 poterat
1940 5474 2118 5528 excla-

545 5562 725 5615 ﬂlaVll.

609 5653 763 5710 Beati
794 5654 883 5726 qui
904 5672 1005 5711 non
1034 5656 1292 5721 viderunt,
1338 5666 1385 5709 et
1422 5654 1772 5710 crediderunt.
1813 5654 1867 5707 ln
1899 5655 2001 5708 hac
2031 5652 2114 5706 ni-

540 5743 735 5798 mirum
776 5746 1038 5801 sententia
1088 5761 1187 5801 nos
1210 5744 1515 5815 specialiter
1542 5744 1736 5814 signati
1786 5759 1988 5811 sumus,
2022 5741 2115 5813 qui

539 5849 663 5888 cum
691 5851 848 5905 quem
903 5853 1066 5892 carne
1118 5853 1221 5892 non
1268 5836 1522 5903 vidimus,
1570 5845 1749 5891 mente
1798 5836 2111 5889 retinemus.

2234 4674 2364 4727 fides
2389 4682 2491 4735 est,
2524 4671 2645 4742 fuge
2667 4671 2813 4725 illum
2835 4679 2888 4725 et
2916 4670 3078 4735 evita,
3109 4684 3215 4724 non
3242 4670 3413 4725 solum
3442 4672 3484 4741 si
3514 4672 3682 4727 homo
3706 4671 3810 4726 fue-

2230 4763 2319 4823 rit,
2378 4760 2469 4826 sed
2505 4762 2666 4817 etiam
2723 4764 2769 4817 si
2811 4761 3031 4832 angelus
3058 4762 3122 4817 de
3151 4761 3288 4817 coelo
3340 4764 3703 4819 descenderit.
3753 4762 3804 4819 Si

2228 4865 2355 4905 vero
2394 4851 2446 4904 in
2481 4859 2591 4906 toto
2622 4851 2783 4905 corde
2809 4860 2864 4905 et
2894 4850 3133 4909 moribus
3163 4850 3456 4921 malignum
3492 4851 3671 4917 ducis,
3701 4854 3801 4908 noli

2229 4943 2477 4996 scrutari.
2511 4942 2577 4995 Et
2604 4942 2717 4995 haec
2743 4956 2848 4995 non
2874 4957 2940 4996 ex
2968 4956 3054 4995 me
3082 4942 3198 5012 ipso
3219 4942 3358 5007 dico,
3398 4944 3493 4998 sed
3527 4959 3594 4999 ex
3628 4946 3800 5000 divina

2228 5029 2525 5100 Scriptura.
2564 5030 2699 5084 Audi
2730 5030 2913 5085 Jesum
2939 5031 3205 5086 dicentem
3245 5050 3257 5085 :
3307 5031 3476 5102 Super
3501 5034 3799 5088 cathedram

2228 5120 2397 5190 Moysi
2424 5120 2663 5175 sederunt
2694 5121 2878 5179 scriba:
2907 5131 2954 5175 et
2994 5119 3252 5175 Pharisaei
3279 5138 3297 5184 ;
3333 5130 3390 5175 et
3414 5121 3594 5191 primo
3620 5123 3796 5177 dicens

2225 5210 2290 5264 de
2342 5210 2425 5265 his
2472 5210 2638 5263 multa
2691 5210 2830 5263 mala
2885 5219 3012 5265 tunc
3044 5209 3224 5264 dixit:
3280 5208 3453 5279 Super
3500 5210 3794 5264 cathedram

2226 5297 2395 5367 Moysi
2422 5299 2705 5360 sederunt;
2744 5314 2938 5362 omnia,
2987 5299 3181 5368 inquit,
3224 5314 3342 5367 qua:
3384 5298 3613 5351 dixerint
3663 5297 3793 5351 vobis

2225 5385 2393 5452 facile,
2421 5402 2537 5455 quae
2563 5394 2736 5439 autem
2775 5384 3006 5452 fecerint,
3039 5385 3210 5453 facere
3235 5384 3412 5439 nolite.
3459 5372 3696 5449 Habent,
3725 5384 3793 5438 in-

2220 5475 2350 5543 quit,
2379 5475 2712 5545 dignitatem,
2744 5473 2869 5527 licet
2897 5474 3018 5527 vita:
3040 5474 3146 5527 sint
3182 5473 3425 5543 perditur,
3477 5488 3665 5527 verum
3695 5486 3790 5527 non

2220 5564 2285 5616 ad
2314 5564 2477 5616 vitam
2510 5578 2718 5622 eorum,
2762 5562 2856 5617 sed
2885 5562 2952 5616 ad
2982 5566 3255 5617 sermones
3301 5562 3583 5617 intendite.
3612 5561 3787 5631 Quan-

2220 5660 2329 5705 tum
2354 5653 2495 5706 enim
2543 5652 2611 5705 ad
2639 5666 2813 5706 mores
2864 5651 3059 5705 attinet
3084 5650 3259 5715 mlius
3281 5651 3482 5721 poterit
3504 5649 3648 5705 lanii.
3679 5649 3783 5719 Qua

2219 5742 2421 5795 ratione
2449 5742 2590 5795 hoc?
2610 5742 2733 5811 quia
2763 5756 2881 5811 qua:
2910 5740 3041 5795 facit
3064 5738 3347 5795 manifesta
3369 5748 3497 5796 sunt
3524 5740 3780 5799 omnibus.

2217 5839 2269 5883 et
2303 5846 2473 5900 neque
2498 5832 2630 5900 ipse,
2661 5846 2721 5885 ac
2746 5822 2791 5886 Si
2815 5832 2878 5887 ad
2908 5845 3161 5886 cacumen
3184 5829 3776 5902 iniquitatispervcttiat,
