3946 6328
244 383 342 441 I81

1341 378 1644 435 llOMllei-l
1686 377 1751 433 ΙΝ
1794 377 2043 433 EVANG.
2087 377 2172 431 ΕΤ
2216 374 2430 432 EPIST.

3414 381 3513 435 189.

246 494 447 566 poterit
498 493 643 547 alios
670 492 803 546 maia
852 490 1067 545 docere.
1116 489 1250 545 Cum
1296 499 1475 544 autem
1525 488 1646 543 ﬁdei
1674 504 1835 543 causa
1864 496 1913 552 Α
1940 488 2025 553 lis,
2055 496 2113 541 ut
2134 489 2236 543 hoc
2264 489 2312 543 ei
2343 486 2747 541 concederetur.
2773 486 3014 541 Primum
3037 487 3102 542 ab
3124 488 3254 557 ipsis
3281 491 3513 557 postulat

256 585 507 647 vertitur,
560 594 736 651 neque
779 579 1122 634 manifestum
1150 588 1235 634 est
1257 580 1503 634 omnibus
1538 580 1682 648 quod
1710 581 1839 636 dici-

256 685 366 739 tur,
398 686 577 741 neque
608 670 871 741 malignus
906 669 1115 724 dubitat
1140 670 1333 725 docere
1379 669 1682 724 contraria:
1717 684 1839 722 nam

252 777 308 821 et
336 762 475 833 quod
503 761 709 815 dictum
762 767 841 815 est
873 777 887 812 ε
938 758 1113 812 Nolite
1149 757 1389 826 judicare
1427 775 1491 812 ne
1506 758 1837 827 judicemini,

259 853 328 906 de
353 852 464 904 vita
490 849 695 904 dictum
725 855 826 912 est,
857 862 965 902 non
985 847 1059 900 de
1096 845 1219 901 ﬁde.
1253 845 1407 913 Quod
1436 846 1579 899 enim
1614 844 1843 899 infertur

261 940 366 994 hoc
412 936 771 991 manifestat:
825 934 965 1001 Quid
1006 934 1182 1000 vides,
1243 935 1434 1003 inquit,
1492 933 1737 1003 stipulam
1788 935 1842 987 in

260 1027 415 1081 oculo
457 1026 640 1095 fratris
681 1026 759 1079 tui
784 1034 832 1078 et
861 1024 1058 1079 trabem
1106 1026 1160 1079 in
1203 1016 1351 1079 ocu'lo
1391 1035 1481 1080 tuo
1519 1041 1622 1079 non
1660 1025 1846 1079 vides?

262 1118 458 1174 Omnia
480 1134 602 1188 ergo
631 1134 747 1188 quin
772 1116 910 1171 vobis
939 1116 1189 1178 dixerint,
1234 1117 1423 1186 inquit,
1456 1126 1511 1170 ut
1535 1115 1742 1185 faciatis
1765 1116 1846 1183 fa-

261 1207 383 1261 cite.
432 1205 633 1261 Facere
678 1214 858 1259 autem
881 1205 1059 1275 operis
1103 1214 1315 1259 estnon
1342 1204 1483 1259 ﬁdei.
1547 1201 1846 1259 Secundum

262 1308 441 1351 autem
473 1313 630 1366 opera
672 1312 851 1361 eorum
879 1296 1035 1350 nolite
1078 1296 1269 1365 facere.
1316 1295 1549 1349 Intueris
1577 1293 1845 1365 quomodo

264 1404 375 1444 non
404 1389 474 1445 de
498 1389 861 1459 dogmatibus,
906 1387 999 1442 sed
1026 1388 1093 1442 de
1137 1388 1249 1441 vita
1272 1396 1327 1442 et
1368 1386 1623 1456 operibus
1668 1401 1846 1441 sermo

262 1488 368 1534 est.
412 1476 526 1543 Ipsi
568 1477 705 1532 enim
744 1477 955 1547 vigilant
990 1493 1083 1547 pro
1123 1478 1262 1531 vobis
1291 1478 1543 1531 rationem
1573 1477 1845 1531 reddituri.

264 1565 505 1621 Audiam
549 1574 605 1620 et
647 1565 941 1635 principes,
993 1580 1101 1621 non
1132 1566 1231 1621 soli
1282 1565 1357 1619 illi
1403 1566 1494 1635 qui
1524 1575 1782 1636 reguntur
1816 1581 1847 1619 a

265 1658 623 1728 principibus,
678 1659 949 1727 quomodo
978 1659 1119 1714 sicut
1147 1659 1460 1725 obedientes
1488 1668 1701 1729 oportet
1728 1674 1849 1715 esse

264 1748 361 1817 qui
386 1758 666 1818 reguntur,
690 1748 769 1803 sic
796 1748 961 1803 etiam
990 1756 1230 1804 rectores
1250 1756 1305 1804 et
1329 1750 1603 1818 principes
1626 1749 1850 1819 vigilan-

1942 566 2237 643 orationés,
2267 587 2394 633 tunc
2415 577 2707 647 etiamipse
2732 592 2829 647 pro
2852 578 2933 633 eis
2957 579 3138 633 omnia
3162 581 3301 635 bona
3325 581 3513 652 depre-

1943 668 2189 723 cabatur.

2022 756 2157 811 Deus
2194 766 2367 812 autem
2398 759 2564 827 pacis,
2587 758 2677 829 qui
2697 758 2875 814 eduxit
2905 761 2970 814 de
2999 761 3216 816 mortuis
3252 771 3509 831 pastorem

1943 863 2190 917 magnum
2220 847 2388 901 ovium
2419 849 2471 901 in
2504 848 2757 918 sanguine
2784 852 3076 904 testamenti
3120 851 3299 905 aeterni
3332 850 3512 906 Banti-

1946 952 2068 989 num
2105 946 2340 990 nostrum
2366 936 2547 990 Jcsum
2577 934 2862 1001 Christum,
2893 950 3030 1009 ap'et
3053 955 3139 994 vos
3165 942 3219 993 in
3241 943 3379 996 omni
3401 958 3515 1011 ope-

1947 1043 2001 1079 re
2021 1026 2168 1089 bono,
2206 1037 2259 1079 ut
2292 1027 2500 1096 faciatis
2530 1026 2843 1082 voluntatem
2888 1030 3023 1098 ejus,
3050 1032 3244 1100 faciens
3270 1035 3324 1088 in
3374 1035 3512 1090 vobis

1945 1130 2081 1185 quau
2107 1114 2306 1184 placeat
2335 1132 2507 1169 coram
2542 1133 2595 1171 se
2625 1134 2713 1185 per
2732 1115 2766 1170 J
2772 1133 2913 1171 esum
2937 1117 3222 1187 Christum,
3246 1124 3328 1175 cui
3346 1122 3517 1192 gloria

1947 1204 2001 1257 in
2023 1203 2218 1257 strcula
2243 1204 2571 1259 smculorum.
2603 1206 2787 1261 Amen.
2815 1207 2975 1273 Deus,
3001 1209 3193 1278 inquit,
3218 1214 3393 1281 pacis;
3422 1230 3517 1269 no.

1949 1295 2042 1349 lite
2072 1294 2236 1365 igitur
2264 1294 2524 1349 dissidere
2547 1310 2575 1348 a
2602 1296 2757 1351 nobis
2786 1297 2831 1350 si
2870 1296 3030 1351 vultis
3085 1298 3369 1355 Dominum
3423 1302 3517 1358 ha-

1948 1389 2074 1442 bere
2100 1386 2409 1457 propitium.
2431 1385 2530 1452 Qui
2558 1387 2756 1453 eduxit,
2786 1389 2976 1456 inquit,
3006 1389 3070 1443 de
3095 1399 3235 1445 terra
3260 1401 3516 1462 pastorem

1950 1493 2215 1547 magnum.
2269 1476 2383 1530 Hoc
2438 1478 2504 1531 de
2556 1478 2949 1532 resurrectione
3001 1478 3199 1534 dictum
3240 1488 3343 1547 est.
3384 1480 3523 1537 Hinc

1950 1568 2093 1624 enim
2126 1583 2295 1637 usque
2334 1568 2400 1622 ad
2434 1568 2595 1622 linem
2620 1568 2880 1623 orationis
2920 1570 3180 1624 rationem
3211 1571 3290 1624 eis
3318 1571 3385 1626 de
3428 1584 3519 1627 re-

1951 1657 2282 1713 surrectione
2308 1656 2611 1721 confirmat,
2642 1666 2696 1711 et
2724 1658 3044 1712 testiﬁcatur
3067 1658 3147 1713 eis
3178 1658 3378 1727 majora
3400 1673 3523 1729 pcr—

1948 1748 2213 1804 l'ection‘is.
2244 1748 2324 1803 Ad
2355 1748 2473 1804 illos
2503 1749 2645 1802 enim
2670 1748 2923 1818 pertinet,
2955 1748 3044 1817 qui
3081 1750 3193 1819 jam
3244 1765 3523 1819 sumpsere

268 1845 353 1892 tes
382 1851 502 1891 esse
531 1836 677 1890 dicit.
730 1835 867 1902 Hoc,
906 1837 1097 1907 inquit,
1147 1837 1265 1890 dico
1295 1846 1350 1889 ut
1376 1854 1493 1890 cum
1533 1838 1724 1908 gaudio
1759 1838 1843 1906 fa—
1876 1827 1921 1884 Β
1948 1839 2291 1909 principium,
2321 1847 2375 1893 et
2395 1854 2623 1908 quorum
2651 1839 2717 1893 ad
2744 1838 3131 1907 perfectionem
3171 1840 3349 1893 omnis
3392 1854 3519 1894 cur-

264 1926 409 1979 ciant
432 1934 477 1979 et
510 1941 615 1979 non
643 1927 977 1996 gemiscentes
1001 1966 1016 1991 ,
1060 1942 1162 1979 non
1186 1926 1323 1979 enim
1362 1927 1564 1996 expedit
1590 1927 1746 1980 vobis.
1772 1925 1852 1979 ln-

266 2015 444 2069 tueris
469 2015 684 2083 quando
727 2022 1149 2069 contemnuntur
1172 2014 1460 2084 principes,
1517 2030 1621 2071 non
1642 2022 1854 2084 Oportet

266 2101 504 2157 ultiones
534 2102 800 2171 ingerere,
854 2104 947 2157 sed
973 2110 1081 2157 tota
1111 2102 1247 2158 ultio
1275 2112 1358 2157 est
1376 2102 1590 2173 plorare
1622 2111 1678 2158 et
1708 2104 1853 2172 inge-

265 2193 519 2249 miscere.
548 2192 682 2249 Nam
709 2202 763 2249 et
782 2194 1021 2249 medicus
1043 2194 1259 2263 quando
1292 2194 1360 2249 ab
1386 2202 1592 2264 aegroto
1615 2202 1853 2248 contem-

268 2280 442 2346 nitur,
480 2295 588 2335 non
614 2295 674 2335 se
720 2281 1020 2345 ulciscitur,
1076 2280 1170 2336 sed
1217 2281 1470 2350 ploratet
1509 2282 1846 2353 ingemiscit;

268 2370 365 2426 sed
403 2371 544 2426 dicis
567 2372 692 2440 quia
722 2371 809 2427 ille
846 2373 1169 2443 ingemiscit,
1197 2372 1475 2427 ulciscitur
1512 2372 1564 2425 in
1592 2381 1644 2426 te
1690 2372 1849 2425 Deus.

269 2459 329 2516 Si
360 2462 507 2516 enim
545 2476 667 2516 cum
693 2477 792 2531 pro
813 2462 1011 2517 nostris
1032 2462 1270 2531 peccatis
1308 2462 1729 2532 ingemiscimus,
1762 2462 1852 2515 ad-
1885 2508 1895 2514 .

267 2550 522 2606 ducimus
568 2551 638 2605 ad
687 2566 785 2607 nos
832 2551 1271 2621 propitiationem
1326 2552 1451 2617 Dei,
1493 2567 1590 2622 per
1625 2551 1852 2606 aliorum

267 2654 401 2695 vero
424 2641 731 2710 superbiam
782 2650 838 2695 et
873 2649 1236 2710 contemptum
1280 2656 1402 2695 cum
1431 2640 1851 2710 ingemiscimus,

268 2743 452 2783 nonne
504 2730 735 2799 amplius
771 2730 1098 2784 advocemus
1147 2729 1364 2784 Deum?
1423 2728 1667 2785 Gemitus
1708 2730 1850 2783 enim

267 2818 419 2871 omni
473 2819 579 2872 erit
614 2818 816 2873 ultione
842 2819 1095 2873 deterior.
1133 2817 1360 2885 Quando
1388 2819 1532 2873 enim
1584 2820 1709 2888 ipse,
1744 2834 1850 2874 non

267 2907 542 2979 intelligit,
581 2909 939 2979 ingemiscens
984 2909 1200 2964 invocat
1241 2908 1547 2964 Dominum.
1594 2910 1661 2964 Et
1690 2910 1847 2965 sicuti

266 3015 393 3055 cum
425 2999 616 3053 doctor
639 3000 1003 3054 contemnitur
1024 3016 1053 3054 a
1078 3015 1266 3070 puero,
1290 3002 1610 3071 pmdagogus
1632 3010 1854 3071 cogatur

265 3092 359 3160 qui
404 3090 647 3145 severius
677 3092 885 3146 accedit
918 3091 984 3145 ad
1016 3106 1240 3159 puerum
1266 3131 1281 3155 ,
1330 3092 1410 3145 sic
1454 3094 1616 3146 etiam
1662 3091 1714 3145 hi
1759 3092 1849 3160 qui

1952 1945 2045 1984 sus
2077 1930 2401 1994 intenditur;
2428 1937 2656 1997 oratque
2685 1944 2783 1997 pro
2824 1930 2942 1982 eis:
2984 1928 3125 1997 quod
3174 1928 3408 1999 pertinet
3453 1931 3522 1984 ad

1952 2032 2240 2078 amantem.
2277 2023 2340 2077 Et
2373 2024 2425 2077 in
2449 2022 2589 2077 'aliis
2618 2022 2831 2091 quidem
2882 2021 3123 2091 epistolis
3174 2022 3228 2075 in
3283 2022 3522 2077 exordiis

1951 2120 2088 2177 orat,
2124 2112 2211 2166 hic
2253 2120 2431 2165 autem
2465 2111 2518 2164 in
2556 2110 2681 2165 line.
2715 2111 2863 2179 Aptet
2895 2126 3005 2173 vos,
3044 2110 3236 2179 inquit,
3274 2111 3328 2164 in
3378 2112 3522 2164 omni

1951 2221 2102 2273 Opere
2125 2204 2257 2257 bono
2291 2212 2347 2257 ut
2377 2202 2585 2271 faciatis
2612 2200 2929 2255 uoluntatem
2958 2201 3094 2270 ejus,
3128 2199 3326 2270 faciens
3352 2199 3408 2254 in
3435 2215 3521 2254 vo-

1952 2295 2028 2348 bis
2067 2294 2202 2364 quod
2228 2292 2429 2362 placeat
2457 2306 2632 2343 coram
2667 2289 2999 2344 se..lntueris
3029 2288 3257 2359 qualiter
3283 2287 3521 2348 ostendit

1954 2380 2253 2450 ingenerari
2295 2394 2454 2449 posse
2494 2379 2779 2443 virtutem;
2820 2392 3091 2456 neque,“
3138 2376 3364 2432 Domino
3392 2376 3527 2432 dicit

1955 2477 2144 2534 totum,
2204 2481 2380 2538 neque
2435 2481 2501 2521 ex
2552 2466 2708 2521 nobis
2754 2480 2873 2520 eam
2910 2465 3095 2535 perfici
3127 2474 3358 2519 tantum.
3387 2463 3522 2521 Nam

1953 2561 2093 2632 quod
2116 2560 2269 2624 dicit,
2302 2557 2371 2613 Ut
2398 2557 2633 2627 perﬁciat
2665 2572 2752 2610 vos
2784 2557 2997 2611 inomni
3024 2571 3175 2625 opere
3212 2555 3366 2619 bono,
3419 2555 3523 2609 hoc

1953 2651 2256 2724 significat:
2292 2648 2512 2704 Habetis
2541 2647 2757 2717 quidem
2805 2647 3080 2711 virtutem,
3136 2645 3383 2716 indigetis
3430 2660 3526 2699 au-

1954 2755 2061 2799 tem
2100 2727 2512 2810 complemento.
2565 2737 2701 2805 Quid
2760 2747 2939 2791 autem
2990 2744 3074 2790 est
3117 2734 3258 2804 quod
3288 2734 3436 2801 dicit,
3467 2734 3526 2789 in

1952 2833 2090 2885 omni
2138 2846 2290 2899 opere
2331 2839 2378 2882 et
2426 2844 2660 2882 sermone
2677 2827 2849 2881 bono?
2872 2826 2938 2881 Ut
2970 2825 3217 2881 videlicet
3237 2825 3404 2879 vitam
3430 2837 3522 2879 re-

1951 2932 2093 2978 ctam
2121 2922 2381 2977 habereut
2425 2929 2480 2975 et
2525 2919 2794 2990 dogmata.
2848 2918 3152 2973 Secundum
3193 2916 3520 2973 voluntatem

1950 3012 2085 3082 ejus,
2118 3014 2309 3083 inquit,
2341 3011 2544 3067 faciens
2596 3012 2647 3064 in
2690 3010 2859 3075 vobis,
2888 3010 3281 3080 beneplacitum
3314 3010 3364 3063 in
3389 3024 3521 3066 con-

1952 3114 2138 3174 spectu
2168 3102 2300 3172 ejus.
2336 3102 2459 3157 Haec
2494 3103 2689 3172 quippe
2728 3110 2814 3156 est
2842 3100 3075 3155 maxima
3130 3100 3299 3154 virtus
3347 3098 3527 3156 facere

268 3179 705 3234 inobedientibus
745 3179 1021 3247 discipulis
1058 3196 1163 3235 non
1207 3180 1494 3250 loquentur
1526 3181 1845 3250 periculum.

1955 3193 2343 3262 bene-placitum
2368 3193 2420 3245 in
2437 3200 2729 3261 conspectu
2750 3190 2867 3255 Dei,
2886 3190 3177 3244 secundum
3199 3188 3339 3258 quod
3360 3190 3524 3244 etiam

340 3285 504 3340 Orate
533 3303 633 3356 pro
672 3286 848 3349 nobis;
896 3287 1205 3356 conﬁdimus
1234 3288 1368 3341 enim
1390 3288 1515 3357 quia
1538 3288 1725 3341 bonam
1761 3288 1855 3341 Ita-

266 3377 444 3431 bemus
469 3378 839 3431 conscientiam
878 3378 933 3429 in
956 3376 1192 3430 omnibus
1238 3378 1362 3431 bene
1390 3376 1610 3431 uolentes
1640 3393 1854 3431 conver-

266 3466 395 3518 sari.
432 3464 664 3519 Intueris
692 3466 959 3534 quomodo
989 3465 1071 3519 liae
1098 3466 1503 3534 deprccationes
1529 3474 1650 3519 sunt
1689 3466 1853 3522 veluti

267 3554 335 3608 ad
360 3555 713 3609 centristatos
737 3553 1009 3618 scribens,
1043 3562 1097 3607 et
1126 3553 1191 3606 ad
1216 3570 1308 3609 eos
1329 3555 1417 3624 qui
1453 3555 1850 3619 avertebantur,

265 3654 322 3700 et
350 3645 442 3714 qui
493 3646 636 3699 circa
690 3659 811 3699 eum
855 3644 1019 3699 veluti
1062 3645 1204 3698 circa
1242 3644 1706 3712 praevaricatorem
1736 3641 1852 3695 alli-

266 3736 574 3797 ciebantur,
612 3750 715 3788 non
749 3733 980 3788 ferentes
1011 3748 1077 3788 ne
1118 3733 1331 3803 quidem
1383 3747 1575 3787 nomen
1603 3731 1717 3799 ejus
1754 3746 1851 3784 au-

268 3824 406 3879 dire.
452 3824 733 3890 Quomodo
759 3824 920 3894 igitur
945 3824 1011 3879 ab
1040 3822 1414 3877 obedientibus
1458 3820 1559 3875 sibi
1608 3820 1732 3874 talia
1759 3835 1853 3889 po-

268 3915 541 3978 stulabat,
582 3913 759 3982 qualia
804 3912 925 3982 quis
978 3928 1007 3965 a
1050 3910 1397 3966 dilectoribus
1441 3917 1621 3978 potest
1651 3923 1852 3978 przesu—

269 4020 452 4069 mere,
498 4014 783 4073 propterea
823 4004 877 4057 in
919 4005 1019 4058 hoc
1043 4002 1160 4057 loco
1188 4004 1289 4057 hoc
1334 4001 1612 4055 constituit
1642 4000 1849 4063 dicens,

268 4093 597 4162 Conﬁdimus
620 4097 743 4165 quia
766 4095 951 4147 bonam
976 4092 1343 4147 conscientiam
1380 4090 1626 4144 habemus
1644 4130 1659 4153 ,
1688 4088 1852 4143 veluti

269 4186 313 4240 si
345 4186 551 4240 diceret
580 4202 592 4235 :
633 4183 763 4239 Nolo
810 4184 941 4238 mihi
980 4182 1348 4237 accusationes
1378 4177 1851 4249 aliquas'profera-

268 4276 358 4328 tis.
387 4274 754 4338 Conscientia,
788 4273 980 4342 inquit,
1024 4281 1205 4327 nostra
1241 4286 1338 4326 nos
1358 4271 1410 4324 in
1438 4270 1585 4323 nullo
1608 4272 1853 4324 condem-

267 4373 384 4426 nat,
428 4376 603 4431 neque
627 4362 779 4418 nobis
803 4361 1002 4431 aliquid
1030 4360 1232 4415 conscii
1261 4375 1445 4413 sumus
1469 4359 1737 4428 quomodo
1760 4375 1851 4413 vo-

265 4451 353 4506 bis
378 4450 601 4504 insidias
638 4449 943 4504 fecerimus.
988 4445 1331 4515 Con/idimus,
1372 4447 1563 4515 inquit,
1602 4449 1847 4516 quoniam

1955 3283 2221 3351 Propheta
2268 3281 2505 3349 loquitur
2545 3281 2758 3336 dicens:
2798 3279 2866 3333 Et
2899 3280 3181 3335 secundum
3212 3280 3523 3333 munditiam

1955 3389 2204 3426 manuum
2245 3377 2479 3425 mearum
2520 3374 2572 3425 in
2617 3380 2888 3441 conspectu
2932 3374 3199 3425 oculorum
3241 3370 3389 3439 ejus;
3433 3372 3522 3426 cui

1957 3465 2030 3518 rei
2063 3479 2188 3517 vera
2217 3464 2269 3518 in
2297 3463 2448 3518 ccelis
2469 3473 2551 3518 est
2594 3477 2802 3518 merces
2828 3471 3118 3531 praestante
3147 3461 3373 3526 Domino
3423 3476 3521 3518 no-

1953 3561 2065 3609 stro
2089 3552 2213 3607 Jesu
2253 3552 2487 3617 Christo,
2539 3554 2627 3622 qui
2671 3563 2793 3607 eum
2838 3548 2996 3605 Patre
3024 3561 3077 3606 et
3102 3550 3310 3621 Spiritu
3334 3560 3522 3605 sancto

1952 3644 2083 3696 vivit
2110 3652 2164 3696 et
2218 3650 2405 3712 regnat
2435 3641 2595 3704 Deus,
2627 3656 2723 3710 per
2752 3640 2928 3695 omnia
2960 3640 3154 3695 saecula
3178 3638 3517 3695 saeculorum.

1953 3732 2141 3785 Amen.

2528 3819 2801 3874 llOMlLIA
2841 3818 2953 3872 XX.

2524 3924 2655 3963 ITEI
2686 3920 2841 3961 FE'RIA
2874 3924 2945 3961 IV.

2089 4000 2269 4055 Lectio
2296 4001 2466 4054 sancti
2492 3998 2764 4070 Evangelii
2794 3998 3089 4053 secundum
3116 3999 3374 4056 Marcum.

2022 4089 2088 4143 In
2125 4088 2216 4142 illo
2240 4099 2489 4157 tempore,
2519 4103 2735 4156 surgens
2762 4084 2798 4139 1
2802 4103 2920 4141 esus
2944 4104 3097 4142 mane
3122 4090 3292 4157 prima
3310 4089 3512 4145 sabbati

1952 4179 2192 4249 apparuit
2222 4178 2388 4247 primo
2420 4174 2606 4229 Maria:
2632 4175 2985 4245 Magdalenw,
3011 4187 3114 4231 etc.

2023 4268 2147 4323 llaec
2175 4268 2440 4337 apparitio
2468 4283 2576 4337 quo
2603 4268 2760 4325 modo
2783 4275 2837 4321 et
2885 4268 2974 4322 ubi
3006 4269 3076 4324 sit
3122 4269 3261 4324 facta
3285 4268 3519 4326 Joannes

1922 4398 1923 4401 η
1951 4361 2258 4431 plenissime
2286 4360 2459 4413 docet.
2490 4358 2942 4414 Surrexitautem
2975 4360 3233 4416 Dominus
3260 4376 3418 4418 mane
3452 4365 3518 4418 de

1950 4458 2297 4506 monumento
2321 4451 2373 4504 in
2406 4465 2533 4519 quo,
2567 4465 2688 4517 sero
2713 4449 2825 4519 jam
2874 4450 3034 4507 facto.
3065 4460 3181 4506 erat
3221 4452 3517 4521 depositus,

266 4545 457 4599 bonam
483 4545 847 4597 conscientiam
872 4542 1119 4596 habemus
1144 4544 1196 4595 in
1235 4542 1491 4604 omnibus,
1516 4556 1617 4595 nun
1648 4536 1848 4611 in'gen-
1876 4520 1925 4576 ί)
1951 4552 2011 4597 ιιι
2036 4541 2417 4611 adimpleretur
2446 4540 2573 4596 illud
2597 4539 2893 4595 Psalmistaz
2916 4560 2927 4594 :
2953 4541 3033 4595 Ad
3058 4520 3317 4612 vesperum
3337 4545 3517 4600 demo-

266 4638 412 4691 tibus
437 4644 669 4700 tantum,
700 4636 793 4690 sed
818 4636 981 4696 etiam
1015 4636 1067 4688 in
1093 4635 1259 4688 vobis.
1293 4634 1434 4687 Nihil
1470 4635 1844 4703 negotiationis

262 4728 443 4801 gratia
472 4726 716 4791 fecimus,
764 4725 900 4779 nihil
954 4724 1303 4780 conlectionis
1341 4726 1703 4794 protulimus;
1744 4725 1849 4779 for-

263 4828 417 4874 tasse
442 4818 586 4871 enim
615 4818 669 4872 in
713 4818 910 4872 talibus
935 4819 1309 4873 accusabatur.
1365 4819 1652 4870 Audierant
1682 4819 1841 4883 enim,

260 4913 465 4980 inquit,
491 4913 557 4966 de
589 4920 639 4964 te
660 4910 914 4981 quomodo
942 4910 1302 4964 discessionem
1331 4910 1479 4962 doces
1504 4926 1533 4960 a
1562 4908 1706 4977 lege;
1736 4925 1842 4961 non

258 5003 410 5060 sicut
436 5003 702 5063 inimicus,
755 5001 952 5069 inquit,
984 5016 1157 5069 neque
1195 5001 1333 5055 sicut
1364 5001 1553 5063 hostis,
1585 4999 1674 5053 sed
1703 5000 1843 5052 sicut

262 5091 474 5146 amicus
504 5091 621 5144 hzec
646 5090 841 5145 scribo.
872 5088 983 5143 Hoc
1015 5090 1176 5142 etiam
1198 5103 1263 5143 ex
1290 5091 1374 5143 bis
1401 5105 1517 5154 qua:
1545 5094 1841 5157 sequuntur

259 5182 589 5239 ostenditur.

340 5271 577 5342 Amplius
607 5281 779 5324 autem
807 5271 1051 5341 deprecor
1076 5286 1160 5324 vos
1212 5270 1309 5323 hoc
1341 5270 1533 5338 facere,
1558 5279 1613 5323 ut
1634 5286 1735 5339 quo
1758 5285 1839 5322 ce-

260 5364 426 5420 lerius
455 5364 701 5417 restituar
723 5363 879 5416 vobis.
905 5361 1017 5417 Hoc
1044 5362 1188 5416 enim
1215 5362 1438 5415 nimium
1481 5360 1713 5415 amantis
1757 5368 1839 5413 est

262 5454 348 5509 sic
374 5468 534 5508 orare
560 5465 668 5506 non
704 5450 1036 5519 simpliciter,
1057 5450 1148 5503 sed
1171 5465 1291 5503 cum
1324 5457 1433 5503 tota
1464 5448 1756 5503 intentione
1786 5456 1837 5501 et

261 5547 411 5603 omni
442 5556 670 5617 prorsus
690 5542 886 5596 studio.
922 5542 991 5598 Ut
1026 5542 1154 5605 cito,
1181 5541 1369 5610 inquit,
1393 5542 1459 5594 aal
1487 5556 1577 5595 vos
1605 5540 1833 5599 veniam.

269 5635 383 5692 Hoc
404 5635 576 5691 animi
605 5641 693 5688 est
721 5633 853 5687 nihil
880 5634 979 5688 sibi
1009 5632 1209 5687 conscii
1238 5631 1510 5693 festinare,
1551 5637 1609 5683 ut
1651 5630 1717 5685 ad
1747 5644 1841 5683 cos

275 5728 533 5783 velociter
569 5724 866 5790 adveniret,
902 5734 955 5781 et
982 5726 1252 5781 exhortari
1298 5724 1439 5787 illos,
1465 5739 1620 5779 orare
1656 5738 1752 5791 pro
1783 5722 1842 5775 il-

1948 4635 2153 4688 rabitur
2177 4634 2349 4702 ﬂetus,
2380 4640 2426 4685 et
2450 4632 2517 4684 ad
2539 4632 2853 4685 matutinum
2879 4631 3083 4686 lcetitia.
3110 4632 3363 4702 Sepultus
3389 4649 3517 4704 ergo

1947 4735 2097 4781 sexta
2154 4724 2361 4780 sabbati
2409 4738 2527 4792 quae
2584 4722 2780 4775 dicitur
2828 4720 3124 4778 Parasceve
3158 4723 3300 4778 circa
3327 4723 3516 4779 horam

1949 4816 2333 4886 veSpertinam,
2365 4812 2607 4880 sequenti
2638 4820 2795 4867 nocte
2826 4827 2889 4867 ac
2914 4814 3000 4868 die
3025 4814 3231 4869 sabbati
3262 4830 3383 4869 cum
3412 4830 3515 4872 no-

1947 4921 2031 4963 cte
2059 4904 2404 4974 subsequenti
2433 4906 2486 4957 in
2519 4912 2864 4958 monumento
2884 4905 3109 4973 positus,
3138 4906 3218 4963 sic
3247 4907 3332 4962 die
3357 4909 3514 4964 tertia

1947 5000 1998 5052 id
2029 5007 2133 5060 est,
2162 4997 2337 5066 primo
2374 5010 2531 5049 mane
2562 4995 2772 5049 sabbati
2823 4996 3076 5050 surrexit.
3130 4997 3402 5069 Apparuit,
3432 5001 3513 5055 in—

1948 5092 2082 5160 quit,
2110 5091 2275 5159 ptimo
2306 5088 2493 5142 Maria:
2524 5087 2850 5157 Magdaleme
2868 5090 2933 5143 de
2951 5106 3054 5161 qua
3076 5092 3294 5161 ejecerat
3317 5104 3511 5164 septem

1948 5181 2225 5236 (immania.

2021 5271 2123 5325 Illa
2172 5270 2363 5325 vadens
2410 5272 2660 5325 nuntiavit
2697 5271 2796 5332 his,
2822 5274 2911 5343 qui
2940 5289 3053 5326 cum
3083 5291 3141 5327 eo
3163 5287 3393 5344 fuerant,
3421 5266 3507 5332 lu—

1944 5362 2177 5433 gentibus
2200 5371 2245 5414 et
2272 5360 2533 5431 flentibus.
2567 5360 2718 5415 Sicut
2740 5362 2790 5415 in
2813 5364 3079 5434 principio
3107 5365 3299 5421 mulier
3321 5375 3513 5423 auctor

1944 5451 2111 5519 culpae
2140 5450 2252 5505 viro
2288 5450 2405 5514 fuit,
2439 5450 2518 5504 vir
2541 5460 2825 5507 exsecutor
2850 5455 3071 5517 erroris,
3110 5456 3181 5509 ita
3214 5471 3359 5512 nunc
3390 5472 3511 5528 qua

1944 5542 2094 5611 prius
2150 5548 2375 5594 mortem
2407 5548 2712 5609 gustaverat
2738 5544 3187 5598 resurrectionem
3239 5547 3389 5615 prior
3424 5547 3507 5601 vi-

1946 5631 2052 5693 dit;
2102 5639 2156 5683 et
2192 5646 2258 5684 ne
2295 5629 2530 5698 perpetui
2582 5638 2761 5685 reatus
2798 5633 2937 5701 apud
2980 5634 3125 5688 viros
3158 5636 3504 5705 opprobrium

1948 5721 2257 5784 sustineret,
2290 5735 2405 5788 quae
2424 5718 2632 5788 culpam
2663 5721 2776 5774 viro
2803 5724 3179 5789 transfuderat,
3214 5723 3505 5781 transfud’ts
