3946 6344
501 372 602 428 183

497 499 555 545 et
574 488 823 563 gratiam.
859 485 1010 542 Unde
1039 497 1179 543 recte
1208 489 1421 555 mulier,
1451 490 1565 544 haec
1593 504 1711 558 quae
1734 490 1865 544 viris
1891 489 2073 559 lugen-
2104 495 2156 552 Α

497 581 639 634 tibus
669 593 733 633 ac
754 576 1004 632 flentibus
1034 577 1274 631 ketitiam
1314 577 1608 633 Dominica:
1663 577 2073 633 resurrectionis

497 669 671 740 prima
701 665 987 731 nuntiavit,
1025 681 1054 720 a
1093 675 1299 736 septem
1355 667 1686 722 dzemonibus
1731 673 1915 721 curata
1956 680 2076 720 esse

495 767 852 824 memoratur,
878 767 937 812 ut
965 759 1233 813 universis
1299 759 1444 814 vitiis
1482 760 1636 830 plena
1666 758 1854 823 fuisse,
1884 758 1979 813 sed
2009 758 2077 813 ab

496 851 583 907 his
606 849 856 905 omnibus
885 850 1067 904 divino
1098 864 1319 904 munere
1359 853 1613 905 mundata
1639 864 1760 904 esse
1811 850 2072 920 signetur,

495 949 552 996 et
600 939 692 996 ubi
746 939 1036 995 abundavit
1080 948 1360 1007 peccatum
1406 939 1869 1008 superabundasse
1903 938 2075 1009 gratia

497 1038 847 1087 monstretur.

568 1125 638 1180 Et
689 1125 772 1180 illi
819 1126 1090 1179 audientes
1131 1127 1254 1194 quia
1295 1124 1478 1177 viveret
1499 1133 1547 1177 et
1579 1123 1717 1178 visus
1743 1131 1871 1177 esset
1902 1123 1965 1176 ab
1991 1139 2073 1186 ea,

497 1234 602 1272 non
644 1215 997 1272 crediderunt.
1044 1215 1196 1281 Quod
1235 1215 1684 1270 resurrectionem
1741 1215 2074 1268 Dominicam

495 1307 746 1378 discipuli
782 1307 932 1361 tarde
963 1305 1326 1369 crediderunt,
1361 1320 1466 1360 non
1499 1315 1609 1359 tam
1661 1305 1871 1359 illorum
1925 1304 2076 1359 infir-

495 1397 655 1451 mitas
680 1411 842 1466 quam
865 1402 1075 1459 nostra,
1094 1403 1154 1448 ut
1180 1395 1252 1448 ita
1275 1394 1470 1454 dicam,
1498 1393 1674 1448 futura
1708 1394 1937 1447 firmitas
1954 1393 2073 1457 fuit,

493 1485 611 1555 ipsa
639 1500 873 1556 namque
900 1485 1224 1540 resurrectio
1245 1485 1389 1540 illius
1409 1485 1777 1540 dubitantibus
1791 1499 1888 1554 per
1911 1485 2075 1539 multa

495 1585 811 1647 argumenta
870 1584 1169 1631 monstrata
1224 1586 1327 1639 est,
1383 1591 1503 1645 quae
1547 1578 1672 1631 dum
1718 1592 1816 1632 nos
1843 1577 2078 1646 legentes

493 1669 856 1739 agnoscimus,
893 1666 1018 1736 quid
1044 1667 1186 1721 aliud
1211 1682 1371 1735 quam
1403 1669 1467 1723 de
1516 1669 1728 1723 illorum
1783 1668 2078 1723 solidamur

496 1758 874 1812 dubitatione?
947 1757 1120 1812 Minus
1175 1759 1318 1812 enim
1373 1760 1502 1814 mihi
1549 1759 1716 1814 Maria
1765 1759 2073 1830 Magdalena

1141 373 1201 427 B.
1246 375 1494 429 RABANI
1535 377 1750 432 MAURI
1789 374 2104 432 ARCHIEP.
2148 371 2450 429 MOGUNT.
2493 372 2782 430 OPERUM
2820 373 2999 429 PARS
3037 375 3100 430 Il.

2749 483 3029 541 HOMILIA
3050 485 3190 538 XXI.

2841 592 2997 630 PEBlA
3020 592 3094 630 Vl.

2284 667 2470 722 Lectio
2495 667 2666 722 sancti
2689 666 2963 737 Evangelii
2991 666 3286 720 secundum
3312 664 3652 722 Mattbreum.

2249 757 2317 811 In
2353 757 2445 811 illo
2473 768 2722 825 tempore,
2745 758 2980 809 exierunt
3019 756 3120 808 cito
3153 754 3397 809 mulieres
3452 757 3516 810 de
3568 771 3760 809 monu-

2178 859 2348 903 mento
2393 866 2511 903 cum
2565 849 2750 901 timore
2785 857 2833 900 et
2861 845 3053 916 gaudio
3084 861 3296 915 magno,
3324 856 3592 900 canentes
3619 863 3758 900 nun-

2179 941 2311 993 tiare
2333 938 2606 1010 discipulis
2631 940 2766 1008 ejus,
2792 946 2898 992 etc.

2250 1030 2455 1100 Duplex
2497 1031 2642 1084 enim
2681 1037 2892 1084 mentes
2929 1027 3212 1082 mulierum
3254 1029 3473 1082 tenebat
3513 1028 3760 1093 affectus,

2181 1120 2389 1174 timoris
2437 1129 2492 1173 et
2541 1119 2751 1189 gaudii;
2786 1119 2922 1173 alter
2959 1118 3025 1172 de
3070 1117 3316 1172 miraculi
3365 1118 3761 1187 magnitudine,

2179 1209 2315 1264 alter
2339 1225 2406 1264 ex
2435 1209 2706 1264 desiderio
2743 1209 3101 1279 resurgentis:
3128 1218 3183 1263 et
3212 1217 3390 1261 tamen
3422 1217 3653 1277 uterque
3680 1207 3762 1260 fe-

2179 1299 2416 1353 mineum
2444 1297 2749 1353 concitabat
2777 1298 3038 1366 gradum;
3075 1297 3371 1367 pergebant
3393 1295 3459 1349 ad
3489 1294 3766 1363 apostolos

2180 1399 2239 1444 ut
2266 1404 2363 1458 per
2392 1388 2509 1442 illos
2536 1388 2887 1442 seminarium
2933 1385 3055 1439 ﬁdei
3103 1390 3442 1454 spargerent.
3478 1383 3764 1438 Currenti.

2181 1486 2476 1540 busautem
2505 1482 2875 1554 evangelizare
2898 1480 3175 1551 discipulis
3195 1478 3430 1532 occurrit
3451 1477 3611 1531 Jesus
3637 1491 3760 1530 eos-

2179 1588 2284 1643 que
2307 1573 2523 1637 salutat,
2555 1572 2847 1626 ostendens
2875 1585 2935 1624 se
2977 1569 3227 1624 omnibus
3257 1570 3362 1621 iter
3387 1567 3650 1620 virtutum
3680 1565 3765 1619 in-

2180 1662 2518 1726 choantibus,
2586 1671 2642 1714 ut
2710 1661 2776 1714 ad
2827 1660 3054 1714 salutem
3113 1666 3427 1730 perpetuam
3478 1658 3766 1727 pervenire

2181 1761 2379 1823 queant
2409 1752 2710 1821 adjuvando
2739 1765 3044 1806 occurrere.

494 1850 747 1920 praestitit
777 1865 895 1919 quae
920 1850 1078 1904 citius
1100 1851 1346 1916 credidit,
1375 1865 1538 1920 quam
1567 1851 1800 1906 Thomas
1851 1852 1942 1920 qui
1985 1851 2072 1906 diu
2106 1837 2151 1896 Β
2250 1839 2385 1896 Ecce
2440 1842 2596 1895 Jesus
2651 1841 2878 1893 occurrit
2916 1839 3021 1892 illis
3066 1837 3264 1901 dicens,
3292 1837 3480 1891 Avete.
3521 1833 3653 1901 Quae
3687 1834 3766 1889 sic

495 1939 779 1993 dubitavit.
818 1938 908 1992 ille
941 1940 1143 1994 etenim
1181 1940 1434 1996 dubitans
1478 1941 1757 1998 vulnerum
1795 1943 2076 1998 cicatrices

493 2033 690 2102 tetigit,
723 2042 776 2087 et
803 2033 869 2088 de
893 2044 1080 2089 nostro
1108 2043 1323 2102 pectore
1353 2035 1643 2089 dubietatis
1672 2033 1864 2088 vulnus
1889 2050 2075 2105 ampu-

495 2126 648 2179 tavit.

573 2213 696 2270 Post
718 2217 828 2270 haec
849 2227 1022 2270 autem
1049 2218 1252 2271 duobus
1273 2235 1337 2272 ea:
1382 2220 1457 2272 eis
1487 2216 1877 2272 ambulantibus
1905 2228 2077 2272 osten-

495 2321 589 2359 sus
643 2316 716 2360 est
743 2307 798 2360 in
821 2306 928 2360 alia
949 2308 1108 2377 efﬁgie
1136 2308 1380 2362 euntibus
1409 2309 1463 2362 in
1491 2309 1705 2374 villam;
1732 2320 1778 2363 et
1799 2309 1879 2363 illi
1897 2317 2074 2363 euntes

500 2395 927 2449 renuntiaverunt
988 2399 1208 2452 creteris.
1264 2397 1542 2465 Quomodo
1597 2399 1700 2454 hoc
1752 2398 1953 2454 factum
2005 2400 2075 2454 sit

499 2483 676 2540 Lucas
709 2487 960 2555 exposuit
1003 2485 1187 2542 latius.
1242 2487 1396 2553 Quod
1449 2498 1630 2544 autem
1660 2489 1789 2544 dicit
1840 2489 2072 2555 Marcus,

495 2584 732 2630 ostensus
763 2587 836 2631 est
866 2578 918 2630 in
951 2577 1058 2632 alia
1103 2580 1283 2649 effigie,
1311 2580 1415 2635 hoc
1437 2581 1678 2651 apertius
1707 2581 1839 2636 dicit
1861 2581 2034 2636 Lucas
2060 2601 2070 2635 :

491 2668 616 2737 quia
641 2667 779 2720 oculi
807 2685 987 2722 eorum
1015 2671 1326 2727 tenebantur
1353 2688 1416 2726 ne
1445 2689 1564 2727 eum
1602 2683 1961 2744 agnoscerent,
1986 2674 2078 2727 do-

491 2771 586 2812 nec
617 2759 874 2812 venientes
922 2776 1040 2812 cum
1075 2760 1166 2814 illo
1212 2763 1265 2815 in
1291 2764 1560 2817 castellum
1583 2780 1683 2834 quo
1713 2764 1875 2828 ibant,
1915 2775 1961 2817 et
1984 2781 2075 2831 pa-

489 2857 670 2903 uentes
694 2850 741 2903 ei
760 2867 990 2904 mensam
1012 2854 1162 2921 quasi
1180 2856 1472 2924 peregrino,
1503 2855 1710 2908 tandem
1732 2866 2074 2925 cognoverunt

490 2954 610 2992 eum
637 2941 690 2993 in
717 2939 971 3008 fractione
997 2942 1165 3009 panis.
1193 2942 1294 3007 Qui
1322 2943 1460 2997 sicut
1485 2943 1628 2998 idem
1662 2943 1834 2998 Lucas
1873 2959 2068 2999 conse-

489 3038 719 3099 quenter
740 3030 980 3101 adjungit
1003 3051 1014 3084 :
1046 3031 1324 3103 Surgentes
1347 3034 1528 3088 eadem
1549 3035 1678 3089 hora
1707 3045 1828 3089 sunt
1856 3037 2072 3105 regressi

488 3119 544 3171 in
586 3117 938 3185 Hierusalem,
997 3131 1042 3175 et
1091 3123 1393 3177 invenerunt
1437 3135 1772 3194 congregatos
1808 3126 2066 3191 undecim,

2176 1935 2507 2002 quaerebant,
2540 1948 2659 2001 qua:
2708 1933 2780 1986 ita
2817 1931 3130 1993 currebant,
3164 1928 3515 1984 merebantur
3542 1926 3764 1982 obvium

2177 2024 2377 2078 habere
2433 2023 2718 2077 Dominum
2775 2030 3164 2088 resurgentem,
3217 2027 3266 2073 et
3325 2020 3516 2088 prima:
3549 2017 3764 2081 audire,

2178 2114 2355 2176 Avete,
2412 2121 2471 2166 ut
2521 2111 2864 2166 maledictum
2913 2109 3037 2164 Evae
3091 2109 3413 2163 mulierisiu
3443 2106 3765 2162 mulieribus

2177 2201 2496 2256 solveretur.

2247 2290 2366 2344 ιιιω
2389 2297 2560 2344 autem
2588 2298 2935 2352 accesserunt,
2968 2297 3014 2341 et
3043 2295 3319 2341 tenuerunt
3349 2285 3502 2355 pedes
3542 2286 3682 2355 ejus,
3712 2297 3763 2339 et

2177 2382 2524 2436 adoraverunt
2553 2396 2692 2432 eum.
2720 2378 2842 2432 Ista;
2863 2377 3126 2432 accedunt
3150 2384 3204 2430 et
3221 2383 3407 2430 tenent
3426 2375 3592 2444 pedes
3620 2373 3763 2443 ejus,

2175 2470 2301 2539 quia
2328 2468 2688 2524 adoraverunt
2717 2482 2860 2522 eum.
2907 2465 3172 2520 Caeterum
3211 2465 3298 2518 illa
3330 2479 3450 2533 quze
3481 2463 3762 2534 quaerebat

2176 2561 2445 2615 viventem
2502 2574 2624 2614 cum
2686 2557 2936 2620 mortuis,
2970 2565 3023 2611 et
3053 2556 3325 2609 nesciebat
3356 2554 3535 2608 adhuc
3562 2553 3758 2607 Filium

2177 2652 2272 2705 Dei
2293 2649 2675 2712 resurrexisse,
2705 2648 2898 2702 merito
2919 2647 3159 2700 audivit:
3188 2644 3266 2698 Nc
3289 2656 3475 2713 tangas
3502 2661 3603 2707 me,
3635 2660 3760 2698 non-

2177 2743 2300 2794 dum
2323 2742 2458 2795 enim
2488 2739 2698 2791 ascendi
2723 2739 2791 2791 ad
2832 2735 3042 2790 Patrem
3073 2752 3265 2788 meum.
3322 2732 3622 2789 Videamus
3677 2748 3759 2788 re-

2176 2838 2482 2902 surgentem
2515 2844 2543 2882 a
2572 2830 2800 2883 mortuis
2838 2827 3124 2882 Dominum
3173 2826 3225 2879 in
3272 2825 3504 2879 veritate
3558 2833 3759 2878 nostrm

2175 2922 2376 2982 carnis,
2401 2918 2678 2973 videamus
2707 2919 2932 2988 gloriam
2961 2932 3112 2972 nova:
3157 2917 3548 2985 corruptionis.
3585 2913 3754 2984 Supe~

2177 3011 2290 3064 rius
2317 3010 2511 3078 quippe
2546 3009 2740 3062 lectum
2769 3017 2853 3062 est
2882 3008 3006 3076 quia
3051 3007 3235 3061 clauso
3278 3007 3518 3060 surrexit
3561 3021 3745 3061 monu-

2177 3109 2388 3162 mento;
2420 3114 2561 3151 nunc
2595 3106 2776 3151 autem
2808 3097 3002 3167 legitur
3029 3098 3152 3166 quia
3180 3096 3435 3156 mulieres
3463 3105 3752 3152 tenuerunt

487 3218 537 3262 et
558 3225 643 3262 eos
673 3210 762 3277 qui
789 3227 906 3262 cum
929 3211 1052 3278 ipsis
1074 3222 1221 3265 erant
1243 3213 1470 3267 dicentes
1493 3227 1511 3265 :
1535 3183 1694 3279 bubd
1719 3220 1943 3269 surrexit
1966 3183 2070 3268 Do;
2099 3183 2142 3241 Ο
2175 3190 2337 3260 Pedes
2365 3189 2499 3259 eiust
2531 3197 2584 3242 et
2611 3190 2969 3279 θάονίινοτιιηε
2993 3204 3135 3242 eum'
3169 3189 3420 3279 Smne)?“
3443 3189 3590 3279 enin?
3616 3188 3753 3243 dau’

485 3301 661 3354 minus
690 3318 805 3356 vere
827 3312 873 3355 et
889 3304 1132 3372 apparuit
1166 3302 1386 3358 Simoni.
1417 3304 1482 3358 Et
1522 3307 1621 3374 ipsi
1646 3306 1930 3360 narrabant
1954 3323 2070 3376 qua:

487 3403 633 3462 gesta
663 3402 810 3446 erant
834 3394 888 3446 in
912 3395 992 3447 via
1018 3403 1066 3447 et
1091 3395 1349 3464 quomodo
1374 3407 1720 3466 cognoverunt
1743 3413 1860 3451 eum
1890 3397 1942 3450 in
1965 3398 2071 3465 fra-

489 3484 657 3536 ctione
678 3484 848 3552 panis.
875 3483 1027 3549 Quod
1051 3493 1228 3538 autem
1261 3484 1336 3538 ait
1360 3484 1596 3552 Marcus,
1627 3487 2067 3540 annuntiaverunt

488 3573 711 3637 ueteris,
742 3572 1301 3637 necillicrediderunt,
1333 3588 1455 3627 cum
1498 3572 1671 3628 Lucas
1723 3575 1869 3628 dicat
1925 3576 2068 3643 quod

485 3661 595 3714 iam
621 3670 743 3715 ante
781 3661 1142 3730 loquebantur
1166 3676 1290 3716 vere
1322 3663 1705 3727 resurrexisse,
1755 3670 1809 3716 et
1861 3661 2065 3717 Simoni

486 3751 822 3820 apparuisse,
851 3751 979 3820 quid
1004 3749 1407 3820 intelligendum
1432 3759 1530 3811 est,
1551 3751 1652 3806 nisi
1677 3751 1882 3820 aliquos
1904 3751 2068 3806 fuisse

487 3839 561 3894 ibi
587 3839 681 3906 qui
705 3840 807 3893 hoc
836 3838 1038 3892 nollent
1062 3839 1330 3893 credere?
1355 3838 1450 3893 Cui
1484 3849 1660 3894 autem
1707 3856 1811 3894 non
1861 3841 2067 3895 eluceat

485 3930 903 4000 praetermisisse
958 3929 1197 3984 Marcum
1239 3945 1357 3999 quae
1381 3929 1556 3984 Lucas
1589 3933 1859 3988 narrando
1890 3932 2064 4002 expli-

487 4019 652 4084 cavit,
680 4021 783 4075 hoc
815 4029 896 4074 est
917 4035 1038 4089 qua:
1063 4036 1184 4075 cum
1217 4019 1322 4075 illis
1349 4021 1555 4075 locutus
1583 4020 1744 4076 fuerit
1770 4021 1927 4077 Jesus
1973 4037 2068 4075 an-

487 4117 704 4177 tequam
763 4119 1119 4179 agnoscerent
1139 4125 1262 4164 eum
1311 4121 1365 4164 et
1406 4111 1675 4181 quomodo
1711 4127 1833 4165 eum
1878 4112 1930 4166 in
1959 4110 2067 4164 fra-

487 4200 667 4256 ctione
688 4201 843 4269 panis
869 4201 1228 4269 agnoverint?
1259 4199 1485 4268 Quando
1511 4202 1725 4272 quidem
1750 4217 1873 4256 mox
1903 4211 1955 4255 ut
1988 4202 2066 4256 di-

487 4289 570 4345 xit
603 4291 683 4345 eis
707 4291 1021 4360 apparuisse
1053 4291 1104 4344 in
1130 4290 1232 4344 alia
1255 4289 1425 4362 efﬁgie
1459 4292 1710 4346 euntibus
1755 4292 1806 4346 in
1863 4291 2064 4356 villam,

488 4380 747 4435 continuo
770 4380 1073 4450 cunjunxit,
1105 4379 1169 4432 Et
1203 4380 1281 4433 illi
1302 4391 1478 4435 euntes
1517 4384 1884 4434 nun‘iaverunt
1917 4391 2066 4434 ca'le-

487 4476 586 4537 ris,
629 4489 720 4527 nec.
763 4471 869 4526 illis
917 4472 1291 4526 crediderunt:
1348 4474 1500 4543 quasi
1555 4483 1772 4543 possent
1819 4474 2066 4527 nuntiare

2174 3295 2235 3333 so
2263 3280 2401 3334 ostio
2431 3279 2762 3332 monumenti
2778 3287 2832 3333 et
2857 3278 3007 3342 exiit,
3032 3278 3405 3332 utimmortale
3413 3279 3528 3348 jam
3557 3277 3754 3333 factum

2176 3368 2393 3422 doceret
2421 3383 2539 3422 esse
2571 3382 2787 3437 corpus,
2829 3366 2973 3435 quod
3012 3367 3064 3420 in
3104 3377 3458 3421 monumento
3510 3367 3753 3423 clausum

2174 3455 2350 3510 fuerat
2434 3464 2727 3508 mortuum.
2802 3454 3086 3510 Tenendas
3159 3455 3475 3510 mulieribus
3528 3457 3756 3526 praebuit

2172 3547 2403 3617 plantas,
2435 3556 2494 3600 ut
2520 3563 2703 3602 veram
2735 3562 2794 3601 se
2815 3546 3013 3601 habere
3044 3560 3266 3602 carnem
3295 3562 3416 3616 quae
3455 3563 3486 3600 a
3518 3548 3755 3603 mortali-

2170 3636 2269 3690 bus
2301 3637 2441 3706 tangi
2466 3645 2645 3705 posset
2671 3637 2965 3690 intimaret.

2245 3725 2387 3780 Tunc
2417 3729 2490 3779 ait
2525 3727 2666 3779 illis:
2700 3726 2877 3779 Nolite
2897 3728 3094 3781 timere.
3127 3728 3192 3781 Et
3215 3730 3267 3782 in
3299 3727 3480 3782 Veteri
3510 3735 3566 3782 et
3605 3728 3755 3785 Novo

2171 3815 2522 3872 Testamento
2581 3818 2683 3871 hoc
2730 3832 2944 3886 semper
3011 3819 3406 3872 observandum
3446 3828 3560 3884 est,
3609 3822 3752 3889 quod

2169 3908 2384 3975 quando
2416 3909 2694 3979 augustior
2726 3907 2904 3976 aliqua
2942 3911 3284 3979 apparaverit
3322 3912 3480 3976 visio,
3516 3913 3754 3981 primum

2169 3998 2419 4052 timorem
2451 3998 2633 4068 pellat,
2666 4007 2725 4052 ut
2747 3999 2827 4053 sic
2848 4008 3026 4055 mente
3053 4000 3263 4070 placida
3292 4003 3505 4071 possint
3527 4018 3650 4072 qua:
3671 4005 3752 4059 di-

2169 4105 2369 4150 cuntur
2395 4097 2590 4152 audiri.

2239 4185 2341 4252 Ite,
2399 4189 2633 4242 nuntiate
2662 4189 2916 4258 fratribus
2961 4191 3089 4245 meis
3131 4200 3187 4244 ut
3214 4202 3333 4246 eant
3368 4192 3422 4245 in
3443 4190 3745 4258 Galilceam,

2168 4277 2238 4328 ibi
2261 4293 2341 4330 me
2371 4277 2634 4331 videbunt.
2667 4278 2762 4334 His
2788 4279 3046 4335 fratribus
3077 4281 3227 4344 dicit,
3255 4281 3320 4334 de
3348 4282 3544 4351 quibus
3569 4283 3623 4336 in
3650 4282 3752 4337 alio

2167 4364 2284 4420 loco
2311 4366 2537 4422 dicitur:
2570 4369 2904 4423 Annuntiabo
2936 4386 3122 4423 nomen
3155 4379 3302 4422 tuum
3325 4370 3580 4439 fratribus
3601 4373 3751 4435 meis,

2175 4461 2266 4530 qui
2320 4460 2657 4515 Salvatorem
2696 4477 3038 4532 nequaquam
3083 4461 3134 4515 in
3171 4460 3356 4515 Iudaea
3387 4461 3751 4532 conspiciunt,

491 4579 654 4633 quem
684 4578 787 4617 non
821 4571 1174 4632 agnoverant,
1199 4572 1291 4617 aut
1317 4523 1536 4632 pessent
1557 4523 1852 4632 agnoscere
1875 4563 2068 4630 quibus
2095 4523 2146 4581 Β
2174 4552 2266 4606 sed
2298 4553 2350 4606 in
2382 4553 2622 4621 gentium
2652 4552 3015 4607 multitudine.
3065 4551 3208 4606 Ecce
3262 4551 3484 4605 humani
3539 4553 3753 4622 generis

489 4653 593 4708 alia
636 4651 836 4724 effigies
876 4652 992 4722 ejus
1047 4663 1387 4724 apparuerat.
1435 4653 1711 4720 Quomodo
1764 4669 1890 4722 ergo
1945 4668 2066 4705 eum

487 4746 805 4818 agnoverint
849 4755 904 4798 ut
933 4748 1180 4800 nuntiare
1207 4756 1444 4814 possent,
1493 4745 1704 4799 Marcus
1751 4746 1866 4799 siue
1906 4743 2068 4797 dubio

486 4835 854 4906 praetermisit.
887 4835 1039 4901 Quod
1081 4836 1202 4890 ideo
1253 4836 1527 4889 memoriae
1579 4836 2065 4889 commendandum

486 4937 595 4992 est,
628 4936 686 4980 ut
721 4942 1096 4982 assuescamus
1118 4926 1399 4981 advertere
1441 4929 1890 4998 evangelistarum
1948 4942 2065 4980 mo—

491 5035 604 5072 rem
636 5019 709 5072 ita
737 5018 1264 5087 prmlermittentium
1309 5033 1428 5086 quae
1469 5034 1571 5072 non
1619 5027 2064 5078 COlllmClllOI'iliil,

489 5117 544 5161 et
596 5106 1032 5177 conjungentium
1078 5122 1197 5176 quze
1246 5116 1691 5169 commemorant,
1744 5118 1803 5160 ut
1845 5109 1922 5161 eis
1975 5108 2064 5174 qui

490 5213 646 5251 usum
676 5198 727 5251 in
760 5198 862 5251 hac
885 5199 1316 5252 consideratione
1347 5215 1450 5251 non
1483 5199 1704 5261 habent,
1743 5214 1847 5251 non
1889 5199 2061 5251 aliun-

489 5291 556 5342 de
583 5290 818 5342 maxime
843 5304 997 5342 error
1028 5289 1259 5352 oriatur,
1308 5304 1414 5357 quo
1452 5298 1640 5358 putant
1682 5306 1775 5344 eos
1814 5305 1918 5343 non
1961 5289 2061 5343 sibi

451 5445 454 5448 g
489 5395 807 5450 congruere,
841 5395 958 5434 cum
985 5381 1066 5435 eis
1087 5395 1190 5434 una
1221 5380 1372 5444 fides,
1405 5397 1570 5434 unum
1603 5381 1866 5450 baptisma
1897 5389 2061 5443 esset,

490 5479 545 5522 ct
576 5485 740 5522 unum
767 5469 932 5522 Deum
959 5471 1226 5527 veraciter
1254 5470 1520 5531 colebant,
1561 5473 1650 5539 qui
1686 5471 1735 5524 in
1769 5470 1988 5525 Unitate
2011 5479 2063 5523 et

493 5559 755 5613 Triuitate
782 5561 1018 5630 perfecta
1049 5572 1256 5631 regnat,
1289 5574 1384 5632 per
1417 5563 1596 5617 omina
1629 5562 1820 5616 secula
1845 5563 2064 5617 szt‘culo—

494 5665 633 5705 rum.
663 5649 852 5705 Amen.

2173 4643 2382 4711 culpam
2415 4643 2485 4696 ibi
2515 4643 2743 4696 abscidit
2769 4642 2910 4697 unde
2933 4642 3215 4712 processit.
3242 4641 3379 4708 Quia
3400 4641 3545 4694 enim
3579 4641 3634 4696 in
3663 4658 3755 4712 pa-

2174 4733 2352 4786 radiso
2387 4733 2580 4786 mulier
2625 4732 2742 4786 viro
2799 4731 3107 4800 propinavit
3146 4739 3395 4793 mortem,
3440 4745 3471 4783 a
3503 4729 3751 4798 sepulcro

2173 4823 2366 4878 mulier
2393 4823 2524 4876 viris
2555 4822 2892 4875 annuntiavit
2920 4822 3114 4882 vitam;
3148 4829 3203 4873 et
3231 4821 3374 4875 dicta
3405 4819 3487 4872 sui
3511 4819 3752 4873 vivifica-

2174 4914 2306 4967 toris
2344 4922 2530 4966 narrat
2569 4926 2688 4981 quae
2734 4911 3015 4966 mortifera
3051 4909 3315 4980 serpentis
3356 4910 3521 4963 verba
3566 4925 3740 4964 narra-

2171 5011 2340 5056 verat.

2241 5091 2372 5157 Qua:
2407 5108 2522 5144 cum
2555 5092 2820 5155 abiissent,
2850 5107 2965 5144 ecce
2993 5091 3208 5160 quidam
3237 5089 3300 5142 de
3329 5088 3641 5142 custodibus
3669 5106 3750 5143 ve-

2170 5191 2352 5234 nerunt
2382 5182 2435 5234 in
2466 5181 2742 5246 civitatem,
2770 5192 2818 5236 et
2848 5183 3218 5234 nuntiaverunt
3239 5180 3562 5249 principibus
3585 5196 3749 5232 sacer-

2167 5270 2366 5332 dotum,
2398 5271 2572 5323 omnia
2591 5287 2708 5340 qua:
2739 5271 2879 5339 facta
2907 5271 3137 5336 fuerant.
3167 5269 3402 5337 Simplex
3427 5270 3596 5323 animi
3621 5286 3751 5338 qua.

2170 5359 2315 5424 litas,
2349 5368 2402 5413 et
2430 5361 2639 5414 indocta
2672 5361 2950 5415 hominum
2981 5362 3256 5415 rusticitas
3297 5375 3440 5429 saepe
3463 5361 3747 5416 veritatem

2174 5451 2249 5505 rei
2277 5461 2337 5504 ut
2361 5460 2444 5504 est
2471 5451 2585 5505 sine
2615 5450 2805 5506 fraude
2835 5450 3162 5505 manifestat.
3206 5450 3276 5502 At
3299 5459 3491 5504 contra
3530 5459 3752 5504 versuta

2173 5541 2476 5610 malignitas
2504 5550 2557 5594 et
2583 5543 2875 5596 exercitata
2905 5556 3084 5611 pravm
3121 5541 3315 5594 mentis
3368 5540 3611 5609 nequitia
3657 5541 3752 5597 do-

2172 5629 2251 5683 los
2283 5631 2545 5685 versando
2578 5630 2866 5684 falsitatem
2893 5629 3274 5684 verisimilibus
3303 5630 3483 5684 verbis
3511 5645 3612 5698 pro
3637 5629 3751 5698 ipso

2175 5735 2300 5776 vero
2353 5724 2729 5776 commendare
2773 5721 3034 5786 decertat,
3102 5721 3308 5790 sibique
3368 5721 3422 5775 in
3470 5735 3749 5778 assensum
