3946 6354
160 382 254 440 185

160 597 321 655 quens
344 584 625 638 sententia
655 584 726 637 ita
751 585 1006 639 ostendit.

228 673 290 727 Et
314 674 625 743 congregati
646 690 760 728 cum
788 677 1077 731 senioribus
1098 679 1317 735 consilio
1363 692 1593 751 accepto,
1642 699 1732 752 pe-

160 764 361 819 cuniam
403 764 674 832 copiosam
703 764 951 820 dederunt
977 768 1233 825 militibus
1258 771 1489 827 dicentes
1515 784 1533 823 .‘
1558 772 1729 828 Dicite

158 856 276 928 quia
303 855 551 924 discipuli
584 857 699 927 ejus
744 868 892 913 nocte
918 872 1161 914 venerunt
1189 873 1239 917 et
1261 863 1426 933 furati
1454 874 1573 919 sunt
1610 881 1730 919 eum

162 947 301 1001 nobis
324 942 723 1005 dormientibus.
751 949 1011 1007 Miracula
1044 954 1189 1010 talia-
1218 942 1363 1011 facta
1407 966 1533 1011 sunt
1584 956 1730 1012 circa

160 1034 458 1103 sepulcrum
494 1045 556 1091 ut
583 1052 769 1094 eorum
800 1041 901 1110 ipsi
934 1042 1132 1098 milites
1160 1046 1249 1114 qui
1292 1045 1543 1101 custodes
1569 1048 1731 1102 adve-

160 1134 365 1191 nerant,
394 1134 563 1183 testes
587 1128 797 1196 lierent,
827 1131 873 1186 si
897 1133 1093 1189 vellent
1119 1151 1255 1190 vera
1296 1138 1580 1204 nuntiare;
1636 1140 1730 1195 sed

158 1216 377 1271 avaritia
424 1218 520 1273 illa
584 1234 705 1288 quae
748 1223 1045 1292 captivavit
1099 1224 1420 1296 discipulum
1476 1230 1730 1286 comitem

156 1307 370 1375 Christi,
397 1314 697 1383 captivavit
727 1325 782 1371 et
807 1318 1007 1375 milites
1034 1322 1288 1377 custodes
1320 1322 1575 1391 sepulcri.

218 1402 286 1455 Et
312 1405 359 1457 si
382 1406 481 1459 hoc
514 1407 753 1463 auditum
775 1409 931 1479 fuerit
958 1428 990 1464 a
1015 1412 1258 1481 praeside,
1283 1429 1376 1467 nos
1398 1415 1731 1471 suadebimus

155 1493 220 1558 si,
254 1505 300 1548 et
323 1512 536 1551 securos
558 1514 644 1551 vos
668 1499 944 1568 faciemus.
973 1500 1236 1558 Custodes
1257 1503 1577 1559 miraculum
1607 1521 1733 1561 con-

156 1582 390 1650 ﬁtentur,
418 1587 487 1641 ad
518 1588 706 1643 urbem
734 1580 931 1645 conciti
966 1592 1212 1659 redeunt,
1242 1595 1493 1649 nuntiant
1528 1598 1728 1666 princi-

154 1672 304 1741 pibus
326 1676 670 1731 sacerdotum
692 1693 812 1747 qua:
839 1680 1105 1745 viderant,
1123 1698 1243 1752 quae
1265 1681 1408 1738 facta
1430 1698 1729 1755 conspexe-

155 1773 288 1817 rant.
320 1764 397 1819 llli
429 1768 525 1835 qui
551 1769 696 1823 dubii
726 1780 880 1825 erant
919 1775 1163 1828 converti
1220 1775 1286 1829 ad
1331 1777 1727 1845 paenitentiam,

1224 390 1531 446 liOMlLl/E
1570 390 1637 445 IN
1676 390 1937 448 EVANG.
1976 392 2063 447 ET
2102 392 2322 452 EPiST.

159 496 331 567 plures
351 506 683 550 convertere
708 503 759 550 et
794 496 1097 553 condonare
1144 498 1399 567 festinat;
1454 502 1597 571 quod
1638 516 1726 557 se-
1757 506 1802 567 Α

3315 405 3418 464 186

2143 522 2196 561 IN
2232 523 2427 564 NA'I'ALI
2466 524 2655 568 BANCTI
2696 528 2880 571 LEONIS
2920 534 3064 575 ΡΔΡΒ

2280 598 2468 658 Lectio
2492 602 2617 659 libri
2650 604 2962 677 Sapientiae.

1903 684 2039 740 Ecce
2084 689 2331 744 sacerdos
2368 708 2591 763 magnus
2624 698 2714 769 qui
2755 698 2808 753 in
2847 701 3030 756 diebus
3068 706 3178 759 suis
3216 706 3415 777 placuit

1829 778 1963 844 Deo,
1992 788 2040 832 et
2075 780 2316 837 inventus
2344 792 2421 837 est
2442 784 2642 853 justus.

1927 889 2109 946 Lectio
2139 893 2313 947 sancti
2343 893 2619 965 Evangelii
2658 900 2951 956 secundum
2981 903 3311 961 Matthaeum.

1904 1008 1967 1060 In
2013 1006 2107 1062 illo
2144 1012 2566 1080 tempore,th
2602 1011 2761 1069 Iesus
2800 1016 3069 1086 discipulis
3102 1024 3408 1092 parabolam

1828 1100 1964 1155 hanc
1991 1117 2009 1155 :
2044 1099 2213 1157 Homo
2233 1102 2447 1173 quidam
2479 1122 2690 1177 peregre
2716 1109 3049 1177 proﬁciscens
3074 1118 3271 1170 vocavit
3300 1123 3412 1171 se'r-

1830 1206 1916 1246 vos
1954 1207 2078 1246 suos
2106 1200 2155 1245 et
2191 1193 2410 1247 tradidit
2436 1194 2543 1249 illis
2566 1197 2699 1251 bona
2726 1214 2844 1252 sua.

1901 1278 2196 1334 Lectionem
2223 1289 2271 1334 et
2303 1281 2648 1352 Evangelium
2690 1287 2745 1340 in
2778 1285 2983 1342 ΝΑτΑιι
3033 1287 3133 1344 SS.
3164 1291 3411 1348 Tmoli-ru

1828 1383 1899 1422 ET
1926 1368 2219 1423 Vscsnisui
2248 1385 2318 1424 ετ
2346 1369 2551 1425 Mum
2574 1374 2776 1443 require
2799 1377 2853 1428 in
2880 1374 3064 1431 Natali
3110 1389 3410 1434 sanctorum

1830 1457 1919 1529 plu
1930 1461 2202 1514 rimorum.

2277 1530 2463 1587 Lectio
2486 1532 2610 1588 libri
2641 1532 2951 1603 Sapientiae.

1902 1616 2104 1688 Lingua
2130 1620 2441 1688 sapientium
2478 1632 2629 1676 ornat
2657 1624 2931 1678 scientiam
2969 1634 3019 1679 et
3046 1642 3103 1680 os
3134 1627 3405 1694 fatuorum

1832 1710 2015 1765 ebullit
2053 1712 2351 1767 stultitiam.
2417 1727 2419 1729 ‘

1936 1802 2119 1858 Lectio
2148 1805 2319 1859 sancti
2347 1805 2620 1877 Evangelii
2644 1808 2940 1863 secundum
2971 1810 3300 1867 Matthreum.

154 1862 206 1908 et
233 1851 417 1907 .lesum
471 1870 712 1923 quaerere
743 1874 1431 1936 surgentem‘perseverant
1472 1870 1529 1925 in
1581 1870 1722 1926 mali-

1936 1851 2115 1858 ---π
2149 1851 2318 1859 __-.--.
2350 1851 2620 1877 .......,,.,...
2644 1851 2940 1863 -.η-..ωηυ
2971 1851 3300 1867 ..................

1906 1892 1974 1946 In
2012 1892 2104 1947 illo
2131 1904 2356 1965 tempore
2385 1898 2561 1951 uidens
2597 1899 2754 1953 Jesus
2786 1901 2964 1954 turbas
3001 1904 3232 1958 ascendit
3260 1919 3411 1961 mon-

153 1944 296 2011 tiam,
328 1955 383 2002 et
408 1950 688 2016 pecunias,
718 1968 839 2022 qua:
866 1956 932 2010 ad
958 1973 1086 2011 usus
1109 1960 1289 2028 templi
1322 1960 1463 2017 datas
1489 1960 1726 2029 fuerant,

151 2045 362 2091 vertunt
402 2039 456 2093 in
496 2041 919 2112 redemptionem
949 2049 1234 2114 mendacii,
1281 2052 1422 2107 sicut
1469 2062 1595 2109 ante
1633 2055 1731 2109 tri-

153 2124 289 2194 ginta
316 2137 603 2199 argenteos
626 2130 779 2188 Judaa
807 2135 1071 2193 dederant
1090 2130 1383 2209 proditori.
1402 2141 1603 2200 Omnes
1629 2146 1730 2215 igi-

156 2225 237 2270 tur
262 2220 351 2287 qui
388 2221 530 2290 stipe
564 2224 748 2292 templi
784 2234 838 2280 et
864 2228 949 2283 his
980 2245 1099 2298 qua:
1123 2230 1477 2288 conferuntur
1503 2235 1569 2291 ad
1598 2250 1728 2291 usus

150 2303 395 2363 Ecclesia:
419 2311 719 2366 abutuntur
744 2313 800 2367 in
833 2315 955 2371 aliis
983 2317 1167 2384 rebus,
1233 2321 1431 2390 quibus
1453 2338 1605 2377 suam
1626 2324 1725 2378 ex-

150 2393 321 2463 pleant
349 2397 703 2466 voluptatem,
728 2402 933 2458 similes
970 2415 1097 2460 sunt
1121 2408 1422 2465 scribarum
1457 2421 1514 2466 et
1541 2427 1727 2467 sacer-i

150 2482 327 2538 dotuin
374 2487 754 2545 redimentium
803 2495 1142 2551 mendacium
1180 2506 1235 2552 et
1264 2500 1578 2572 sanguinem
1609 2500 1729 2556 Sal-

151 2579 367 2633 vatoris.
396 2580 467 2633 At
500 2581 574 2635 illi
603 2593 821 2653 accepta
849 2588 1078 2655 pecunia
1105 2588 1349 2646 iecerunt
1377 2593 1518 2648 sicut
1568 2605 1728 2649 erant

151 2666 311 2720 docti.
353 2666 398 2723 Ο
444 2670 615 2740 pestis
642 2672 876 2744 maligna
907 2684 961 2730 et
994 2691 1208 2749 semper
1230 2680 1386 2736 bonis
1413 2681 1611 2737 animis
1634 2682 1727 2738 tle-

152 2760 388 2814 testanda
441 2762 692 2828 avaritia,
742 2765 872 2834 quid
926 2767 1175 2833 illaesum,
1198 2772 1326 2841 quid
1346 2772 1725 2830 inconcussum

150 2845 409 2902 dimittis?
447 2848 527 2903 Tu
564 2852 799 2919 primum
833 2854 1105 2912 hominem
1132 2859 1430 2927 perdidisti,
1456 2869 1511 2915 tu
1558 2878 1726 2933 genus

149 2935 436 2993 humanum
462 2941 771 3009 confudisti,
806 2952 863 2999 tu
894 2944 1091 3003 fratres
1111 2951 1396 3007 unanimes
1410 2953 1462 3007 in
1478 2955 1725 3023 praelium

150 3031 385 3096 armasti,
416 3040 472 3085 tu
497 3034 752 3102 paciﬁcos
777 3036 1052 3094 discordes
1082 3039 1281 3105 fecisti,
1311 3051 1368 3098 tu
1397 3044 1721 3117 discipulum

149 3119 394 3175 comitem
422 3120 627 3178 Christi
653 3125 718 3180 de
737 3128 1043 3196 apostolatu
1073 3135 1445 3204 praecipitasti,
1478 3145 1536 3192 tu
1580 3138 1723 3194 mili—

2396 2054 2675 2111 HOMILIA
2707 2056 2867 2113 XXII.

2094 2161 2347 2201 DOIINICA
2385 2164 2403 2202 ι
2443 2164 2572 2205 POS'I'
2610 2166 2858 2205 οςτΑνΑι
2899 2168 3134 2209 ρΑεοΒιε.

2044 2234 2233 2291 Lectio
2280 2225 2532 2307 Epistolas
2578 2240 2721 2295 beati
2766 2240 2911 2295 Petri
2944 2243 3193 2312 apostoli.

1899 2322 2241 2389 Charissimi,
2284 2324 2525 2382 Christus
2572 2346 2757 2397 passus
2800 2340 2876 2384 est
2930 2347 3025 2401 pro
3076 2332 3223 2385 nobis
3269 2332 3411 2390 vobis

1829 2413 2123 2485 relinquens
2150 2416 2441 2486 exemplum
2465 2426 2521 2470 ut
2547 2421 2838 2488 sequamini
2870 2420 3086 2490 vestigia
3133 2421 3268 2491 ejus.
3306 2420 3412 2487 Qui

1826 2512 2099 2569 peceatum
2150 2518 2253 2557 non
2300 2504 2443 2572 fecit,
2472 2521 2564 2559 nec
2609 2507 2846 2560 inventus
2898 2516 2973 2561 est
3018 2506 3171 2562 dolus
3220 2509 3278 2562 in
3323 2526 3413 2564 ore

1827 2592 2087 2663 ejus;qui
2126 2611 2243 2649 cum
2289 2596 2705 2660 malediceretur,
2743 2614 2846 2652 non
2880 2596 3251 2664 maledicebat;
3286 2617 3404 2655 cum

1827 2691 2111 2751 pateretur,
2134 2701 2238 2739 non
2265 2685 2683 2741 comminabatur
2709 2701 2727 2739 :
2755 2688 2992 2741 tradebat
3039 2698 3213 2743 autem
3252 2690 3407 2759 judi—

1828 2770 1973 2824 canti
2001 2789 2053 2825 se
2084 2773 2301 2843 injuste.

1896 2858 2131 2927 Audisti,
2162 2859 2402 2918 Christus
2444 2881 2629 2934 passus
2676 2874 2753 2920 est
2782 2884 2876 2936 pro
2924 2866 3097 2934 nobis,
3124 2874 3178 2923 et
3208 2869 3411 2939 gaudes

1832 2950 1957 3017 quia
1985 2966 2085 3020 pro
2122 2959 2175 3007 te
2204 2962 2445 3010 mortuus
2472 2964 2556 3010 est
2583 2954 2853 3011 Christus.
2884 2956 3120 3013 Attende
3148 2960 3293 3029 quod
3323 2976 3407 3015 se-

1830 3039 2014 3107 quitur
2043 3039 2401 3112 :Relinqaens
2453 3042 2595 3098 vobis
2651 3046 2965 3115 exemplum,
3010 3056 3066 3100 ut
3118 3050 3409 3119 sequamini

1828 3129 2038 3197 uestigia
2067 3130 2215 3199 ejus;
2246 3131 2548 3201 exemplum
2579 3133 2999 3197 tribulationum,
3039 3152 3145 3191 non
3183 3136 3405 3192 delicia-

150 3217 253 3265 tein
286 3215 568 3271 custodem
624 3218 856 3289 sepulcri
891 3223 1199 3291 captivasti,
1252 3235 1306 3280 et
1358 3243 1599 3284 errorem
1630 3246 1722 3284 ne-

1837 3231 1981 3281 rum;
2010 3220 2479 3287 contumeliarum,
2512 3221 2863 3295 ﬂagellorum,
2907 3226 3171 3293 dolorum,
3202 3243 3402 3298 oppro-

150 3300 464 3371 quissimum
497 3309 553 3361 in
583 3310 839 3363 mundum
865 3310 1226 3379 introduxisti,
1258 3326 1313 3371 et
1337 3327 1548 3387 gentem
1584 3321 1724 3375 anti-

154 3405 306 3459 quam
353 3402 409 3448 et
458 3396 731 3464 quondam
786 3400 1173 3457 nobilissimam
1230 3408 1511 3463 seduxisti.
1570 3409 1724 3467 Unde

154 3482 389 3550 sequitur
421 3499 436 3538 :

215 3569 281 3624 Et
306 3573 637 3645 divulgatum
664 3588 739 3632 est
769 3580 975 3635 uerbum
1000 3582 1141 3637 istud
1164 3585 1303 3653 apud
1323 3584 1539 3641 Judwos
1561 3604 1721 3661 usque

150 3658 199 3715 in
225 3662 535 3719 hodiernum
565 3668 721 3723 diem.
753 3669 1029 3728 Hactenus
1062 3675 1278 3743 quidem
1302 3692 1458 3732 error
1477 3677 1579 3733 iste
1605 3658 1719 3733 ma-

149 3757 395 3823 netapud
419 3753 667 3825 Iudaeos;
712 3769 767 3815 et
814 3762 954 3817 sicut
1002 3766 1282 3836 sanguinis
1333 3776 1514 3823 reatus
1560 3783 1719 3839 quem

149 3839 263 3895 sibi.
287 3853 339 3926 et
386 3848 622 3914 posteris
664 3850 777 3903 suis
804 3850 904 3919 ipsi
935 3852 1390 3922 imprecabantur,
1412 3858 1565 3926 gravi
1600 3874 1719 3913 sar-

149 3931 259 3985 cina
285 3922 635 4003 peccatorum
662 3939 782 3995 illos
806 3943 1026 4010 premit,
1081 3944 1156 3999 ita
1204 3922 1717 4015 emptio—mendacii

149 4032 239 4088 per
290 4026 432 4092 quod
485 4031 897 4086 resurrectionis
948 4034 1212 4104 denegant
1248 4038 1529 4092 veritatem
1566 4050 1719 4094 reatu

150 4124 236 4165 eos
262 4116 588 4185 constringit
615 4129 874 4189 perpetuo
900 4134 1214 4191 respuentes
1236 4125 1510 4182 Christum
1537 4138 1592 4183 et
1625 4144 1719 4184 ex-

148 4209 446 4268 spectantes
478 4206 896 4275 Anticbristum,
932 4222 990 4265 ut
1018 4214 1109 4282 qui
1140 4216 1230 4267 vili
1260 4217 1432 4285 pretio
1467 4217 1721 4275 vendide-

148 4301 263 4345 runt
284 4295 591 4363 veritatem,
637 4300 844 4355 erroris
867 4302 920 4355 in
982 4304 1159 4371 capite
1195 4320 1292 4361 suo
1315 4309 1719 4377 apprehendant

149 4384 567 4455 universitatem,
606 4405 702 4458 per
757 4406 921 4461 quam
968 4392 1115 4460 justo
1169 4394 1351 4464 judice
1388 4398 1719 4455 retribuente

147 4485 348 4541 ptenam
367 4478 673 4547 percipiant
700 4482 1083 4552 sempiternam
1098 4486 1150 4539 in
1173 4486 1364 4541 saecula
1378 4487 1714 4543 sreculoruni.

146 4560 328 4620 Amen.

148 4675 433 4732 Lectionem
457 4689 507 4733 et
532 4684 854 4745 evangelium
884 4684 939 4737 in
962 4683 1328 4742 CONCEPTIONE
1358 4703 1572 4745 ssnon:
1596 4688 1713 4743 Mit-

210 4761 312 4827 tug
336 4750 541 4827 require
577 4751 631 4805 in
655 4750 971 4827 lectionibus
1015 4757 1205 4827 mensis
1240 4774 1313 4827 κη
1346 4759 1478 4827 feria
1521 4769 1709 4827 quarta

211 4818 348 4887 infra
373 4818 756 4874 hebdomadam
783 4836 821 4875 ιι
851 4834 972 4877 ante
1004 4824 1249 4879 Natalem
1282 4818 1511 4880 Domini.

572 4933 757 4989 Lectio
792 4933 944 4991 [salte
970 4938 1264 5007 prophetae.

212 5040 274 5095 In
300 5044 485 5099 diebus
511 5046 616 5099 illis
638 5045 843 5101 locutus
866 5056 942 5101 est
974 5048 1230 5103 Dominus
1261 5050 1329 5102 ad
1376 5049 1573 5115 Achaz,
1628 5051 1711 5105 di-

150 5148 257 5187 cens
271 5149 289 5186 :
321 5134 450 5191 Pete
471 5138 565 5191 tibi
589 5140 790 5209 signum
806 5157 838 5193 a
856 5139 1075 5193 Domino
1098 5139 1205 5193 Deo
1220 5149 1309 5193 tuo
1323 5141 1377 5193 in
1388 5142 1707 5211 profundum

149 5224 346 5294 inferni,
373 5229 481 5281 sive
504 5229 557 5281 in
580 5228 837 5283 excelsum
871 5246 1050 5299 supra.

281 5338 465 5395 Lectio
504 5342 676 5396 sancti
708 5343 975 5413 Evangelii
1016 5342 1311 5398 secundum
1345 5342 1566 5397 Lucam.

213 5447 275 5502 In
310 5450 403 5504 illo
434 5462 682 5522 tempore,
705 5454 891 5509 missus
922 5466 994 5509 est
1019 5455 1231 5526 angelus
1273 5454 1484 5511 Gabriel
1523 5475 1555 5511 a
1594 5457 1705 5511 Deo

150 5535 200 5588 in
219 5538 475 5594 civitatem
504 5536 740 5607 Galiletr,
770 5544 851 5597 cui
878 5561 1061 5598 nomen
1108 5544 1400 5610 Nazaretli,
1439 5546 1507 5599 ad
1554 5548 1709 5616 rirgi-

150 5644 256 5685 nem
300 5633 673 5697 desponsatam
721 5636 828 5690 viro
868 5638 951 5691 cui
995 5654 1179 5691 nomen
1216 5649 1329 5692 erat
1370 5639 1596 5709 Joseplt,
1641 5640 1706 5692 de

133 5724 277 5780 domo
319 5722 519 5789 David,
548 5732 599 5777 et
629 5740 808 5778 nomen
838 5727 1047 5798 virginis
1073 5726 1265 5783 Maria.

1829 3304 2092 3373 briorum,
2147 3308 2449 3377 spinarum,
2498 3314 2697 3379 crucis,
2738 3314 3042 3381 vulnerum,
3082 3317 3291 3371 mortis.
3345 3316 3405 3372 In

1825 3398 2033 3468 psalmo
2060 3398 2321 3467 scriptum
2343 3408 2426 3455 est
2449 3420 2461 3455 :
2488 3399 2714 3473 Propter
2733 3403 2886 3458 verba
2909 3403 3169 3459 labiorum
3192 3415 3403 3459 tuorum

1823 3507 1915 3561 ego
1956 3490 2211 3545 custodiri
2255 3492 2367 3545 vias
2395 3492 2579 3547 duras.
2618 3492 2847 3563 Propter
2875 3510 2994 3564 quin
3020 3494 3185 3550 verba
3232 3495 3404 3550 labio—

1823 3597 1944 3636 rum
1973 3580 2088 3645 Dei,
2124 3581 2228 3635 nisi
2262 3582 2456 3652 quibus
2483 3583 2748 3652 promittit
2774 3584 2937 3638 vitam
2966 3584 3261 3639 aeternam?

1897 3674 2000 3741 Qui
2018 3687 2227 3747 peccata
2254 3688 2430 3732 nostra
2445 3678 2551 3747 ipse
2578 3678 2790 3747 pertulit
2813 3680 2867 3731 in
2889 3696 3102 3748 corpore
3124 3695 3218 3733 suo
3241 3693 3401 3748 super

1823 3768 2043 3838 lignum,
2083 3777 2143 3824 ut
2172 3770 2406 3840 peccatis
2454 3771 2650 3825 mortui
2688 3770 2923 3839 iustitiae
2948 3773 3213 3837 vivamus,
3244 3771 3401 3839 cujus

1820 3868 1994 3914 morte
2019 3861 2191 3913 sanati
2218 3860 2369 3914 estis.
2405 3860 2540 3915 Cum
2579 3877 2737 3931 supra
2776 3862 2840 3915 atl
2874 3877 3058 3917 servos
3086 3862 3397 3931 specialiter

1820 3946 2023 4003 faceret
2068 3963 2396 4014 sermonem,
2455 3965 2597 4004 nunc
2640 3950 2965 4018 generaliter
3009 3951 3282 4013 admonet,
3336 3961 3395 4005 ut

1820 4039 1983 4095 etiam
2012 4038 2252 4093 Dominis
2280 4040 2333 4093 in
2376 4040 2694 4093 memoriam
2725 4047 2960 4104 revocet,
2989 4039 3116 4108 quid
3146 4055 3244 4109 pro
3293 4039 3397 4095 illis

1819 4129 2079 4184 Dominus
2120 4130 2262 4184 Deus
2309 4129 2648 4184 sustinuerit.
2703 4129 2817 4184 Imo
2865 4138 3029 4183 totam
3099 4129 3396 4184 Ecclesiam

1820 4218 2060 4279 instruit,
2090 4219 2217 4287 quid
2248 4234 2346 4287 pro
2384 4216 2501 4288 ejus
2530 4219 2843 4273 liberatione
2880 4234 3010 4273 suus
3058 4227 3246 4273 auctor
3269 4234 3391 4289 per-

1820 4306 2021 4361 tulerit.
2056 4305 2170 4361 Nou
2200 4306 2343 4361 enim
2390 4308 2466 4361 ait
2515 4315 2734 4377 peccata
2764 4316 2949 4368 vestra,
2984 4308 3076 4361 sed
3125 4307 3288 4361 etiam
3334 4321 3395 4361 se

1821 4393 2031 4459 addito;
2060 4396 2149 4465 qui
2172 4405 2401 4463 peccata,
2419 4397 2605 4466 inquit,
2624 4406 2801 4450 nostra
2824 4398 2932 4467 ipse
2955 4396 3164 4467 pertulit
3189 4400 3246 4450 in
3268 4412 3392 4451 cor-

1819 4502 1943 4556 pore
1966 4503 2061 4540 suo
2091 4502 2246 4554 super
2274 4485 2491 4556 lignum.

1891 4578 2071 4633 Eratis
2098 4581 2233 4633 en’m
2261 4580 2393 4633 sicut
2417 4596 2535 4634 ores
2566 4591 2817 4634 errantes.
2852 4578 3132 4647 Quomodo
3160 4587 3215 4636 et
3258 4594 3388 4636 oves

1819 4671 1949 4725 dicit
1970 4678 2025 4725 et
2051 4678 2314 4734 errantes,
2338 4686 2461 4725 cum
2490 4671 2544 4725 bi
2564 4670 2664 4740 qui
2694 4670 2747 4724 in
2776 4684 2961 4725 errore
2996 4670 3160 4724 vitam
3188 4670 3391 4726 ducunt

1817 4763 2093 4819 haedorum
2117 4764 2294 4832 potius
2328 4777 2488 4832 quam
2536 4762 2717 4816 ovium
2766 4763 2983 4816 nomine
3030 4762 3390 4816 censeantur?

1815 4853 1918 4908 nisi
1951 4853 2075 4921 quia
2102 4852 2246 4906 novit
2278 4852 2536 4905 Dominus
2563 4850 2655 4919 qui
2686 4860 2811 4904 sunt
2869 4851 3005 4919 ejus,
3033 4850 3122 4919 qui
3151 4859 3204 4905 et
3248 4850 3386 4904 mul-

1814 4951 1896 4997 tos
1920 4942 2008 4996 diu
2050 4941 2187 4995 male
2233 4949 2616 4996 conversantes
2664 4942 2913 5003 sustinet,
2943 4956 3078 5009 quos
3105 4949 3280 4994 tamen
3328 4942 3384 4997 in

1813 5031 1992 5084 ovium
2023 5044 2241 5084 suarum
2270 5043 2493 5082 numero
2532 5027 2817 5082 salvandos
2840 5043 2959 5082 esse
2996 5027 3274 5096 praevidet.

1886 5122 1988 5179 Sed
2022 5122 2252 5178 conversi
2270 5122 2391 5175 estis
2419 5138 2555 5175 nunc
2586 5121 2653 5174 ad
2680 5130 2940 5189 pastorem
2991 5128 3037 5172 et
3077 5121 3376 5188 episcOpum

1813 5215 2107 5267 animarum
2130 5220 2437 5265 vestrarum.
2469 5209 2660 5278 Tangit
2683 5209 3048 5279 evangelicam
3068 5207 3378 5276 parabolam

1813 5302 1903 5356 ubi
1934 5304 2052 5369 pius
2081 5308 2266 5369 pastor
2292 5299 2495 5354 relictis
2530 5297 2818 5368 nonaginta
2866 5312 3056 5350 novem
3085 5296 3275 5351 ovibus
3324 5297 3380 5350 in

1813 5394 2049 5455 deserto,
2077 5393 2223 5445 venit
2266 5391 2486 5445 visitare
2528 5405 2691 5443 unam
2738 5405 2856 5458 quin
2900 5395 3194 5442 erraverat.
3243 5386 3378 5440 Nam

1810 5481 1949 5550 quod
1976 5481 2045 5534 ibi
2076 5481 2275 5534 dictum
2307 5489 2407 5539 est,
2440 5478 2579 5547 quod
2627 5478 2770 5532 hanc
2814 5477 3085 5531 inventam
3116 5476 3381 5543 imposue-

1808 5571 1878 5624 rit
1904 5570 1954 5623 in
1984 5570 2234 5624 humeros
2259 5584 2382 5624 suos
2410 5568 2667 5637 gaudens,
2699 5568 2800 5622 hoc
2845 5568 2948 5622 ista
2974 5566 3165 5621 beatus
3186 5565 3379 5621 Petrus

1805 5658 2061 5725 praemisit
2096 5676 2107 5708 :
2139 5657 2241 5721 Qui
2265 5667 2475 5725 peccata
2504 5666 2682 5711 nostra
2704 5657 2813 5725 ipse
2835 5655 3056 5724 portavit
3080 5655 3136 5708 in
3155 5666 3370 5722 corpore

1806 5765 1900 5804 suo
1930 5763 2082 5817 super
2107 5748 2322 5817 lignum.
2371 5746 2500 5813 Quia
2564 5747 2814 5801 nimirum
2839 5746 2910 5801 ita
2963 5760 3064 5802 nos
3109 5743 3375 5799 rbdimere
