3946 6340
571 369 673 426 £87

1202 366 1260 420 Β.
1304 366 1555 421 MBANI
1592 365 1813 420 MAURI
1852 365 2173 422 ARCIIIEP.
2217 366 2524 424 MOGUNT.
2568 370 2851 430 OPERUM
2890 374 3070 434 PARS
3108 379 3176 434 Il.

3731 383 3841 441 188

568 485 740 542 voluit
768 490 819 537 ut
853 482 1055 550 lignum
1100 498 1151 534 in
1181 497 1287 548 quo
1322 489 1542 551 peccata
1576 478 1787 535 tolleret
1810 481 2053 551 pendens
2093 481 2145 533 in
2176 483 2221 541 Α
2253 481 2493 549 requirit,
2526 484 2781 540 interiora
2804 488 2982 557 gregis
3012 490 3206 543 damna
3236 491 3575 563 negligenter
3598 496 3834 564 patitur,

569 575 813 632 humeris
842 574 1085 627 haberet.
1138 572 1219 625 Ad
1246 582 1504 637 pastorem
1535 587 1665 643 ergo
1684 613 1698 637 ,
1732 572 1923 641 inquit,
1953 582 2001 625 et
2028 572 2149 625 visi-

568 675 789 723 tatorem
840 666 1137 718 animarum
1181 672 1489 717 vestrarum.
1550 664 1830 719 Pastorem
1880 663 2146 727 videlicet,

566 758 693 829 quia
722 771 925 827 pascua
984 755 1135 810 nobis
1186 756 1311 810 vita:
1360 758 1526 811 donat
1580 766 1815 821 aeternae,
1848 772 2045 826 pascua
2095 757 2148 810 in

562 848 817 918 praesenti
846 845 1225 914 temporalium
1277 855 1498 914 prtestat
1534 848 1852 917 gratiarum.
1892 847 2148 901 Visitato-

564 953 681 995 rem
723 953 850 993 vero
902 939 1204 991 animarum
1258 946 1581 999 vestrarum,
1616 938 1739 1005 quia
1796 938 2020 991 uisitauit
2056 956 2147 991 nos

565 1034 738 1085 oriens
766 1046 831 1085 ex
879 1031 1007 1092 alto,
1039 1029 1339 1083 illuminare
1382 1030 1461 1082 Itis
1502 1030 1591 1097 qui
1620 1029 1673 1081 in
1727 1030 1950 1082 tenebris
2000 1039 2048 1082 et
2093 1031 2149 1082 in

562 1121 749 1175 umbra
774 1121 957 1174 mortis
985 1120 1182 1173 sedent.
1216 1118 1410 1173 Visitat
1441 1118 1679 1186 quotidie
1710 1117 1877 1187 ipsam
1906 1118 1959 1172 in
1996 1118 2149 1172 nobis

561 1230 728 1286 quam
758 1214 981 1269 donavit
1016 1216 1212 1276 lucem,
1246 1229 1313 1267 ne
1356 1212 1574 1267 deﬁciat
1621 1211 1906 1274 servando,
1939 1210 2047 1263 imo
2088 1219 2147 1262 ut

559 1314 618 1360 et
639 1314 851 1360 crescat
880 1302 1139 1371 juvando.
1175 1302 1406 1371 Quidam
1437 1301 1650 1357 codices
1692 1300 1864 1370 ipsum
1898 1297 2145 1353 Griecum

558 1399 783 1463 habent,
813 1400 882 1451 ad
920 1408 1181 1465 pastorem
1207 1407 1256 1449 et
1286 1397 1580 1466 epismpum
1608 1395 1906 1447 animarum
1946 1402 2144 1447 vestra-

557 1506 697 1543 rum.
724 1489 1022 1559 Episcopus
1040 1496 1220 1542 autem
1246 1486 1434 1542 Latine
1456 1484 1885 1556 superintendens
1917 1484 2140 1545 dicitur;

557 1583 683 1651 quia
717 1582 971 1637 nimirum
1000 1580 1139 1635 oeuli
1198 1578 1410 1633 Domini
1462 1592 1625 1647 super
1654 1576 1831 1645 iustos
1882 1585 1935 1629 et
1983 1589 2144 1628 aures

556 1672 673 1741 eius
699 1675 764 1727 ad
792 1687 981 1740 preces
1019 1686 1204 1725 eorum
1237 1670 1289 1725 et
1330 1685 1393 1724 ex
1421 1669 1672 1725 omnibus
1706 1665 2144 1722 tribulationibus

556 1779 745 1818 eorum
780 1762 1027 1817 liberavit
1061 1776 1173 1825 eos,
1202 1762 1286 1816 cui
1312 1761 1480 1832 gloria
1531 1762 1706 1816 honor
1742 1768 1797 1815 et
1820 1766 2062 1829 potestas
2090 1760 2144 1813 in

560 1852 757 1909 szecula
788 1851 1138 1907 seculorum.

1104 1941 1383 1997 iIObIILlA
1412 1940 1598 1996 XXIII.

1084 2048 1136 2085 IN
1202 2047 1376 2085 EODEM
1432 2047 1617 2086 FESTO.

673 2121 860 2178 Lectio
889 2121 1059 2176 sancti
1095 2120 1363 2189 Evangelii
1401 2121 1693 2175 secundum
1724 2121 2005 2175 Joannem.

628 2214 691 2267 In
717 2211 807 2264 illo
835 2220 1061 2280 tempore
1085 2210 1215 2263 dixit
1237 2209 1393 2263 Iesus
1420 2210 1688 2277 discipulis
1714 2211 1819 2265 suis
1847 2210 2000 2278 :Ego
2028 2228 2141 2264 sum

551 2313 728 2373 pastor
767 2300 952 2359 bonus,
1000 2299 1194 2353 Pastor
1240 2298 1404 2353 bonus
1450 2300 1688 2354 animum
1718 2317 1868 2357 suam
1910 2300 1999 2353 dat
2050 2317 2143 2369 pro

552 2393 730 2447 ovibus
757 2392 888 2454 suis,
914 2398 1020 2444 etc.

626 2483 759 2537 Dum
785 2482 1045 2537 Dominus
1074 2482 1198 2535 boni
1216 2483 1461 2551 pastoris
1481 2497 1613 2550 opus
1640 2482 1925 2535 ostendere
1945 2482 2140 2546 voluit,

552 2574 787 2642 seipsum
821 2573 1102 2641 proposuit
1133 2571 1184 2625 in
1218 2570 1466 2639 exemplo
1492 2571 1674 2625 dicens
1708 2588 1721 2625 ε
1754 2571 1933 2624 Bonus
1964 2582 2145 2639 pastor

550 2667 783 2719 animum
810 2681 961 2718 suam
996 2665 1138 2733 ponit
1178 2681 1271 2731 pro
1302 2664 1483 2718 ovibus
1512 2664 1642 2715 suis.
1684 2662 1835 2716 Fecit
1860 2663 2001 2731 quoi
2029 2677 2143 2714 tuo—

549 2756 684 2819 nuit,
719 2756 953 2809 ostendit
978 2756 1118 2823 quod
1157 2755 1319 2823 jussit
1346 2772 1355 2805 :
1381 2754 1614 2806 animam
1656 2766 1808 2806 suam
1840 2752 2016 2821 posuit
2045 2768 2140 2819 pro

548 2848 741 2903 ovibus
776 2848 905 2902 suis.
948 2845 1176 2902 Ostensa
1215 2854 1297 2900 est
1339 2844 1493 2899 nobis
1530 2846 1594 2898 de
1615 2852 1920 2913 contemptu
1950 2844 2143 2897 mortis

548 2940 633 2992 via
677 2954 839 3008 quam
886 2952 1199 3008 sequamur,
1248 2936 1490 3005 apposita
1524 2933 1696 2989 forma
1737 2934 1820 2987 cui
1868 2932 2143 3002 imprima-

550 3046 691 3083 mur.
722 3030 962 3084 Primum
1001 3029 1157 3083 nobis
1185 3038 1269 3083 est
1296 3028 1565 3082 exteriora
1603 3033 1783 3079 nostra
1830 3024 2140 3078 misericor-

550 3124 693 3176 diter
738 3123 929 3176 ovibus
978 3121 1095 3186 ejus
1140 3121 1484 3188 impendere;
1537 3127 1871 3186 postremum
1914 3130 2043 3171 vero
2095 3115 2138 3168 si

2323 570 2679 627 Mercenarius
2710 588 2883 630 autem
2916 578 3082 647 fugit,
3113 580 3237 649 quia
3264 584 3621 637 mercenarius
3650 596 3726 638 est
3745 627 3761 649 ,
3790 598 3837 640 α

2250 678 2352 716 non
2388 666 2607 732 pertinet
2641 667 2711 720 ad
2739 684 2856 721 eum
2890 670 2954 723 de
2986 672 3181 725 ovibus.
3216 672 3342 728 Sola
3379 690 3511 744 ergo
3552 692 3720 731 causa
3754 691 3838 733 ρει

2249 761 2307 806 ut
2337 759 2709 810 mercenarius
2741 757 2937 828 fugiat,
2976 761 3100 828 quia
3133 765 3496 819 mercenarius
3525 773 3631 833 est.
3680 768 3767 821 Ac
3792 769 3834 821 si

2248 854 2433 911 aperte
2478 846 2751 902 diceretur
2782 867 2793 901 :
2828 848 2985 904 Stare
3014 852 3066 905 in
3108 853 3346 922 periculo
3377 856 3558 910 ovium
3594 872 3706 912 non
3733 872 3831 926 po-

2249 943 2372 998 test,
2404 938 2493 1005 qui
2522 938 2575 991 in
2604 953 2669 992 eo
2697 939 2837 1007 quod
2866 941 3056 997 ovibus
3081 952 3303 1011 praeest;
3332 961 3441 1000 non
3470 961 3604 1002 oves
3631 947 3833 1019 diligit,

2248 1027 2340 1080 sed
2380 1026 2587 1081 lucrum
2635 1037 2909 1085 terrenum
2953 1033 3164 1101 qurerit.
3210 1036 3346 1089 Dum
3386 1036 3530 1090 enim
3566 1038 3833 1090 honorem

2248 1116 2610 1186 amplectitur,
2649 1119 2776 1174 dum
2822 1122 3206 1191 temporalibus
3250 1125 3549 1181 commodis
3578 1126 3831 1189 laetatur,

2246 1211 2517 1275 opponere
2544 1224 2602 1263 se
2632 1218 2819 1264 contra
2846 1212 3143 1280 periculum
3169 1214 3423 1283 trepidat,
3455 1231 3522 1270 ne
3549 1217 3659 1273 hoc
3690 1216 3833 1285 quod

2246 1298 2421 1369 diligit
2459 1301 2689 1355 amittat.
2724 1301 2857 1356 Item
2908 1302 3064 1371 lupus
3111 1320 3269 1374 super
3321 1319 3451 1359 oves
3497 1308 3669 1369 venit,
3709 1323 3833 1362 cum

2247 1392 2477 1461 quilibet
2507 1392 2736 1459 injustas
2762 1405 2817 1448 et
2840 1404 3023 1465 raptor
3049 1396 3231 1451 ﬁdeles
3257 1411 3499 1465 quosque
3528 1408 3699 1467 atque
3730 1399 3834 1452 huc

2245 1482 2403 1537 miles
2428 1484 2701 1553 opprimit.
2737 1484 2843 1539 Sed
2880 1486 2927 1540 is
2951 1487 3043 1555 qui
3077 1493 3261 1556 pastor
3294 1502 3415 1542 esse
3440 1488 3751 1553 videbatur,
3782 1497 3835 1542 et

2246 1589 2353 1628 non
2377 1584 2517 1640 erat,
2552 1576 2803 1645 relinquit
2824 1592 2952 1633 oves
2971 1586 3026 1633 et
3054 1576 3210 1648 fugit,
3238 1580 3368 1648 quia
3394 1580 3518 1633 dum
3542 1580 3645 1635 sibi
3672 1582 3744 1634 ah
3771 1596 3836 1634 eo

2247 1665 2546 1732 periculum
2584 1668 2798 1732 metuit,
2831 1668 3229 1739 resistereejus
3255 1668 3530 1739 iniustitia:
3558 1685 3667 1724 non
3698 1684 3836 1738 prte-

2247 1757 2438 1820 sumit;
2490 1756 2622 1827 fugit
2670 1767 2847 1813 autem
2890 1775 2994 1815 non
3028 1761 3284 1817 mutando
3327 1761 3525 1826 locum,
3566 1762 3664 1817 sed
3710 1763 3838 1816 sub-

2171 1846 2219 1907 B
2250 1844 2509 1901 trahendo
2543 1846 2796 1902 solatium
2820 1888 2833 1911 ,
2866 1846 2999 1918 fugit
3026 1850 3125 1917 'qui
3159 1848 3477 1917 iniustitiam
3503 1852 3640 1906 vidit
3670 1859 3728 1906 et
3758 1860 3845 1906 ta-r

2249 1938 2393 1999 coit;
2444 1938 2581 2009 fugit
2624 1939 2714 2007 qui
2750 1955 2808 1994 se
2849 1942 2948 1995 sub
2988 1940 3204 1997 silentio
3250 1944 3551 1998 abscondit.
3593 1942 3705 1998 Sed
3754 1952 3840 1999 est

2248 2026 2385 2082 allus
2411 2027 2568 2098 lupus
2590 2030 2681 2098 qui
2714 2030 2830 2083 sine
2859 2034 3160 2086 cessatione
3189 2034 3428 2102 quotidie
3456 2050 3561 2088 non
3600 2050 3838 2103 corpora

2248 2120 2343 2173 sed
2372 2130 2581 2174 mentes
2610 2122 2866 2183 dilaniat,
2903 2124 3168 2191 malignus
3188 2126 3440 2180 videlicet
3465 2126 3714 2194 spiritus,
3746 2130 3838 2196 qui

2248 2211 2430 2266 caulas
2460 2211 2697 2265 fidelium
2724 2214 2985 2267 insidians
3009 2215 3204 2269 circuit
3222 2226 3275 2270 et
3296 2226 3498 2271 mortes
3525 2218 3838 2271 animarum

2247 2301 2458 2370 quarrit.
2498 2297 2610 2369 Ego
2653 2318 2769 2355 sum
2810 2312 2991 2368 pastor
3034 2302 3195 2356 bonus
3224 2317 3243 2354 :
3273 2304 3399 2373 quia
3437 2306 3693 2375 superius
3734 2306 3841 2360 Re-

2248 2391 2497 2459 demptor
2526 2400 2707 2445 noster
2730 2391 2916 2460 culpas
2949 2390 3058 2445 ficti
3088 2394 3321 2461 pastoris
3356 2394 3607 2457 innotuit,
3636 2396 3838 2449 iterum

2247 2478 2475 2535 formam
2507 2482 2591 2535 cui
2613 2482 2903 2535 debeamus
2925 2482 3159 2551 imprimi
3186 2483 3424 2538 ostendit
3456 2484 3642 2539 dicens
3677 2504 3689 2537 :

2318 2568 2431 2638 Ego
2469 2587 2587 2623 sum
2629 2580 2809 2638 pastor
2839 2571 3035 2636 bonus;
3070 2580 3230 2640 atque
3267 2572 3541 2644 subiungit
3575 2591 3587 2626 :
3629 2573 3705 2627 Et
3745 2590 3840 2628 co-

2243 2676 2435 2729 gnosco
2460 2676 2624 2723 meas,
2664 2661 2766 2715 hoc
2793 2669 2875 2713 est
2908 2660 3089 2731 diligo.
3123 2652 3190 2715 Et
3225 2670 3538 2731 cognoscunt
3568 2678 3651 2715 me
3684 2678 3838 2725 mea,

2246 2750 2297 2806 id
2322 2758 2403 2804 est
2431 2750 2805 2820 obsequuntur
2831 2751 3135 2823 diligentes.

2317 2838 2465 2895 Sicut
2492 2858 2572 2894 me
2602 2843 2741 2897 norit
2786 2839 2974 2905 Pater,
3021 2851 3070 2895 et
3118 2858 3212 2911 ego
3245 2858 3472 2912 agnosco
3510 2840 3753 2908 Patrem,
3788 2854 3837 2897 et

2245 2931 2475 2989 animum
2506 2947 2673 2984 meam
2701 2948 2835 2999 pono
2864 2949 2957 3001 pro
2985 2932 3164 2985 ovibus
3190 2934 3336 2987 meis.
3361 2933 3439 2987 Ac
3463 2933 3507 2987 si
3537 2941 3729 3002 aperte
3753 2934 3839 2987 di-

2244 3032 2332 3079 cat
2362 3042 2373 3076 :
2407 3023 2463 3076 In
2495 3024 2595 3077 hoc
2630 3032 2846 3077 constat
2880 3024 3006 3092 quia
3035 3031 3091 3078 et
3116 3039 3387 3093 cognosco
3411 3023 3628 3078 Patrem
3661 3032 3716 3077 et
3743 3038 3838 3079 co-

2247 3127 2475 3181 gnoscor
2508 3128 2549 3166 at
2569 3112 2758 3176 Patre,
2798 3115 2925 3182 quia
2955 3113 3189 3167 animam
3221 3128 3395 3167 meam
3420 3126 3564 3181 pono
3593 3127 3693 3181 pro
3715 3111 3832 3167 ovi-

549 3224 776 3265 neccsse
812 3212 913 3275 sit,
947 3210 1109 3263 etiam
1140 3217 1362 3262 mortem
1390 3216 1629 3261 nostram
1657 3221 1758 3276 pro
1784 3205 1993 3261 eisdem
2024 3204 2139 3259 ovi-
2169 3194 2213 3255 C
2246 3206 2348 3259 bus
2372 3207 2527 3270 meis,
2560 3206 2613 3259 id
2641 3214 2725 3260 est
2752 3218 2813 3259 ea
2836 3207 3105 3260 charitate
3132 3221 3236 3275 qua
3260 3222 3360 3276 pro
3387 3204 3577 3259 ovibus
3604 3206 3833 3278 morior,

548 3301 652 3357 bus
683 3302 1011 3355 ministrare.
1045 3301 1143 3367 Qui
1170 3316 1274 3354 non
1308 3300 1396 3353 dat
1426 3315 1522 3369 pro
1557 3298 1750 3352 ovibus
1780 3297 2138 3352 substantiam

549 3412 731 3458 suum,
779 3395 1048 3464 quomodo
1094 3395 1320 3447 daturus
1356 3401 1439 3448 est
1473 3392 1706 3446 animam
1737 3392 1931 3449 suam?
1966 3391 2143 3459 Expo-
2176 3443 2185 3453 ,

548 3488 758 3541 animus
803 3486 885 3539 vel
945 3485 1115 3557 magis
1185 3484 1410 3538 Domino
1462 3484 1686 3537 docente
1735 3481 2097 3535 intelleximus
2126 3522 2140 3546 ,

549 3576 672 3643 quis
728 3576 798 3629 sit
844 3583 1060 3644 pastor,
1102 3574 1223 3643 quis
1262 3574 1485 3635 Ostium,
1550 3572 1673 3641 quis
1724 3571 1997 3637 ostiarius,
2050 3571 2142 3641 qui

548 3666 713 3719 etiam
741 3673 795 3718 et
819 3679 967 3727 oves,
999 3678 1099 3717 nec
1128 3678 1231 3717 non
1263 3662 1355 3731 qui
1385 3664 1493 3717 sint
1521 3661 1666 3716 fures
1693 3670 1748 3715 et
1782 3661 2021 3715 latrones
2046 3676 2140 3715 co—

548 3757 861 3825 gnovimus;
902 3756 995 3810 sed
1032 3755 1190 3809 modo
1226 3754 1291 3808 de
1330 3753 1666 3807 mercenario
1702 3761 1757 3805 et
1804 3750 1928 3821 lupo
1967 3752 2144 3806 consi-

548 3845 823 3911 deremus,
854 3846 922 3899 de
951 3844 1147 3913 quibus
1176 3842 1289 3913 ipse
1323 3842 1581 3896 Dominus
1606 3840 1742 3896 dixit
1769 3856 1782 3893 ε

2245 3302 2502 3364 quantum
2548 3294 2761 3349 Patrem
2808 3294 3025 3363 diligam
3077 3296 3321 3350 ostendo.
3375 3294 3511 3362 Quia
3551 3311 3683 3349 vero
3725 3312 3832 3350 non

2245 3385 2417 3440 solum
2447 3384 2709 3452 Judaeum,
2738 3389 2830 3442 sed
2864 3388 3025 3441 etiam
3058 3387 3411 3457 gentilitatem
3443 3387 3709 3443 redimere
3738 3402 3831 3441 ve-

2244 3486 2422 3540 nerat,
2446 3476 2686 3548 adjungit
2714 3497 2725 3529 :

2316 3568 2384 3622 Et
2421 3568 2553 3623 alias
2585 3586 2700 3623 oves
2744 3570 2903 3623 habeo
2939 3586 3057 3639 qua:
3096 3586 3195 3623 non
3225 3577 3347 3623 sunt
3374 3586 3438 3623 ea;
3473 3571 3572 3622 hoc
3596 3568 3754 3641 ouili;
3785 3581 3832 3623 et

2244 3658 2363 3712 illas
2395 3668 2591 3727 oportet
2621 3676 2701 3712 me
2731 3659 3009 3721 adducere,
3034 3671 3079 3713 et
3116 3676 3288 3714 vocem
3317 3676 3486 3713 meam
3510 3661 3748 3724 audient,
3782 3671 3831 3713 et

2243 3749 2329 3817 fiet
2344 3740 2505 3802 unum
2528 3748 2657 3803 ovile
2680 3758 2727 3802 et
2749 3766 2881 3802 unus
2900 3758 3097 3819 pastor.
3124 3748 3563 3819 Redemptiouem
3588 3758 3830 3805 nostram

2245 3838 2336 3905 qui
2377 3852 2443 3890 ex
2475 3836 2657 3906 gentili
2699 3835 2894 3905 populo
2928 3837 3195 3901 venimus,
3233 3836 3493 3891 Dominus
3524 3850 3829 3908 aspexerat,

624 3936 978 3990 .llerccnarius
1008 3943 1203 3998 autem,
1226 3943 1273 3987 et
1295 3931 1384 4003 qui
1408 3950 1510 3987 non
1534 3941 1607 3987 est
1630 3942 1828 4002 pastor,
1854 3931 2008 4002 cujus
2037 3948 2151 3985 non.
2245 3944 2366 3984 cum
2405 3944 2463 3983 se
2490 3929 2759 3983 adducere
2784 3936 2837 3983 et
2867 3929 3003 3983 alias
3030 3944 3158 3983 oves
3187 3930 3419 3985 dicebat.
3454 3928 3569 3984 IIoc
3589 3931 3832 3998 quotidie

554 4038 675 4081 sunt
705 4045 817 4080 oves
847 4028 1104 4094 propria),
1144 4026 1277 4079 videt
1305 4024 1481 4093 lupum
1515 4025 1818 4088 venientem,
1848 4024 1897 4077 et
1926 4023 2141 4076 dimittit

553 4134 694 4179 oves,
725 4126 772 4169 et
805 4117 958 4186 fugit.
989 4116 1103 4169 Non
1128 4124 1339 4185 pastor,
1372 4114 1464 4168 sed
1498 4114 1865 4168 mercenarius
1892 4121 2140 4173 vocatur,

551 4207 644 4277 qui
684 4222 787 4260 non
829 4221 924 4275 pro
969 4222 1150 4260 amore
1189 4205 1379 4259 intimo
1419 4219 1547 4259 oves
1586 4204 1915 4267 Dominicas,
1942 4202 2035 4258 sed
2075 4202 2143 4257 ad

553 4298 877 4367 temporales
908 4297 1180 4351 mercedes
1206 4296 1394 4365 pascit.
1423 4294 1788 4349 Mercenarius
1814 4296 2010 4363 quippe
2035 4300 2139 4357 est,

551 4391 644 4459 qui
670 4390 845 4444 locum
868 4389 1083 4457 quidem
1104 4387 1331 4457 pastoris
1352 4394 1517 4448 tenet,
1544 4386 1636 4440 sed
1659 4385 1806 4439 lucra
1835 4385 2140 4438 animarum

553 4494 660 4535 nor.
690 4480 877 4549 quaerit
904 4520 915 4539 ,
956 4479 1187 4532 terrenis
1212 4476 1509 4531 commodis
1542 4477 1731 4539 inhiat,
1760 4476 1968 4531 honore
1997 4491 2139 4545 prm-

2246 4021 2384 4083 ﬁeri,
2438 4020 2655 4085 fratres,
2693 4020 2952 4088 aspicitis,
3007 4021 3109 4075 hoc
3148 4020 3510 4075 reconciliatis
3555 4022 3830 4091 gentibus.

2246 4110 2447 4166 factum
2478 4110 2635 4166 hodie
2656 4110 2851 4164 videtis
2870 4110 3028 4179 quasi
3058 4125 3123 4164 ex
3153 4110 3361 4165 duobus
3386 4109 3643 4181 gregibus
3663 4127 3829 4165 unum

2245 4202 2383 4257 ovile
2414 4202 2569 4265 fecit,
2614 4202 2741 4271 quia
2780 4200 3063 4255 Iudaicum
3095 4208 3150 4257 et
3187 4200 3439 4272 gentilem
3478 4200 3733 4270 populum
3776 4202 3830 4255 in

2246 4311 2340 4350 sua
2372 4294 2475 4350 ﬁde
2503 4294 2796 4367 coniungit,
2830 4294 2997 4348 Paulo
3020 4299 3309 4347 attestante
3338 4293 3428 4362 qui
3461 4293 3538 4346 ait
3568 4311 3580 4345 :
3610 4293 3730 4362 Ipse
3752 4305 3829 4347 est

2244 4402 2349 4458 pax
2391 4395 2569 4439 nostra
2607 4385 2696 4455 qui
2744 4384 2862 4452 fecit
2904 4393 3125 4452 utraque
3159 4397 3341 4434 unum.
3386 4380 3521 4435 Dum
3569 4382 3714 4436 enim
3760 4382 3826 4436 ad

2247 4486 2503 4532 aeternam
2545 4477 2711 4529 vitam
2739 4490 2805 4528 ex
2835 4486 3067 4541 utraque
3105 4471 3322 4525 natione
3349 4471 3623 4539 simplices
3652 4472 3825 4542 eligit,

551 4545 771 4629 lationis
816 4570 1042 4640 gaudet,
1090 4566 1475 4637 temporalibus
1523 4566 1684 4620 lucris
1730 4566 1996 4635 pascitur,
2042 4566 2139 4617 im-
2166 4545 2220 4604 D
2246 4570 2312 4623 ad
2340 4568 2479 4623 ovile
2504 4567 2780 4635 proprium
2808 4580 2935 4618 oves
2966 4563 3201 4617 deducit.
3241 4563 3407 4634 Igitur
3436 4563 3663 4617 istarum
3696 4563 3827 4615 dua-

550 4678 719 4735 pensa
767 4662 867 4717 sibi
918 4664 985 4714 ab
1039 4658 1348 4713 hominibus
1406 4658 1706 4711 reverentia
1761 4656 1990 4715 ltetatnr.
2034 4654 2140 4709 iste

554 4762 682 4808 sunt
717 4752 859 4806 enim
902 4750 1178 4804 mercedes
1207 4748 1551 4811 mercenarii,
1591 4757 1651 4801 ut
1676 4763 1775 4817 pro
1795 4763 1859 4801 eo
1886 4747 2003 4817 ipso
2032 4762 2139 4815 quo

554 4840 610 4895 in
648 4839 911 4910 regimine
949 4838 1177 4901 laborat,
1211 4836 1299 4891 hic
1337 4836 1479 4906 quod
1509 4836 1703 4906 quaerit
1730 4836 1968 4889 inveniat
1992 4844 2047 4890 et
2072 4836 2141 4891 ab

553 4931 870 4989 hereditate
891 4930 1068 4999 gregis
1095 4930 1147 4982 in
1177 4938 1449 4997 posterum
1485 4927 1694 4981 alienus
1725 4927 1947 4980 existat.

628 5020 695 5075 Et
743 5021 894 5090 lupus
944 5020 1077 5090 rapit
1124 5031 1169 5073 et
1204 5021 1449 5089 dispergit
1491 5035 1626 5073 oves.
1671 5017 1853 5087 Lupus
1904 5019 2046 5086 rapit
2087 5025 2142 5071 et

555 5110 817 5181 dispergit
865 5126 995 5165 oves
1039 5126 1161 5165 cum
1211 5110 1370 5163 alium
1420 5109 1487 5161 ad
1535 5108 1803 5161 luxuriam
1847 5107 2135 5176 pertrahit,

560 5201 723 5255 alium
771 5200 823 5254 in
870 5201 1155 5254 avaritiam
1202 5201 1469 5261 accendit,
1517 5198 1680 5252 alium
1726 5199 1779 5250 iu
1830 5198 2136 5265 superbiant

556 5290 735 5359 erigit,
780 5289 943 5342 alium
991 5304 1088 5358 per
1128 5290 1459 5342 iracundiam
1494 5287 1702 5350 dividit,
1746 5288 1889 5340 Iumc
1938 5286 2133 5339 invidia

558 5378 832 5441 stimulat,
883 5378 1031 5431 illum
1080 5380 1132 5432 in
1179 5377 1386 5431 fallacia
1437 5377 1761 5446 supplantat.
1807 5376 1970 5442 Quasi
2007 5389 2137 5444 ergo

558 5482 774 5537 gregem
810 5466 967 5537 lupus
1000 5467 1243 5536 dissipat,
1283 5483 1405 5521 cum
1448 5466 1679 5521 ﬁdelium
1727 5465 1981 5535 populum
2025 5465 2138 5517 dia-

557 5554 718 5610 bolus
741 5570 838 5624 per
864 5556 1189 5611 tentationes
1219 5565 1394 5610 necat.
1429 5556 1535 5611 Sed
1571 5564 1755 5610 contra
1788 5555 1901 5608 lucc
1929 5568 2137 5607 merce-

560 5648 749 5703 narius
776 5648 923 5705 nullo
953 5650 1067 5704 zelo
1096 5651 1412 5705 accenditur
1433 5691 1445 5712 ,
1482 5649 1627 5703 nullo
1656 5648 1867 5701 fervore
1898 5645 2141 5699 dilectio-

562 5738 650 5792 nis
696 5733 983 5806 excitatur,
1028 5741 1152 5810 quia
1204 5741 1326 5793 dum
1380 5740 1488 5793 sela
1538 5738 1807 5793 exteriora
1859 5733 2139 5789 cet‘nmoda

2247 4674 2365 4712 rum
2401 4664 2455 4712 et
2488 4658 2543 4710 in
2572 4656 2761 4709 ovibus
2790 4662 2845 4708 et
2892 4655 2943 4707 in
2979 4662 3195 4723 pastore
3237 4654 3297 4707 fit
3335 4654 3662 4708 conveniens
3697 4670 3823 4709 con-

2247 4748 2429 4804 cordia
2473 4747 2759 4801 lectionum
2792 4745 2880 4799 ubi
2922 4745 3324 4799 demonstratur
3349 4744 3541 4811 capitis
3570 4751 3623 4796 et
3664 4759 3824 4797 mem-

2245 4842 2467 4896 brorum
2516 4838 2797 4892 concordia
2841 4851 2960 4905 qua:
3002 4834 3063 4889 ﬁt
3110 4836 3163 4889 in
3213 4834 3431 4890 Christo
3470 4841 3526 4886 et
3561 4833 3820 4897 Ecclesia,

2247 4931 2371 5000 quia
2409 4930 2521 4998 ipse
2560 4928 2821 4982 mediator
2858 4926 2949 4981 Dei
2981 4933 3035 4980 et
3064 4925 3342 4979 hominum
3378 4922 3631 4978 Christus
3667 4920 3823 4979 Iesus

2246 5022 2405 5077 simul
2441 5035 2563 5075 cum
2605 5019 2861 5073 membris
2892 5018 3025 5081 suis,
3067 5017 3172 5071 hoc
3218 5024 3302 5070 est
3343 5013 3530 5069 electis
3569 5014 3820 5073 omnibus

2243 5114 2437 5182 gaudet
2491 5120 2545 5164 et
2590 5118 2796 5180 regnat,
2858 5122 2953 5176 per
3003 5106 3183 5161 omnia
3230 5103 3426 5159 saecula
3476 5101 3816 5158 saeculorum.

2242 5204 2434 5257 Amen.

2780 5309 3059 5367 HOMILIA
3096 5307 3284 5363 XXIV.

2901 5434 3055 5472 FERIA
3090 5433 3163 5472 IV.

2490 5531 2676 5585 Lectio
2705 5530 2956 5597 Epistulae
2978 5529 3123 5583 beati
3151 5527 3298 5583 Petri
3320 5526 3574 5598 apostoli.

2316 5638 2645 5702 Charissimi,
2680 5640 2894 5693 scientes
2921 5640 3058 5709 quod
3084 5653 3185 5690 non
3207 5635 3654 5707 corruptibilibus,
3691 5651 3818 5691 auro

2246 5743 2292 5790 ct
2323 5740 2535 5802 argento
2556 5730 2801 5801 redempti
2827 5730 2945 5783 estis
2981 5728 3041 5783 dc
3074 5746 3203 5783 rana
3240 5737 3406 5783 vestra
3434 5727 3821 5784 conuersatione
