3946 6352
237 434 339 496 Iw

1357 434 1657 491 llOMlLliE
1696 432 1760 488 1N
1802 432 2049 513 EVANC.
2092 433 2179 489 ET
2215 434 2429 489 EPIST.

3405 435 3507 493 ἰθὺ

231 559 477 623 pateram
530 549 831 604 traditionis
864 591 878 614 ,
934 549 1023 603 sed
1063 550 1285 619 pretioso
1341 550 1587 619 sanguine
1618 590 1631 613 ,
1680 549 1831 619 quasi
1863 552 1908 610 Α
1934 549 2321 604 surrectionem
2361 563 2476 603 mos
2504 545 2841 603 Christianus
2881 548 3185 618 appellavit.
3226 548 3375 619 Quod
3412 567 3507 607 au-

243 643 368 710 aqni
400 643 804 695 incontaminati
829 650 874 694 et
904 638 1229 694 immuculati
1259 638 1384 693 Jcsu
1410 636 1625 703 Christi,
1652 648 1756 692 etc.

320 728 539 796 Quanto
587 730 761 798 majus
808 737 888 783 est
917 728 1148 798 pretium
1198 743 1303 797 quo
1343 727 1604 796 redempti
1642 728 1771 781 estis
1803 742 1831 781 a

250 820 606 889 corruptione
634 820 756 873 vita:
786 818 1050 881 carnalis,
1089 825 1236 884 tanto
1272 816 1501 886 amplius
1526 817 1715 870 limere
1741 820 1833 871 de-

248 910 392 966 betis
433 927 501 965 ne
542 910 682 965 forte
724 912 787 965 ad
826 908 1185 977 corruptelam
1226 910 1474 963 vitiorum
1514 910 1832 962 revertendo

252 1004 492 1056 animum
530 1001 699 1055 vestri
736 1000 1106 1069 Redemptoris
1142 999 1448 1053 otl'éndatis.
1490 1000 1684 1053 ltcnati
1726 1015 1830 1053 non

249 1109 320 1149 ex
342 1093 547 1147 semine
567 1093 924 1162 corruptibili,
948 1092 1041 1146 sed
1070 1090 1458 1159 incorruptibili
1486 1105 1581 1159 per
1608 1090 1843 1166 vertunt,

252 1183 351 1238 Dei
372 1184 477 1237 vivi
499 1191 553 1236 ct
579 1182 945 1251 permanentis
974 1182 1023 1233 in
1048 1189 1325 1243 :eternum,
1357 1178 1460 1231 tale
1484 1179 1633 1233 estin
1658 1177 1830 1231 Evan-

251 1276 395 1348 gelio
438 1273 698 1327 Joannis:
736 1271 832 1327 llis
858 1274 946 1341 qui
986 1272 1197 1325 credunt
1237 1273 1287 1324 in
1317 1271 1522 1323 nomine
1561 1270 1698 1351 eius,
1743 1270 1831 1338 qui

249 1381 359 1419 non
392 1382 454 1418 ex
488 1362 846 1434 sanguinibus,
897 1379 1056 1431 neque
1098 1379 1159 1415 ex
1191 1360 1454 1415 voluntate
1494 1361 1614 1424 viri,
1648 1360 1736 1413 sed
1769 1376 1832 1413 ex

250 1453 362 1507 Deo
401 1455 511 1506 nati
546 1463 686 1506 sunt.
720 1451 873 1507 Sicut
898 1467 1031 1524 ergo
1054 1451 1461 1520 incorruptibile
1488 1458 1572 1503 est
1594 1450 1831 1518 pretium

251 1542 547 1598 Dominicis!
587 1544 851 1612 passionis
890 1558 995 1611 quo
1032 1542 1291 1610 redempti
1331 1556 1535 1605 sumus,
1568 1541 1639 1595 ita
1668 1540 1831 1595 etiam

249 1633 657 1702 incorruptibile
710 1643 794 1688 est
845 1641 1242 1688 sacramentum
1300 1630 1463 1685 fontis
1524 1631 1663 1685 sacri
1722 1646 1828 1700 quo

249 1722 585 1777 renaseimur
613 1741 625 1775 :
659 1738 778 1792 quae
816 1723 888 1776 ita
929 1722 1029 1776 sibi
1059 1722 1288 1775 invicem
1323 1729 1737 1785 connectuntur,
1770 1730 1828 1775 ut

239 1830 416 1869 unum
458 1817 611 1870 nobis
650 1817 764 1870 sine
804 1816 973 1871 altero
1014 1818 1239 1871 salutem
1282 1816 1527 1871 conferre
1570 1824 1821 1885 nequeat,

1937 652 2043 697 tem
2068 642 2221 695 valde
2256 639 2487 694 diluculo
2516 638 2765 694 mulieres
2799 650 3062 694 venerunt
3093 641 3158 694 ad
3188 657 3500 698 monumen-

1936 738 2071 795 tum,
2099 730 2249 801 juxta
2276 716 2559 783 historiam
2579 730 2793 797 quidem
2818 745 3042 800 magnus
3060 733 3331 798 qumrendi
3352 740 3405 787 et
3430 735 3508 787 in.

1934 819 2179 874 veniendi
2244 818 2527 872 Dominum
2583 816 2763 871 fervor
2822 819 3106 873 charitatis
3189 819 3501 887 invenitur;

1929 909 2080 977 juxta
2121 925 2248 964 vero
2280 908 2604 963 intellectum
2646 908 2926 976 mysticum
2959 911 3114 963 nobis
3145 910 3304 963 datur
3324 926 3505 964 exem-

1934 1003 2077 1071 plum
2109 1000 2402 1053 illuminata
2436 997 2571 1053 facie
2600 998 2960 1067 discussisque
2991 1001 3239 1055 vitiorum
3269 994 3504 1059 tenebris

1934 1096 1998 1149 ad
2042 1101 2441 1148 sacrosanctum
2478 1091 2684 1145 Domini
2718 1106 2916 1161 corpus
2958 1094 3231 1148 accedere.
3280 1094 3411 1147 Nam
3451 1102 3506 1149 et

1932 1186 2234 1256 sepulcrum
2276 1184 2403 1238 illud
2441 1182 2747 1237 venerabile
2786 1182 3012 1252 ﬁguram
3048 1183 3311 1241 Dominici
3344 1187 3507 1242 habe-

1930 1280 2021 1333 bat
2064 1278 2249 1331 altaris
2287 1276 2338 1329 in
2386 1291 2490 1342 quo
2535 1275 2714 1327 carnis
2749 1274 2864 1340 ejus
2904 1288 2967 1328 ac
3009 1276 3286 1345 sanguinis
3331 1275 3506 1331 solent

1930 1369 2183 1439 mysteria
2233 1365 2515 1421 celebrari.
2571 1365 2823 1417 Aromata
2872 1372 3049 1418 autem
3090 1381 3211 1435 quae
3255 1368 3505 1423 mulieres

1931 1459 2177 1514 deferunt
2216 1458 2436 1511 olorem
2474 1457 2731 1509 virtutum
2773 1464 2826 1510 et
2871 1457 3176 1511 orationum
3207 1458 3402 1527 quibus
3439 1460 3503 1512 ad

1930 1550 2097 1603 altare
2151 1548 2580 1619 appropinquare
2623 1546 2896 1609 debemus,
2945 1548 3265 1604 suavitatem
3305 1536 3507 1619 signiti;

1929 1646 2071 1693 cant.
2114 1637 2265 1691 Unde
2289 1634 2525 1690 Joannes
2558 1634 2609 1687 in
2642 1633 2958 1704 Apocalypsi
2992 1650 3117 1697 sua,
3150 1650 3268 1688 eum
3301 1615 3506 1705 phialas

1928 1730 1980 1783 in
2013 1744 2167 1781 tranu
2195 1727 2507 1797 angelorum
2541 1739 2754 1788 aureas,
2789 1725 2841 1779 id
2867 1733 2949 1779 est
2974 1727 3201 1781 mundas
3227 1728 3280 1780 in
3308 1728 3506 1782 electo-

1927 1836 2045 1873 rum
2086 1819 2247 1874 corde
2286 1817 2644 1872 conscientias
2682 1814 2866 1884 plenas
2905 1816 3374 1870 odoramentorum
3417 1818 3506 1872 de.

235 1905 373 1971 quia
412 1904 664 1958 nimirum
700 1906 955 1959 Dominus
988 1906 1059 1959 ita
1094 1921 1189 1959 nos
1221 1914 1467 1974 tempore
1491 1905 1821 1959 incarnatio-
1851 1896 1898 1953 Β
1927 1910 2247 1977 scripsisset,
2275 1907 2548 1976 subjunxit
2572 1920 2843 1975 exponens
2871 1914 3029 1974 atque
3058 1906 3135 1959 ait
3168 1924 3180 1960 :
3216 1900 3345 1972 Quae
3374 1918 3496 1959 sunt

242 1995 332 2049 nis
367 2010 485 2060 sua:
523 2010 678 2049 sacro
717 1997 977 2065 sanguine
1023 1996 1181 2050 simul
1224 2004 1413 2050 omnes
1462 1996 1721 2063 redemit,
1765 2005 1824 2050 ut

242 2100 346 2140 nos
374 2100 587 2155 quoque
614 2094 799 2139 nostro
826 2095 1067 2154 tempore
1096 2086 1299 2141 viritim
1328 2100 1423 2154 per
1458 2086 1823 2157 regeneratio-

242 2191 369 2230 nem
398 2176 681 2245 baptismi,
723 2176 788 2228 ad
826 2177 1154 2229 consortium
1186 2176 1424 2244 ejusdem
1459 2177 1822 2244 regeneratio-

240 2266 330 2320 nis
362 2266 643 2333 petvenire
677 2266 985 2321 debeamus.
1014 2266 1089 2319 De
1113 2282 1214 2334 qua
1248 2267 1655 2336 regeneratione
1687 2265 1823 2321 bene

241 2354 446 2409 dicitur
486 2372 496 2406 :
532 2353 667 2418 Quia
699 2370 801 2407 non
848 2370 912 2407 ea:
950 2354 1143 2406 semine
1193 2353 1535 2422 corruptibili,
1582 2354 1685 2406 sed
1735 2369 1827 2421 per

238 2446 455 2502 mltum
483 2445 579 2499 Dei
606 2446 702 2499 vivi
728 2455 774 2499 et
800 2447 1148 2513 permanentia
1172 2446 1225 2498 in
1251 2457 1502 2498 mternum
1531 2454 1741 2513 agatur,
1767 2452 1827 2497 ut

241 2538 374 2593 hinc
424 2538 725 2609 colligatur,
778 2539 905 2607 quia
947 2539 1087 2593 sicut
1134 2554 1199 2593 ex
1237 2540 1440 2593 semine
1491 2538 1824 2608 corruptibili

238 2643 375 2684 caro
396 2643 514 2697 quae
534 2635 910 2697 corrumpatur
926 2630 1183 2693 nascitur,
1208 2630 1286 2683 sic
1309 2644 1405 2698 per
1438 2643 1631 2697 aquam
1660 2628 1825 2683 verbo

238 2717 337 2774 Dei
384 2726 781 2783 consecratam,
816 2719 925 2773 vita
962 2719 1115 2773 nobis
1144 2735 1264 2789 quae
1293 2718 1451 2773 linem
1491 2720 1697 2773 neseiat
1732 2721 1827 2773 tri-

238 2809 447 2862 θυίων.
480 2808 632 2875 Quod
662 2808 828 2863 etiam
862 2817 985 2878 apte
1020 2808 1332 2878 prophetico
1361 2808 1557 2862 astruit
1587 2810 1827 2863 testimo-

239 2900 334 2954 nio
356 2898 667 2966 subjiciens,
695 2902 819 2969 quia
842 2899 1026 2955 Omnis
1048 2917 1169 2954 caro
1195 2900 1371 2969 fenum
1394 2909 1442 2954 et
1464 2902 1630 2954 omnis
1658 2900 1825 2970 gloria

233 2988 359 3059 ejus
396 2998 647 3057 tanquam
696 2989 793 3057 ﬂos
834 2989 980 3057 feni;
1027 2990 1232 3042 exaruit
1273 2990 1447 3057 fenum
1474 2998 1521 3042 et
1566 2984 1829 3057 ﬂos'deci-

233 3076 318 3130 dit
358 3090 375 3127 :
403 3077 612 3130 verbum
643 3088 815 3130 autem
843 3077 1054 3131 Domini
1090 3088 1259 3130 manet
1291 3078 1343 3131 in
1373 3078 1641 3130 internum.
1675 3076 1828 3131 Sicut

239 3180 370 3237 ergo
392 3166 757 3234 corruptibilis
778 3167 1178 3236 corruptibilem
1194 3182 1318 3220 caro
1341 3177 1559 3237 generat
1580 3183 1819 3229 carnem,

1927 2000 2188 2052 orationes
2214 2007 2533 2050 sanctorum.

1998 2078 2064 2140 Et
2092 2089 2391 2141 invenerunt
2422 2085 2644 2156 lapidem
2676 2083 2961 2139 revolutum
2987 2102 3018 2137 a
3049 2094 3411 2149 monumento,
3444 2092 3493 2138 et

1924 2182 2172 2249 ingressa:
2213 2194 2316 2231 non
2355 2179 2659 2231 invenerunt
2700 2192 2887 2246 corpus
2931 2176 3141 2229 Domini
3168 2175 3316 2229 Iesu.
3360 2174 3498 2241 Quo.

1925 2273 2083 2325 modo
2112 2271 2247 2339 lapis
2280 2284 2377 2340 per
2402 2268 2649 2339 angelum
2684 2268 2958 2327 revolutus
2993 2269 3063 2321 sit
3090 2269 3368 2325 Matthtcus
3390 2268 3499 2324 suf-

1927 2360 2171 2415 ﬁcienter
2196 2358 2465 2429 exposuit.
2504 2358 2608 2412 Sed
2634 2357 2895 2412 revolutio
2931 2358 3123 2428 lapidis
3165 2358 3390 2429 mystice
3419 2374 3505 2413 re—

1927 2449 2252 2504 serationem
2304 2455 2766 2503 sacramentorum
2826 2464 2943 2518 qute
2986 2450 3254 2502 velamine
3311 2449 3502 2503 littera:

1927 2539 2245 2609 tegebantur
2273 2540 2527 2591 insinuat.
2562 2537 2671 2615 Lex
2699 2539 2842 2592 enim
2884 2538 2936 2591 in
2970 2538 3144 2605 lapide
3166 2539 3365 2608 scripta
3393 2547 3499 2602 est,

1928 2629 2080 2699 cujus
2115 2629 2293 2683 ablato
2332 2631 2565 2702 tegmine
2605 2644 2802 2697 corpus
2831 2629 3040 2683 Domini
3086 2638 3357 2683 mortuum
3390 2644 3498 2684 non

1927 2720 2225 2784 invenitur,
2252 2721 2342 2775 sed
2366 2720 2544 2773 vivum
2570 2718 2993 2789 evangelizatur,
3019 2719 3144 2789 quia
3177 2719 3275 2773 etsi
3306 2734 3504 2791 cogno-

1925 2810 2103 2864 vimus
2147 2810 2440 2864 seeundum
2480 2824 2695 2864 carnem
2740 2808 3035 2875 Christum,
3080 2809 3171 2863 sed
3208 2810 3318 2879 jam
3362 2826 3502 2865 nunc

1929 2915 2033 2953 non
2066 2901 2332 2955 novimus.

2001 2988 2066 3043 Et
2114 2990 2311 3060 [actum
2352 3000 2424 3044 est
2470 2991 2593 3043 dum
2640 3002 2808 3045 mente
2852 3000 3191 3045 consternatae
3229 2999 3391 3043 essent
3440 2989 3505 3044 de

1928 3082 2050 3144 isto,
2078 3098 2189 3135 ecce
2212 3083 2316 3134 duo
2340 3070 2434 3133 viri
2454 3091 2703 3135 steterunt
2721 3098 2866 3135 secus
2892 3081 3012 3135 illas
3035 3081 3086 3133 in
3107 3090 3239 3134 reste
3260 3080 3497 3149 fulgenti.

1929 3170 2104 3225 Mente
2136 3178 2495 3224 consternata:
2528 3179 2703 3236 erant,
2740 3171 2863 3239 quia
2906 3178 2961 3224 et
3000 3170 3230 3237 lapidem
3271 3178 3377 3222 tam
3400 3170 3502 3225 im-

239 3244 317 3310 ita
346 3257 572 3309 verbum
604 3255 835 3321 Domini,
868 3258 1010 3325 quod
1037 3265 1218 3310 manet
1259 3257 1309 3308 in
1340 3265 1597 3310 aeternum
1617 3296 1630 3320 ,
1662 3265 1822 3311 aster-
1854 3246 1896 3305 C
1929 3276 2127 3315 mensae
2153 3262 2536 3331 magnitudinis
2564 3262 2861 3315 revolutum
2885 3244 3189 3330 stupebant,
3221 3269 3274 3316 et
3299 3276 3496 3330 corpus

239 3361 370 3400 nam
401 3346 486 3400 his
517 3360 651 3415 quos
676 3360 741 3399 ex
765 3361 903 3414 aqua
930 3353 1141 3399 recreat
1167 3346 1216 3398 in
1243 3359 1404 3399 carne
1433 3344 1596 3398 simul
1624 3352 1678 3398 et
1702 3346 1822 3398 ani-

240 3451 329 3490 ma
367 3439 534 3488 vitam
570 3436 679 3489 dat.
715 3432 883 3501 Hujus
916 3435 1205 3488 testimonii
1245 3445 1465 3489 sanctus
1495 3434 1819 3505 Cyprianus,

240 3525 294 3578 in
340 3524 478 3578 libro
527 3525 592 3578 de
632 3523 827 3577 Habitu
870 3525 1135 3591 virginum
1178 3525 1253 3578 ita
1293 3525 1537 3578 meminit
1574 3543 1584 3577 :
1617 3522 1821 3589 Clama,

241 3616 419 3683 inquit
470 3614 621 3668 Isaiae
664 3613 807 3667 Deus
842 3632 853 3666 ε
889 3612 1072 3667 Omnis
1119 3630 1241 3666 caro
1292 3616 1496 3683 fenum,
1549 3625 1595 3666 et
1655 3616 1822 3667 omnis

240 3706 460 3757 claritas
508 3703 623 3772 ejus
659 3714 713 3755 ut
759 3705 855 3772 ﬂos
885 3703 1033 3771 feni;
1072 3704 1211 3756 aruit
1252 3704 1428 3771 fenum
1475 3712 1523 3757 et
1554 3705 1651 3772 ﬂos
1686 3703 1825 3755 deci—

240 3796 343 3857 dit,
394 3810 563 3848 sermo
589 3803 759 3845 autem
788 3792 997 3845 Domini
1020 3793 1243 3845 manebit
1268 3794 1321 3844 in
1344 3802 1611 3845 (sternunt.
1647 3793 1826 3847 Nemi-

242 3900 369 3940 nent
414 3883 778 3938 Christianum
825 3881 979 3936 decet
1024 3892 1078 3938 et
1124 3884 1359 3937 maxime
1396 3870 1671 3952 virginem
1715 3898 1822 3937 non

240 3979 399 4032 decet
424 3976 721 4030 claritatem
746 3975 906 4028 ullam
924 3982 1236 4043 computare
1256 3974 1437 4028 carnis
1462 3982 1516 4026 et
1538 3974 1817 4037 honorem,

242 4069 341 4124 sed
367 4067 539 4122 solum
563 4076 813 4137 appetere
840 4080 1143 4120 sermonem
1176 4064 1291 4129 Dei,
1318 4065 1458 4119 bona
1482 4064 1535 4117 in
1562 4073 1823 4118 internum

242 4171 503 4213 mansura
548 4154 849 4223 complecti.
898 4153 1005 4207 Aut
1048 4154 1092 4207 si
1144 4153 1295 4208 carni
1348 4155 1418 4207 sit
1465 4153 1822 4224 gloriandum,

244 4258 376 4301 tunc
417 4245 572 4314 plane
612 4246 826 4313 quando
870 4244 923 4297 in
973 4244 1172 4298 Christi
1214 4245 1448 4298 nominis
1490 4244 1824 4299 confessione

243 4336 543 4399 cruciatur,
566 4334 690 4403 quia
715 4342 839 4388 tunc
864 4333 1052 4388 fortior
1076 4333 1276 4387 femina
1293 4334 1424 4387 viris
1451 4333 1824 4402 torquentibus

242 4435 523 4490 invenitur
541 4473 555 4497 ,
584 4434 799 4501 quando
828 4432 1002 4502 ignes,
1035 4440 1127 4485 aut
1154 4432 1359 4495 cruees,
1387 4440 1478 4484 aut
1506 4430 1707 4484 ferrum
1732 4438 1826 4484 aut

241 4525 452 4582 bestias
472 4524 676 4593 patitur
700 4533 757 4576 ut
778 4532 1085 4575 coronetur.
1118 4521 1210 4575 Illa
1234 4530 1357 4574 sunt
1384 4521 1564 4575 carnis
1586 4521 1822 4588 pretiosa

243 4614 495 4677 monilia,
543 4614 783 4681 corporis
828 4617 1146 4665 ornamento
1194 4609 1445 4675 meliora;
1498 4584 1901 4664 eruciatibusD

245 4714 434 4760 autem
470 4702 683 4765 carnis,
729 4702 782 4755 in
812 4701 1008 4770 quibus
1047 4714 1145 4769 per
1171 4700 1489 4769 patientiam
1520 4699 1697 4753 anima
1726 4698 1821 4753 de-

244 4806 491 4860 coratur,
522 4795 746 4867 gloriam
782 4794 985 4849 sanctis
1012 4808 1076 4846 ac
1110 4792 1357 4850 ﬁdelibus
1394 4799 1659 4862 praeparat
1687 4792 1826 4845 Sem-

247 4886 542 4956 pitcrnam,
564 4890 849 4953 praestante
870 4882 1096 4944 Domino
1124 4890 1308 4935 nostro
1328 4879 1452 4935 Jesu
1479 4881 1712 4945 Christo,
1728 4882 1819 4949 qui

248 4989 373 5028 cum
402 4972 559 5028 Patre
578 4982 632 5027 et
655 4971 857 5041 Spiritu
886 4982 1075 5026 sancto
1112 4972 1244 5025 vivit
1268 4978 1322 5025 et
1351 4978 1535 5040 regnat
1558 4970 1701 5025 Deus
1726 4985 1821 5039 per

249 5064 434 5116 omnia
468 5062 661 5119 saecula
690 5062 1028 5119 saeculorum.
1052 5063 1242 5115 Amen.

779 5170 1061 5227 HOMILIA
1104 5170 1264 5225 XXV.

826 5256 955 5296 ιτεκ
986 5256 1143 5295 FERIA
1175 5256 1248 5294 IV.

394 5330 581 5385 Lectio
616 5330 785 5385 sancti
824 5330 1098 5399 Evangelii
1132 5328 1427 5384 secundum
1460 5328 1681 5383 Lucam.

324 5422 391 5479 In
424 5421 516 5475 illo
554 5431 780 5490 tempore
817 5439 923 5474 una
965 5420 1168 5475 sabbati
1208 5419 1355 5474 valde
1401 5418 1634 5472 diluculo
1679 5432 1826 5470 vene-

250 5527 377 5571 runt
404 5511 476 5565 ad
507 5519 917 5576 monumentum,
945 5506 1209 5583 portantes
1234 5526 1349 5571 quae
1375 5517 1683 5575 paraverant
1709 5524 1828 5561 aro-

253 5616 419 5667 mata,
447 5611 554 5658 etc.

326 5689 442 5745 Una
470 5690 681 5744 sabbati
719 5689 830 5745 sive
862 5690 1034 5761 prima
1065 5688 1292 5749 sabbati,
1327 5688 1503 5758 prima
1534 5694 1616 5741 est
1644 5684 1759 5739 dies
1793 5700 1823 5737 a

246 5780 497 5844 sabbato,
527 5794 689 5850 quam
719 5779 857 5834 diem
887 5779 1217 5837 Dominicam
1251 5785 1469 5832 urontcr
1495 5776 1703 5831 Domini
1742 5791 1822 5828 rc-

1929 3361 2037 3406 tam
2090 3353 2301 3406 eximiae
2340 3352 2704 3407 venerationis
2759 3368 2861 3407 non
2909 3353 3182 3406 inventum
3228 3349 3497 3417 dolebant.

1928 3443 2078 3498 Sicut
2107 3452 2285 3496 autem
2314 3451 2518 3496 tentato
2553 3443 2605 3515 in
2635 3442 2918 3503 solitudine
2943 3442 3200 3505 Domino,
3242 3456 3363 3498 mox
3393 3444 3495 3497 im-

1924 3534 2065 3603 pleta
2104 3532 2358 3596 victoria,
2402 3534 2715 3587 accedentes
2746 3532 2793 3585 ei
2827 3531 2997 3599 angeli
3043 3531 3380 3589 ministrant,
3420 3529 3493 3583 ita

1923 3626 2109 3680 eodem
2137 3639 2296 3693 passo
2334 3624 2385 3677 in
2409 3638 2568 3677 carne
2597 3623 2896 3685 Salvatore,
2924 3631 3043 3692 post
3065 3623 3284 3675 devicta:
3315 3629 3493 3675 certa-

1925 3716 2066 3767 mina
2096 3713 2286 3767 mortis
2322 3713 2542 3767 veniunt
2579 3712 2789 3782 angeli,
2828 3712 2918 3780 qui
2965 3726 3071 3764 non
3112 3710 3283 3763 solum
3328 3710 3492 3763 verbo

1926 3806 2242 3862 consolante
2292 3806 2383 3861 sed
2432 3813 2485 3859 et
2532 3788 2765 3876 fulgente
2811 3806 2995 3859 habitu
3048 3804 3270 3873 gloriam
3307 3801 3499 3855 trium-

1922 3897 2140 3965 phantis
2163 3896 2503 3950 annuntient.
2540 3894 2801 3961 Quoniam
2831 3902 3010 3948 autem
3043 3894 3215 3963 posito
3240 3893 3291 3945 in
3321 3890 3499 3960 sepul-

1925 4004 2017 4044 cro
2059 4002 2253 4058 copore
2297 3986 2589 4041 Salvatoris
2625 3986 2862 4039 astitisse
2893 3985 3143 4055 leguntur
3176 3982 3381 4053 angeli,
3426 3982 3497 4033 ita

1924 4080 2085 4134 etiam
2112 4077 2445 4133 celebrandis
2470 4076 2708 4145 ejusdem
2742 4075 3093 4130 sacratissimi
3117 4073 3358 4143 corporis
3384 4088 3497 4141 my-

1925 4171 2104 4225 steriis
2157 4176 2396 4237 tempore
2445 4168 2864 4222 consecrationis
2899 4166 3155 4221 assistere
3201 4173 3326 4218 sunt
3366 4178 3488 4217 crc-

1925 4260 2084 4313 dendi
2105 4298 2118 4322 ,
2158 4264 2410 4312 monente
2433 4256 2686 4325 Apostolo
2718 4256 2968 4309 mulieres
2999 4254 3053 4307 in
3084 4252 3319 4308 Ecclesia
3347 4250 3496 4305 vela-

1926 4365 2051 4405 men
2081 4350 2281 4404 habere
2300 4356 2521 4417 propter
2550 4347 2785 4416 angelos.

1996 4437 2127 4491 Cum
2147 4438 2380 4489 timerent
2403 4443 2575 4487 autem
2591 4444 2638 4487 et
2662 4433 2979 4489 declinarent
2994 4432 3189 4486 vultum
3208 4438 3258 4507 in
3281 4441 3497 4496 terram,

1926 4529 2169 4582 dixerunt
2209 4526 2277 4579 ad
2304 4524 2463 4579 illas:
2499 4524 2636 4590 Quid
2671 4526 2904 4595 qua'ritis
2936 4526 3181 4577 viventem
3216 4539 3331 4576 cum
3364 4538 3502 4575 mor-

1928 4618 2071 4671 tuis?
2095 4615 2218 4669 Non
2237 4626 2310 4669 est
2340 4615 2445 4680 hic,
2472 4615 2561 4668 sed
2585 4616 2830 4685 surrexit,
2863 4612 3055 4677 Nolite,
3082 4614 3349 4681 inquiunt,
3376 4626 3499 4665 cum

1928 4706 2171 4768 mortuis,
2200 4706 2303 4759 hoc
2332 4714 2414 4758 est
2438 4705 2489 4757 in
2517 4711 2863 4759 monumento
2886 4702 2973 4769 qui
3004 4701 3151 4755 locus
3171 4709 3252 4755 est
3283 4700 3497 4769 preprie

1926 4803 2279 4857 mortuorum,
2304 4808 2545 4862 qumrere
2568 4807 2690 4847 eum
2716 4792 2803 4859 qui
2830 4792 2895 4844 ad
2927 4792 3088 4843 vitam
3113 4788 3225 4856 jam
3258 4789 3498 4843 surrexit

1925 4902 1953 4941 a
1987 4886 2230 4939 mortuis.
2280 4885 2345 4937 Et
2385 4898 2481 4937 nos
2525 4891 2702 4936 autem
2754 4880 2997 4951 exemplo
3034 4881 3344 4936 devotarum
3387 4881 3497 4934 Deo

1923 4972 2266 5036 feminarum,
2298 4971 2504 5040 quoties
2531 4970 2815 5024 ecclesiam
2855 4970 3123 5023 intramus
3150 4978 3201 5023 et
3229 4968 3499 5038 mysteriis

1927 5062 2233 5117 crelestibus
2276 5061 2779 5129 appropinquamus,
2834 5060 2943 5113 sive
2983 5067 3202 5128 propter
3244 5058 3496 5128 angelica:

1925 5154 2268 5222 praesentiam
2298 5151 2529 5215 virtutis,
2572 5166 2662 5205 seu
2692 5158 2910 5220 prOpter
2945 5150 3296 5204 reverentiam
3332 5163 3497 5202 sacras

1927 5241 2209 5296 oblationis
2250 5255 2371 5294 cum
2414 5239 2558 5293 omni
2606 5238 2905 5293 humilitate
2954 5246 3009 5291 et
3060 5239 3251 5291 timore
3289 5234 3497 5303 ingredi

1929 5331 2205 5385 debemus.
2241 5328 2323 5383 Ad
2356 5335 2697 5397 conspectum
2724 5327 2920 5397 quippe
2949 5326 3259 5395 angelorum
3287 5325 3494 5379 vultum

1930 5421 2259 5476 declinamus
2294 5421 2347 5473 in
2381 5429 2603 5482 terram,
2630 5432 2749 5472 cum
2774 5431 3126 5486 supernorum
3152 5415 3350 5471 civium
3377 5430 3496 5484 qua:

1930 5516 2054 5564 sunt
2099 5509 2293 5577 gaudia
2338 5517 2535 5562 aeterna
2584 5506 3026 5576 contemplantes,
3073 5504 3346 5560 humiliter
3399 5519 3499 5560 nos

1928 5599 2163 5653 cinerem
2213 5612 2349 5655 esse.
2378 5607 2680 5665 terramque
2740 5596 3024 5651 recolimus
3069 5614 3083 5649 :
3128 5595 3270 5651 sicut
3309 5596 3495 5653 beatus

1926 5688 2197 5743 Abraham
2225 5706 2236 5740 :
2272 5686 2498 5757 Loquar,
2531 5687 2725 5755 inquit,
2761 5687 2829 5739 ad
2872 5686 3147 5740 Dominum
3182 5701 3350 5739 meum
3379 5699 3492 5738 cutr

1928 5777 2024 5829 sim
2044 5773 2286 5844 pulviset
2316 5774 2466 5827 cinis.
2498 5774 2563 5827 Et
2593 5774 2884 5829 notandum
2915 5772 3056 5843 quod
3084 5781 3282 5828 sancta:
3311 5770 3487 5827 mulie-
