3946 6372
488 396 583 453 191

1122 394 1186 449 Β.
1228 392 1481 449 RABA‘NI
1521 393 1740 450 MAURI
1778 390 2100 447 ARCHIEP.
2140 390 2451 447 MOGU‘NT.
2490 389 2775 448 OPERUM
2818 389 2995 445 PARS
3035 391 3097 446 ll.

3672 395 3777 445 192

485 522 577 564 res
616 506 920 561 astantibus
950 505 1051 559 sibi
1079 505 1285 577 angelis
1315 522 1419 559 non
1467 508 1519 561 in
1557 516 1755 562 terram
1787 506 2066 570 cecidisse,
2099 509 2147 567 Α
2173 506 2513 574 procumbens
2540 504 2664 559 vidit
2694 504 2998 559 linteamina
3029 504 3141 559 sola
3166 506 3337 575 posita
3365 515 3413 559 et
3436 504 3563 558 abiit
3589 518 3777 557 secum

485 597 583 653 sed
609 597 811 651 vultum
836 597 1087 651 dicuntur
1114 597 1165 650 in
1183 606 1384 651 terram
1403 598 1729 663 declinasse;
1763 614 1861 654 nec
1882 614 2072 668 quem-

484 687 631 759 piam
672 698 981 743 sanctorum
1014 688 1241 759 legimus
1279 699 1517 760 tempore
1559 691 1850 746 Dominicze
1884 706 2071 745 resur-

486 779 740 834 rectionis
761 778 844 833 vel
867 779 985 848 ipso
1007 780 1233 834 Domino
1265 780 1346 834 vel
1369 780 1575 851 angelis
1604 781 1704 834 sibi
1741 780 1889 842 visis,
1919 789 2075 834 terra:

483 879 817 943 prostratum
842 870 1134 936 adorasse;
1173 872 1314 925 unde
1345 886 1460 925 mos
1489 871 1723 924 obtinuit
1746 869 2075 924 ecclesiasti-

484 976 602 1024 cus,
626 968 685 1015 ut
706 960 789 1015 vel
811 960 865 1015 in
891 962 1209 1015 memoriam
1235 961 1527 1015 Dominica:
1552 962 1682 1014 etin
1706 970 1903 1014 nostra:
1924 975 2076 1029 spem

485 1052 927 1117 resurrectionis,
962 1060 1018 1106 et
1048 1054 1298 1106 omnibus
1326 1050 1619 1105 Dominicis
1644 1050 1854 1114 diebus,
1884 1058 1938 1103 et
1965 1059 2078 1104 toto

485 1141 959 1213 Quinquagesima:
1002 1151 1243 1212 tempore
1274 1158 1378 1197 non
1400 1140 1556 1197 flexis
1579 1142 1824 1211 genibus,
1853 1141 1947 1195 sed
1988 1140 2080 1195 de-

483 1232 698 1291 clinatis
728 1234 782 1287 in
810 1242 1011 1288 terram
1036 1232 1271 1287 vultibus
1300 1247 1536 1286 oremus.

562 1318 935 1379 Recordamini
964 1324 1192 1395 qualiter
1229 1324 1432 1378 locutus
1470 1334 1547 1377 est
1575 1323 1720 1377 vobis
1752 1339 1871 1375 cum
1907 1321 2079 1375 adhuc

484 1416 541 1471 in
572 1413 796 1469 Galila’a
829 1426 959 1469 esset
990 1416 1167 1469 dicens
1192 1431 1210 1468 :
1242 1416 1379 1479 Quia
1402 1422 1599 1484 oportet
1630 1412 1830 1466 Filium
1850 1413 2077 1467 hominis

486 1508 633 1561 tradi
658 1509 715 1560 in
749 1523 939 1561 manus
969 1517 1324 1578 peccatorum,
1355 1515 1402 1557 et
1438 1504 1694 1573 cruciﬁgi,
1727 1514 1774 1557 et
1801 1503 1886 1557 die
1922 1504 2078 1557 tertia

486 1615 773 1669 resurgere.
800 1598 895 1653 Die
919 1599 1077 1652 tertia
1102 1597 1361 1651 Dominus
1388 1596 1529 1651 sicut
1554 1597 1686 1665 ipse,
1718 1596 1863 1666 quod
1892 1610 1958 1650 ex
1976 1595 2079 1649 hoc

484 1687 606 1743 loco
640 1689 930 1754 discimus,
970 1689 1110 1743 inter
1141 1688 1433 1749 discipulos
1472 1689 1619 1743 viros
1660 1688 1822 1742 etiam
1862 1686 2079 1740 feminis

485 1792 606 1847 qua:
648 1793 771 1833 eum
806 1778 1171 1848 sequebantur
1208 1780 1489 1850 praedixit,
1535 1781 1608 1834 ita
1659 1780 2077 1835 resurrectionis

2176 600 2397 653 mirans.
2428 598 2579 666 Quod
2609 599 2809 655 factum
2834 597 3014 654 fuerat
3042 598 3216 655 Lucas
3241 600 3483 655 breviter
3510 600 3577 654 de
3602 613 3780 653 cursu

2177 686 2321 742 Petri
2345 698 2755 744 commemorat.
2783 690 2889 744 Sed
2913 691 3014 745 hoc
3037 690 3305 757 quomodo
3327 698 3539 761 gestum
3567 690 3641 743 sit
3668 686 3760 758 ple

2177 777 2301 832 nius
2346 780 2661 848 exsequitur
2703 778 2938 833 Joannes
2981 780 3165 835 dicens
3202 781 3369 835 etiam
3405 778 3555 833 illum
3610 776 3785 831 disci-

2180 870 2362 940 pulum
2402 886 2563 941 quem
2607 871 2861 942 diligebat
2887 869 3046 927 Jesus
3076 873 3383 927 cucurrisse
3423 885 3546 927 eum
3585 869 3781 931 Petro,

2181 975 2238 1013 se
2268 959 2517 1015 videlicet
2547 960 2849 1016 insinuans.
2886 961 3039 1017 Unde
3075 963 3333 1032 quaeritur
3359 961 3640 1032 quomodo
3677 959 3788 1013 Lu-

2182 1067 2274 1106 cas
2300 1053 2363 1106 de
2404 1052 2565 1107 Petro
2598 1054 2742 1107 dicat
2782 1071 2794 1107 :
2832 1053 2897 1106 Et
2930 1053 3269 1122 procumbens
3300 1050 3426 1105 vidit
3459 1049 3783 1103 linteamina

2181 1140 2292 1194 sola
2324 1143 2518 1211 posita,
2552 1157 2677 1197 eum
2708 1140 2945 1197 Joannes
2971 1157 3028 1196 se
3057 1142 3234 1211 potius
3256 1140 3360 1195 hoc
3394 1138 3585 1193 fecisse
3612 1137 3783 1207 signi-

2183 1229 2331 1294 ficet,
2360 1229 2581 1285 Petrum
2620 1248 2749 1287 vero
2775 1232 3136 1287 introeuntem
3174 1232 3226 1285 in
3256 1238 3671 1285 monumentum
3708 1228 3789 1281 vi-

2184 1319 2327 1374 disse
2362 1334 2469 1374 nou
2503 1320 2675 1376 solum
2714 1322 3062 1386 linteamina,
3100 1322 3195 1376 sed
3227 1330 3281 1375 et
3312 1320 3591 1375 sudarium
3637 1317 3789 1388 quod

2182 1407 2359 1464 fuerat
2392 1426 2555 1481 super
2592 1422 2757 1482 caput
2794 1413 2928 1483 ejus.
2974 1414 3079 1469 Sed
3120 1413 3525 1483 intelligendum
3565 1422 3655 1468 est
3684 1410 3790 1465 Pe-

2182 1508 2344 1563 trum,
2389 1502 2567 1569 primo
2624 1504 3068 1572 procumbentem
3118 1504 3319 1559 vidisse
3382 1503 3527 1573 quod
3601 1502 3790 1557 Lucas

2183 1607 2604 1663 commemorat,
2636 1596 2873 1653 Joannes
2906 1607 3066 1653 tacet.
3093 1598 3219 1653 Post
3242 1607 3419 1652 autem
3446 1598 3785 1666 ingressum,

2183 1694 2242 1739 ut
2278 1686 2586 1759 diligentius
2625 1688 2881 1743 interiora
2922 1689 3300 1758 dignosceret;
3346 1688 3657 1758 ingressum
3705 1694 3788 1740 ta—

2184 1790 2306 1830 men
2352 1784 2641 1847 antequam
2684 1776 2918 1835 Joannes
2966 1780 3211 1835 intraret.
3250 1778 3349 1846 Qui
3394 1788 3575 1834 tamen
3618 1779 3787 1831 ambo

486 1885 597 1925 suae
635 1872 970 1941 triumphum
996 1871 1310 1925 celebravit.
1345 1871 1443 1925 Die
1470 1885 1707 1939 namque
1747 1870 2075 1926 Parasceves
2106 1859 2151 1918 Β
2180 1869 2419 1938 perfecto
2460 1885 2646 1926 amore
2678 1872 2960 1927 adhaerent
2991 1872 3337 1943 Redemptori
3378 1887 3476 1926 suo
3496 1912 3511 1934 ,
3554 1880 3607 1924 et
3661 1871 3786 1924 ideo

488 1959 621 2015 hora
654 1976 795 2015 nona
832 1961 1079 2031 spiritum
1124 1962 1344 2017 tradens
1373 1977 1595 2031 veSpere
1628 1962 1893 2032 sepultus,
1918 1978 2077 2017 mane

486 2050 663 2119 prima
692 2050 902 2104 sabbati
940 2051 1178 2104 surrexit
1210 2051 1351 2105 sicut
1375 2063 1560 2120 aperte
1603 2051 1816 2107 Marcus
1843 2068 2078 2124 evange-

487 2137 610 2193 lista
632 2140 896 2209 designat.
924 2139 1039 2193 Non
1064 2155 1192 2209 ergo
1212 2141 1485 2195 immerito
1508 2157 1615 2195 uno
1636 2142 1723 2196 die
1746 2143 1799 2196 in
1828 2144 2075 2211 sepulcro

487 2239 546 2285 et
583 2231 794 2287 duabus
841 2232 1092 2287 noctibus
1125 2233 1326 2302 jacuit,
1359 2234 1449 2303 qui
1480 2234 1726 2289 videlicet
1766 2234 1939 2290 lucem
1966 2250 2076 2291 suae

487 2320 697 2391 simpla:
720 2322 929 2385 mortis,
966 2321 1202 2379 tenebris
1231 2324 1405 2394 duplic
1436 2333 1637 2380 nostra:
1666 2328 1859 2380 mortis
1890 2324 2079 2395 adjun-

488 2414 589 2469 xit.
620 2414 701 2468 Ad
727 2429 825 2469 nos
842 2415 1040 2485 quippe
1065 2416 1214 2470 venit
1233 2416 1323 2485 qui
1349 2418 1403 2469 in
1427 2424 1600 2471 morte
1627 2416 1852 2486 spiritus
1872 2416 2079 2471 carnis-

489 2520 595 2575 que
628 2504 940 2560 tenebamnr
977 2524 989 2559 :
1028 2523 1187 2560 unam
1215 2508 1283 2561 ad
1321 2522 1417 2561 nos
1448 2522 1633 2571 suam,
1665 2506 1717 2561 id
1756 2515 1867 2571 est,
1900 2508 2079 2563 carnis

490 2602 720 2649 mortem
756 2594 976 2658 detulit,
1012 2603 1065 2649 et
1098 2595 1232 2650 duas
1262 2606 1478 2650 nostras
1507 2610 1640 2666 quas
1667 2596 1871 2665 recepit
1896 2596 2075 2651 solvit.

490 2679 551 2737 Si
578 2683 722 2738 enim
758 2683 871 2753 ipse
900 2696 1187 2754 utramque
1217 2685 1540 2757 susciperet,
1575 2701 1675 2741 nos
1704 2701 1736 2741 a
1761 2686 1908 2742 nulla
1940 2686 2078 2742 libe-

491 2783 655 2830 raret.
687 2776 1110 2831 Misericorditer
1128 2777 1338 2846 accepit
1366 2785 1421 2832 et
1448 2778 1595 2847 justo
1621 2785 1906 2848 utramque
1932 2778 2083 2833 dam-

492 2866 643 2920 navit
668 2866 915 2935 simplam
937 2881 1088 2921 suam
1113 2866 1286 2937 dupla:
1311 2877 1511 2922 nostra:
1530 2866 1756 2923 contulit
1780 2877 1837 2923 et
1865 2868 2082 2938 duplam

490 2963 735 3011 nostram
761 2956 996 3011 moriens
1026 2957 1259 3024 subegit.

571 3044 636 3099 Et
678 3046 965 3099 recordata:
1006 3060 1125 3099 sunt
1165 3047 1438 3100 verborum
1484 3064 1621 3117 ejus.
1666 3047 1917 3105 Mulieres
1963 3064 2085 3120 qua:

494 3138 551 3193 in
582 3146 934 3192 monumento
960 3137 1173 3192 Domini
1202 3146 1408 3194 stantes
1434 3139 1718 3196 verborum
1744 3155 1865 3210 quae
1893 3141 1959 3196 de
1985 3156 2080 3196 sua

2182 1959 2343 2013 modo
2383 1974 2505 2014 cum
2545 1959 2635 2014 illo
2668 1962 2720 2014 in
2764 1960 2960 2031 gaudio
3001 1962 3153 2030 regni
3187 1961 3423 2015 cmlestis
3462 1959 3624 2014 simul
3657 1974 3783 2014 eum

2180 2050 2383 2105 sanctis
2422 2050 2628 2122 angelis
2664 2059 2946 2106 manentes
2976 2050 3302 2106 lmtabuntur
3330 2050 3383 2104 in
3423 2061 3778 2119 perpetuum.

2178 2140 2377 2195 Amen.

2720 2230 3001 2287 HOMILIA
3039 2230 3230 2285 XXVI.

2849 2337 3005 2380 FERIA
3030 2338 3105 2377 Vl.

2274 2410 2461 2465 Lectio
2492 2412 2663 2466 sancti
2700 2411 2977 2482 Evangelii
3007 2411 3304 2466 secundum
3336 2410 3679 2466 Mattbaeum.

2254 2501 2321 2555 In
2373 2501 2464 2555 illo
2509 2508 2769 2572 tempore,
2819 2512 3147 2556 accesserunt
3193 2503 3264 2555 ad
3303 2500 3488 2555 Iesum
3532 2502 3784 2572 discipuli

2181 2593 2406 2649 Joannis
2435 2594 2661 2648 dicentes
2693 2610 2711 2648 :
2746 2591 2923 2659 Quare
2960 2612 3054 2648 nos
3091 2604 3138 2649 et
3176 2594 3437 2650 Pharisa’i
3464 2595 3779 2665 jejunamus

2185 2688 2498 2758 frequenter,
2529 2688 2774 2759 discipuli
2809 2700 2983 2745 autem
3015 2694 3094 2745 tui
3128 2709 3230 2746 non
3249 2692 3533 2761 jejunant?

2256 2778 2499 2851 Superba
2536 2782 2887 2852 interrogatio
2924 2791 2980 2838 et
3018 2784 3175 2853 plena
3209 2783 3275 2838 de
3308 2784 3603 2852 supercilio
3636 2782 3781 2837 Pha-

2186 2870 2489 2937 risaeorum,
2514 2882 2662 2928 certe
2686 2883 2744 2927 ut
2767 2873 2911 2928 aliud
2936 2890 3040 2929 non
3065 2875 3309 2929 dicamus
3334 2874 3780 2944 reprehendenda

2181 2962 2369 3034 jejunii
2394 2964 2679 3033 iactantia.
2712 2965 2823 3021 Nec
2857 2974 3111 3035 poterant
3139 2966 3385 3035 discipuli
3414 2963 3644 3020 Joannis
3674 2981 3779 3019 non

2189 3069 2305 3108 esse
2343 3055 2443 3109 sub
2480 3056 2609 3110 vitio
2638 3058 2729 3125 qui
2770 3056 3242 3110 calumniabantur
3276 3071 3422 3119 eum,
3452 3070 3616 3125 quem
3648 3057 3785 3110 scie—

2188 3145 2319 3199 bant
2351 3147 2595 3217 magistri
2636 3148 2863 3202 voeibus
2899 3145 3272 3216 praedicatum,
3317 3154 3372 3200 et
3410 3142 3782 3216 jungebantur

493 3231 896 3302 dispensatione
924 3231 1179 3300 praefatus
1205 3238 1287 3286 est
1314 3233 1689 3298 recordamur,
1731 3232 1963 3288 formam
1987 3250 2085 3289 no-
2113 3206 2156 3268 (ἶ
2190 3237 2474 3292 Ριὶθνὶεωίε
2521 3252 2655 3306 quos
2710 3238 2779 3291 ab
2824 3236 3032 3292 Joanne
3076 3244 3341 3290 noverant
3393 3235 3781 3290 condemnatos

493 3319 579 3376 bis
600 3321 842 3390 praebent
870 3329 929 3375 ut
952 3322 1097 3375 inter
1128 3322 1242 3391 ipsa
1275 3322 1567 3377 Dominica-
1588 3325 1858 3394 passionis
1890 3334 2091 3396 myste-

494 3411 578 3468 ria
613 3411 957 3478 celebranda,
1005 3428 1111 3467 non
1155 3414 1328 3468 solum
1365 3413 1605 3482 ejusdem
1651 3416 1945 3486 passionis,
1993 3418 2087 3472 sed

494 3512 550 3558 et
603 3505 673 3559 ab
719 3504 904 3559 inferis
948 3507 1379 3571 resurrectionis,
1425 3524 1525 3562 nec
1567 3523 1673 3562 non
1719 3518 1774 3563 et
1820 3508 1872 3563 in
1921 3509 2090 3565 caelos

496 3594 745 3666 gloriosae
782 3596 1115 3650 ascensionis
1154 3599 1316 3667 digna
1360 3612 1577 3669 semper
1612 3598 1961 3654 veneratione
2007 3615 2085 3654 re-

498 3686 807 3741 cordemur.
834 3685 901 3740 Et
928 3703 1146 3757 egressa:
1175 3706 1207 3740 a
1228 3702 1560 3743 monumento
1583 3690 1951 3743 nuntiaverunt
1982 3690 2091 3743 lure

499 3778 675 3831 omnia
696 3776 801 3831 illis
828 3778 1069 3831 undecim
1100 3787 1146 3831 et
1170 3780 1370 3833 creteris
1396 3779 1654 3833 omnibus.
1691 3778 1846 3833 Sicut
1866 3781 1918 3834 in
1942 3780 2093 3849 prin-

499 3870 643 3938 cipio
680 3869 875 3924 mulier
916 3878 1103 3925 auctor
1142 3871 1313 3940 eulpae
1358 3871 1473 3925 viro
1515 3871 1636 3936 fuit,
1676 3871 1760 3925 vir
1806 3882 2094 3926 exsecutor

500 3958 722 4027 erroris,
771 3958 843 4012 ita
884 3975 1025 4013 nunc
1060 3974 1178 4028 quae
1214 3963 1362 4027 prior
1396 3969 1625 4015 mortem
1654 3969 1970 4028 gustaverat
2011 3976 2094 4017 re-

505 4050 897 4105 surrectionem
927 4051 1078 4121 prior
1106 4052 1261 4115 vidit,
1293 4058 1434 4105 etne
1464 4054 1705 4121 perpetui
1747 4060 1928 4106 reatus
1952 4051 2093 4122 apud

502 4140 651 4195 viros
674 4142 1020 4211 cpprobrinm
1044 4142 1353 4206 sustineret,
1387 4157 1506 4211 quae
1533 4143 1741 4213 culpam
1763 4143 1883 4196 viro
1914 4150 2091 4196 trans-

504 4228 740 4294 fuderat,
772 4230 1063 4286 transfudit
1087 4240 1141 4286 et
1164 4233 1415 4301 gratiam.

578 4320 707 4373 Erat
733 4330 904 4375 autem
930 4321 1105 4375 Maria
1146 4320 1480 4391 Magdalene,
1510 4332 1555 4375 et
1586 4321 1822 4388 Joanne,
1846 4331 1894 4377 et
1918 4322 2092 4377 Maria

504 4409 715 4474 Jacobi,
747 4420 794 4464 et
822 4422 1022 4465 cratera:
1043 4428 1159 4482 qua:
1180 4428 1295 4464 cum
1326 4412 1398 4465 eis
1421 4422 1594 4476 erant,
1619 4429 1737 4483 qua’
1757 4413 1997 4467 dicebant
2024 4413 2092 4465 ad

2190 3346 2311 3385 cum
2358 3332 2434 3385 ait
2474 3349 2487 3386 :
2531 3331 2807 3385 Generatio
2848 3334 3175 3402 viperarum,
3218 3335 3332 3401 quis
3375 3331 3600 3385 ostendit
3646 3333 3780 3385 vobis

2191 3422 2368 3493 fugere
2393 3423 2458 3475 ab
2482 3423 2561 3476 ira
2590 3424 2846 3477 ventura?

2261 3514 2347 3566 Ait
2374 3512 2479 3565 illis
2506 3512 2699 3567 Iesus:
2744 3510 2996 3583 Nunquid
3020 3522 3235 3582 possunt
3261 3510 3360 3581 ﬁlii
3392 3512 3571 3581 sponsi
3604 3510 3775 3583 lugere

2189 3606 2423 3677 quandiu
2468 3623 2585 3660 cum
2625 3607 2729 3661 illis
2766 3617 2837 3659 est
2883 3606 3143 3675 sponsus?
3200 3602 3417 3657 Venient
3464 3615 3639 3658 autem
3670 3606 3777 3657 dies

2193 3716 2311 3752 cum
2357 3699 2625 3767 auferetur
2666 3698 2729 3751 ab
2774 3699 2845 3751 eis
2896 3715 3116 3768 sponsus
3142 3740 3156 3763 ,
3200 3707 3247 3751 et
3288 3708 3413 3751 tunc
3436 3699 3778 3767 jejunabunt.

2196 3790 2251 3843 Si
2286 3804 2515 3859 sponsus
2541 3789 2809 3853 Christus,
2839 3804 3035 3859 sponsa
3058 3789 3297 3844 Ecclesia
3322 3798 3423 3844 est.
3450 3789 3524 3844 De
3553 3793 3655 3844 hoc
3679 3790 3783 3859 spi-

2194 3882 2337 3934 ritali
2380 3880 2652 3936 connubio
2698 3880 2925 3949 apostoli
2965 3890 3090 3934 sunt
3120 3880 3286 3935 creati
3319 3880 3412 3949 qui
3448 3880 3635 3951 lugere
3674 3896 3777 3934 non

2193 3979 2454 4042 possunt,
2502 3970 2737 4039 quandin
2785 3985 3034 4038 sponsam
3085 3970 3140 4023 in
3189 3968 3426 4024 thalamo
3474 3969 3679 4031 vident,
3729 3977 3778 4022 et

2195 4061 2369 4116 sciunt
2393 4076 2647 4129 sponsum
2664 4074 2782 4113 esse
2810 4074 2932 4113 eum
2962 4074 3178 4128 sponsa.
3208 4059 3434 4126 Quando
3461 4072 3593 4113 vero
3617 4068 3785 4112 trans-

2197 4154 2377 4207 ierunt
2419 4151 2635 4221 nuptiae,
2693 4160 2748 4205 et
2788 4151 3057 4221 passionis
3092 4166 3154 4205 ac
3196 4150 3609 4205 resurrectionis
3650 4158 3776 4204 tem-

2194 4260 2297 4315 pus
2326 4244 2625 4307 advenerit,
2661 4251 2787 4297 tuum
2815 4241 2996 4311 sponsi
3031 4241 3121 4296 ﬁlii
3151 4240 3490 4311 jejunabunt.
3527 4239 3776 4293 Nonnulli

2194 4342 2389 4405 putant
2410 4334 2612 4387 idcirco
2630 4342 2753 4401 post.
2776 4332 2892 4385 dEes
2917 4347 3017 4400 qua
3032 4332 3269 4399 iraginta
3295 4330 3560 4400 passionis
3576 4328 3777 4399 jejunia

2197 4426 2394 4481 debere
2444 4424 2744 4489 committi,
2788 4424 2912 4477 licet
2967 4424 3151 4478 statim
3192 4423 3305 4476 dies
3346 4421 3693 4475 Pentecostes
3730 4430 3776 4474 et

506 4500 765 4569 apostolos
787 4501 915 4555 haec.
946 4499 1107 4553 Maria
1140 4500 1448 4569 Magdalene
1478 4501 1591 4571 ipsa
1614 4510 1697 4556 est
1721 4518 1875 4557 soror
1896 4501 2083 4556 Lazari

510 4603 624 4611 ---μ
658 4589 803 4611 -...--ξ.
838 4589 1118 4611 “unum
1508 4589 1699 4611 μην
1904 4590 2080 4611 ηιμ---

2198 4516 2432 4588 Spiritus
2457 4524 2675 4571 sanctus
2700 4515 2991 4570 adveniens
3016 4515 3217 4568 indicet
3240 4513 3392 4567 nobis
3408 4512 3775 4576 festivitatem,

506 4603 627 4658 qua:
658 4589 809 4642 unxit
838 4589 1121 4643 Dominum
1162 4598 1465 4660 unguento,
1498 4589 1704 4643 Joanna
1739 4606 1873 4644 uxor
1904 4590 2087 4645 Chuza

505 4679 873 4749 procuratoris
918 4678 1168 4744 Herodis,
1212 4681 1278 4734 de
1320 4682 1516 4751 quibus
1553 4695 1712 4749 supra
1745 4680 1943 4736 lectum
1984 4689 2089 4735 est.

509 4770 678 4826 Maria
702 4770 887 4827 Jacobi
926 4781 1097 4827 mater
1119 4780 1203 4827 est
1230 4771 1415 4827 Jacobi
1438 4771 1675 4842 junioris
1702 4781 1757 4827 et
1781 4771 2004 4841 Josepb,
2038 4780 2093 4827 et

509 4870 570 4915 ut
609 4856 822 4915 Marcus
862 4861 1187 4930 evangelista
1235 4862 1391 4925 dicit,
1425 4877 1575 4915 soror
1612 4861 1797 4915 matris
1832 4862 2043 4915 Domini
2074 4878 2093 4927 ,-

508 4949 651 5004 unde
688 4958 742 5005 et
768 4951 880 5019 ipse
908 4950 1143 5006 Jacobus
1172 4950 1337 5019 frater
1359 4951 1569 5005 Domini
1597 4950 1795 5005 meruit
1819 4950 2019 5004 vocari.

581 5059 650 5114 Et
695 5062 804 5115 visa
841 5073 962 5115 sunt
994 5054 1120 5116 ante
1155 5060 1274 5115 illos
1322 5062 1457 5115 sicut
1504 5060 1904 5115 deliramentum
1936 5059 2089 5113 verba

511 5156 630 5214 ista.
656 5164 702 5207 et
730 5170 831 5206 non
858 5153 1131 5206 credebant
1161 5153 1286 5207 illis.
1321 5153 1473 5219 Quod
1505 5154 1952 5208 resurrectionem
1988 5154 2093 5207 Do-

513 5244 767 5299 minieam
799 5243 1045 5311 discipuli
1084 5244 1235 5296 tarde
1278 5242 1642 5307 crediderunt,
1692 5256 1798 5296 non
1836 5250 1944 5297 tam
1977 5242 2091 5295 illo-

514 5349 634 5390 rum
689 5333 1004 5395 infirmitas,
1047 5346 1205 5402 quam
1253 5341 1435 5388 nostra
1478 5341 1536 5386 ut
1574 5333 1643 5386 ita
1694 5332 1869 5387 dicam
1912 5332 2091 5385 futura

516 5422 746 5479 ﬁrmitas
772 5421 889 5474 fuit.
924 5420 1040 5489 Ipsa
1067 5437 1297 5490 namque
1328 5421 1653 5475 resurrectio
1684 5420 1824 5475 illius
1853 5420 2097 5475 dubitan-

518 5514 660 5570 tibus
689 5528 787 5582 per
812 5514 979 5567 multa
1009 5522 1323 5584 argumenta
1353 5521 1648 5568 monstrata
1674 5520 1784 5577 est,
1819 5527 1938 5580 qua:
1967 5513 2094 5566 dum

518 5618 618 5660 nos
642 5604 879 5676 legentes
902 5605 1259 5675 agnoscimus,
1291 5606 1417 5675 quid
1444 5604 1589 5659 aliud
1608 5619 1769 5674 quam
1792 5604 1859 5659 de
1882 5602 2093 5656 illorum

518 5693 851 5749 dubitatione
875 5689 1208 5749 solidamur?

592 5782 779 5839 Petrus
817 5794 989 5841 autem
1028 5801 1242 5856 surgens
1282 5786 1443 5840 currit
1488 5784 1557 5839 ad
1595 5791 2004 5851 monumentum,
2028 5784 2094 5836 'ct

2192 4614 2245 4661 et
2290 4620 2353 4659 ex
2392 4605 2551 4675 hujus
2580 4604 2864 4659 occasione
2906 4603 3194 4657 testimonii
3237 4600 3541 4663 Montanus,
3568 4598 3771 4665 Prisca,

2194 4706 2249 4751 et
2275 4696 2565 4751 Maximilla
2596 4697 2755 4751 etiam
2788 4703 2909 4765 post
2924 4693 3275 4748 Pentecosten
3306 4691 3512 4746 faciunt
3539 4691 3771 4760 quadrae

2195 4787 2639 4859 gesimam,quod
2664 4786 2843 4841 ablato
2880 4801 3078 4855 sponso
3106 4784 3197 4839 filii
3229 4783 3413 4854 sponsi
3444 4783 3676 4837 debeant
3692 4783 3771 4853 je-

2188 4881 2402 4950 junare.
2456 4877 2710 4933 Ecclesia:
2751 4885 2929 4931 autem
2973 4875 3306 4930 consuetudo
3346 4873 3411 4925 ad
3457 4871 3761 4940 passionem

2197 4967 2408 5021 Domini
2459 4975 2514 5019 et
2550 4964 3004 5019 resurrectionem
3052 4977 3149 5030 per
3199 4960 3554 5015 humilitatem
3604 4959 3776 5013 carnis

2196 5057 2376 5119 venit,
2416 5064 2477 5109 ut
2509 5053 2738 5125 spiritali
2777 5051 3097 5124 saginationi
3134 5049 3338 5119 jejunio
3371 5049 3616 5117 corporis
3644 5063 3776 5117 pra:—

2196 5164 2468 5219 paremur.
2511 5146 2671 5201 Juxta
2717 5147 2862 5217 leges
2913 5152 3091 5198 autem
3134 5141 3446 5211 tropulogia:
3478 5139 3771 5203 sciendum,

2198 5240 2339 5309 quod
2363 5240 2600 5311 quandiu
2630 5252 2862 5308 sponsus
2901 5236 3180 5289 nobiscum
3209 5242 3290 5287 est
3318 5231 3448 5286 etin
3483 5230 3663 5284 lzetitia
3690 5245 3775 5282 su-

2202 5345 2339 5393 mus,
2370 5344 2470 5384 nec
2492 5328 2738 5397 jejunare
2759 5341 3046 5395 possumus
3073 5340 3171 5378 nec
3202 5324 3383 5393 Ingere
3410 5339 3424 5387 ;
3453 5337 3578 5376 cum
3602 5330 3774 5375 autem

2204 5416 2291 5471 ille
2331 5432 2360 5470 a
2410 5416 2563 5470 nobis
2609 5423 2827 5485 propter
2876 5423 3095 5483 peccata
3134 5411 3421 5467 recesserit
3448 5418 3505 5464 et
3531 5408 3770 5477 avolavit,

2203 5513 2333 5560 tunc
2360 5505 2702 5560 indicendum
2725 5504 2987 5575 jejunium
3014 5512 3127 5567 est,
3158 5512 3284 5556 tunc
3313 5500 3488 5554 luctus
3522 5499 3765 5569 recipien-

2203 5599 2300 5653 dus
2319 5606 2421 5652 est.

2274 5690 2443 5744 Nemo
2463 5689 2619 5743 mittit
2641 5690 3036 5743 commissuram
3058 5689 3218 5757 panni
3238 5687 3383 5741 rudis
3402 5686 3456 5739 in
3479 5685 3771 5739 vestimento

2201 5782 2357 5836 ceteri
2372 5799 2391 5845 ;
2424 5781 2553 5833 tollit
2588 5781 2723 5834 cnim
2755 5778 3128 5849 plenitudinem
3163 5778 3275 5847 ejus
3304 5778 3366 5831 de
3395 5776 3691 5830 vestimento
3724 5790 3764 5828 et
