3946 6348
172 359 267 416 103

1263 365 1567 423 ΠΟΜΙῌᾸΞ
1607 369 1673 425 IN
1713 370 1966 428 EVANG.
2001 372 2090 429 ET
2124 375 2343 435 EPIST.

3334 397 3438 455 ιω

163 473 307 543 pejor
349 471 587 526 scissura
628 472 710 541 ﬁt.
763 472 942 544 Neque
984 474 1196 530 mittunt
1239 479 1414 532 uinum
1458 496 1647 533 novum
1699 482 1754 536 in
1782 488 1833 547 Α
1858 483 1978 539 sine
2005 483 2111 541 line
2139 489 2331 557 gaudia
2363 506 2421 546 se
2461 504 2677 562 sperant
2705 499 2973 567 accipere,
3004 512 3059 557 et
3091 502 3143 558 in
3172 514 3437 566 aeternum

167 574 301 616 utres
337 573 567 631 veteres,
607 563 840 633 alioquin
869 578 1173 638 rumpentur
1209 580 1347 624 utres
1380 581 1430 624 et
1466 572 1641 625 vinum
1671 573 1747 643 ef-

165 656 428 722 [πεπαθυίῃ
464 663 515 707 et
549 663 691 709 utres
720 656 995 723 peribunt.-
1014 655 1118 712 Sed
1142 659 1197 713 in
1222 669 1361 713 utres
1388 676 1544 715 novos
1571 662 1746 716 vinum

166 760 347 797 norunt
370 745 586 797 mittunt
616 754 665 798 et
694 744 845 799 ambo
866 758 1259 802 conservantur.
1294 748 1449 815 Quod
1470 749 1618 817 dicit,
1645 752 1747 808 hoc

164 842 244 887 est
274 848 287 884 :
317 833 493 887 donec
516 834 637 903 quis
667 844 887 889 renatus
914 834 1099 902 fuerit,
1124 846 1180 893 et
1209 831 1380 894 veteri
1406 842 1624 897 homine
1648 843 1742 898 de-

163 922 336 992 posito
362 936 462 991 per
489 923 799 993 passionem
830 940 1008 980 meam
1038 942 1235 982 novum
1266 930 1537 987 hominem
1560 932 1745 988 indue-

165 1013 250 1078 rit,
278 1028 384 1067 non
412 1021 595 1083 potest
616 1014 887 1071 severiora
910 1014 1103 1087 ieiunii
1133 1027 1187 1075 et
1212 1020 1557 1077 continentiae
1584 1025 1744 1079 susti-

162 1117 286 1159 nere
326 1111 621 1175 pmcepta,
668 1121 737 1161 ne
776 1121 873 1176 per
913 1109 1287 1166 austeritatem
1327 1112 1549 1168 nimiam
1578 1115 1743 1171 etiam

161 1192 536 1249 credulitatem
575 1211 737 1266 quam
792 1212 940 1252 nunc
988 1199 1191 1255 habere
1247 1203 1461 1259 videtur
1506 1207 1737 1262 amittat.

160 1282 271 1337 Duo
292 1291 476 1339 autem
501 1284 746 1356 exempla
774 1288 975 1357 posuit,
1002 1290 1312 1348 vestimenti
1336 1302 1392 1350 et
1424 1296 1627 1351 utrium
1654 1313 1742 1353 ve-

160 1380 331 1427 terum
392 1380 450 1428 et
499 1388 794 1441 novorum;
857 1385 1071 1435 veteres
1126 1380 1388 1439 debemus
1442 1386 1741 1461 intelligere

158 1461 362 1516 scribas
414 1471 474 1518 et
520 1463 855 1532 Pharisaeos;
903 1466 1121 1540 plagula
1167 1473 1475 1530 vestimenti
1518 1480 1643 1533 novi
1685 1488 1740 1535 et

156 1549 333 1603 vinum
364 1566 564 1607 novum
592 1564 859 1624 praecepta
889 1558 1199 1628 evangelica
1228 1563 1452 1630 sentire,
1482 1581 1602 1635 quae
1632 1583 1737 1623 non

157 1648 377 1706 possunt
406 1641 681 1697 sustinere
708 1642 879 1699 Judaei
903 1662 971 1701 ne
1002 1647 1175 1716 major
1202 1650 1439 1707 scissura
1462 1652 1571 1709 ﬂat.
1608 1655 1737 1713 Tale

157 1727 280 1795 quid
316 1736 372 1782 et
402 1726 613 1786 Galatae
654 1729 836 1788 facere
864 1735 1174 1805 cupiebant,
1204 1747 1264 1793 ut
1288 1755 1409 1797 cum
1444 1742 1736 1815 Evangelia

1850 590 2078 645 regnare
2122 592 2243 633 cum
2284 580 2519 638 Christo.
2559 585 2630 640 At
2674 603 2802 643 vero
2845 593 3057 661 reprobi
3099 594 3189 650 hic
3234 600 3438 655 habent

1847 671 2097 739 patriam,
2128 672 2280 742 cuius
2302 676 2473 731 solum
2504 680 2625 734 vitae
2650 682 2931 739 desideriis
2957 696 3158 742 norunt
3203 689 3434 749 inhiare.

1846 762 2076 834 Ideoque
2106 775 2229 836 post
2254 768 2393 824 hanc
2416 771 2580 824 vitam
2613 772 2667 827 in
2702 775 2949 832 exsilium
2980 779 3291 850 relegantur
3311 798 3436 853 per-

1845 862 2090 924 petuum.
2143 857 2229 912 ubi
2277 862 2486 917 cunctis
2514 872 2763 920 carentes
2799 868 3185 938 voluptatibus,
3218 875 3331 930 sola
3372 876 3429 932 in

1848 944 2134 999 tormentis
2162 947 2435 1016 patiantur
2473 952 2717 1007 adversa.

1915 1031 2372 1093 Conversationem
2413 1052 2637 1096 uestram
2676 1044 2814 1099 inter
2852 1058 3026 1117 gentes
3056 1052 3301 1109 habentes
3340 1055 3431 1111 bo-

1846 1141 1969 1178 nam
1992 1165 2004 1189 ,
2040 1135 2095 1178 ut
2123 1127 2177 1180 in
2205 1144 2265 1182 eo
2305 1132 2443 1199 quod
2484 1134 2772 1189 detrectant
2797 1136 2860 1191 de
2887 1140 3027 1193 vobis
3072 1144 3321 1211 tanquam
3361 1146 3429 1201 de

1843 1213 2289 1283 malefactoribus,
2340 1236 2404 1273 ea:
2433 1222 2581 1276 bonis
2619 1224 2860 1294 operibus
2903 1241 2997 1283 vos
3037 1232 3428 1291 considerantes

1842 1302 2133 1373 glorificent
2154 1306 2322 1362 Deum
2343 1310 2396 1363 in
2425 1310 2509 1364 die
2545 1313 2871 1370 uisitationis.
2902 1316 3228 1391 Plerumque
3256 1326 3433 1379 conti-

1842 1392 1919 1463 git
1947 1403 2005 1447 ut
2034 1398 2226 1467 pagani
2268 1401 2358 1469 qui
2391 1400 2549 1457 iidem
2590 1401 3019 1477 Christianorum
3045 1413 3427 1483 vituperabant

1842 1497 2011 1550 quare
2035 1485 2165 1541 deos
2191 1503 2317 1543 suos
2346 1490 2785 1561 dereliquisscnt,
2820 1502 3160 1567 postmodum
3186 1506 3431 1562 conside-

1842 1585 2027 1633 rantes
2053 1590 2257 1635 castam
2280 1597 2467 1637 eorum
2506 1589 2977 1647 conversationem
3009 1601 3065 1649 et
3092 1595 3348 1652 invictum
3376 1599 3429 1653 in

1840 1665 2058 1726 Christo
2087 1674 2348 1741 animum,
2384 1687 2659 1733 cessarent
2700 1682 2781 1737 eis
2804 1684 3113 1752 detrahere,
3146 1691 3423 1761 magisque

1842 1758 2010 1815 Deum
2053 1764 2358 1833 gloriﬁcare
2382 1783 2446 1823 ac
2474 1768 2693 1827 laudare
2734 1773 3036 1843 inciperent
3065 1778 3155 1846 qui
3184 1758 3427 1837 bonitate

156 1828 415 1921 Ρτξέοεριε
456 1819 593 1923 legis
630 1822 922 1878 miscerem
945 1836 1079 1939 .06:
1111 1830 1165 1939 i‘n
1213 1832 1423 1939 utribus
1464 1839 1737 1894 veteribus
1766 1841 1811 1899 B
1839 1864 1905 1904 ac
1936 1819 2145 1917 iustitia
2184 1856 2455 1911 cultorum
2494 1875 2712 1918 suorum
2750 1819 2924 1921 boan
2951 1819 3423 1939 esse‘probaretur

158 1909 428 1965 mitterent
474 1912 667 1968 vinum
708 1929 930 1969 novum.
974 1916 1080 1972 Sed
1109 1919 1401 1989 Apostolus
1437 1926 1505 1980 ad
1542 1942 1637 1982 eos
1663 1927 1727 1983 lo

155 2002 372 2071 quitur:
408 2002 453 2059 0
482 2004 731 2061 insensati
769 2003 1009 2063 Galatae!
1035 2011 1152 2081 quis
1182 2029 1268 2067 vos
1299 2014 1577 2083 fascinavit
1603 2021 1737 2072 veri-

156 2099 248 2149 tati
269 2112 369 2149 non
392 2096 601 2150 obedire
625 2096 651 2149 7
676 2097 869 2151 Sermo
894 2096 1061 2166 igitur
1082 2100 1431 2167 evangelicus
1455 2102 1721 2171 apostolis

159 2190 331 2257 potius
361 2203 528 2256 quam
571 2189 767 2243 scribis
796 2198 851 2244 et
882 2189 1171 2245 Pharisaais
1217 2201 1301 2246 est
1325 2192 1717 2263 iniungendae,

159 2279 249 2348 qui
286 2279 558 2347 majorum
600 2279 986 2336 traditionibus
1032 2282 1310 2353 depravati
1346 2286 1717 2341 sinceritatem

157 2384 549 2439 praceptorum
582 2370 784 2427 Christi
835 2389 942 2428 non
979 2382 1233 2443 poterant
1268 2378 1563 2431 custodire.
1600 2380 1720 2433 Alia

158 2471 229 2514 est
250 2460 397 2515 enim
425 2464 638 2527 puritas
658 2463 935 2534 virginalis
959 2465 1153 2519 animm
1168 2476 1223 2521 et
1245 2469 1389 2522 nulla
1416 2470 1615 2539 prioris
1642 2472 1724 2525 vi-

153 2552 208 2603 tii
228 2557 551 2623 contagione
570 2556 807 2621 pollutae,
827 2567 879 2610 et
899 2558 1019 2612 alia:
1038 2559 1230 2619 sordes
1250 2561 1367 2632 ejus
1385 2577 1505 2631 qua:
1520 2564 1719 2619 multo~

153 2650 262 2691 rum
300 2638 512 2695 libidini
549 2642 894 2713 subiacuerit.
924 2644 1080 2703 Unde
1119 2663 1342 2705 necesse
1382 2661 1555 2707 estut
1585 2655 1735 2724 prius

153 2726 218 2781 ab
240 2744 345 2783 uno
372 2743 588 2800 quoque
614 2733 905 2789 abluantur
929 2738 1117 2794 sordes
1141 2740 1392 2795 vitiorum
1418 2748 1473 2797 et
1492 2751 1735 2799 vetustas

154 2820 352 2886 peccati
387 2836 487 2891 per
518 2823 892 2893 paenitentiam
925 2840 1278 2901 expurgetur,
1317 2841 1372 2888 et
1411 2834 1489 2889 sic
1523 2836 1733 2891 Domini

149 2908 445 2976 opitulante
487 2914 662 2984 gratia
694 2916 958 2972 virtutum
1000 2920 1227 2976 scientia
1262 2932 1319 2976 et
1350 2925 1605 2994 spiritalis
1638 2927 1736 2982 do-

157 3001 339 3056 ctrina:
372 3002 594 3060 Christo
630 3006 893 3074 largiente
923 3008 1254 3077 conferatur,
1288 3016 1381 3082 qui
1406 3016 1539 3070 vivit
1564 3026 1619 3072 et
1651 3034 1723 3073 re

1845 1949 1901 1995 et
1923 1941 2123 2011 iustus.

1916 2027 2238 2105 GIori/icent.
2293 2038 2488 2108 inquit,
2532 2040 2701 2097 Deum
2734 2044 2786 2098 in
2822 2046 2907 2100 die
2940 2048 3267 2114 uisitationis,
3313 2051 3419 2109 hoc

1842 2136 1947 2193 est,
1979 2128 2032 2182 in
2063 2138 2301 2198 tempore
2331 2134 2718 2191 retributionis.
2750 2136 2960 2204 Quanta
2983 2141 3133 2195 vobis
3160 2144 3230 2197 sit
3254 2144 3426 2214 gloria

1838 2234 1937 2288 per
1970 2219 2138 2274 Deum
2186 2222 2434 2276 donanda
2466 2224 2578 2292 iam
2624 2242 2769 2281 nunc
2804 2240 3102 2297 agnoscant
3137 2232 3424 2302 increduli,

1841 2323 1965 2362 cum
1992 2325 2087 2364 vos
2113 2310 2381 2367 instanter
2405 2329 2503 2383 per
2531 2316 2800 2370 obstantia
2821 2320 3059 2388 pericula
3092 2322 3240 2377 illum
3270 2325 3425 2396 sequi

1839 2401 2233 2469 perspexerint.

1914 2488 2152 2560 Subjecti
2205 2501 2366 2545 estote
2422 2496 2561 2547 omni
2616 2495 2859 2551 Itunzana:
2914 2508 3169 2555 creatura:
3216 2515 3428 2575 propter

1842 2578 2026 2633 Deum.
2054 2579 2213 2636 Omni
2250 2582 2499 2639 humana:
2532 2594 2795 2641 creaturae
2841 2588 2970 2643 dicit
2995 2592 3141 2645 omni
3173 2592 3423 2665 dignitati

1836 2667 2134 2733 hominum,
2150 2672 2296 2725 omni
2319 2687 2583 2741 personae.
2608 2676 2752 2729 omni
2774 2677 3091 2746 principatui
3113 2682 3199 2735 cui
3217 2698 3311 2738 vos
3336 2685 3419 2739 di-

1835 2757 1963 2812 vina
1985 2757 2263 2827 dispositio
2289 2760 2443 2815 subdi
2466 2762 2711 2817 voluerit.
2739 2763 2850 2819 Hoc
2872 2774 2956 2819 est
2980 2767 3121 2821 enim
3144 2770 3287 2838 quod
3317 2772 3417 2839 ait,

1834 2858 2046 2919 propter
2062 2848 2252 2914 Deum,
2281 2852 2403 2921 quia
2434 2868 2535 2906 non
2560 2863 2633 2907 est
2658 2865 2885 2924 potestas
2912 2858 3013 2909 nisi
3038 2875 3070 2910 a
3093 2856 3225 2923 Deo,
3248 2846 3295 2913 et
3326 2861 3419 2923 qui

1833 2940 2075 3007 potestati
2106 2942 2315 3006 resistit,
2343 2941 2437 2997 Dei
2467 2944 2787 2999 ordinationi
2816 2932 3231 3013 resistitrQuam
3258 2964 3409 3005 crea-

1834 3037 2011 3083 turam
2058 3030 2451 3100 subsequenter
2474 3032 2770 3102 adiungens
2813 3036 3034 3103 exponit
3069 3050 3084 3087 :
3135 3035 3256 3091 Sive
3284 3038 3417 3109 regi,

153 3096 273 3157 gnat
301 3104 423 3146 cum
456 3093 568 3149 Deo
602 3094 764 3150 Patre
802 3096 854 3150 in
894 3098 1099 3153 unitate
1124 3097 1359 3169 Spiritus
1393 3109 1589 3171 sancti,
1633 3121 1726 3174 per

1837 3121 1984 3191 quasi
2005 3120 2343 3189 praceilenti,
2368 3123 2473 3177 sive
2500 3123 2742 3189 ducibus,
2774 3135 3022 3196 tanquam
3051 3127 3115 3180 ab
3140 3144 3201 3181 eo
3223 3129 3418 3186 missis.

151 3182 322 3235 omnia
352 3182 551 3237 saecula
581 3184 919 3240 saeculorum.
956 3186 1149 3244 Amen.

660 3293 943 3351 IIOMILIA
981 3296 1193 3353 XXVII.

406 3396 665 3438 DOIINICA
700 3400 738 3438 ιι
778 3400 908 3441 POS'I‘
948 3401 1198 3443 οοτλνω
1240 3406 1471 3445 PASCBB.

441 3474 629 3529 Lectio
650 3474 901 3545 Epistolas
928 3475 989 3531 Β.
1016 3476 1159 3533 Petri
1184 3480 1430 3550 apostoli.

212 3560 551 3633 Charissimi,
593 3565 802 3620 obsecro
827 3582 915 3622 vos
951 3578 1203 3640 tanquam
1229 3570 1456 3627 advenas
1493 3582 1542 3627 et
1582 3591 1727 3643 pere-

148 3652 334 3720 grinos,
359 3662 469 3710 etc.

208 3743 438 3801 Advenae
486 3746 679 3804 Latine
738 3748 994 3805 dicuntur
1034 3753 1295 3824 proselyti
1345 3770 1451 3825 quo
1508 3759 1725 3814 nomine

149 3835 476 3907 appellabant
498 3838 663 3895 Judaei
692 3856 787 3896 eos
813 3842 905 3911 qui
941 3841 1008 3896 de
1036 3842 1283 3912 gentibus
1313 3847 1422 3900 nati
1446 3846 1499 3899 in
1530 3848 1720 3912 Deum,

148 3926 355 3982 credere
380 3936 437 3983 et
457 3930 874 3987 circumcisione
899 3943 1119 4003 accepta
1146 3930 1372 3990 Iudaico
1394 3952 1544 3991 more
1565 3936 1721 4005 juxta

150 4013 232 4068 Dei
272 4015 443 4087 legem
473 4019 641 4077 vitam
669 4019 869 4076 ducere
902 4021 1209 4077 noluerunt.
1254 4024 1329 4078 De
1360 4040 1590 4094 quorum
1618 4034 1721 4081 nu-

148 4120 285 4161 mero
311 4106 466 4163 fuere
512 4108 730 4179 quidam
769 4126 957 4167 eorum
984 4112 1075 4182 qui
1108 4113 1159 4167 in
1189 4113 1275 4168 die
1306 4124 1492 4171 sancto
1530 4116 1724 4172 Pente-

148 4205 309 4253 costas
330 4214 441 4268 quo
463 4199 692 4269 apostoli
710 4197 970 4271 Spiritum
997 4210 1245 4257 sanctum
1271 4205 1323 4258 in
1353 4204 1492 4273 ignis
1520 4205 1723 4261 visione

145 4298 526 4360 perceperunt,
560 4290 627 4344 ad
658 4290 1098 4360 praedicationem
1134 4306 1322 4347 eorum
1352 4293 1567 4349 Christo
1602 4309 1723 4349 cre-

145 4375 413 4442 diderunt,
462 4378 678 4434 dicente
708 4378 990 4451 Scriptura
1032 4380 1177 4451 quod
1204 4379 1374 4436 Judaei
1414 4397 1627 4453 quoque
1668 4394 1723 4439 et

145 4464 386 4535 proselyti
413 4465 685 4521 adessent.
720 4466 828 4521 Sed
862 4475 919 4521 et
948 4483 1045 4523 nos
1077 4469 1120 4523 si
1147 4470 1419 4524 veraciter
1440 4486 1561 4525 cum
1590 4471 1720 4525 Pro-

144 4554 291 4620 pheta
340 4555 453 4611 Deo
502 4555 681 4611 dicere
723 4572 1029 4627 possumus.
1077 4556 1342 4622 Quoniam
1388 4559 1573 4614 incola:
1620 4577 1714 4615 nos
1743 4543 1794 4603 Ῑ)

143 4659 308 4699 sumus
330 4645 476 4715 apud
503 4656 551 4700 te
578 4646 632 4699 in
662 4654 801 4700 terra
826 4657 874 4701 et
895 4650 1153 4719 peregrini
1182 4651 1320 4703 sicut
1346 4666 1522 4705 omnes
1542 4662 1716 4719 patres

145 4739 309 4799 nostri,
352 4737 419 4791 ad
445 4751 547 4792 nos
570 4751 783 4807 quoque
822 4738 1090 4807 Epistolas
1126 4740 1267 4795 beati
1313 4739 1459 4795 Petri
1488 4742 1718 4811 scriptas

144 4827 372 4892 credere,
395 4837 451 4883 et
481 4828 637 4897 quasi
663 4827 818 4885 nobis
841 4828 1036 4883 missas
1061 4829 1241 4900 legere
1272 4830 1549 4886 debemus.

208 4916 467 4973 Abstinetc
487 4934 574 4973 vos
600 4935 629 4971 a
666 4919 967 4973 carnalibus
999 4920 1297 4987 desideriis,
1327 4938 1449 4992 quis
1487 4922 1715 4976 militant

144 5007 373 5063 adversus
403 5012 659 5064 animam.
688 5010 822 5065 Dum
843 5013 1296 5080 concupiscentiis
1317 5014 1714 5070 blandientibus

145 5111 258 5152 caro
302 5100 578 5154 enerviter
617 5094 955 5169 subiugatur,
994 5099 1108 5169 iam
1151 5102 1407 5156 vitiorum
1441 5103 1713 5158 exercitus

146 5185 357 5245 firmiter
381 5191 647 5247 adversus
675 5192 908 5247 animam
938 5201 1197 5247 armatur.
1235 5193 1382 5260 Quos
1405 5205 1713 5264 competen-

148 5286 218 5331 ω»
234 5281 464 5335 advenas
490 5290 649 5336 vocat
668 5291 721 5336 et
749 5282 1079 5353 peregrinos,
1106 5291 1164 5337 ut
1188 5298 1254 5337 eo
1279 5284 1457 5339 minus
1484 5284 1712 5339 terrenis

145 5370 290 5425 rebus
316 5373 556 5425 animam
590 5382 892 5442 supponant
915 5415 932 5439 ,
963 5388 1069 5443 quo
1104 5388 1162 5428 se
1196 5373 1425 5443 patriam
1464 5374 1521 5428 in
1561 5374 1711 5429 cmlis

148 5458 327 5517 habere
356 5463 722 5518 meminerint.
756 5465 997 5535 Namque
1026 5466 1132 5519 hoc
1163 5465 1365 5520 distare
1388 5466 1442 5520 in
1473 5468 1577 5521 hac
1599 5467 1709 5522 vita

147 5548 274 5601 inter
297 5550 502 5607 electos
528 5550 669 5605 solet
698 5560 754 5606 et.
781 5553 1061 5620 reprobos,
1092 5552 1233 5623 quod
1256 5552 1413 5607 electi
1438 5556 1706 5625 peregrini

149 5651 275 5692 nunc
299 5640 511 5695 exsules
544 5648 866 5710 exspectant
909 5640 1115 5705 futura,
1156 5649 1412 5711 tantoque
1437 5644 1617 5698 minus
1654 5645 1707 5698 in

147 5733 373 5795 praesenti
403 5734 615 5803 gaudiis
645 5732 978 5788 delectantur
1004 5734 1219 5789 caducis
1246 5774 1261 5802 ,
1299 5743 1500 5805 quanto
1526 5734 1707 5790 futura

1756 3190 1800 3253 C
1830 3207 1955 3263 Ideo
2000 3211 2109 3280 regi
2135 3218 2342 3265 tantum
2372 3226 2435 3268 ac
2461 3212 2707 3278 ducibus,
2747 3229 2851 3269 non
2879 3190 3074 3271 autem
3102 3225 3156 3272 et
3184 3219 3415 3277 dominis

1829 3299 1981 3367 dicit,
2028 3300 2154 3371 quia
2190 3302 2293 3357 hoc
2341 3303 2394 3357 in
2432 3302 2549 3359 loco
2588 3303 2708 3359 illos
2744 3306 3052 3375 Specialiter
3094 3316 3154 3362 ut
3196 3308 3411 3378 prefati

1827 3405 2015 3446 sumus
2057 3392 2291 3457 instruit,
2323 3394 2414 3461 qui
2458 3402 2585 3447 sunt
2614 3392 2816 3449 domini
2860 3410 3173 3463 servorum;
3228 3398 3418 3455 subse—

1826 3488 2054 3548 quenter
2078 3495 2229 3548 vero,
2259 3488 2315 3536 et
2344 3496 2530 3537 servos
2564 3474 2835 3552 quomodo
2880 3486 3116 3541 dominis
3141 3486 3411 3544 famulen-

1828 3580 1916 3627 tur
1944 3573 2214 3628 admonet.
2265 3573 2432 3629 Docet
2478 3588 2605 3645 ergo
2658 3575 2843 3631 ﬁdeles
2889 3574 3117 3643 famulos
3164 3578 3415 3635 videlicet

1825 3664 2014 3719 aeterni
2061 3664 2205 3735 regis
2228 3665 2393 3719 etiam
2428 3666 2612 3720 mundi
2640 3667 2999 3737 potestatibus
3026 3668 3204 3731 subdi,
3235 3682 3302 3722 ne
3334 3669 3417 3726 vel

1827 3760 1881 3811 in
1909 3758 2013 3813 hoc
2040 3758 2165 3813 ﬁdei
2196 3768 2253 3814 et
2297 3759 2543 3829 religioni
2579 3759 2897 3815 Christianae
2924 3762 3251 3817 conditionis
3284 3762 3407 3831 iura

1825 3848 2132 3918 turbentur.
2161 3846 2295 3900 Nam
2322 3856 2377 3901 et
2411 3848 2481 3900 ita
2516 3857 2662 3901 recte
2689 3856 2865 3920 potest
2900 3850 3121 3919 intelligi
3152 3852 3295 3920 quod
3323 3853 3407 3909 di-

1824 3943 1971 3989 ctum
2000 3942 2103 4001 est,
2129 3936 2271 3989 omni
2314 3936 2557 3990 humana:
2582 3948 2861 4003 creaturae,
2891 3948 2948 3993 ut
2986 3940 3322 4011 signiﬁcetur
3348 3950 3405 3999 et

1824 4026 2072 4082 ﬁdelibus
2100 4035 2157 4082 et
2184 4027 2478 4082 incredulis
2508 4036 2691 4083 rerum
2723 4028 2980 4087 dominis.

1894 4116 1977 4171 Ad
1999 4116 2280 4174 vindictam
2312 4116 2731 4187 malefactorum,
2756 4118 2964 4182 laudem
2988 4138 3105 4176 vero
3126 4122 3401 4178 bonorum.

1822 4204 1939 4260 Non
1969 4208 2112 4277 quod
2152 4221 2342 4261 omnes
2382 4208 2473 4277 qui
2520 4223 2550 4261 a
2598 4208 2814 4278 regibus
2852 4209 3141 4265 mittuntur
3166 4211 3409 4269 duceset

1822 4295 2202 4353 malefactores
2228 4297 2422 4366 punire
2451 4307 2505 4352 et
2551 4298 2773 4353 laudare
2802 4300 2974 4355 bonos
3002 4301 3278 4366 noverint,
3310 4303 3408 4359 sed

1820 4401 1941 4457 qnte
1968 4401 2087 4442 esse
2114 4387 2310 4443 debeat
2345 4388 2487 4443 actio
2516 4388 2645 4441 boui
2666 4389 2820 4444 ducis
2848 4390 3166 4463 simpliciter
3195 4402 3404 4459 narrat.

1821 4478 1923 4532 hoc
1950 4486 2053 4543 est,
2084 4486 2141 4532 ut
2167 4478 2307 4533 male
2333 4477 2595 4533 facientes
2630 4489 2897 4545 coerceat,
2930 4489 2989 4535 ut
3016 4483 3151 4536 bene
3181 4492 3406 4553 agentes

1820 4579 2156 4632 remuneret;
2182 4571 2272 4639 qui
2302 4571 2513 4625 etiamsi
2545 4570 2738 4639 iniuste
2764 4574 2873 4643 agit
2894 4574 2936 4627 si
2966 4574 3134 4628 bonos
3162 4575 3403 4643 damnat,

1821 4658 2171 4727 nihilominus
2218 4661 2285 4716 ad
2336 4660 2544 4715 laudem
2576 4676 2761 4716 eorum
2803 4663 3074 4733 pertinent
3104 4680 3224 4735 quas
3249 4665 3402 4734 facit,

1806 4749 1865 4803 si
1894 4749 2165 4818 patienter
2203 4749 2319 4820 eius
2347 4749 2585 4804 stultitiae
2610 4752 2895 4817 resistunt.
2927 4752 3082 4809 Unde
3114 4762 3170 4808 et
3204 4754 3404 4814 Paulus

1819 4839 1991 4894 dicit:
2033 4840 2145 4905 Vis,
2177 4840 2373 4912 inquit,
2398 4857 2500 4895 non
2526 4843 2707 4905 timere
2740 4838 3287 4920 potestatemlbonum
3314 4828 3404 4917 fac

1816 4938 1864 4982 et
1888 4929 2099 4984 habebis
2123 4929 2331 4985 laudem
2356 4947 2422 4985 ea:
2446 4930 2557 4984 illa.
2588 4930 2702 4986 Non
2726 4932 2857 4987 dicit
2877 4932 2945 4988 ab
2961 4932 3183 4999 illa,sed
3204 4936 3400 5004 exilia,

1820 5020 1947 5088 quia
1978 5021 2081 5075 etsi
2116 5029 2355 5090 potestas
2392 5031 2444 5074 te
2490 5022 2761 5077 mundana
2811 5038 2917 5080 non
2956 5023 3175 5090 laudat,
3214 5026 3322 5083 imo
3353 5028 3400 5083 si

1817 5109 1981 5164 etiam
2020 5112 2392 5181 persequitur,
2423 5113 2469 5167 si
2506 5113 2703 5168 occidit
2746 5114 2922 5185 gladio
2966 5124 3023 5170 ut
3061 5115 3284 5170 Paulum
3311 5158 3326 5183 ,
3352 5118 3400 5173 si

1816 5198 2087 5270 cruciﬁgit
2111 5208 2172 5253 ut
2196 5199 2435 5265 Petrum,
2469 5203 2692 5258 habebis
2716 5218 2781 5258 ex
2808 5202 2896 5257 illa
2926 5202 3160 5271 laudem,
3184 5207 3309 5261 dum
3332 5222 3397 5263 ex

1816 5304 1882 5345 eo
1900 5291 2044 5360 quod
2073 5291 2160 5345 illa
2196 5292 2469 5348 malefacit
2498 5295 2550 5347 in
2583 5302 2635 5349 te
2655 5293 2861 5362 iustum
2885 5304 2941 5349 et
2968 5296 3269 5361 innoxium,
3294 5306 3402 5354 tua

1813 5379 2031 5435 virtutis
2061 5381 2324 5452 patientia
2356 5395 2610 5437 coronam
2648 5382 2819 5437 laudis
2866 5393 3127 5437 meretur.
3171 5383 3305 5438 Nam
3343 5392 3402 5442 et

1814 5470 1920 5525 hoc
1943 5472 2237 5526 intendisse
2262 5472 2475 5526 beatum
2492 5472 2709 5527 Petrum
2735 5472 2790 5526 in
2818 5473 2923 5527 hac
2944 5474 3210 5528 sententia
3232 5475 3399 5529 verba

1814 5560 2093 5628 sequentia
2126 5561 2321 5615 docent
2351 5563 2546 5631 quibus
2570 5563 2771 5617 dicitur
2800 5582 2813 5617 :

1888 5648 2024 5713 Quia
2038 5652 2111 5702 sic
2125 5660 2198 5704 est
2214 5650 2454 5706 voluntas
2474 5652 2568 5705 Dei
2583 5663 2636 5705 ut
2653 5654 3029 5723 benefacientes
3051 5655 3399 5710 obmutescere

1814 5738 2025 5808 faciatis
2046 5740 2449 5810 imprudentium
2476 5743 2743 5799 hominum
2770 5747 3140 5818 ignorantiam.
3166 5745 3292 5801 Haec
3313 5756 3396 5802 εει
