  <div class='ocr_page' id='page_1' title='image "/cluster/home/n/w/nwhite01/storage/ocr_20150623/110/uva.x000827066/105.png"; bbox 0 0 3946 6338; ppageno 0'>
   <div class='ocr_carea' id='block_1_1' title="bbox 513 331 614 385">
    <p class='ocr_par' dir='ltr' id='par_1_1' title="bbox 513 331 614 385">
     <span class='ocr_line' id='line_1_1' title="bbox 513 331 614 385; baseline 0 -1"><span class='ocrx_word' id='word_1_1' title='bbox 513 331 614 385; x_wconf 72' lang='grc'><strong>193</strong></span> 
     </span>
    </p>
   </div>
   <div class='ocr_carea' id='block_1_2' title="bbox 1149 299 3096 380">
    <p class='ocr_par' dir='ltr' id='par_1_2' title="bbox 1149 299 3096 380">
     <span class='ocr_line' id='line_1_2' title="bbox 1149 299 3096 380; baseline -0.014 -3"><span class='ocrx_word' id='word_1_2' title='bbox 1149 317 1226 377; x_wconf 51' lang='grc' dir='ltr'><strong>Β(</strong></span> <span class='ocrx_word' id='word_1_3' title='bbox 1254 319 1500 376; x_wconf 71' lang='grc' dir='ltr'><strong>ΒΑΒΛΝΙ</strong></span> <span class='ocrx_word' id='word_1_4' title='bbox 1540 316 1755 373; x_wconf 59' lang='lat' dir='ltr'><strong>MAUlll</strong></span> <span class='ocrx_word' id='word_1_5' title='bbox 1794 309 2110 368; x_wconf 68' lang='lat' dir='ltr'><strong>ARCIIIEP.</strong></span> <span class='ocrx_word' id='word_1_6' title='bbox 2155 305 2456 380; x_wconf 20' lang='lat' dir='ltr'><strong>MOGUINT.</strong></span> <span class='ocrx_word' id='word_1_7' title='bbox 2501 301 2782 360; x_wconf 63' lang='lat' dir='ltr'><strong>Ol‘EllUil</strong></span> <span class='ocrx_word' id='word_1_8' title='bbox 2825 300 3000 354; x_wconf 64' lang='lat' dir='ltr'><strong>PARS</strong></span> <span class='ocrx_word' id='word_1_9' title='bbox 3042 299 3096 350; x_wconf 90' lang='lat' dir='ltr'><strong>ll.</strong></span> 
     </span>
    </p>
   </div>
   <div class='ocr_carea' id='block_1_3' title="bbox 3675 299 3764 352">
    <p class='ocr_par' dir='ltr' id='par_1_3' title="bbox 3675 299 3764 352">
     <span class='ocr_line' id='line_1_3' title="bbox 3675 299 3764 352; baseline 0.022 -2"><span class='ocrx_word' id='word_1_10' title='bbox 3675 299 3764 352; x_wconf 71' lang='lat'><strong>|90</strong></span> 
     </span>
    </p>
   </div>
   <div class='ocr_carea' id='block_1_4' title="bbox 510 407 3766 511">
    <p class='ocr_par' dir='ltr' id='par_1_4' title="bbox 510 407 3766 511">
     <span class='ocr_line' id='line_1_4' title="bbox 510 407 3766 511; baseline -0.007 -14"><span class='ocrx_word' id='word_1_11' title='bbox 510 458 638 511; x_wconf 75' lang='lat' dir='ltr'><strong>etgo</strong></span> <span class='ocrx_word' id='word_1_12' title='bbox 679 443 792 494; x_wconf 83' lang='lat' dir='ltr'><strong>laus</strong></span> <span class='ocrx_word' id='word_1_13' title='bbox 817 440 1075 493; x_wconf 83' lang='lat' dir='ltr'><strong>bonorum</strong></span> <span class='ocrx_word' id='word_1_14' title='bbox 1108 435 1172 488; x_wconf 80' lang='lat' dir='ltr'><strong>ad</strong></span> <span class='ocrx_word' id='word_1_15' title='bbox 1202 449 1362 502; x_wconf 88' lang='lat' dir='ltr'><strong>quam</strong></span> <span class='ocrx_word' id='word_1_16' title='bbox 1391 433 1554 486; x_wconf 87' lang='lat' dir='ltr'><strong>duces</strong></span> <span class='ocrx_word' id='word_1_17' title='bbox 1583 446 1615 484; x_wconf 89' lang='lat' dir='ltr'><strong>a</strong></span> <span class='ocrx_word' id='word_1_18' title='bbox 1642 444 1764 498; x_wconf 88' lang='lat' dir='ltr'><strong>rege</strong></span> <span class='ocrx_word' id='word_1_19' title='bbox 1793 427 1919 481; x_wconf 92' lang='lat' dir='ltr'><strong>dicit</strong></span> <span class='ocrx_word' id='word_1_20' title='bbox 1957 424 2085 478; x_wconf 85' lang='lat' dir='ltr'><strong>mis-</strong></span> <span class='ocrx_word' id='word_1_21' title='bbox 2114 429 2162 481; x_wconf 83' lang='grc' dir='ltr'>Λ</span> <span class='ocrx_word' id='word_1_22' title='bbox 2191 426 2319 470; x_wconf 66' lang='grc' dir='ltr'><strong>ωδε·</strong></span> <span class='ocrx_word' id='word_1_23' title='bbox 2359 415 2459 482; x_wconf 68' lang='lat' dir='ltr'><strong>Olli</strong></span> <span class='ocrx_word' id='word_1_24' title='bbox 2487 416 2626 468; x_wconf 70' lang='lat' dir='ltr'><strong>enim</strong></span> <span class='ocrx_word' id='word_1_25' title='bbox 2659 411 2930 511; x_wconf 51' lang='lat' dir='ltr'><strong>P3§5i°lli§</strong></span> <span class='ocrx_word' id='word_1_26' title='bbox 2951 409 3148 463; x_wconf 46' lang='lat' dir='ltr'><strong>Chiis“</strong></span> <span class='ocrx_word' id='word_1_27' title='bbox 3179 407 3445 508; x_wconf 40' lang='lat' dir='ltr'><strong>Pellif&#39;t‘lh</strong></span> <span class='ocrx_word' id='word_1_28' title='bbox 3477 409 3766 511; x_wconf 56' lang='grc' dir='ltr'><strong>ξὐηυξοιιιε</strong></span> 
     </span>
    </p>
   </div>
   <div class='ocr_carea' id='block_1_5' title="bbox 507 513 2079 597">
    <p class='ocr_par' dir='ltr' id='par_1_5' title="bbox 507 513 2079 597">
     <span class='ocr_line' id='line_1_5' title="bbox 507 513 2079 597; baseline -0.015 -10"><span class='ocrx_word' id='word_1_29' title='bbox 507 546 601 588; x_wconf 74' lang='lat' dir='ltr'><strong>sos</strong></span> <span class='ocrx_word' id='word_1_30' title='bbox 629 530 752 584; x_wconf 90' lang='lat' dir='ltr'><strong>dum</strong></span> <span class='ocrx_word' id='word_1_31' title='bbox 803 526 1102 597; x_wconf 72' lang='lat' dir='ltr'><strong>ignorantia</strong></span> <span class='ocrx_word' id='word_1_32' title='bbox 1149 524 1341 577; x_wconf 90' lang='lat' dir='ltr'><strong>ducum</strong></span> <span class='ocrx_word' id='word_1_33' title='bbox 1392 520 1806 589; x_wconf 83' lang='lat' dir='ltr'><strong>imprudentium</strong></span> <span class='ocrx_word' id='word_1_34' title='bbox 1850 515 1974 570; x_wconf 89' lang='lat' dir='ltr'><strong>boni</strong></span> <span class='ocrx_word' id='word_1_35' title='bbox 2011 513 2079 569; x_wconf 81' lang='lat' dir='ltr'><strong>atl</strong></span> 
     </span>
    </p>
   </div>
   <div class='ocr_carea' id='block_1_6' title="bbox 509 612 1912 687">
    <p class='ocr_par' dir='ltr' id='par_1_6' title="bbox 509 612 1912 687">
     <span class='ocr_line' id='line_1_6' title="bbox 509 612 1912 687; baseline -0.011 -13"><span class='ocrx_word' id='word_1_36' title='bbox 509 621 730 684; x_wconf 75' lang='lat' dir='ltr'><strong>laudern</strong></span> <span class='ocrx_word' id='word_1_37' title='bbox 748 635 900 674; x_wconf 90' lang='lat' dir='ltr'><strong>suam</strong></span> <span class='ocrx_word' id='word_1_38' title='bbox 931 626 1242 687; x_wconf 84' lang='lat' dir='ltr'><strong>perpetuam</strong></span> <span class='ocrx_word' id='word_1_39' title='bbox 1276 615 1408 667; x_wconf 84' lang='lat' dir='ltr'><strong>bene</strong></span> <span class='ocrx_word' id='word_1_40' title='bbox 1439 612 1642 682; x_wconf 88' lang='lat' dir='ltr'><strong>agendo</strong></span> <span class='ocrx_word' id='word_1_41' title='bbox 1671 618 1912 662; x_wconf 89' lang='lat' dir='ltr'><strong>utuntur.</strong></span> 
     </span>
    </p>
   </div>
   <div class='ocr_carea' id='block_1_7' title="bbox 511 696 2083 776">
    <p class='ocr_par' dir='ltr' id='par_1_7' title="bbox 511 696 2083 776">
     <span class='ocr_line' id='line_1_7' title="bbox 511 696 2083 776; baseline -0.01 -12"><span class='ocrx_word' id='word_1_42' title='bbox 511 756 513 759; x_wconf 97' lang='lat'><strong>.</strong></span> <span class='ocrx_word' id='word_1_43' title='bbox 582 711 748 776; x_wconf 83' lang='lat' dir='ltr'><strong>Quasi</strong></span> <span class='ocrx_word' id='word_1_44' title='bbox 772 709 918 763; x_wconf 78' lang='lat' dir='ltr'><strong>liberi</strong></span> <span class='ocrx_word' id='word_1_45' title='bbox 947 718 994 760; x_wconf 76' lang='lat' dir='ltr'><strong>et</strong></span> <span class='ocrx_word' id='word_1_46' title='bbox 1028 723 1125 759; x_wconf 89' lang='lat' dir='ltr'><strong>non</strong></span> <span class='ocrx_word' id='word_1_47' title='bbox 1152 706 1300 774; x_wconf 83' lang='lat' dir='ltr'><strong>quasi</strong></span> <span class='ocrx_word' id='word_1_48' title='bbox 1342 703 1568 756; x_wconf 71' lang='lat' dir='ltr'><strong>velamen</strong></span> <span class='ocrx_word' id='word_1_49' title='bbox 1593 701 1836 753; x_wconf 74' lang='lat' dir='ltr'><strong>habentes</strong></span> <span class='ocrx_word' id='word_1_50' title='bbox 1866 696 2083 750; x_wconf 78' lang='lat' dir='ltr'><strong>malitia:</strong></span> 
     </span>
    </p>
   </div>
   <div class='ocr_carea' id='block_1_8' title="bbox 512 789 2082 862">
    <p class='ocr_par' dir='ltr' id='par_1_8' title="bbox 512 789 2082 862">
     <span class='ocr_line' id='line_1_8' title="bbox 512 789 2082 862; baseline -0.008 -12"><span class='ocrx_word' id='word_1_51' title='bbox 512 799 817 852; x_wconf 81' lang='lat' dir='ltr'><strong>libertatem.</strong></span> <span class='ocrx_word' id='word_1_52' title='bbox 851 796 1014 862; x_wconf 82' lang='lat' dir='ltr'><strong>Quasi</strong></span> <span class='ocrx_word' id='word_1_53' title='bbox 1069 794 1220 847; x_wconf 88' lang='lat' dir='ltr'><strong>liberi</strong></span> <span class='ocrx_word' id='word_1_54' title='bbox 1255 794 1391 846; x_wconf 87' lang='lat' dir='ltr'><strong>bona</strong></span> <span class='ocrx_word' id='word_1_55' title='bbox 1437 791 1637 844; x_wconf 81' lang='lat' dir='ltr'><strong>faciunt</strong></span> <span class='ocrx_word' id='word_1_56' title='bbox 1677 791 1766 858; x_wconf 89' lang='lat' dir='ltr'><strong>qui</strong></span> <span class='ocrx_word' id='word_1_57' title='bbox 1810 789 1861 842; x_wconf 90' lang='lat' dir='ltr'><strong>in</strong></span> <span class='ocrx_word' id='word_1_58' title='bbox 1897 801 2082 840; x_wconf 80' lang='lat' dir='ltr'><strong>exem-</strong></span> 
     </span>
    </p>
   </div>
   <div class='ocr_carea' id='block_1_9' title="bbox 512 880 2084 957">
    <p class='ocr_par' dir='ltr' id='par_1_9' title="bbox 512 880 2084 957">
     <span class='ocr_line' id='line_1_9' title="bbox 512 880 2084 957; baseline -0.007 -17"><span class='ocrx_word' id='word_1_59' title='bbox 512 891 654 957; x_wconf 90' lang='lat' dir='ltr'><strong>plum</strong></span> <span class='ocrx_word' id='word_1_60' title='bbox 684 887 879 955; x_wconf 73' lang='lat' dir='ltr'><strong>Ioseph</strong></span> <span class='ocrx_word' id='word_1_61' title='bbox 911 885 1225 953; x_wconf 53' lang='lat' dir='ltr'><strong>patriarcha:</strong></span> <span class='ocrx_word' id='word_1_62' title='bbox 1258 883 1468 935; x_wconf 85' lang='lat' dir='ltr'><strong>tametsi</strong></span> <span class='ocrx_word' id='word_1_63' title='bbox 1511 881 1729 934; x_wconf 81' lang='lat' dir='ltr'><strong>servitio</strong></span> <span class='ocrx_word' id='word_1_64' title='bbox 1777 880 2084 947; x_wconf 81' lang='lat' dir='ltr'><strong>deprimun-</strong></span> 
     </span>
    </p>
   </div>
   <div class='ocr_carea' id='block_1_10' title="bbox 516 967 2084 1036">
    <p class='ocr_par' dir='ltr' id='par_1_10' title="bbox 516 967 2084 1036">
     <span class='ocr_line' id='line_1_10' title="bbox 516 967 2084 1036; baseline -0.008 -5"><span class='ocrx_word' id='word_1_65' title='bbox 516 989 599 1032; x_wconf 94' lang='lat' dir='ltr'><strong>tur</strong></span> <span class='ocrx_word' id='word_1_66' title='bbox 623 977 920 1036; x_wconf 80' lang='lat' dir='ltr'><strong>hominum,</strong></span> <span class='ocrx_word' id='word_1_67' title='bbox 948 975 1086 1026; x_wconf 82' lang='lat' dir='ltr'><strong>servi</strong></span> <span class='ocrx_word' id='word_1_68' title='bbox 1114 988 1232 1026; x_wconf 87' lang='lat' dir='ltr'><strong>esse</strong></span> <span class='ocrx_word' id='word_1_69' title='bbox 1262 972 1509 1024; x_wconf 83' lang='lat' dir='ltr'><strong>vitiorum</strong></span> <span class='ocrx_word' id='word_1_70' title='bbox 1539 969 1680 1022; x_wconf 87' lang='lat' dir='ltr'><strong>nulla</strong></span> <span class='ocrx_word' id='word_1_71' title='bbox 1713 979 1826 1022; x_wconf 88' lang='lat' dir='ltr'><strong>arte</strong></span> <span class='ocrx_word' id='word_1_72' title='bbox 1852 967 2084 1034; x_wconf 85' lang='lat' dir='ltr'><strong>compel-</strong></span> 
     </span>
    </p>
   </div>
   <div class='ocr_carea' id='block_1_11' title="bbox 515 1059 2086 1124">
    <p class='ocr_par' dir='ltr' id='par_1_11' title="bbox 515 1059 2086 1124">
     <span class='ocr_line' id='line_1_11' title="bbox 515 1059 2086 1124; baseline -0.006 -3"><span class='ocrx_word' id='word_1_73' title='bbox 515 1069 714 1124; x_wconf 84' lang='lat' dir='ltr'><strong>luntur.</strong></span> <span class='ocrx_word' id='word_1_74' title='bbox 745 1067 814 1120; x_wconf 81' lang='lat' dir='ltr'><strong>At</strong></span> <span class='ocrx_word' id='word_1_75' title='bbox 841 1080 970 1119; x_wconf 84' lang='lat' dir='ltr'><strong>vero</strong></span> <span class='ocrx_word' id='word_1_76' title='bbox 1002 1065 1302 1118; x_wconf 86' lang='lat' dir='ltr'><strong>libertatem</strong></span> <span class='ocrx_word' id='word_1_77' title='bbox 1336 1078 1484 1115; x_wconf 85' lang='lat' dir='ltr'><strong>suam</strong></span> <span class='ocrx_word' id='word_1_78' title='bbox 1518 1063 1568 1115; x_wconf 91' lang='lat' dir='ltr'><strong>in</strong></span> <span class='ocrx_word' id='word_1_79' title='bbox 1596 1061 1836 1115; x_wconf 85' lang='lat' dir='ltr'><strong>velamen</strong></span> <span class='ocrx_word' id='word_1_80' title='bbox 1871 1059 2086 1112; x_wconf 62' lang='lat' dir='ltr'><strong>malitia:</strong></span> 
     </span>
    </p>
   </div>
   <div class='ocr_carea' id='block_1_12' title="bbox 516 1149 2085 1225">
    <p class='ocr_par' dir='ltr' id='par_1_12' title="bbox 516 1149 2085 1225">
     <span class='ocr_line' id='line_1_12' title="bbox 516 1149 2085 1225; baseline -0.008 -13"><span class='ocrx_word' id='word_1_81' title='bbox 516 1157 863 1225; x_wconf 80' lang='lat' dir='ltr'><strong>vertunt,&#39;qui</strong></span> <span class='ocrx_word' id='word_1_82' title='bbox 895 1158 1182 1224; x_wconf 81' lang='lat' dir='ltr'><strong>quominus</strong></span> <span class='ocrx_word' id='word_1_83' title='bbox 1211 1154 1426 1208; x_wconf 77' lang='lat' dir='ltr'><strong>humani</strong></span> <span class='ocrx_word' id='word_1_84' title='bbox 1472 1153 1756 1206; x_wconf 81' lang='lat' dir='ltr'><strong>famulatus</strong></span> <span class='ocrx_word' id='word_1_85' title='bbox 1776 1151 1902 1220; x_wconf 82' lang='lat' dir='ltr'><strong>jugo</strong></span> <span class='ocrx_word' id='word_1_86' title='bbox 1931 1149 2085 1203; x_wconf 89' lang='lat' dir='ltr'><strong>cohi-</strong></span> 
     </span>
    </p>
   </div>
   <div class='ocr_carea' id='block_1_13' title="bbox 516 1243 2081 1315">
    <p class='ocr_par' dir='ltr' id='par_1_13' title="bbox 516 1243 2081 1315">
     <span class='ocr_line' id='line_1_13' title="bbox 516 1243 2081 1315; baseline -0.008 -11"><span class='ocrx_word' id='word_1_87' title='bbox 516 1251 735 1313; x_wconf 89' lang='lat' dir='ltr'><strong>bentur,</strong></span> <span class='ocrx_word' id='word_1_88' title='bbox 761 1264 824 1302; x_wconf 84' lang='lat' dir='ltr'><strong>eo</strong></span> <span class='ocrx_word' id='word_1_89' title='bbox 867 1249 1026 1300; x_wconf 78' lang='lat' dir='ltr'><strong>latius</strong></span> <span class='ocrx_word' id='word_1_90' title='bbox 1052 1255 1392 1315; x_wconf 86' lang='lat' dir='ltr'><strong>peccatorum</strong></span> <span class='ocrx_word' id='word_1_91' title='bbox 1425 1246 1658 1298; x_wconf 85' lang='lat' dir='ltr'><strong>dominio</strong></span> <span class='ocrx_word' id='word_1_92' title='bbox 1690 1243 2081 1309; x_wconf 83' lang='lat' dir='ltr'><strong>mancipantur,</strong></span> 
     </span>
    </p>
   </div>
   <div class='ocr_carea' id='block_1_14' title="bbox 515 1334 2081 1404">
    <p class='ocr_par' dir='ltr' id='par_1_14' title="bbox 515 1334 2081 1404">
     <span class='ocr_line' id='line_1_14' title="bbox 515 1334 2081 1404; baseline -0.006 -11"><span class='ocrx_word' id='word_1_93' title='bbox 515 1347 720 1395; x_wconf 88' lang='lat' dir='ltr'><strong>etcum</strong></span> <span class='ocrx_word' id='word_1_94' title='bbox 744 1338 888 1390; x_wconf 82' lang='lat' dir='ltr'><strong>vitiis</strong></span> <span class='ocrx_word' id='word_1_95' title='bbox 935 1339 1146 1404; x_wconf 82' lang='lat' dir='ltr'><strong>impune</strong></span> <span class='ocrx_word' id='word_1_96' title='bbox 1188 1338 1456 1399; x_wconf 85' lang='lat' dir='ltr'><strong>serviunt,</strong></span> <span class='ocrx_word' id='word_1_97' title='bbox 1502 1334 1801 1387; x_wconf 89' lang='lat' dir='ltr'><strong>libertatem</strong></span> <span class='ocrx_word' id='word_1_98' title='bbox 1844 1339 2081 1385; x_wconf 86' lang='lat' dir='ltr'><strong>vocant:</strong></span> 
     </span>
    </p>
   </div>
   <div class='ocr_carea' id='block_1_15' title="bbox 517 1421 2085 1494">
    <p class='ocr_par' dir='ltr' id='par_1_15' title="bbox 517 1421 2085 1494">
     <span class='ocr_line' id='line_1_15' title="bbox 517 1421 2085 1494; baseline -0.003 -16"><span class='ocrx_word' id='word_1_99' title='bbox 517 1426 620 1480; x_wconf 90' lang='lat' dir='ltr'><strong>hoc</strong></span> <span class='ocrx_word' id='word_1_100' title='bbox 650 1434 949 1494; x_wconf 49' lang='lat' dir='ltr'><strong>praetexunt</strong></span> <span class='ocrx_word' id='word_1_101' title='bbox 992 1425 1205 1478; x_wconf 81' lang='lat' dir='ltr'><strong>nomine</strong></span> <span class='ocrx_word' id='word_1_102' title='bbox 1245 1424 1472 1492; x_wconf 76' lang='lat' dir='ltr'><strong>culpam.</strong></span> <span class='ocrx_word' id='word_1_103' title='bbox 1517 1423 1699 1477; x_wconf 87' lang='lat' dir='ltr'><strong>Potest</strong></span> <span class='ocrx_word' id='word_1_104' title='bbox 1728 1431 1905 1476; x_wconf 89' lang='lat' dir='ltr'><strong>autem</strong></span> <span class='ocrx_word' id='word_1_105' title='bbox 1930 1421 2085 1487; x_wconf 78' lang='lat' dir='ltr'><strong>juxta</strong></span> 
     </span>
    </p>
   </div>
   <div class='ocr_carea' id='block_1_16' title="bbox 520 1512 2087 1585">
    <p class='ocr_par' dir='ltr' id='par_1_16' title="bbox 520 1512 2087 1585">
     <span class='ocr_line' id='line_1_16' title="bbox 520 1512 2087 1585; baseline -0.002 -18"><span class='ocrx_word' id='word_1_106' title='bbox 520 1515 648 1568; x_wconf 88' lang='lat' dir='ltr'><strong>illud</strong></span> <span class='ocrx_word' id='word_1_107' title='bbox 679 1515 922 1584; x_wconf 81' lang='lat' dir='ltr'><strong>apostoli.</strong></span> <span class='ocrx_word' id='word_1_108' title='bbox 944 1515 1091 1567; x_wconf 83' lang='lat' dir='ltr'><strong>Pauli</strong></span> <span class='ocrx_word' id='word_1_109' title='bbox 1125 1516 1444 1585; x_wconf 79' lang='lat' dir='ltr'><strong>generaliter</strong></span> <span class='ocrx_word' id='word_1_110' title='bbox 1489 1515 1676 1583; x_wconf 84' lang='lat' dir='ltr'><strong>accipi.</strong></span> <span class='ocrx_word' id='word_1_111' title='bbox 1727 1513 1823 1566; x_wconf 80' lang='lat' dir='ltr'><strong>Vos</strong></span> <span class='ocrx_word' id='word_1_112' title='bbox 1853 1515 1903 1566; x_wconf 89' lang='lat' dir='ltr'><strong>in</strong></span> <span class='ocrx_word' id='word_1_113' title='bbox 1933 1512 2087 1565; x_wconf 84' lang='lat' dir='ltr'><strong>liber-</strong></span> 
     </span>
    </p>
   </div>
   <div class='ocr_carea' id='block_1_17' title="bbox 517 1604 2086 1673">
    <p class='ocr_par' dir='ltr' id='par_1_17' title="bbox 517 1604 2086 1673">
     <span class='ocr_line' id='line_1_17' title="bbox 517 1604 2086 1673; baseline -0.001 -16"><span class='ocrx_word' id='word_1_114' title='bbox 517 1614 675 1658; x_wconf 86' lang='lat' dir='ltr'><strong>tatem</strong></span> <span class='ocrx_word' id='word_1_115' title='bbox 720 1607 884 1658; x_wconf 78' lang='lat' dir='ltr'><strong>vocati</strong></span> <span class='ocrx_word' id='word_1_116' title='bbox 933 1606 1074 1668; x_wconf 82' lang='lat' dir='ltr'><strong>estis,</strong></span> <span class='ocrx_word' id='word_1_117' title='bbox 1127 1606 1341 1673; x_wconf 74' lang='lat' dir='ltr'><strong>fratres;</strong></span> <span class='ocrx_word' id='word_1_118' title='bbox 1387 1615 1586 1658; x_wconf 79' lang='lat' dir='ltr'><strong>tantum</strong></span> <span class='ocrx_word' id='word_1_119' title='bbox 1613 1621 1674 1658; x_wconf 91' lang='lat' dir='ltr'><strong>ne</strong></span> <span class='ocrx_word' id='word_1_120' title='bbox 1719 1604 2007 1657; x_wconf 86' lang='lat' dir='ltr'><strong>libertatem</strong></span> <span class='ocrx_word' id='word_1_121' title='bbox 2033 1604 2086 1656; x_wconf 91' lang='lat' dir='ltr'><strong>in</strong></span> 
     </span>
    </p>
   </div>
   <div class='ocr_carea' id='block_1_18' title="bbox 517 1692 2084 1746">
    <p class='ocr_par' dir='ltr' id='par_1_18' title="bbox 517 1692 2084 1746">
     <span class='ocr_line' id='line_1_18' title="bbox 517 1692 2084 1746; baseline 0 -2"><span class='ocrx_word' id='word_1_122' title='bbox 517 1692 854 1745; x_wconf 85' lang='lat' dir='ltr'><strong>occasionem-</strong></span> <span class='ocrx_word' id='word_1_123' title='bbox 881 1694 1053 1745; x_wconf 88' lang='lat' dir='ltr'><strong>carnis</strong></span> <span class='ocrx_word' id='word_1_124' title='bbox 1094 1693 1242 1744; x_wconf 86' lang='lat' dir='ltr'><strong>detis.</strong></span> <span class='ocrx_word' id='word_1_125' title='bbox 1287 1693 1462 1746; x_wconf 77' lang='lat' dir='ltr'><strong>LiLeri</strong></span> <span class='ocrx_word' id='word_1_126' title='bbox 1487 1693 1628 1746; x_wconf 88' lang='lat' dir='ltr'><strong>enim</strong></span> <span class='ocrx_word' id='word_1_127' title='bbox 1661 1702 1805 1746; x_wconf 78' lang='lat' dir='ltr'><strong>recte</strong></span> <span class='ocrx_word' id='word_1_128' title='bbox 1830 1707 2084 1745; x_wconf 83' lang='lat' dir='ltr'><strong>vocamur</strong></span> 
     </span>
    </p>
   </div>
   <div class='ocr_carea' id='block_1_19' title="bbox 2183 500 3768 573">
    <p class='ocr_par' dir='ltr' id='par_1_19' title="bbox 2183 500 3768 573">
     <span class='ocr_line' id='line_1_19' title="bbox 2183 500 3768 573; baseline -0.006 -13"><span class='ocrx_word' id='word_1_129' title='bbox 2183 516 2235 561; x_wconf 87' lang='lat' dir='ltr'><strong>et</strong></span> <span class='ocrx_word' id='word_1_130' title='bbox 2260 507 2474 573; x_wconf 84' lang='lat' dir='ltr'><strong>patiens</strong></span> <span class='ocrx_word' id='word_1_131' title='bbox 2504 519 2623 559; x_wconf 81' lang='lat' dir='ltr'><strong>esse</strong></span> <span class='ocrx_word' id='word_1_132' title='bbox 2654 503 2879 556; x_wconf 84' lang='lat' dir='ltr'><strong>voluerit</strong></span> <span class='ocrx_word' id='word_1_133' title='bbox 2921 500 2974 552; x_wconf 95' lang='lat' dir='ltr'><strong>in</strong></span> <span class='ocrx_word' id='word_1_134' title='bbox 3006 500 3253 567; x_wconf 81' lang='lat' dir='ltr'><strong>praesenti</strong></span> <span class='ocrx_word' id='word_1_135' title='bbox 3291 500 3415 560; x_wconf 79' lang='lat' dir='ltr'><strong>\ita,</strong></span> <span class='ocrx_word' id='word_1_136' title='bbox 3453 500 3569 554; x_wconf 82' lang='lat' dir='ltr'><strong>sine</strong></span> <span class='ocrx_word' id='word_1_137' title='bbox 3608 503 3768 552; x_wconf 76' lang='lat' dir='ltr'><strong>dumo</strong></span> 
     </span>
    </p>
   </div>
   <div class='ocr_carea' id='block_1_20' title="bbox 2184 586 3768 665">
    <p class='ocr_par' dir='ltr' id='par_1_20' title="bbox 2184 586 3768 665">
     <span class='ocr_line' id='line_1_20' title="bbox 2184 586 3768 665; baseline -0.004 -17"><span class='ocrx_word' id='word_1_138' title='bbox 2184 596 2297 665; x_wconf 85' lang='lat' dir='ltr'><strong>ejus</strong></span> <span class='ocrx_word' id='word_1_139' title='bbox 2331 594 2514 664; x_wconf 74' lang='lat' dir='ltr'><strong>gloria:</strong></span> <span class='ocrx_word' id='word_1_140' title='bbox 2560 593 2610 645; x_wconf 92' lang='lat' dir='ltr'><strong>in</strong></span> <span class='ocrx_word' id='word_1_141' title='bbox 2662 591 2838 644; x_wconf 79' lang='lat' dir='ltr'><strong>futura</strong></span> <span class='ocrx_word' id='word_1_142' title='bbox 2868 589 2974 641; x_wconf 82' lang='lat' dir='ltr'><strong>vita</strong></span> <span class='ocrx_word' id='word_1_143' title='bbox 3015 603 3238 641; x_wconf 82' lang='lat' dir='ltr'><strong>consors</strong></span> <span class='ocrx_word' id='word_1_144' title='bbox 3271 588 3396 648; x_wconf 88' lang='lat' dir='ltr'><strong>erit,</strong></span> <span class='ocrx_word' id='word_1_145' title='bbox 3445 587 3534 640; x_wconf 89' lang='lat' dir='ltr'><strong>ubi</strong></span> <span class='ocrx_word' id='word_1_146' title='bbox 3570 586 3622 640; x_wconf 91' lang='lat' dir='ltr'><strong>in</strong></span> <span class='ocrx_word' id='word_1_147' title='bbox 3654 589 3768 656; x_wconf 85' lang='lat' dir='ltr'><strong>ejus</strong></span> 
     </span>
    </p>
   </div>
   <div class='ocr_carea' id='block_1_21' title="bbox 2185 679 3767 747">
    <p class='ocr_par' dir='ltr' id='par_1_21' title="bbox 2185 679 3767 747">
     <span class='ocr_line' id='line_1_21' title="bbox 2185 679 3767 747; baseline -0.004 -8"><span class='ocrx_word' id='word_1_148' title='bbox 2185 689 2271 741; x_wconf 89' lang='lat' dir='ltr'><strong>lau</strong></span> <span class='ocrx_word' id='word_1_149' title='bbox 2296 689 2434 740; x_wconf 83' lang='lat' dir='ltr'><strong>libus</strong></span> <span class='ocrx_word' id='word_1_150' title='bbox 2485 684 2643 739; x_wconf 87' lang='lat' dir='ltr'><strong>simul</strong></span> <span class='ocrx_word' id='word_1_151' title='bbox 2692 698 2816 736; x_wconf 90' lang='lat' dir='ltr'><strong>cum</strong></span> <span class='ocrx_word' id='word_1_152' title='bbox 2873 680 3076 734; x_wconf 89' lang='lat' dir='ltr'><strong>sanctis</strong></span> <span class='ocrx_word' id='word_1_153' title='bbox 3133 679 3338 747; x_wconf 81' lang='lat' dir='ltr'><strong>angelis</strong></span> <span class='ocrx_word' id='word_1_154' title='bbox 3389 680 3440 732; x_wconf 92' lang='lat' dir='ltr'><strong>in</strong></span> <span class='ocrx_word' id='word_1_155' title='bbox 3505 689 3767 733; x_wconf 85' lang='lat' dir='ltr'><strong>:cteruum</strong></span> 
     </span>
    </p>
   </div>
   <div class='ocr_carea' id='block_1_22' title="bbox 2183 770 3772 844">
    <p class='ocr_par' dir='ltr' id='par_1_22' title="bbox 2183 770 3772 844">
     <span class='ocr_line' id='line_1_22' title="bbox 2183 770 3772 844; baseline -0.006 -14"><span class='ocrx_word' id='word_1_156' title='bbox 2183 777 2462 830; x_wconf 77' lang='lat' dir='ltr'><strong>exsultans</strong></span> <span class='ocrx_word' id='word_1_157' title='bbox 2486 773 2845 844; x_wconf 84' lang='lat' dir='ltr'><strong>permanebit,</strong></span> <span class='ocrx_word' id='word_1_158' title='bbox 2875 773 2990 840; x_wconf 90' lang='lat' dir='ltr'><strong>ipso</strong></span> <span class='ocrx_word' id='word_1_159' title='bbox 3017 777 3307 838; x_wconf 62' lang='lat' dir='ltr'><strong>praastante</strong></span> <span class='ocrx_word' id='word_1_160' title='bbox 3336 770 3562 822; x_wconf 81' lang='lat' dir='ltr'><strong>Domino</strong></span> <span class='ocrx_word' id='word_1_161' title='bbox 3585 779 3772 823; x_wconf 85' lang='lat' dir='ltr'><strong>nostro</strong></span> 
     </span>
    </p>
   </div>
   <div class='ocr_carea' id='block_1_23' title="bbox 2183 857 3771 930">
    <p class='ocr_par' dir='ltr' id='par_1_23' title="bbox 2183 857 3771 930">
     <span class='ocr_line' id='line_1_23' title="bbox 2183 857 3771 930; baseline -0.005 -11"><span class='ocrx_word' id='word_1_162' title='bbox 2183 865 2310 918; x_wconf 79' lang='lat' dir='ltr'><strong>Jesu</strong></span> <span class='ocrx_word' id='word_1_163' title='bbox 2346 865 2578 926; x_wconf 85' lang='lat' dir='ltr'><strong>Christo,</strong></span> <span class='ocrx_word' id='word_1_164' title='bbox 2612 862 2703 930; x_wconf 81' lang='lat' dir='ltr'><strong>qui</strong></span> <span class='ocrx_word' id='word_1_165' title='bbox 2749 876 2871 914; x_wconf 91' lang='lat' dir='ltr'><strong>cum</strong></span> <span class='ocrx_word' id='word_1_166' title='bbox 2912 859 3070 912; x_wconf 86' lang='lat' dir='ltr'><strong>Patre</strong></span> <span class='ocrx_word' id='word_1_167' title='bbox 3107 857 3237 910; x_wconf 80' lang='lat' dir='ltr'><strong>vivit</strong></span> <span class='ocrx_word' id='word_1_168' title='bbox 3265 865 3320 910; x_wconf 90' lang='lat' dir='ltr'><strong>et</strong></span> <span class='ocrx_word' id='word_1_169' title='bbox 3360 867 3548 924; x_wconf 70' lang='lat' dir='ltr'><strong>regnat</strong></span> <span class='ocrx_word' id='word_1_170' title='bbox 3581 859 3632 910; x_wconf 92' lang='lat' dir='ltr'><strong>in</strong></span> <span class='ocrx_word' id='word_1_171' title='bbox 3675 872 3771 912; x_wconf 68' lang='lat' dir='ltr'><strong>sm-</strong></span> 
     </span>
    </p>
   </div>
   <div class='ocr_carea' id='block_1_24' title="bbox 2186 953 2891 1011">
    <p class='ocr_par' dir='ltr' id='par_1_24' title="bbox 2186 953 2891 1011">
     <span class='ocr_line' id='line_1_24' title="bbox 2186 953 2891 1011; baseline -0.011 -1"><span class='ocrx_word' id='word_1_172' title='bbox 2186 956 2302 1011; x_wconf 78' lang='lat' dir='ltr'><strong>cula</strong></span> <span class='ocrx_word' id='word_1_173' title='bbox 2331 954 2674 1009; x_wconf 64' lang='lat' dir='ltr'><strong>seculorum.</strong></span> <span class='ocrx_word' id='word_1_174' title='bbox 2702 953 2891 1004; x_wconf 81' lang='lat' dir='ltr'><strong>Amen.</strong></span> 
     </span>
    </p>
   </div>
   <div class='ocr_carea' id='block_1_25' title="bbox 2703 1055 3248 1112">
    <p class='ocr_par' dir='ltr' id='par_1_25' title="bbox 2703 1055 3248 1112">
     <span class='ocr_line' id='line_1_25' title="bbox 2703 1055 3248 1112; baseline -0.007 0"><span class='ocrx_word' id='word_1_175' title='bbox 2703 1058 2978 1112; x_wconf 77' lang='lat' dir='ltr'><strong>HOMILIA</strong></span> <span class='ocrx_word' id='word_1_176' title='bbox 3017 1055 3248 1110; x_wconf 77' lang='lat' dir='ltr'><strong>XXVIII.</strong></span> 
     </span>
    </p>
   </div>
   <div class='ocr_carea' id='block_1_26' title="bbox 2736 1142 3205 1182">
    <p class='ocr_par' dir='ltr' id='par_1_26' title="bbox 2736 1142 3205 1182">
     <span class='ocr_line' id='line_1_26' title="bbox 2736 1142 3205 1182; baseline -0.006 0"><span class='ocrx_word' id='word_1_177' title='bbox 2736 1145 2786 1182; x_wconf 80' lang='grc' dir='ltr'><strong>ΙΝ</strong></span> <span class='ocrx_word' id='word_1_178' title='bbox 2813 1143 2986 1182; x_wconf 66' lang='lat' dir='ltr'><strong>EODEM</strong></span> <span class='ocrx_word' id='word_1_179' title='bbox 3020 1142 3205 1180; x_wconf 75' lang='lat' dir='ltr'><strong>FESTO.</strong></span> 
     </span>
    </p>
   </div>
   <div class='ocr_carea' id='block_1_27' title="bbox 2319 1216 3647 1287">
    <p class='ocr_par' dir='ltr' id='par_1_27' title="bbox 2319 1216 3647 1287">
     <span class='ocr_line' id='line_1_27' title="bbox 2319 1216 3647 1287; baseline -0.005 -11"><span class='ocrx_word' id='word_1_180' title='bbox 2319 1223 2502 1276; x_wconf 82' lang='lat' dir='ltr'><strong>Lectio</strong></span> <span class='ocrx_word' id='word_1_181' title='bbox 2531 1221 2702 1276; x_wconf 86' lang='lat' dir='ltr'><strong>sancti</strong></span> <span class='ocrx_word' id='word_1_182' title='bbox 2739 1218 3009 1287; x_wconf 81' lang='lat' dir='ltr'><strong>Evangelii</strong></span> <span class='ocrx_word' id='word_1_183' title='bbox 3039 1217 3332 1272; x_wconf 80' lang='lat' dir='ltr'><strong>secundum</strong></span> <span class='ocrx_word' id='word_1_184' title='bbox 3360 1216 3647 1271; x_wconf 82' lang='lat' dir='ltr'><strong>Joannem.</strong></span> 
     </span>
    </p>
   </div>
   <div class='ocr_carea' id='block_1_28' title="bbox 2260 1309 3770 1382">
    <p class='ocr_par' dir='ltr' id='par_1_28' title="bbox 2260 1309 3770 1382">
     <span class='ocr_line' id='line_1_28' title="bbox 2260 1309 3770 1382; baseline -0.001 -16"><span class='ocrx_word' id='word_1_185' title='bbox 2260 1314 2327 1367; x_wconf 87' lang='lat' dir='ltr'><strong>In</strong></span> <span class='ocrx_word' id='word_1_186' title='bbox 2356 1314 2444 1367; x_wconf 81' lang='lat' dir='ltr'><strong>illo</strong></span> <span class='ocrx_word' id='word_1_187' title='bbox 2471 1325 2695 1382; x_wconf 82' lang='lat' dir='ltr'><strong>tempore</strong></span> <span class='ocrx_word' id='word_1_188' title='bbox 2715 1352 2728 1374; x_wconf 90' lang='lat'><strong>,</strong></span> <span class='ocrx_word' id='word_1_189' title='bbox 2759 1311 2888 1363; x_wconf 75' lang='lat' dir='ltr'><strong>dixit</strong></span> <span class='ocrx_word' id='word_1_190' title='bbox 2927 1309 3082 1362; x_wconf 83' lang='lat' dir='ltr'><strong>Jesus</strong></span> <span class='ocrx_word' id='word_1_191' title='bbox 3110 1309 3380 1378; x_wconf 77' lang='lat' dir='ltr'><strong>discipulis</strong></span> <span class='ocrx_word' id='word_1_192' title='bbox 3404 1310 3516 1363; x_wconf 91' lang='lat' dir='ltr'><strong>suis</strong></span> <span class='ocrx_word' id='word_1_193' title='bbox 3545 1324 3563 1360; x_wconf 91' lang='lat'><em>:</em></span> <span class='ocrx_word' id='word_1_194' title='bbox 3602 1309 3770 1364; x_wconf 75' lang='lat' dir='ltr'><strong>Modi-</strong></span> 
     </span>
    </p>
   </div>
   <div class='ocr_carea' id='block_1_29' title="bbox 2189 1399 3773 1464">
    <p class='ocr_par' dir='ltr' id='par_1_29' title="bbox 2189 1399 3773 1464">
     <span class='ocr_line' id='line_1_29' title="bbox 2189 1399 3773 1464; baseline -0.002 -8"><span class='ocrx_word' id='word_1_195' title='bbox 2189 1420 2303 1456; x_wconf 83' lang='lat' dir='ltr'><strong>cum</strong></span> <span class='ocrx_word' id='word_1_196' title='bbox 2332 1413 2378 1456; x_wconf 88' lang='lat' dir='ltr'><strong>et</strong></span> <span class='ocrx_word' id='word_1_197' title='bbox 2404 1419 2505 1455; x_wconf 88' lang='lat' dir='ltr'><strong>non</strong></span> <span class='ocrx_word' id='word_1_198' title='bbox 2551 1401 2784 1455; x_wconf 83' lang='lat' dir='ltr'><strong>videbitis</strong></span> <span class='ocrx_word' id='word_1_199' title='bbox 2814 1417 2911 1464; x_wconf 89' lang='lat' dir='ltr'><strong>me,</strong></span> <span class='ocrx_word' id='word_1_200' title='bbox 2947 1407 2993 1453; x_wconf 87' lang='lat' dir='ltr'><strong>et</strong></span> <span class='ocrx_word' id='word_1_201' title='bbox 3037 1401 3220 1451; x_wconf 82' lang='lat' dir='ltr'><strong>iterum</strong></span> <span class='ocrx_word' id='word_1_202' title='bbox 3251 1399 3512 1452; x_wconf 84' lang='lat' dir='ltr'><strong>modicum</strong></span> <span class='ocrx_word' id='word_1_203' title='bbox 3543 1411 3592 1452; x_wconf 87' lang='lat' dir='ltr'><strong>et</strong></span> <span class='ocrx_word' id='word_1_204' title='bbox 3634 1399 3773 1453; x_wconf 74' lang='lat' dir='ltr'><strong>vide-</strong></span> 
     </span>
    </p>
   </div>
   <div class='ocr_carea' id='block_1_30' title="bbox 2189 1494 2428 1546">
    <p class='ocr_par' dir='ltr' id='par_1_30' title="bbox 2189 1494 2428 1546">
     <span class='ocr_line' id='line_1_30' title="bbox 2189 1494 2428 1546; baseline -0.004 -1"><span class='ocrx_word' id='word_1_205' title='bbox 2189 1494 2304 1546; x_wconf 89' lang='lat' dir='ltr'><strong>bitis</strong></span> <span class='ocrx_word' id='word_1_206' title='bbox 2328 1509 2428 1545; x_wconf 82' lang='lat' dir='ltr'><strong>me.</strong></span> 
     </span>
    </p>
   </div>
   <div class='ocr_carea' id='block_1_31' title="bbox 2256 1577 3771 1647">
    <p class='ocr_par' dir='ltr' id='par_1_31' title="bbox 2256 1577 3771 1647">
     <span class='ocr_line' id='line_1_31' title="bbox 2256 1577 3771 1647; baseline -0.003 -13"><span class='ocrx_word' id='word_1_207' title='bbox 2256 1582 2336 1634; x_wconf 86' lang='lat' dir='ltr'><strong>Ad</strong></span> <span class='ocrx_word' id='word_1_208' title='bbox 2378 1581 2498 1634; x_wconf 91' lang='lat' dir='ltr'><strong>illos</strong></span> <span class='ocrx_word' id='word_1_209' title='bbox 2532 1579 2839 1647; x_wconf 81' lang='lat' dir='ltr'><strong>specialiter</strong></span> <span class='ocrx_word' id='word_1_210' title='bbox 2865 1579 2980 1631; x_wconf 68' lang='lat' dir='ltr'><strong>haec</strong></span> <span class='ocrx_word' id='word_1_211' title='bbox 3006 1590 3124 1645; x_wconf 70' lang='lat' dir='ltr'><strong>qua:</strong></span> <span class='ocrx_word' id='word_1_212' title='bbox 3156 1577 3297 1629; x_wconf 88' lang='lat' dir='ltr'><strong>dicta</strong></span> <span class='ocrx_word' id='word_1_213' title='bbox 3325 1584 3449 1629; x_wconf 90' lang='lat' dir='ltr'><strong>sunt</strong></span> <span class='ocrx_word' id='word_1_214' title='bbox 3480 1577 3771 1644; x_wconf 88' lang='lat' dir='ltr'><strong>pertinent,</strong></span> 
     </span>
    </p>
   </div>
   <div class='ocr_carea' id='block_1_32' title="bbox 2188 1667 3772 1744">
    <p class='ocr_par' dir='ltr' id='par_1_32' title="bbox 2188 1667 3772 1744">
     <span class='ocr_line' id='line_1_32' title="bbox 2188 1667 3772 1744; baseline -0.004 -17"><span class='ocrx_word' id='word_1_215' title='bbox 2188 1674 2278 1744; x_wconf 89' lang='lat' dir='ltr'><strong>qui</strong></span> <span class='ocrx_word' id='word_1_216' title='bbox 2307 1673 2422 1742; x_wconf 90' lang='lat' dir='ltr'><strong>ejus</strong></span> <span class='ocrx_word' id='word_1_217' title='bbox 2455 1670 2796 1739; x_wconf 82' lang='lat' dir='ltr'><strong>discipulatui</strong></span> <span class='ocrx_word' id='word_1_218' title='bbox 2834 1668 3176 1737; x_wconf 80' lang='lat' dir='ltr'><strong>praedicantis</strong></span> <span class='ocrx_word' id='word_1_219' title='bbox 3202 1668 3253 1720; x_wconf 89' lang='lat' dir='ltr'><strong>in</strong></span> <span class='ocrx_word' id='word_1_220' title='bbox 3279 1681 3442 1720; x_wconf 89' lang='lat' dir='ltr'><strong>carne</strong></span> <span class='ocrx_word' id='word_1_221' title='bbox 3469 1667 3772 1732; x_wconf 72' lang='lat' dir='ltr'><strong>adhaerere,</strong></span> 
     </span>
    </p>
   </div>
   <div class='ocr_carea' id='block_1_33' title="bbox 516 1756 3775 1851">
    <p class='ocr_par' dir='ltr' id='par_1_33' title="bbox 516 1756 3775 1851">
     <span class='ocr_line' id='line_1_33' title="bbox 516 1756 3775 1851; baseline -0.002 -31"><span class='ocrx_word' id='word_1_222' title='bbox 516 1782 642 1850; x_wconf 69' lang='lat' dir='ltr'><strong>quia</strong></span> <span class='ocrx_word' id='word_1_223' title='bbox 685 1795 781 1849; x_wconf 70' lang='grc' dir='ltr'><strong>ρει-</strong></span> <span class='ocrx_word' id='word_1_224' title='bbox 813 1780 1075 1850; x_wconf 62' lang='grc' dir='ltr'><strong>ιηριίεωε</strong></span> <span class='ocrx_word' id='word_1_225' title='bbox 1100 1799 1130 1834; x_wconf 67' lang='lat' dir='ltr'><strong>a</strong></span> <span class='ocrx_word' id='word_1_226' title='bbox 1157 1790 1498 1851; x_wconf 63' lang='lat' dir='ltr'><strong>peccamrum</strong></span> <span class='ocrx_word' id='word_1_227' title='bbox 1526 1797 1710 1836; x_wconf 60' lang='lat' dir='ltr'><strong>sumus</strong></span> <span class='ocrx_word' id='word_1_228' title='bbox 1745 1782 1973 1836; x_wconf 58' lang='lat' dir='ltr'><strong>nexibus</strong></span> <span class='ocrx_word' id='word_1_229' title='bbox 1995 1782 2086 1835; x_wconf 66' lang='lat' dir='ltr'><strong>ab.</strong></span> <span class='ocrx_word' id='word_1_230' title='bbox 2114 1765 2160 1823; x_wconf 91' lang='lat' dir='ltr'><strong>B</strong></span> <span class='ocrx_word' id='word_1_231' title='bbox 2189 1773 2242 1818; x_wconf 91' lang='lat' dir='ltr'><strong>et</strong></span> <span class='ocrx_word' id='word_1_232' title='bbox 2269 1770 2388 1832; x_wconf 89' lang='lat' dir='ltr'><strong>post</strong></span> <span class='ocrx_word' id='word_1_233' title='bbox 2425 1761 2703 1815; x_wconf 89' lang='lat' dir='ltr'><strong>tristitiam</strong></span> <span class='ocrx_word' id='word_1_234' title='bbox 2729 1759 2995 1828; x_wconf 80' lang='lat' dir='ltr'><strong>passionis</strong></span> <span class='ocrx_word' id='word_1_235' title='bbox 3017 1758 3130 1810; x_wconf 87' lang='lat' dir='ltr'><strong>visa</strong></span> <span class='ocrx_word' id='word_1_236' title='bbox 3172 1756 3567 1810; x_wconf 87' lang='lat' dir='ltr'><strong>resurrectione</strong></span> <span class='ocrx_word' id='word_1_237' title='bbox 3603 1764 3657 1810; x_wconf 90' lang='lat' dir='ltr'><strong>et</strong></span> <span class='ocrx_word' id='word_1_238' title='bbox 3692 1771 3775 1812; x_wconf 86' lang='lat' dir='ltr'><strong>as-</strong></span> 
     </span>
    </p>
   </div>
   <div class='ocr_carea' id='block_1_34' title="bbox 515 1867 2092 1939">
    <p class='ocr_par' dir='ltr' id='par_1_34' title="bbox 515 1867 2092 1939">
     <span class='ocr_line' id='line_1_34' title="bbox 515 1867 2092 1939; baseline 0.001 -17"><span class='ocrx_word' id='word_1_239' title='bbox 515 1867 696 1931; x_wconf 87' lang='lat' dir='ltr'><strong>soluti,</strong></span> <span class='ocrx_word' id='word_1_240' title='bbox 719 1870 843 1938; x_wconf 88' lang='lat' dir='ltr'><strong>quia</strong></span> <span class='ocrx_word' id='word_1_241' title='bbox 871 1885 900 1922; x_wconf 92' lang='lat' dir='ltr'><strong>a</strong></span> <span class='ocrx_word' id='word_1_242' title='bbox 927 1871 1220 1924; x_wconf 66' lang='lat' dir='ltr'><strong>daemonica</strong></span> <span class='ocrx_word' id='word_1_243' title='bbox 1251 1873 1510 1924; x_wconf 84' lang='lat' dir='ltr'><strong>servitute</strong></span> <span class='ocrx_word' id='word_1_244' title='bbox 1534 1872 1816 1939; x_wconf 90' lang='lat' dir='ltr'><strong>redempti,</strong></span> <span class='ocrx_word' id='word_1_245' title='bbox 1846 1872 1970 1939; x_wconf 90' lang='lat' dir='ltr'><strong>quia</strong></span> <span class='ocrx_word' id='word_1_246' title='bbox 1997 1870 2092 1924; x_wconf 86' lang='lat' dir='ltr'><strong>ﬁlii</strong></span> 
     </span>
    </p>
   </div>
   <div class='ocr_carea' id='block_1_35' title="bbox 522 1957 2094 2031">
    <p class='ocr_par' dir='ltr' id='par_1_35' title="bbox 522 1957 2094 2031">
     <span class='ocr_line' id='line_1_35' title="bbox 522 1957 2094 2031; baseline 0.003 -20"><span class='ocrx_word' id='word_1_247' title='bbox 522 1958 612 2011; x_wconf 89' lang='lat' dir='ltr'><strong>Dei</strong></span> <span class='ocrx_word' id='word_1_248' title='bbox 642 1957 834 2015; x_wconf 76' lang='lat' dir='ltr'><strong>eﬁ‘ecti.</strong></span> <span class='ocrx_word' id='word_1_249' title='bbox 867 1958 983 2012; x_wconf 84' lang='lat' dir='ltr'><strong>Non</strong></span> <span class='ocrx_word' id='word_1_250' title='bbox 1027 1969 1203 2012; x_wconf 87' lang='lat' dir='ltr'><strong>tamen</strong></span> <span class='ocrx_word' id='word_1_251' title='bbox 1229 1959 1370 2014; x_wconf 90' lang='lat' dir='ltr'><strong>dono</strong></span> <span class='ocrx_word' id='word_1_252' title='bbox 1391 1960 1654 2015; x_wconf 82' lang='lat' dir='ltr'><strong>libertatis</strong></span> <span class='ocrx_word' id='word_1_253' title='bbox 1679 1964 1940 2030; x_wconf 89' lang='lat' dir='ltr'><strong>potiorem</strong></span> <span class='ocrx_word' id='word_1_254' title='bbox 1970 1977 2094 2031; x_wconf 86' lang='lat' dir='ltr'><strong>pec-</strong></span> 
     </span>
    </p>
   </div>
   <div class='ocr_carea' id='block_1_36' title="bbox 517 2045 2090 2118">
    <p class='ocr_par' dir='ltr' id='par_1_36' title="bbox 517 2045 2090 2118">
     <span class='ocr_line' id='line_1_36' title="bbox 517 2045 2090 2118; baseline 0.003 -19"><span class='ocrx_word' id='word_1_255' title='bbox 517 2045 674 2099; x_wconf 87' lang='lat' dir='ltr'><strong>candi</strong></span> <span class='ocrx_word' id='word_1_256' title='bbox 712 2045 1018 2100; x_wconf 82' lang='lat' dir='ltr'><strong>facultatem</strong></span> <span class='ocrx_word' id='word_1_257' title='bbox 1040 2047 1120 2100; x_wconf 87' lang='lat' dir='ltr'><strong>vel</strong></span> <span class='ocrx_word' id='word_1_258' title='bbox 1146 2047 1411 2101; x_wconf 83' lang='lat' dir='ltr'><strong>licentiam</strong></span> <span class='ocrx_word' id='word_1_259' title='bbox 1434 2050 1754 2117; x_wconf 83' lang='lat' dir='ltr'><strong>accipimus;</strong></span> <span class='ocrx_word' id='word_1_260' title='bbox 1778 2051 2020 2118; x_wconf 89' lang='lat' dir='ltr'><strong>quinimo</strong></span> <span class='ocrx_word' id='word_1_261' title='bbox 2046 2053 2090 2104; x_wconf 92' lang='lat' dir='ltr'><strong>si</strong></span> 
     </span>
    </p>
   </div>
   <div class='ocr_carea' id='block_1_37' title="bbox 521 2133 2094 2210">
    <p class='ocr_par' dir='ltr' id='par_1_37' title="bbox 521 2133 2094 2210">
     <span class='ocr_line' id='line_1_37' title="bbox 521 2133 2094 2210; baseline 0.004 -23"><span class='ocrx_word' id='word_1_262' title='bbox 521 2147 808 2202; x_wconf 89' lang='lat' dir='ltr'><strong>peccamus</strong></span> <span class='ocrx_word' id='word_1_263' title='bbox 833 2133 954 2188; x_wconf 80' lang='lat' dir='ltr'><strong>mox</strong></span> <span class='ocrx_word' id='word_1_264' title='bbox 985 2133 1480 2204; x_wconf 46' lang='lat' dir='ltr'><strong>libertate’pcrdita</strong></span> <span class='ocrx_word' id='word_1_265' title='bbox 1511 2139 1653 2192; x_wconf 87' lang='lat' dir='ltr'><strong>servi</strong></span> <span class='ocrx_word' id='word_1_266' title='bbox 1683 2137 1943 2194; x_wconf 81' lang='lat' dir='ltr'><strong>ellicimur</strong></span> <span class='ocrx_word' id='word_1_267' title='bbox 1968 2155 2094 2210; x_wconf 86' lang='lat' dir='ltr'><strong>pec-</strong></span> 
     </span>
    </p>
   </div>
   <div class='ocr_carea' id='block_1_38' title="bbox 517 2222 2092 2299">
    <p class='ocr_par' dir='ltr' id='par_1_38' title="bbox 517 2222 2092 2299">
     <span class='ocr_line' id='line_1_38' title="bbox 517 2222 2092 2299; baseline 0.006 -23"><span class='ocrx_word' id='word_1_268' title='bbox 517 2222 656 2288; x_wconf 85' lang='lat' dir='ltr'><strong>cati;</strong></span> <span class='ocrx_word' id='word_1_269' title='bbox 688 2231 743 2278; x_wconf 91' lang='lat' dir='ltr'><strong>et</strong></span> <span class='ocrx_word' id='word_1_270' title='bbox 785 2224 1011 2293; x_wconf 85' lang='lat' dir='ltr'><strong>quisque</strong></span> <span class='ocrx_word' id='word_1_271' title='bbox 1059 2240 1116 2280; x_wconf 88' lang='lat' dir='ltr'><strong>se</strong></span> <span class='ocrx_word' id='word_1_272' title='bbox 1164 2225 1230 2278; x_wconf 88' lang='lat' dir='ltr'><strong>ad</strong></span> <span class='ocrx_word' id='word_1_273' title='bbox 1272 2227 1373 2282; x_wconf 85' lang='lat' dir='ltr'><strong>hoc</strong></span> <span class='ocrx_word' id='word_1_274' title='bbox 1415 2227 1718 2282; x_wconf 83' lang='lat' dir='ltr'><strong>libertatem</strong></span> <span class='ocrx_word' id='word_1_275' title='bbox 1759 2231 2032 2299; x_wconf 84' lang='lat' dir='ltr'><strong>accepisse</strong></span> <span class='ocrx_word' id='word_1_276' title='bbox 2062 2245 2092 2285; x_wconf 89' lang='lat' dir='ltr'><strong>a</strong></span> 
     </span>
    </p>
   </div>
   <div class='ocr_carea' id='block_1_39' title="bbox 521 2311 2096 2383">
    <p class='ocr_par' dir='ltr' id='par_1_39' title="bbox 521 2311 2096 2383">
     <span class='ocr_line' id='line_1_39' title="bbox 521 2311 2096 2383; baseline 0.006 -17"><span class='ocrx_word' id='word_1_277' title='bbox 521 2311 746 2367; x_wconf 91' lang='lat' dir='ltr'><strong>Domino</strong></span> <span class='ocrx_word' id='word_1_278' title='bbox 771 2323 939 2383; x_wconf 83' lang='lat' dir='ltr'><strong>putat,</strong></span> <span class='ocrx_word' id='word_1_279' title='bbox 965 2324 1023 2368; x_wconf 90' lang='lat' dir='ltr'><strong>ut</strong></span> <span class='ocrx_word' id='word_1_280' title='bbox 1048 2316 1294 2370; x_wconf 87' lang='lat' dir='ltr'><strong>licentius</strong></span> <span class='ocrx_word' id='word_1_281' title='bbox 1314 2327 1515 2382; x_wconf 85' lang='lat' dir='ltr'><strong>neccet,</strong></span> <span class='ocrx_word' id='word_1_282' title='bbox 1545 2319 1665 2374; x_wconf 90' lang='lat' dir='ltr'><strong>talis</strong></span> <span class='ocrx_word' id='word_1_283' title='bbox 1699 2333 1850 2375; x_wconf 89' lang='lat' dir='ltr'><strong>suam</strong></span> <span class='ocrx_word' id='word_1_284' title='bbox 1880 2321 2096 2376; x_wconf 84' lang='lat' dir='ltr'><strong>liberta-</strong></span> 
     </span>
    </p>
   </div>
   <div class='ocr_carea' id='block_1_40' title="bbox 521 2403 2094 2465">
    <p class='ocr_par' dir='ltr' id='par_1_40' title="bbox 521 2403 2094 2465">
     <span class='ocr_line' id='line_1_40' title="bbox 521 2403 2094 2465; baseline 0.006 -10"><span class='ocrx_word' id='word_1_285' title='bbox 521 2410 628 2456; x_wconf 90' lang='lat' dir='ltr'><strong>tem</strong></span> <span class='ocrx_word' id='word_1_286' title='bbox 653 2403 705 2455; x_wconf 90' lang='lat' dir='ltr'><strong>in</strong></span> <span class='ocrx_word' id='word_1_287' title='bbox 734 2403 975 2457; x_wconf 88' lang='lat' dir='ltr'><strong>velamen</strong></span> <span class='ocrx_word' id='word_1_288' title='bbox 1005 2405 1220 2459; x_wconf 69' lang='lat' dir='ltr'><strong>malitia:</strong></span> <span class='ocrx_word' id='word_1_289' title='bbox 1247 2416 1439 2459; x_wconf 89' lang='lat' dir='ltr'><strong>mutat.</strong></span> <span class='ocrx_word' id='word_1_290' title='bbox 1464 2406 1585 2460; x_wconf 74' lang='lat' dir='ltr'><strong>Vult</strong></span> <span class='ocrx_word' id='word_1_291' title='bbox 1615 2408 1758 2462; x_wconf 91' lang='lat' dir='ltr'><strong>enim</strong></span> <span class='ocrx_word' id='word_1_292' title='bbox 1783 2425 1878 2463; x_wconf 88' lang='lat' dir='ltr'><strong>nos</strong></span> <span class='ocrx_word' id='word_1_293' title='bbox 1906 2411 2094 2465; x_wconf 86' lang='lat' dir='ltr'><strong>beatus</strong></span> 
     </span>
    </p>
   </div>
   <div class='ocr_carea' id='block_1_41' title="bbox 521 2490 2093 2570">
    <p class='ocr_par' dir='ltr' id='par_1_41' title="bbox 521 2490 2093 2570">
     <span class='ocr_line' id='line_1_41' title="bbox 521 2490 2093 2570; baseline 0.006 -27"><span class='ocrx_word' id='word_1_294' title='bbox 521 2490 713 2570; x_wconf 72' lang='lat' dir='ltr'><strong>Petrus</strong></span> <span class='ocrx_word' id='word_1_295' title='bbox 764 2493 961 2548; x_wconf 90' lang='lat' dir='ltr'><strong>liberos</strong></span> <span class='ocrx_word' id='word_1_296' title='bbox 1003 2508 1122 2547; x_wconf 90' lang='lat' dir='ltr'><strong>esse</strong></span> <span class='ocrx_word' id='word_1_297' title='bbox 1173 2509 1203 2547; x_wconf 89' lang='lat' dir='ltr'><strong>a</strong></span> <span class='ocrx_word' id='word_1_298' title='bbox 1251 2497 1470 2551; x_wconf 86' lang='lat' dir='ltr'><strong>servitio</strong></span> <span class='ocrx_word' id='word_1_299' title='bbox 1515 2497 1812 2566; x_wconf 88' lang='lat' dir='ltr'><strong>culparum,</strong></span> <span class='ocrx_word' id='word_1_300' title='bbox 1849 2507 1906 2552; x_wconf 92' lang='lat' dir='ltr'><strong>ut</strong></span> <span class='ocrx_word' id='word_1_301' title='bbox 1952 2498 2093 2552; x_wconf 86' lang='lat' dir='ltr'><strong>servi</strong></span> 
     </span>
    </p>
   </div>
   <div class='ocr_carea' id='block_1_42' title="bbox 522 2581 2088 2654">
    <p class='ocr_par' dir='ltr' id='par_1_42' title="bbox 522 2581 2088 2654">
     <span class='ocr_line' id='line_1_42' title="bbox 522 2581 2088 2654; baseline 0.004 -21"><span class='ocrx_word' id='word_1_302' title='bbox 522 2581 784 2650; x_wconf 83' lang='lat' dir='ltr'><strong>creatoris</strong></span> <span class='ocrx_word' id='word_1_303' title='bbox 808 2582 980 2636; x_wconf 89' lang='lat' dir='ltr'><strong>nostri</strong></span> <span class='ocrx_word' id='word_1_304' title='bbox 1013 2583 1137 2636; x_wconf 89' lang='lat' dir='ltr'><strong>boni</strong></span> <span class='ocrx_word' id='word_1_305' title='bbox 1168 2594 1221 2638; x_wconf 92' lang='lat' dir='ltr'><strong>et</strong></span> <span class='ocrx_word' id='word_1_306' title='bbox 1247 2584 1428 2638; x_wconf 82' lang='lat' dir='ltr'><strong>fideles</strong></span> <span class='ocrx_word' id='word_1_307' title='bbox 1448 2599 1764 2653; x_wconf 86' lang='lat' dir='ltr'><strong>permanere</strong></span> <span class='ocrx_word' id='word_1_308' title='bbox 1786 2587 2054 2654; x_wconf 87' lang='lat' dir='ltr'><strong>possimus</strong></span> <span class='ocrx_word' id='word_1_309' title='bbox 2078 2607 2088 2640; x_wconf 91' lang='lat'><strong>:</strong></span> 
     </span>
    </p>
   </div>
   <div class='ocr_carea' id='block_1_43' title="bbox 521 2670 1380 2742">
    <p class='ocr_par' dir='ltr' id='par_1_43' title="bbox 521 2670 1380 2742">
     <span class='ocr_line' id='line_1_43' title="bbox 521 2670 1380 2742; baseline 0.003 -19"><span class='ocrx_word' id='word_1_310' title='bbox 521 2670 662 2724; x_wconf 91' lang='lat' dir='ltr'><strong>unde</strong></span> <span class='ocrx_word' id='word_1_311' title='bbox 687 2672 1072 2739; x_wconf 89' lang='lat' dir='ltr'><strong>subsequenter</strong></span> <span class='ocrx_word' id='word_1_312' title='bbox 1100 2673 1342 2742; x_wconf 84' lang='lat' dir='ltr'><strong>adjungit</strong></span> <span class='ocrx_word' id='word_1_313' title='bbox 1369 2693 1380 2726; x_wconf 86' lang='lat'><strong>:</strong></span> 
     </span>
    </p>
   </div>
   <div class='ocr_carea' id='block_1_44' title="bbox 528 2757 2094 2835">
    <p class='ocr_par' dir='ltr' id='par_1_44' title="bbox 528 2757 2094 2835">
     <span class='ocr_line' id='line_1_44' title="bbox 528 2757 2094 2835; baseline 0.006 -24"><span class='ocrx_word' id='word_1_314' title='bbox 528 2817 535 2823; x_wconf 90' lang='lat'><strong><em>_</em></strong></span> <span class='ocrx_word' id='word_1_315' title='bbox 605 2757 707 2812; x_wconf 90' lang='lat' dir='ltr'><strong>Sed</strong></span> <span class='ocrx_word' id='word_1_316' title='bbox 749 2761 880 2812; x_wconf 83' lang='lat' dir='ltr'><strong>sicut</strong></span> <span class='ocrx_word' id='word_1_317' title='bbox 920 2762 1047 2815; x_wconf 80' lang='lat' dir='ltr'><strong>servi</strong></span> <span class='ocrx_word' id='word_1_318' title='bbox 1088 2762 1183 2815; x_wconf 84' lang='lat' dir='ltr'><strong>Dei</strong></span> <span class='ocrx_word' id='word_1_319' title='bbox 1215 2780 1388 2815; x_wconf 86' lang='lat' dir='ltr'><strong>omnes</strong></span> <span class='ocrx_word' id='word_1_320' title='bbox 1414 2764 1683 2829; x_wconf 80' lang='lat' dir='ltr'><strong>honorate,</strong></span> <span class='ocrx_word' id='word_1_321' title='bbox 1717 2767 2094 2835; x_wconf 76' lang='lat' dir='ltr'><strong>fraternitatem</strong></span> 
     </span>
    </p>
   </div>
   <div class='ocr_carea' id='block_1_45' title="bbox 528 2850 2096 2926">
    <p class='ocr_par' dir='ltr' id='par_1_45' title="bbox 528 2850 2096 2926">
     <span class='ocr_line' id='line_1_45' title="bbox 528 2850 2096 2926; baseline 0.005 -24"><span class='ocrx_word' id='word_1_322' title='bbox 528 2850 746 2920; x_wconf 78' lang='lat' dir='ltr'><strong>diligite,</strong></span> <span class='ocrx_word' id='word_1_323' title='bbox 783 2850 949 2903; x_wconf 84' lang='lat' dir='ltr'><strong>Deum</strong></span> <span class='ocrx_word' id='word_1_324' title='bbox 999 2853 1189 2914; x_wconf 82' lang='lat' dir='ltr'><strong>timete,</strong></span> <span class='ocrx_word' id='word_1_325' title='bbox 1231 2869 1395 2920; x_wconf 83' lang='lat' dir='ltr'><strong>regem</strong></span> <span class='ocrx_word' id='word_1_326' title='bbox 1430 2853 1737 2922; x_wconf 82' lang='lat' dir='ltr'><strong>gloriﬁcate.</strong></span> <span class='ocrx_word' id='word_1_327' title='bbox 1763 2855 1942 2910; x_wconf 82' lang='lat' dir='ltr'><strong>Monet</strong></span> <span class='ocrx_word' id='word_1_328' title='bbox 1966 2872 2096 2926; x_wconf 91' lang='lat' dir='ltr'><strong>ergo</strong></span> 
     </span>
    </p>
   </div>
   <div class='ocr_carea' id='block_1_46' title="bbox 523 2943 2096 3014">
    <p class='ocr_par' dir='ltr' id='par_1_46' title="bbox 523 2943 2096 3014">
     <span class='ocr_line' id='line_1_46' title="bbox 523 2943 2096 3014; baseline 0.003 -18"><span class='ocrx_word' id='word_1_329' title='bbox 523 2957 816 3009; x_wconf 83' lang='lat' dir='ltr'><strong>congruum</strong></span> <span class='ocrx_word' id='word_1_330' title='bbox 862 2943 1070 2997; x_wconf 89' lang='lat' dir='ltr'><strong>cunctis</strong></span> <span class='ocrx_word' id='word_1_331' title='bbox 1100 2943 1408 3012; x_wconf 84' lang='lat' dir='ltr'><strong>impendere</strong></span> <span class='ocrx_word' id='word_1_332' title='bbox 1451 2945 1708 2998; x_wconf 84' lang='lat' dir='ltr'><strong>honorem</strong></span> <span class='ocrx_word' id='word_1_333' title='bbox 1742 2955 1796 2999; x_wconf 90' lang='lat' dir='ltr'><strong>et</strong></span> <span class='ocrx_word' id='word_1_334' title='bbox 1813 2943 1966 3014; x_wconf 79' lang='lat' dir='ltr'><strong>juxta</strong></span> <span class='ocrx_word' id='word_1_335' title='bbox 1998 2947 2096 3000; x_wconf 89' lang='lat' dir='ltr'><strong>im-</strong></span> 
     </span>
    </p>
   </div>
   <div class='ocr_carea' id='block_1_47' title="bbox 523 3033 2094 3103">
    <p class='ocr_par' dir='ltr' id='par_1_47' title="bbox 523 3033 2094 3103">
     <span class='ocr_line' id='line_1_47' title="bbox 523 3033 2094 3103; baseline 0.003 -17"><span class='ocrx_word' id='word_1_336' title='bbox 523 3033 728 3103; x_wconf 86' lang='lat' dir='ltr'><strong>perium</strong></span> <span class='ocrx_word' id='word_1_337' title='bbox 784 3033 992 3088; x_wconf 87' lang='lat' dir='ltr'><strong>Domini</strong></span> <span class='ocrx_word' id='word_1_338' title='bbox 1043 3033 1239 3088; x_wconf 65' lang='lat' dir='ltr'><strong>Caesari</strong></span> <span class='ocrx_word' id='word_1_339' title='bbox 1291 3049 1408 3101; x_wconf 70' lang='lat' dir='ltr'><strong>qius</strong></span> <span class='ocrx_word' id='word_1_340' title='bbox 1450 3034 1678 3090; x_wconf 65' lang='lat' dir='ltr'><strong>Caesaris</strong></span> <span class='ocrx_word' id='word_1_341' title='bbox 1714 3044 1860 3101; x_wconf 89' lang='lat' dir='ltr'><strong>sunt,</strong></span> <span class='ocrx_word' id='word_1_342' title='bbox 1884 3045 1938 3091; x_wconf 89' lang='lat' dir='ltr'><strong>et</strong></span> <span class='ocrx_word' id='word_1_343' title='bbox 1984 3036 2094 3092; x_wconf 91' lang='lat' dir='ltr'><strong>Deo</strong></span> 
     </span>
    </p>
   </div>
   <div class='ocr_carea' id='block_1_48' title="bbox 2192 1844 3773 1917">
    <p class='ocr_par' dir='ltr' id='par_1_48' title="bbox 2192 1844 3773 1917">
     <span class='ocr_line' id='line_1_48' title="bbox 2192 1844 3773 1917; baseline -0.006 -9"><span class='ocrx_word' id='word_1_344' title='bbox 2192 1854 2446 1908; x_wconf 87' lang='lat' dir='ltr'><strong>censione</strong></span> <span class='ocrx_word' id='word_1_345' title='bbox 2483 1850 2597 1917; x_wconf 85' lang='lat' dir='ltr'><strong>ejus</strong></span> <span class='ocrx_word' id='word_1_346' title='bbox 2649 1848 2909 1903; x_wconf 66' lang='lat' dir='ltr'><strong>lietiﬁcari</strong></span> <span class='ocrx_word' id='word_1_347' title='bbox 2938 1854 3267 1900; x_wconf 87' lang='lat' dir='ltr'><strong>meruerunt.</strong></span> <span class='ocrx_word' id='word_1_348' title='bbox 3309 1845 3574 1900; x_wconf 81' lang='lat' dir='ltr'><strong>Modicum</strong></span> <span class='ocrx_word' id='word_1_349' title='bbox 3614 1844 3773 1898; x_wconf 74' lang='lat' dir='ltr'><strong>etiam</strong></span> 
     </span>
    </p>
   </div>
   <div class='ocr_carea' id='block_1_49' title="bbox 2194 1935 3775 2005">
    <p class='ocr_par' dir='ltr' id='par_1_49' title="bbox 2194 1935 3775 2005">
     <span class='ocr_line' id='line_1_49' title="bbox 2194 1935 3775 2005; baseline -0.003 -10"><span class='ocrx_word' id='word_1_350' title='bbox 2194 1943 2294 1995; x_wconf 78' lang='lat' dir='ltr'><strong>fuit</strong></span> <span class='ocrx_word' id='word_1_351' title='bbox 2331 1943 2398 1996; x_wconf 89' lang='lat' dir='ltr'><strong>ab</strong></span> <span class='ocrx_word' id='word_1_352' title='bbox 2448 1940 2537 1994; x_wconf 86' lang='lat' dir='ltr'><strong>illa</strong></span> <span class='ocrx_word' id='word_1_353' title='bbox 2581 1940 2711 1993; x_wconf 88' lang='lat' dir='ltr'><strong>hora</strong></span> <span class='ocrx_word' id='word_1_354' title='bbox 2762 1939 2905 1991; x_wconf 87' lang='lat' dir='ltr'><strong>illius</strong></span> <span class='ocrx_word' id='word_1_355' title='bbox 2941 1937 3113 1990; x_wconf 88' lang='lat' dir='ltr'><strong>noctis</strong></span> <span class='ocrx_word' id='word_1_356' title='bbox 3161 1951 3266 2005; x_wconf 89' lang='lat' dir='ltr'><strong>qua</strong></span> <span class='ocrx_word' id='word_1_357' title='bbox 3313 1935 3540 1988; x_wconf 89' lang='lat' dir='ltr'><strong>traditus</strong></span> <span class='ocrx_word' id='word_1_358' title='bbox 3572 1944 3678 1998; x_wconf 89' lang='lat' dir='ltr'><strong>est,</strong></span> <span class='ocrx_word' id='word_1_359' title='bbox 3725 1935 3775 1990; x_wconf 85' lang='lat' dir='ltr'><strong>in</strong></span> 
     </span>
    </p>
   </div>
   <div class='ocr_carea' id='block_1_50' title="bbox 2191 2025 3777 2102">
    <p class='ocr_par' dir='ltr' id='par_1_50' title="bbox 2191 2025 3777 2102">
     <span class='ocr_line' id='line_1_50' title="bbox 2191 2025 3777 2102; baseline -0.006 -14"><span class='ocrx_word' id='word_1_360' title='bbox 2191 2035 2380 2088; x_wconf 88' lang='lat' dir='ltr'><strong>horam</strong></span> <span class='ocrx_word' id='word_1_361' title='bbox 2411 2033 2706 2102; x_wconf 84' lang='lat' dir='ltr'><strong>passionis,</strong></span> <span class='ocrx_word' id='word_1_362' title='bbox 2745 2031 2856 2084; x_wconf 79' lang='lat' dir='ltr'><strong>sive</strong></span> <span class='ocrx_word' id='word_1_363' title='bbox 2877 2029 3094 2098; x_wconf 88' lang='lat' dir='ltr'><strong>quando</strong></span> <span class='ocrx_word' id='word_1_364' title='bbox 3121 2041 3244 2080; x_wconf 90' lang='lat' dir='ltr'><strong>eum</strong></span> <span class='ocrx_word' id='word_1_365' title='bbox 3271 2025 3519 2094; x_wconf 88' lang='lat' dir='ltr'><strong>discipuli</strong></span> <span class='ocrx_word' id='word_1_366' title='bbox 3547 2025 3777 2080; x_wconf 87' lang='lat' dir='ltr'><strong>carnali-</strong></span> 
     </span>
    </p>
   </div>
   <div class='ocr_carea' id='block_1_51' title="bbox 2194 2115 3775 2187">
    <p class='ocr_par' dir='ltr' id='par_1_51' title="bbox 2194 2115 3775 2187">
     <span class='ocr_line' id='line_1_51' title="bbox 2194 2115 3775 2187; baseline -0.003 -9"><span class='ocrx_word' id='word_1_367' title='bbox 2194 2135 2275 2179; x_wconf 88' lang='lat' dir='ltr'><strong>ter</strong></span> <span class='ocrx_word' id='word_1_368' title='bbox 2298 2123 2551 2178; x_wconf 85' lang='lat' dir='ltr'><strong>videbant</strong></span> <span class='ocrx_word' id='word_1_369' title='bbox 2575 2139 2589 2187; x_wconf 84' lang='lat'><strong>;</strong></span> <span class='ocrx_word' id='word_1_370' title='bbox 2617 2131 2672 2176; x_wconf 88' lang='lat' dir='ltr'><strong>et</strong></span> <span class='ocrx_word' id='word_1_371' title='bbox 2698 2122 2892 2174; x_wconf 89' lang='lat' dir='ltr'><strong>iterum</strong></span> <span class='ocrx_word' id='word_1_372' title='bbox 2924 2117 3198 2172; x_wconf 91' lang='lat' dir='ltr'><strong>modicum</strong></span> <span class='ocrx_word' id='word_1_373' title='bbox 3225 2115 3325 2170; x_wconf 80' lang='lat' dir='ltr'><strong>fuit</strong></span> <span class='ocrx_word' id='word_1_374' title='bbox 3350 2131 3454 2184; x_wconf 90' lang='lat' dir='ltr'><strong>quo</strong></span> <span class='ocrx_word' id='word_1_375' title='bbox 3475 2116 3695 2170; x_wconf 86' lang='lat' dir='ltr'><strong>clausus</strong></span> <span class='ocrx_word' id='word_1_376' title='bbox 3727 2116 3775 2173; x_wconf 86' lang='lat' dir='ltr'><strong>in</strong></span> 
     </span>
    </p>
   </div>
   <div class='ocr_carea' id='block_1_52' title="bbox 2191 2207 3778 2285">
    <p class='ocr_par' dir='ltr' id='par_1_52' title="bbox 2191 2207 3778 2285">
     <span class='ocr_line' id='line_1_52' title="bbox 2191 2207 3778 2285; baseline -0.006 -15"><span class='ocrx_word' id='word_1_377' title='bbox 2191 2216 2435 2285; x_wconf 84' lang='lat' dir='ltr'><strong>sepulcro</strong></span> <span class='ocrx_word' id='word_1_378' title='bbox 2485 2215 2641 2268; x_wconf 88' lang='lat' dir='ltr'><strong>tertia</strong></span> <span class='ocrx_word' id='word_1_379' title='bbox 2687 2213 2772 2266; x_wconf 89' lang='lat' dir='ltr'><strong>die</strong></span> <span class='ocrx_word' id='word_1_380' title='bbox 2820 2218 3227 2265; x_wconf 87' lang='lat' dir='ltr'><strong>resurrecturus</strong></span> <span class='ocrx_word' id='word_1_381' title='bbox 3257 2207 3427 2276; x_wconf 88' lang='lat' dir='ltr'><strong>jacuit</strong></span> <span class='ocrx_word' id='word_1_382' title='bbox 3470 2217 3523 2260; x_wconf 89' lang='lat' dir='ltr'><strong>et</strong></span> <span class='ocrx_word' id='word_1_383' title='bbox 3565 2207 3778 2260; x_wconf 85' lang='lat' dir='ltr'><strong>illorum</strong></span> 
     </span>
    </p>
   </div>
   <div class='ocr_carea' id='block_1_53' title="bbox 2192 2297 3778 2375">
    <p class='ocr_par' dir='ltr' id='par_1_53' title="bbox 2192 2297 3778 2375">
     <span class='ocr_line' id='line_1_53' title="bbox 2192 2297 3778 2375; baseline -0.006 -15"><span class='ocrx_word' id='word_1_384' title='bbox 2192 2306 2499 2375; x_wconf 79' lang='lat' dir='ltr'><strong>aspectibus</strong></span> <span class='ocrx_word' id='word_1_385' title='bbox 2526 2304 2693 2358; x_wconf 90' lang='lat' dir='ltr'><strong>videri</strong></span> <span class='ocrx_word' id='word_1_386' title='bbox 2725 2318 2829 2356; x_wconf 93' lang='lat' dir='ltr'><strong>non</strong></span> <span class='ocrx_word' id='word_1_387' title='bbox 2866 2302 3039 2371; x_wconf 90' lang='lat' dir='ltr'><strong>potuit</strong></span> <span class='ocrx_word' id='word_1_388' title='bbox 3069 2319 3080 2352; x_wconf 94' lang='lat'>:</span> <span class='ocrx_word' id='word_1_389' title='bbox 3116 2301 3218 2354; x_wconf 90' lang='lat' dir='ltr'><strong>hoc</strong></span> <span class='ocrx_word' id='word_1_390' title='bbox 3249 2307 3334 2353; x_wconf 87' lang='lat' dir='ltr'><strong>est</strong></span> <span class='ocrx_word' id='word_1_391' title='bbox 3353 2299 3496 2367; x_wconf 85' lang='lat' dir='ltr'><strong>quod</strong></span> <span class='ocrx_word' id='word_1_392' title='bbox 3523 2299 3634 2361; x_wconf 90' lang='lat' dir='ltr'><strong>ait,</strong></span> <span class='ocrx_word' id='word_1_393' title='bbox 3665 2297 3778 2351; x_wconf 72' lang='lat' dir='ltr'><strong>Mo-</strong></span> 
     </span>
    </p>
   </div>
   <div class='ocr_carea' id='block_1_54' title="bbox 2191 2388 3780 2456">
    <p class='ocr_par' dir='ltr' id='par_1_54' title="bbox 2191 2388 3780 2456">
     <span class='ocr_line' id='line_1_54' title="bbox 2191 2388 3780 2456; baseline -0.004 -8"><span class='ocrx_word' id='word_1_394' title='bbox 2191 2397 2367 2448; x_wconf 83' lang='lat' dir='ltr'><strong>dicum</strong></span> <span class='ocrx_word' id='word_1_395' title='bbox 2391 2405 2438 2448; x_wconf 90' lang='lat' dir='ltr'><strong>et</strong></span> <span class='ocrx_word' id='word_1_396' title='bbox 2461 2411 2563 2448; x_wconf 85' lang='lat' dir='ltr'><strong>non</strong></span> <span class='ocrx_word' id='word_1_397' title='bbox 2592 2392 2828 2447; x_wconf 88' lang='lat' dir='ltr'><strong>videbitis</strong></span> <span class='ocrx_word' id='word_1_398' title='bbox 2858 2407 2958 2444; x_wconf 87' lang='lat' dir='ltr'><strong>me.</strong></span> <span class='ocrx_word' id='word_1_399' title='bbox 2996 2390 3147 2456; x_wconf 86' lang='lat' dir='ltr'><strong>Quod</strong></span> <span class='ocrx_word' id='word_1_400' title='bbox 3171 2405 3297 2444; x_wconf 90' lang='lat' dir='ltr'><strong>vero</strong></span> <span class='ocrx_word' id='word_1_401' title='bbox 3323 2390 3419 2452; x_wconf 91' lang='lat' dir='ltr'><strong>ait,</strong></span> <span class='ocrx_word' id='word_1_402' title='bbox 3443 2388 3646 2442; x_wconf 85' lang='lat' dir='ltr'><strong>lterum</strong></span> <span class='ocrx_word' id='word_1_403' title='bbox 3670 2403 3780 2442; x_wconf 82' lang='lat' dir='ltr'><strong>mo-</strong></span> 
     </span>
    </p>
   </div>
   <div class='ocr_carea' id='block_1_55' title="bbox 2193 2479 3776 2548">
    <p class='ocr_par' dir='ltr' id='par_1_55' title="bbox 2193 2479 3776 2548">
     <span class='ocr_line' id='line_1_55' title="bbox 2193 2479 3776 2548; baseline -0.004 -11"><span class='ocrx_word' id='word_1_404' title='bbox 2193 2485 2365 2538; x_wconf 86' lang='lat' dir='ltr'><strong>dicum</strong></span> <span class='ocrx_word' id='word_1_405' title='bbox 2393 2493 2438 2537; x_wconf 88' lang='lat' dir='ltr'><strong>et</strong></span> <span class='ocrx_word' id='word_1_406' title='bbox 2470 2483 2703 2536; x_wconf 81' lang='lat' dir='ltr'><strong>videbitis</strong></span> <span class='ocrx_word' id='word_1_407' title='bbox 2733 2498 2830 2544; x_wconf 74' lang='lat' dir='ltr'><strong>nte,</strong></span> <span class='ocrx_word' id='word_1_408' title='bbox 2859 2481 3126 2547; x_wconf 85' lang='lat' dir='ltr'><strong>signiﬁcat</strong></span> <span class='ocrx_word' id='word_1_409' title='bbox 3168 2488 3287 2548; x_wconf 90' lang='lat' dir='ltr'><strong>post</strong></span> <span class='ocrx_word' id='word_1_410' title='bbox 3323 2479 3776 2534; x_wconf 86' lang='lat' dir='ltr'><strong>resurrectionem</strong></span> 
     </span>
    </p>
   </div>
   <div class='ocr_carea' id='block_1_56' title="bbox 2195 2568 3778 2642">
    <p class='ocr_par' dir='ltr' id='par_1_56' title="bbox 2195 2568 3778 2642">
     <span class='ocr_line' id='line_1_56' title="bbox 2195 2568 3778 2642; baseline -0.003 -14"><span class='ocrx_word' id='word_1_411' title='bbox 2195 2583 2424 2642; x_wconf 84' lang='lat' dir='ltr'><strong>tempus,</strong></span> <span class='ocrx_word' id='word_1_412' title='bbox 2456 2588 2562 2641; x_wconf 91' lang='lat' dir='ltr'><strong>quo</strong></span> <span class='ocrx_word' id='word_1_413' title='bbox 2585 2586 2708 2626; x_wconf 87' lang='lat' dir='ltr'><strong>cum</strong></span> <span class='ocrx_word' id='word_1_414' title='bbox 2751 2571 3028 2639; x_wconf 89' lang='lat' dir='ltr'><strong>discipulis</strong></span> <span class='ocrx_word' id='word_1_415' title='bbox 3058 2579 3409 2623; x_wconf 88' lang='lat' dir='ltr'><strong>conversatus</strong></span> <span class='ocrx_word' id='word_1_416' title='bbox 3437 2578 3543 2631; x_wconf 85' lang='lat' dir='ltr'><strong>est,</strong></span> <span class='ocrx_word' id='word_1_417' title='bbox 3580 2576 3635 2622; x_wconf 88' lang='lat' dir='ltr'><strong>et</strong></span> <span class='ocrx_word' id='word_1_418' title='bbox 3674 2568 3778 2623; x_wconf 85' lang='lat' dir='ltr'><strong>illis</strong></span> 
     </span>
    </p>
   </div>
   <div class='ocr_carea' id='block_1_57' title="bbox 2194 2661 3779 2730">
    <p class='ocr_par' dir='ltr' id='par_1_57' title="bbox 2194 2661 3779 2730">
     <span class='ocr_line' id='line_1_57' title="bbox 2194 2661 3779 2730; baseline -0.004 -10"><span class='ocrx_word' id='word_1_419' title='bbox 2194 2665 2510 2720; x_wconf 89' lang='lat' dir='ltr'><strong>multimoda</strong></span> <span class='ocrx_word' id='word_1_420' title='bbox 2553 2663 2861 2718; x_wconf 87' lang='lat' dir='ltr'><strong>ostensione</strong></span> <span class='ocrx_word' id='word_1_421' title='bbox 2892 2662 3141 2730; x_wconf 89' lang='lat' dir='ltr'><strong>apparuit</strong></span> <span class='ocrx_word' id='word_1_422' title='bbox 3174 2676 3343 2730; x_wconf 89' lang='lat' dir='ltr'><strong>usque</strong></span> <span class='ocrx_word' id='word_1_423' title='bbox 3383 2662 3507 2714; x_wconf 89' lang='lat' dir='ltr'><strong>dum</strong></span> <span class='ocrx_word' id='word_1_424' title='bbox 3537 2661 3779 2716; x_wconf 86' lang='lat' dir='ltr'><strong>ascendit</strong></span> 
     </span>
    </p>
   </div>
   <div class='ocr_carea' id='block_1_58' title="bbox 2195 2751 3778 2819">
    <p class='ocr_par' dir='ltr' id='par_1_58' title="bbox 2195 2751 3778 2819">
     <span class='ocr_line' id='line_1_58' title="bbox 2195 2751 3778 2819; baseline -0.004 -9"><span class='ocrx_word' id='word_1_425' title='bbox 2195 2757 2250 2809; x_wconf 92' lang='lat' dir='ltr'><strong>in</strong></span> <span class='ocrx_word' id='word_1_426' title='bbox 2269 2755 2465 2810; x_wconf 67' lang='lat' dir='ltr'><strong>caelum</strong></span> <span class='ocrx_word' id='word_1_427' title='bbox 2497 2755 2603 2808; x_wconf 88' lang='lat' dir='ltr'><strong>illis</strong></span> <span class='ocrx_word' id='word_1_428' title='bbox 2636 2753 2960 2816; x_wconf 79' lang='lat' dir='ltr'><strong>videntibus,</strong></span> <span class='ocrx_word' id='word_1_429' title='bbox 2996 2753 3129 2805; x_wconf 90' lang='lat' dir='ltr'><strong>utin</strong></span> <span class='ocrx_word' id='word_1_430' title='bbox 3155 2751 3444 2819; x_wconf 79' lang='lat' dir='ltr'><strong>Evangelia</strong></span> <span class='ocrx_word' id='word_1_431' title='bbox 3472 2759 3528 2805; x_wconf 89' lang='lat' dir='ltr'><strong>et</strong></span> <span class='ocrx_word' id='word_1_432' title='bbox 3555 2751 3778 2806; x_wconf 81' lang='lat' dir='ltr'><strong>Actibus</strong></span> 
     </span>
    </p>
   </div>
   <div class='ocr_carea' id='block_1_59' title="bbox 2197 2839 3423 2914">
    <p class='ocr_par' dir='ltr' id='par_1_59' title="bbox 2197 2839 3423 2914">
     <span class='ocr_line' id='line_1_59' title="bbox 2197 2839 3423 2914; baseline -0.006 -15"><span class='ocrx_word' id='word_1_433' title='bbox 2197 2844 2557 2914; x_wconf 86' lang='lat' dir='ltr'><strong>apostolorum</strong></span> <span class='ocrx_word' id='word_1_434' title='bbox 2581 2843 2799 2912; x_wconf 77' lang='lat' dir='ltr'><strong>legitur:</strong></span> <span class='ocrx_word' id='word_1_435' title='bbox 2825 2841 2891 2894; x_wconf 87' lang='lat' dir='ltr'><strong>Et</strong></span> <span class='ocrx_word' id='word_1_436' title='bbox 2916 2844 3016 2895; x_wconf 87' lang='lat' dir='ltr'><strong>hoc</strong></span> <span class='ocrx_word' id='word_1_437' title='bbox 3043 2849 3126 2894; x_wconf 91' lang='lat' dir='ltr'><strong>est</strong></span> <span class='ocrx_word' id='word_1_438' title='bbox 3146 2839 3288 2908; x_wconf 88' lang='lat' dir='ltr'><strong>quod</strong></span> <span class='ocrx_word' id='word_1_439' title='bbox 3313 2840 3386 2892; x_wconf 86' lang='lat' dir='ltr'><strong>ait</strong></span> <span class='ocrx_word' id='word_1_440' title='bbox 3411 2858 3423 2892; x_wconf 88' lang='lat'>:</span> 
     </span>
    </p>
   </div>
   <div class='ocr_carea' id='block_1_60' title="bbox 2268 2927 3777 3000">
    <p class='ocr_par' dir='ltr' id='par_1_60' title="bbox 2268 2927 3777 3000">
     <span class='ocr_line' id='line_1_60' title="bbox 2268 2927 3777 3000; baseline -0.003 -13"><span class='ocrx_word' id='word_1_441' title='bbox 2268 2933 2406 2998; x_wconf 84' lang='lat' dir='ltr'><strong>Quia</strong></span> <span class='ocrx_word' id='word_1_442' title='bbox 2430 2933 2564 2986; x_wconf 89' lang='lat' dir='ltr'><strong>vado</strong></span> <span class='ocrx_word' id='word_1_443' title='bbox 2593 2932 2660 2985; x_wconf 89' lang='lat' dir='ltr'><strong>ad</strong></span> <span class='ocrx_word' id='word_1_444' title='bbox 2695 2941 2915 3000; x_wconf 81' lang='lat' dir='ltr'><strong>patrem.</strong></span> <span class='ocrx_word' id='word_1_445' title='bbox 2955 2931 3033 2982; x_wconf 80' lang='lat' dir='ltr'><strong>Ac</strong></span> <span class='ocrx_word' id='word_1_446' title='bbox 3071 2930 3114 2983; x_wconf 90' lang='lat' dir='ltr'><strong>si</strong></span> <span class='ocrx_word' id='word_1_447' title='bbox 3145 2937 3393 2996; x_wconf 86' lang='lat' dir='ltr'><strong>patenter</strong></span> <span class='ocrx_word' id='word_1_448' title='bbox 3425 2928 3570 2982; x_wconf 88' lang='lat' dir='ltr'><strong>dicat</strong></span> <span class='ocrx_word' id='word_1_449' title='bbox 3599 2943 3613 2982; x_wconf 90' lang='lat'>:</span> <span class='ocrx_word' id='word_1_450' title='bbox 3647 2927 3777 2996; x_wconf 82' lang='lat' dir='ltr'><strong>Quia</strong></span> 
     </span>
    </p>
   </div>
   <div class='ocr_carea' id='block_1_61' title="bbox 2195 3017 3778 3094">
    <p class='ocr_par' dir='ltr' id='par_1_61' title="bbox 2195 3017 3778 3094">
     <span class='ocr_line' id='line_1_61' title="bbox 2195 3017 3778 3094; baseline -0.004 -15"><span class='ocrx_word' id='word_1_451' title='bbox 2195 3032 2318 3094; x_wconf 88' lang='lat' dir='ltr'><strong>post</strong></span> <span class='ocrx_word' id='word_1_452' title='bbox 2367 3023 2634 3077; x_wconf 89' lang='lat' dir='ltr'><strong>modicum</strong></span> <span class='ocrx_word' id='word_1_453' title='bbox 2681 3035 2712 3074; x_wconf 85' lang='lat' dir='ltr'><strong>a</strong></span> <span class='ocrx_word' id='word_1_454' title='bbox 2753 3021 2945 3074; x_wconf 88' lang='lat' dir='ltr'><strong>vestris</strong></span> <span class='ocrx_word' id='word_1_455' title='bbox 2987 3018 3294 3087; x_wconf 86' lang='lat' dir='ltr'><strong>aspectibus</strong></span> <span class='ocrx_word' id='word_1_456' title='bbox 3341 3019 3396 3072; x_wconf 90' lang='lat' dir='ltr'><strong>in</strong></span> <span class='ocrx_word' id='word_1_457' title='bbox 3444 3017 3778 3073; x_wconf 85' lang='lat' dir='ltr'><strong>monumenti</strong></span> 
     </span>
    </p>
   </div>
   <div class='ocr_carea' id='block_1_62' title="bbox 524 3099 2096 3194">
    <p class='ocr_par' dir='ltr' id='par_1_62' title="bbox 524 3099 2096 3194">
     <span class='ocr_line' id='line_1_62' title="bbox 524 3099 2096 3194; baseline -0.002 -10"><span class='ocrx_word' id='word_1_458' title='bbox 524 3099 746 3184; x_wconf 70' lang='lat' dir='ltr'><strong>reddere</strong></span> <span class='ocrx_word' id='word_1_459' title='bbox 773 3140 891 3194; x_wconf 71' lang='lat' dir='ltr'><strong>qute</strong></span> <span class='ocrx_word' id='word_1_460' title='bbox 921 3125 1012 3179; x_wconf 82' lang='lat' dir='ltr'><strong>Dei</strong></span> <span class='ocrx_word' id='word_1_461' title='bbox 1040 3133 1181 3180; x_wconf 90' lang='lat' dir='ltr'><strong>sunt.</strong></span> <span class='ocrx_word' id='word_1_462' title='bbox 1210 3125 1275 3178; x_wconf 87' lang='lat' dir='ltr'><strong>Et</strong></span> <span class='ocrx_word' id='word_1_463' title='bbox 1304 3099 1438 3180; x_wconf 83' lang='lat' dir='ltr'><strong>bene</strong></span> <span class='ocrx_word' id='word_1_464' title='bbox 1465 3126 1599 3181; x_wconf 91' lang='lat' dir='ltr'><strong>inter</strong></span> <span class='ocrx_word' id='word_1_465' title='bbox 1639 3126 1742 3181; x_wconf 90' lang='lat' dir='ltr'><strong>alia</strong></span> <span class='ocrx_word' id='word_1_466' title='bbox 1788 3099 2096 3181; x_wconf 76' lang='lat' dir='ltr'><strong>fraternita-</strong></span> 
     </span>
    </p>
   </div>
   <div class='ocr_carea' id='block_1_63' title="bbox 2204 3099 3781 3194">
    <p class='ocr_par' dir='ltr' id='par_1_63' title="bbox 2204 3108 3781 3177">
     <span class='ocr_line' id='line_1_63' title="bbox 2204 3108 3781 3177; baseline -0.003 -10"><span class='ocrx_word' id='word_1_467' title='bbox 2204 3113 2433 3168; x_wconf 79' lang='lat' dir='ltr'><strong>claustro</strong></span> <span class='ocrx_word' id='word_1_468' title='bbox 2476 3111 2812 3176; x_wconf 89' lang='lat' dir='ltr'><strong>abscondar,</strong></span> <span class='ocrx_word' id='word_1_469' title='bbox 2853 3119 2908 3165; x_wconf 90' lang='lat' dir='ltr'><strong>et</strong></span> <span class='ocrx_word' id='word_1_470' title='bbox 2951 3111 3143 3164; x_wconf 88' lang='lat' dir='ltr'><strong>iterum</strong></span> <span class='ocrx_word' id='word_1_471' title='bbox 3197 3118 3317 3177; x_wconf 90' lang='lat' dir='ltr'><strong>post</strong></span> <span class='ocrx_word' id='word_1_472' title='bbox 3362 3108 3664 3174; x_wconf 89' lang='lat' dir='ltr'><strong>modicum,</strong></span> <span class='ocrx_word' id='word_1_473' title='bbox 3695 3108 3781 3162; x_wconf 86' lang='lat' dir='ltr'><strong>de-</strong></span> 
     </span>
    </p>
   </div>
   <div class='ocr_carea' id='block_1_64' title="bbox 527 3213 2098 3285">
    <p class='ocr_par' dir='ltr' id='par_1_64' title="bbox 527 3213 2098 3285">
     <span class='ocr_line' id='line_1_64' title="bbox 527 3213 2098 3285; baseline 0.001 -16"><span class='ocrx_word' id='word_1_474' title='bbox 527 3222 636 3270; x_wconf 80' lang='lat' dir='ltr'><strong>tem</strong></span> <span class='ocrx_word' id='word_1_475' title='bbox 661 3213 882 3283; x_wconf 75' lang='lat' dir='ltr'><strong>diligere</strong></span> <span class='ocrx_word' id='word_1_476' title='bbox 920 3213 1073 3280; x_wconf 78' lang='lat' dir='ltr'><strong>jubet</strong></span> <span class='ocrx_word' id='word_1_477' title='bbox 1101 3213 1303 3268; x_wconf 87' lang='lat' dir='ltr'><strong>liberos</strong></span> <span class='ocrx_word' id='word_1_478' title='bbox 1330 3253 1344 3278; x_wconf 95' lang='lat'><strong>,</strong></span> <span class='ocrx_word' id='word_1_479' title='bbox 1377 3222 1433 3267; x_wconf 90' lang='lat' dir='ltr'><strong>ut</strong></span> <span class='ocrx_word' id='word_1_480' title='bbox 1465 3228 1559 3269; x_wconf 90' lang='lat' dir='ltr'><strong>eos</strong></span> <span class='ocrx_word' id='word_1_481' title='bbox 1593 3231 1805 3285; x_wconf 89' lang='lat' dir='ltr'><strong>quoque</strong></span> <span class='ocrx_word' id='word_1_482' title='bbox 1834 3216 1924 3284; x_wconf 91' lang='lat' dir='ltr'><strong>qui</strong></span> <span class='ocrx_word' id='word_1_483' title='bbox 1965 3224 2098 3270; x_wconf 88' lang='lat' dir='ltr'><strong>tem-</strong></span> 
     </span>
    </p>
   </div>
   <div class='ocr_carea' id='block_1_65' title="bbox 523 3301 2096 3373">
    <p class='ocr_par' dir='ltr' id='par_1_65' title="bbox 523 3301 2096 3373">
     <span class='ocr_line' id='line_1_65' title="bbox 523 3301 2096 3373; baseline 0.001 -17"><span class='ocrx_word' id='word_1_484' title='bbox 523 3301 697 3373; x_wconf 80' lang='lat' dir='ltr'><strong>porali</strong></span> <span class='ocrx_word' id='word_1_485' title='bbox 739 3302 1046 3358; x_wconf 88' lang='lat' dir='ltr'><strong>conditione</strong></span> <span class='ocrx_word' id='word_1_486' title='bbox 1076 3302 1302 3371; x_wconf 87' lang='lat' dir='ltr'><strong>subjecti</strong></span> <span class='ocrx_word' id='word_1_487' title='bbox 1334 3310 1480 3368; x_wconf 88' lang='lat' dir='ltr'><strong>sunt,</strong></span> <span class='ocrx_word' id='word_1_488' title='bbox 1520 3302 1716 3359; x_wconf 76' lang='lat' dir='ltr'><strong>fratres</strong></span> <span class='ocrx_word' id='word_1_489' title='bbox 1754 3304 1854 3359; x_wconf 85' lang='lat' dir='ltr'><strong>sibi</strong></span> <span class='ocrx_word' id='word_1_490' title='bbox 1896 3319 2016 3360; x_wconf 89' lang='lat' dir='ltr'><strong>esse</strong></span> <span class='ocrx_word' id='word_1_491' title='bbox 2043 3305 2096 3358; x_wconf 92' lang='lat' dir='ltr'><strong>in</strong></span> 
     </span>
    </p>
   </div>
   <div class='ocr_carea' id='block_1_66' title="bbox 523 3387 2096 3462">
    <p class='ocr_par' dir='ltr' id='par_1_66' title="bbox 523 3387 2096 3462">
     <span class='ocr_line' id='line_1_66' title="bbox 523 3387 2096 3462; baseline 0.003 -18"><span class='ocrx_word' id='word_1_492' title='bbox 523 3387 945 3447; x_wconf 14' lang='lat' dir='ltr'><strong>Christoil&#39;actos</strong></span> <span class='ocrx_word' id='word_1_493' title='bbox 975 3389 1232 3462; x_wconf 71' lang='lat' dir='ltr'><strong>recolant,</strong></span> <span class='ocrx_word' id='word_1_494' title='bbox 1263 3405 1371 3445; x_wconf 88' lang='lat' dir='ltr'><strong>una</strong></span> <span class='ocrx_word' id='word_1_495' title='bbox 1395 3406 1514 3446; x_wconf 91' lang='lat' dir='ltr'><strong>cum</strong></span> <span class='ocrx_word' id='word_1_496' title='bbox 1547 3392 1676 3460; x_wconf 89' lang='lat' dir='ltr'><strong>ipsis</strong></span> <span class='ocrx_word' id='word_1_497' title='bbox 1705 3392 1918 3447; x_wconf 88' lang='lat' dir='ltr'><strong>Patrem</strong></span> <span class='ocrx_word' id='word_1_498' title='bbox 1943 3395 2096 3448; x_wconf 85' lang='lat' dir='ltr'><strong>invo-</strong></span> 
     </span>
    </p>
   </div>
   <div class='ocr_carea' id='block_1_67' title="bbox 526 3479 2095 3549">
    <p class='ocr_par' dir='ltr' id='par_1_67' title="bbox 526 3479 2095 3549">
     <span class='ocr_line' id='line_1_67' title="bbox 526 3479 2095 3549; baseline -0.001 -15"><span class='ocrx_word' id='word_1_499' title='bbox 526 3489 735 3544; x_wconf 81' lang='lat' dir='ltr'><strong>cantes,</strong></span> <span class='ocrx_word' id='word_1_500' title='bbox 757 3494 877 3533; x_wconf 89' lang='lat' dir='ltr'><strong>eum</strong></span> <span class='ocrx_word' id='word_1_501' title='bbox 906 3480 994 3547; x_wconf 92' lang='lat' dir='ltr'><strong>qui</strong></span> <span class='ocrx_word' id='word_1_502' title='bbox 1017 3479 1132 3534; x_wconf 87' lang='lat' dir='ltr'><strong>sine</strong></span> <span class='ocrx_word' id='word_1_503' title='bbox 1159 3480 1468 3548; x_wconf 87' lang='lat' dir='ltr'><strong>acceptione</strong></span> <span class='ocrx_word' id='word_1_504' title='bbox 1487 3494 1840 3548; x_wconf 86' lang='lat' dir='ltr'><strong>personarum</strong></span> <span class='ocrx_word' id='word_1_505' title='bbox 1871 3480 2095 3549; x_wconf 86' lang='lat' dir='ltr'><strong>judicat.</strong></span> 
     </span>
    </p>
   </div>
   <div class='ocr_carea' id='block_1_68' title="bbox 603 3567 2100 3633">
    <p class='ocr_par' dir='ltr' id='par_1_68' title="bbox 603 3567 2100 3633">
     <span class='ocr_line' id='line_1_68' title="bbox 603 3567 2100 3633; baseline 0.002 -11"><span class='ocrx_word' id='word_1_506' title='bbox 603 3567 755 3623; x_wconf 83' lang='lat' dir='ltr'><strong>Servi</strong></span> <span class='ocrx_word' id='word_1_507' title='bbox 807 3568 1000 3622; x_wconf 84' lang='lat' dir='ltr'><strong>subditi</strong></span> <span class='ocrx_word' id='word_1_508' title='bbox 1043 3577 1202 3622; x_wconf 87' lang='lat' dir='ltr'><strong>estote</strong></span> <span class='ocrx_word' id='word_1_509' title='bbox 1251 3571 1304 3622; x_wconf 89' lang='lat' dir='ltr'><strong>in</strong></span> <span class='ocrx_word' id='word_1_510' title='bbox 1333 3570 1474 3624; x_wconf 85' lang='lat' dir='ltr'><strong>omni</strong></span> <span class='ocrx_word' id='word_1_511' title='bbox 1505 3571 1688 3624; x_wconf 86' lang='lat' dir='ltr'><strong>timore</strong></span> <span class='ocrx_word' id='word_1_512' title='bbox 1719 3571 1962 3633; x_wconf 85' lang='lat' dir='ltr'><strong>dominis,</strong></span> <span class='ocrx_word' id='word_1_513' title='bbox 1998 3588 2100 3625; x_wconf 81' lang='lat' dir='ltr'><strong>non</strong></span> 
     </span>
    </p>
   </div>
   <div class='ocr_carea' id='block_1_69' title="bbox 526 3657 2100 3730">
    <p class='ocr_par' dir='ltr' id='par_1_69' title="bbox 526 3657 2100 3730">
     <span class='ocr_line' id='line_1_69' title="bbox 526 3657 2100 3730; baseline 0.003 -19"><span class='ocrx_word' id='word_1_514' title='bbox 526 3667 732 3711; x_wconf 83' lang='lat' dir='ltr'><strong>tantum</strong></span> <span class='ocrx_word' id='word_1_515' title='bbox 760 3657 902 3710; x_wconf 85' lang='lat' dir='ltr'><strong>bonis</strong></span> <span class='ocrx_word' id='word_1_516' title='bbox 931 3667 978 3710; x_wconf 89' lang='lat' dir='ltr'><strong>et</strong></span> <span class='ocrx_word' id='word_1_517' title='bbox 1001 3657 1260 3722; x_wconf 87' lang='lat' dir='ltr'><strong>modestis,</strong></span> <span class='ocrx_word' id='word_1_518' title='bbox 1289 3658 1378 3712; x_wconf 84' lang='lat' dir='ltr'><strong>sed</strong></span> <span class='ocrx_word' id='word_1_519' title='bbox 1399 3659 1555 3712; x_wconf 85' lang='lat' dir='ltr'><strong>etiam</strong></span> <span class='ocrx_word' id='word_1_520' title='bbox 1576 3658 1818 3728; x_wconf 82' lang='lat' dir='ltr'><strong>dgscolis.</strong></span> <span class='ocrx_word' id='word_1_521' title='bbox 1859 3660 2100 3730; x_wconf 86' lang='lat' dir='ltr'><strong>Dyscolis</strong></span> 
     </span>
    </p>
   </div>
   <div class='ocr_carea' id='block_1_70' title="bbox 529 3746 2095 3817">
    <p class='ocr_par' dir='ltr' id='par_1_70' title="bbox 529 3746 2095 3817">
     <span class='ocr_line' id='line_1_70' title="bbox 529 3746 2095 3817; baseline 0.001 -16"><span class='ocrx_word' id='word_1_522' title='bbox 529 3746 939 3816; x_wconf 84' lang='lat' dir='ltr'><strong>indisciplinatis</strong></span> <span class='ocrx_word' id='word_1_523' title='bbox 968 3746 1119 3810; x_wconf 91' lang='lat' dir='ltr'><strong>dicit,</strong></span> <span class='ocrx_word' id='word_1_524' title='bbox 1160 3747 1374 3800; x_wconf 89' lang='lat' dir='ltr'><strong>nomine</strong></span> <span class='ocrx_word' id='word_1_525' title='bbox 1403 3747 1562 3801; x_wconf 91' lang='lat' dir='ltr'><strong>ducto</strong></span> <span class='ocrx_word' id='word_1_526' title='bbox 1586 3763 1615 3800; x_wconf 89' lang='lat' dir='ltr'><strong>a</strong></span> <span class='ocrx_word' id='word_1_527' title='bbox 1644 3747 1832 3802; x_wconf 68' lang='lat' dir='ltr'><strong>Graeco</strong></span> <span class='ocrx_word' id='word_1_528' title='bbox 1861 3747 2095 3817; x_wconf 89' lang='lat' dir='ltr'><strong>eloquio,</strong></span> 
     </span>
    </p>
   </div>
   <div class='ocr_carea' id='block_1_71' title="bbox 528 3833 2100 3905">
    <p class='ocr_par' dir='ltr' id='par_1_71' title="bbox 528 3833 2100 3905">
     <span class='ocr_line' id='line_1_71' title="bbox 528 3833 2100 3905; baseline 0.003 -18"><span class='ocrx_word' id='word_1_529' title='bbox 528 3836 654 3905; x_wconf 89' lang='lat' dir='ltr'><strong>quia</strong></span> <span class='ocrx_word' id='word_1_530' title='bbox 685 3833 870 3888; x_wconf 80' lang='lat' dir='ltr'><strong>Graece</strong></span> <span class='ocrx_word' id='word_1_531' title='bbox 891 3833 1067 3888; x_wconf 90' lang='lat' dir='ltr'><strong>schola</strong></span> <span class='ocrx_word' id='word_1_532' title='bbox 1095 3845 1316 3889; x_wconf 89' lang='lat' dir='ltr'><strong>vocatur</strong></span> <span class='ocrx_word' id='word_1_533' title='bbox 1343 3835 1490 3890; x_wconf 89' lang='lat' dir='ltr'><strong>locus</strong></span> <span class='ocrx_word' id='word_1_534' title='bbox 1520 3835 1572 3888; x_wconf 91' lang='lat' dir='ltr'><strong>in</strong></span> <span class='ocrx_word' id='word_1_535' title='bbox 1597 3851 1701 3904; x_wconf 91' lang='lat' dir='ltr'><strong>quo</strong></span> <span class='ocrx_word' id='word_1_536' title='bbox 1724 3837 2100 3892; x_wconf 90' lang='lat' dir='ltr'><strong>adolescentes</strong></span> 
     </span>
    </p>
   </div>
   <div class='ocr_carea' id='block_1_72' title="bbox 530 3921 2099 3992">
    <p class='ocr_par' dir='ltr' id='par_1_72' title="bbox 530 3921 2099 3992">
     <span class='ocr_line' id='line_1_72' title="bbox 530 3921 2099 3992; baseline 0.001 -15"><span class='ocrx_word' id='word_1_537' title='bbox 530 3921 854 3978; x_wconf 85' lang='lat' dir='ltr'><strong>litteralibus</strong></span> <span class='ocrx_word' id='word_1_538' title='bbox 897 3923 1089 3976; x_wconf 87' lang='lat' dir='ltr'><strong>studiis</strong></span> <span class='ocrx_word' id='word_1_539' title='bbox 1124 3938 1342 3992; x_wconf 84' lang='lat' dir='ltr'><strong>operam</strong></span> <span class='ocrx_word' id='word_1_540' title='bbox 1370 3924 1518 3988; x_wconf 86' lang='lat' dir='ltr'><strong>dare,</strong></span> <span class='ocrx_word' id='word_1_541' title='bbox 1557 3934 1611 3979; x_wconf 89' lang='lat' dir='ltr'><strong>et</strong></span> <span class='ocrx_word' id='word_1_542' title='bbox 1655 3924 1949 3980; x_wconf 91' lang='lat' dir='ltr'><strong>audiendos</strong></span> <span class='ocrx_word' id='word_1_543' title='bbox 1984 3942 2099 3978; x_wconf 89' lang='lat' dir='ltr'><strong>ma-</strong></span> 
     </span>
    </p>
   </div>
   <div class='ocr_carea' id='block_1_73' title="bbox 528 4011 2103 4084">
    <p class='ocr_par' dir='ltr' id='par_1_73' title="bbox 528 4011 2103 4084">
     <span class='ocr_line' id='line_1_73' title="bbox 528 4011 2103 4084; baseline 0.003 -20"><span class='ocrx_word' id='word_1_544' title='bbox 528 4013 728 4083; x_wconf 87' lang='lat' dir='ltr'><strong>gistros</strong></span> <span class='ocrx_word' id='word_1_545' title='bbox 757 4026 946 4065; x_wconf 87' lang='lat' dir='ltr'><strong>vacare</strong></span> <span class='ocrx_word' id='word_1_546' title='bbox 973 4011 1144 4066; x_wconf 89' lang='lat' dir='ltr'><strong>solent</strong></span> <span class='ocrx_word' id='word_1_547' title='bbox 1175 4027 1188 4064; x_wconf 89' lang='lat'><strong>:</strong></span> <span class='ocrx_word' id='word_1_548' title='bbox 1219 4014 1359 4066; x_wconf 90' lang='lat' dir='ltr'><strong>unde</strong></span> <span class='ocrx_word' id='word_1_549' title='bbox 1387 4013 1571 4067; x_wconf 88' lang='lat' dir='ltr'><strong>schola</strong></span> <span class='ocrx_word' id='word_1_550' title='bbox 1607 4015 1806 4066; x_wconf 84' lang='lat' dir='ltr'><strong>vacatio</strong></span> <span class='ocrx_word' id='word_1_551' title='bbox 1839 4015 2103 4084; x_wconf 88' lang='lat' dir='ltr'><strong>interpre-</strong></span> 
     </span>
    </p>
   </div>
   <div class='ocr_carea' id='block_1_74' title="bbox 532 4099 2103 4169">
    <p class='ocr_par' dir='ltr' id='par_1_74' title="bbox 532 4099 2103 4169">
     <span class='ocr_line' id='line_1_74' title="bbox 532 4099 2103 4169; baseline 0.001 -14"><span class='ocrx_word' id='word_1_552' title='bbox 532 4108 695 4155; x_wconf 87' lang='lat' dir='ltr'><strong>tatur.</strong></span> <span class='ocrx_word' id='word_1_553' title='bbox 747 4099 989 4167; x_wconf 90' lang='lat' dir='ltr'><strong>Denique</strong></span> <span class='ocrx_word' id='word_1_554' title='bbox 1035 4102 1087 4153; x_wconf 90' lang='lat' dir='ltr'><strong>in</strong></span> <span class='ocrx_word' id='word_1_555' title='bbox 1151 4100 1356 4169; x_wconf 87' lang='lat' dir='ltr'><strong>psalmo</strong></span> <span class='ocrx_word' id='word_1_556' title='bbox 1409 4101 1502 4160; x_wconf 88' lang='lat' dir='ltr'><strong>ubi</strong></span> <span class='ocrx_word' id='word_1_557' title='bbox 1558 4102 1798 4156; x_wconf 89' lang='lat' dir='ltr'><strong>canimus</strong></span> <span class='ocrx_word' id='word_1_558' title='bbox 1842 4121 1854 4154; x_wconf 93' lang='lat'>:</span> <span class='ocrx_word' id='word_1_559' title='bbox 1908 4101 2103 4156; x_wconf 88' lang='lat' dir='ltr'><strong>Vacate</strong></span> 
     </span>
    </p>
   </div>
   <div class='ocr_carea' id='block_1_75' title="bbox 528 4190 2101 4261">
    <p class='ocr_par' dir='ltr' id='par_1_75' title="bbox 528 4190 2101 4261">
     <span class='ocr_line' id='line_1_75' title="bbox 528 4190 2101 4261; baseline -0.001 -14"><span class='ocrx_word' id='word_1_560' title='bbox 528 4203 578 4248; x_wconf 89' lang='lat' dir='ltr'><strong>et</strong></span> <span class='ocrx_word' id='word_1_561' title='bbox 636 4192 797 4245; x_wconf 84' lang='lat' dir='ltr'><strong>videte</strong></span> <span class='ocrx_word' id='word_1_562' title='bbox 842 4194 1098 4260; x_wconf 86' lang='lat' dir='ltr'><strong>quomodo</strong></span> <span class='ocrx_word' id='word_1_563' title='bbox 1154 4207 1246 4260; x_wconf 87' lang='lat' dir='ltr'><strong>ego</strong></span> <span class='ocrx_word' id='word_1_564' title='bbox 1308 4207 1423 4243; x_wconf 87' lang='lat' dir='ltr'><strong>sunt</strong></span> <span class='ocrx_word' id='word_1_565' title='bbox 1470 4190 1637 4255; x_wconf 84' lang='lat' dir='ltr'><strong>Deus,</strong></span> <span class='ocrx_word' id='word_1_566' title='bbox 1689 4207 1787 4260; x_wconf 92' lang='lat' dir='ltr'><strong>pro</strong></span> <span class='ocrx_word' id='word_1_567' title='bbox 1841 4207 1906 4246; x_wconf 90' lang='lat' dir='ltr'><strong>eo</strong></span> <span class='ocrx_word' id='word_1_568' title='bbox 1961 4195 2101 4261; x_wconf 93' lang='lat' dir='ltr'><strong>quod</strong></span> 
     </span>
    </p>
   </div>
   <div class='ocr_carea' id='block_1_76' title="bbox 532 4280 2097 4337">
    <p class='ocr_par' dir='ltr' id='par_1_76' title="bbox 532 4280 2097 4337">
     <span class='ocr_line' id='line_1_76' title="bbox 532 4280 2097 4337; baseline 0.001 -1"><span class='ocrx_word' id='word_1_569' title='bbox 532 4296 631 4336; x_wconf 91' lang='lat' dir='ltr'><strong>nos</strong></span> <span class='ocrx_word' id='word_1_570' title='bbox 679 4282 907 4336; x_wconf 88' lang='lat' dir='ltr'><strong>dicimus</strong></span> <span class='ocrx_word' id='word_1_571' title='bbox 960 4291 1134 4334; x_wconf 87' lang='lat' dir='ltr'><strong>vacate</strong></span> <span class='ocrx_word' id='word_1_572' title='bbox 1201 4282 1254 4334; x_wconf 92' lang='lat' dir='ltr'><strong>in</strong></span> <span class='ocrx_word' id='word_1_573' title='bbox 1314 4280 1500 4335; x_wconf 77' lang='lat' dir='ltr'><strong>Graeco</strong></span> <span class='ocrx_word' id='word_1_574' title='bbox 1553 4283 1779 4336; x_wconf 88' lang='lat' dir='ltr'><strong>habetur</strong></span> <span class='ocrx_word' id='word_1_575' title='bbox 1823 4283 2097 4337; x_wconf 84' lang='lat' dir='ltr'><strong>scholaste.</strong></span> 
     </span>
    </p>
   </div>
   <div class='ocr_carea' id='block_1_77' title="bbox 534 4371 2102 4440">
    <p class='ocr_par' dir='ltr' id='par_1_77' title="bbox 534 4371 2102 4440">
     <span class='ocr_line' id='line_1_77' title="bbox 534 4371 2102 4440; baseline -0.001 -13"><span class='ocrx_word' id='word_1_576' title='bbox 534 4371 856 4427; x_wconf 82' lang='lat' dir='ltr'><strong>Scholastici</strong></span> <span class='ocrx_word' id='word_1_577' title='bbox 903 4380 1028 4424; x_wconf 90' lang='lat' dir='ltr'><strong>sunt</strong></span> <span class='ocrx_word' id='word_1_578' title='bbox 1073 4385 1200 4438; x_wconf 87' lang='lat' dir='ltr'><strong>ergo</strong></span> <span class='ocrx_word' id='word_1_579' title='bbox 1257 4372 1487 4435; x_wconf 86' lang='lat' dir='ltr'><strong>eruditi;</strong></span> <span class='ocrx_word' id='word_1_580' title='bbox 1535 4373 1767 4440; x_wconf 90' lang='lat' dir='ltr'><strong>dyscoli,</strong></span> <span class='ocrx_word' id='word_1_581' title='bbox 1806 4373 2007 4426; x_wconf 90' lang='lat' dir='ltr'><strong>indocti</strong></span> <span class='ocrx_word' id='word_1_582' title='bbox 2048 4382 2102 4427; x_wconf 90' lang='lat' dir='ltr'><strong>et</strong></span> 
     </span>
    </p>
   </div>
   <div class='ocr_carea' id='block_1_78' title="bbox 2198 3197 3776 3270">
    <p class='ocr_par' dir='ltr' id='par_1_78' title="bbox 2198 3197 3776 3270">
     <span class='ocr_line' id='line_1_78' title="bbox 2198 3197 3776 3270; baseline -0.004 -12"><span class='ocrx_word' id='word_1_583' title='bbox 2198 3212 2404 3258; x_wconf 89' lang='lat' dir='ltr'><strong>structo</strong></span> <span class='ocrx_word' id='word_1_584' title='bbox 2452 3203 2642 3257; x_wconf 87' lang='lat' dir='ltr'><strong>mortis</strong></span> <span class='ocrx_word' id='word_1_585' title='bbox 2682 3201 2927 3270; x_wconf 88' lang='lat' dir='ltr'><strong>imperio,</strong></span> <span class='ocrx_word' id='word_1_586' title='bbox 2970 3200 3124 3253; x_wconf 87' lang='lat' dir='ltr'><strong>vobis</strong></span> <span class='ocrx_word' id='word_1_587' title='bbox 3152 3198 3445 3252; x_wconf 90' lang='lat' dir='ltr'><strong>intuendus</strong></span> <span class='ocrx_word' id='word_1_588' title='bbox 3475 3197 3776 3268; x_wconf 84' lang='lat' dir='ltr'><strong>apparebo,</strong></span> 
     </span>
    </p>
   </div>
   <div class='ocr_carea' id='block_1_79' title="bbox 2197 3288 3778 3362">
    <p class='ocr_par' dir='ltr' id='par_1_79' title="bbox 2197 3288 3778 3362">
     <span class='ocr_line' id='line_1_79' title="bbox 2197 3288 3778 3362; baseline -0.002 -17"><span class='ocrx_word' id='word_1_589' title='bbox 2197 3293 2324 3362; x_wconf 79' lang='lat' dir='ltr'><strong>quia</strong></span> <span class='ocrx_word' id='word_1_590' title='bbox 2365 3301 2578 3360; x_wconf 89' lang='lat' dir='ltr'><strong>tempus</strong></span> <span class='ocrx_word' id='word_1_591' title='bbox 2603 3299 2685 3345; x_wconf 90' lang='lat' dir='ltr'><strong>est</strong></span> <span class='ocrx_word' id='word_1_592' title='bbox 2714 3296 2774 3344; x_wconf 89' lang='lat' dir='ltr'><strong>ut</strong></span> <span class='ocrx_word' id='word_1_593' title='bbox 2809 3289 3017 3360; x_wconf 84' lang='lat' dir='ltr'><strong>expleta</strong></span> <span class='ocrx_word' id='word_1_594' title='bbox 3058 3288 3454 3358; x_wconf 87' lang='lat' dir='ltr'><strong>dispensatione</strong></span> <span class='ocrx_word' id='word_1_595' title='bbox 3487 3296 3778 3357; x_wconf 70' lang='lat' dir='ltr'><strong>assumpta</strong></span> 
     </span>
    </p>
   </div>
   <div class='ocr_carea' id='block_1_80' title="bbox 2198 3376 3771 3446">
    <p class='ocr_par' dir='ltr' id='par_1_80' title="bbox 2198 3376 3771 3446">
     <span class='ocr_line' id='line_1_80' title="bbox 2198 3376 3771 3446; baseline -0.004 -10"><span class='ocrx_word' id='word_1_596' title='bbox 2198 3381 2544 3437; x_wconf 74' lang='lat' dir='ltr'><strong>mortalitatis</strong></span> <span class='ocrx_word' id='word_1_597' title='bbox 2572 3395 2695 3436; x_wconf 90' lang='lat' dir='ltr'><strong>cum</strong></span> <span class='ocrx_word' id='word_1_598' title='bbox 2717 3379 3130 3434; x_wconf 87' lang='lat' dir='ltr'><strong>resurrectionis</strong></span> <span class='ocrx_word' id='word_1_599' title='bbox 3171 3379 3443 3446; x_wconf 90' lang='lat' dir='ltr'><strong>triumpho</strong></span> <span class='ocrx_word' id='word_1_600' title='bbox 3462 3376 3576 3446; x_wconf 89' lang='lat' dir='ltr'><strong>jam</strong></span> <span class='ocrx_word' id='word_1_601' title='bbox 3600 3392 3771 3432; x_wconf 81' lang='lat' dir='ltr'><strong>rever-</strong></span> 
     </span>
    </p>
   </div>
   <div class='ocr_carea' id='block_1_81' title="bbox 2200 3469 3776 3536">
    <p class='ocr_par' dir='ltr' id='par_1_81' title="bbox 2200 3469 3776 3536">
     <span class='ocr_line' id='line_1_81' title="bbox 2200 3469 3776 3536; baseline -0.002 -9"><span class='ocrx_word' id='word_1_602' title='bbox 2200 3482 2284 3527; x_wconf 87' lang='lat' dir='ltr'><strong>tar</strong></span> <span class='ocrx_word' id='word_1_603' title='bbox 2309 3474 2376 3528; x_wconf 90' lang='lat' dir='ltr'><strong>ad</strong></span> <span class='ocrx_word' id='word_1_604' title='bbox 2406 3472 2639 3528; x_wconf 86' lang='lat' dir='ltr'><strong>Patrem.</strong></span> <span class='ocrx_word' id='word_1_605' title='bbox 2671 3471 2794 3527; x_wconf 70' lang='lat' dir='ltr'><strong>Haec</strong></span> <span class='ocrx_word' id='word_1_606' title='bbox 2821 3483 2948 3527; x_wconf 87' lang='lat' dir='ltr'><strong>vero</strong></span> <span class='ocrx_word' id='word_1_607' title='bbox 2983 3470 3142 3525; x_wconf 88' lang='lat' dir='ltr'><strong>verba</strong></span> <span class='ocrx_word' id='word_1_608' title='bbox 3173 3470 3410 3535; x_wconf 85' lang='lat' dir='ltr'><strong>Domini,</strong></span> <span class='ocrx_word' id='word_1_609' title='bbox 3437 3477 3495 3523; x_wconf 88' lang='lat' dir='ltr'><strong>ut</strong></span> <span class='ocrx_word' id='word_1_610' title='bbox 3523 3469 3776 3536; x_wconf 81' lang='lat' dir='ltr'><strong>diximus,</strong></span> 
     </span>
    </p>
   </div>
   <div class='ocr_carea' id='block_1_82' title="bbox 2199 3559 3776 3632">
    <p class='ocr_par' dir='ltr' id='par_1_82' title="bbox 2199 3559 3776 3632">
     <span class='ocr_line' id='line_1_82' title="bbox 2199 3559 3776 3632; baseline -0.003 -16"><span class='ocrx_word' id='word_1_611' title='bbox 2199 3563 2304 3617; x_wconf 91' lang='lat' dir='ltr'><strong>illis</strong></span> <span class='ocrx_word' id='word_1_612' title='bbox 2329 3563 2609 3632; x_wconf 89' lang='lat' dir='ltr'><strong>speciatim</strong></span> <span class='ocrx_word' id='word_1_613' title='bbox 2631 3562 2720 3631; x_wconf 91' lang='lat' dir='ltr'><strong>qui</strong></span> <span class='ocrx_word' id='word_1_614' title='bbox 2748 3559 2862 3629; x_wconf 89' lang='lat' dir='ltr'><strong>ejus</strong></span> <span class='ocrx_word' id='word_1_615' title='bbox 2891 3560 3340 3614; x_wconf 82' lang='lat' dir='ltr'><strong>resurrectionem</strong></span> <span class='ocrx_word' id='word_1_616' title='bbox 3366 3559 3550 3614; x_wconf 85' lang='lat' dir='ltr'><strong>videre</strong></span> <span class='ocrx_word' id='word_1_617' title='bbox 3588 3568 3776 3630; x_wconf 86' lang='lat' dir='ltr'><strong>potue-</strong></span> 
     </span>
    </p>
   </div>
   <div class='ocr_carea' id='block_1_83' title="bbox 2201 3648 3777 3718">
    <p class='ocr_par' dir='ltr' id='par_1_83' title="bbox 2201 3648 3777 3718">
     <span class='ocr_line' id='line_1_83' title="bbox 2201 3648 3777 3718; baseline -0.003 -12"><span class='ocrx_word' id='word_1_618' title='bbox 2201 3660 2325 3706; x_wconf 88' lang='lat' dir='ltr'><strong>runt</strong></span> <span class='ocrx_word' id='word_1_619' title='bbox 2372 3651 2717 3715; x_wconf 89' lang='lat' dir='ltr'><strong>conveniunt,</strong></span> <span class='ocrx_word' id='word_1_620' title='bbox 2760 3665 2881 3718; x_wconf 59' lang='lat' dir='ltr'><strong>quas</strong></span> <span class='ocrx_word' id='word_1_621' title='bbox 2927 3648 3154 3716; x_wconf 87' lang='lat' dir='ltr'><strong>apostoli</strong></span> <span class='ocrx_word' id='word_1_622' title='bbox 3197 3657 3325 3703; x_wconf 92' lang='lat' dir='ltr'><strong>tunc</strong></span> <span class='ocrx_word' id='word_1_623' title='bbox 3369 3649 3631 3717; x_wconf 87' lang='lat' dir='ltr'><strong>temporis</strong></span> <span class='ocrx_word' id='word_1_624' title='bbox 3672 3663 3777 3702; x_wconf 90' lang='lat' dir='ltr'><strong>non</strong></span> 
     </span>
    </p>
   </div>
   <div class='ocr_carea' id='block_1_84' title="bbox 2198 3739 3776 3813">
    <p class='ocr_par' dir='ltr' id='par_1_84' title="bbox 2198 3739 3776 3813">
     <span class='ocr_line' id='line_1_84' title="bbox 2198 3739 3776 3813; baseline -0.003 -17"><span class='ocrx_word' id='word_1_625' title='bbox 2198 3750 2486 3813; x_wconf 90' lang='lat' dir='ltr'><strong>potuerunt</strong></span> <span class='ocrx_word' id='word_1_626' title='bbox 2515 3741 2830 3810; x_wconf 89' lang='lat' dir='ltr'><strong>intelligere.</strong></span> <span class='ocrx_word' id='word_1_627' title='bbox 2862 3739 2929 3793; x_wconf 86' lang='lat' dir='ltr'><strong>Et</strong></span> <span class='ocrx_word' id='word_1_628' title='bbox 2973 3740 3110 3794; x_wconf 91' lang='lat' dir='ltr'><strong>hanc</strong></span> <span class='ocrx_word' id='word_1_629' title='bbox 3155 3739 3371 3793; x_wconf 89' lang='lat' dir='ltr'><strong>illorum</strong></span> <span class='ocrx_word' id='word_1_630' title='bbox 3413 3739 3776 3807; x_wconf 86' lang='lat' dir='ltr'><strong>ignorantiam</strong></span> 
     </span>
    </p>
   </div>
   <div class='ocr_carea' id='block_1_85' title="bbox 2198 3827 3778 3902">
    <p class='ocr_par' dir='ltr' id='par_1_85' title="bbox 2198 3827 3778 3902">
     <span class='ocr_line' id='line_1_85' title="bbox 2198 3827 3778 3902; baseline -0.003 -17"><span class='ocrx_word' id='word_1_631' title='bbox 2198 3834 2318 3902; x_wconf 90' lang='lat' dir='ltr'><strong>pius</strong></span> <span class='ocrx_word' id='word_1_632' title='bbox 2364 3831 2616 3901; x_wconf 87' lang='lat' dir='ltr'><strong>magister</strong></span> <span class='ocrx_word' id='word_1_633' title='bbox 2667 3828 3005 3899; x_wconf 89' lang='lat' dir='ltr'><strong>intelligens,</strong></span> <span class='ocrx_word' id='word_1_634' title='bbox 3053 3828 3443 3896; x_wconf 89' lang='lat' dir='ltr'><strong>subsequenter</strong></span> <span class='ocrx_word' id='word_1_635' title='bbox 3483 3827 3778 3880; x_wconf 85' lang='lat' dir='ltr'><strong>secundum</strong></span> 
     </span>
    </p>
   </div>
   <div class='ocr_carea' id='block_1_86' title="bbox 2200 3916 3782 3985">
    <p class='ocr_par' dir='ltr' id='par_1_86' title="bbox 2200 3916 3782 3985">
     <span class='ocr_line' id='line_1_86' title="bbox 2200 3916 3782 3985; baseline -0.004 -9"><span class='ocrx_word' id='word_1_636' title='bbox 2200 3923 2363 3977; x_wconf 88' lang='lat' dir='ltr'><strong>animi</strong></span> <span class='ocrx_word' id='word_1_637' title='bbox 2393 3922 2606 3976; x_wconf 88' lang='lat' dir='ltr'><strong>illorum</strong></span> <span class='ocrx_word' id='word_1_638' title='bbox 2634 3920 3022 3974; x_wconf 90' lang='lat' dir='ltr'><strong>dubitationem</strong></span> <span class='ocrx_word' id='word_1_639' title='bbox 3055 3917 3351 3985; x_wconf 89' lang='lat' dir='ltr'><strong>respondit,</strong></span> <span class='ocrx_word' id='word_1_640' title='bbox 3385 3917 3540 3985; x_wconf 89' lang='lat' dir='ltr'><strong>quasi</strong></span> <span class='ocrx_word' id='word_1_641' title='bbox 3568 3916 3782 3985; x_wconf 80' lang='lat' dir='ltr'><strong>exposi-</strong></span> 
     </span>
    </p>
   </div>
   <div class='ocr_carea' id='block_1_87' title="bbox 2203 4010 3781 4084">
    <p class='ocr_par' dir='ltr' id='par_1_87' title="bbox 2203 4010 3781 4084">
     <span class='ocr_line' id='line_1_87' title="bbox 2203 4010 3781 4084; baseline -0.003 -16"><span class='ocrx_word' id='word_1_642' title='bbox 2203 4024 2353 4068; x_wconf 88' lang='lat' dir='ltr'><strong>turus</strong></span> <span class='ocrx_word' id='word_1_643' title='bbox 2373 4013 2501 4084; x_wconf 89' lang='lat' dir='ltr'><strong>quid</strong></span> <span class='ocrx_word' id='word_1_644' title='bbox 2527 4023 2670 4068; x_wconf 90' lang='lat' dir='ltr'><strong>esset</strong></span> <span class='ocrx_word' id='word_1_645' title='bbox 2691 4013 2832 4081; x_wconf 80' lang='lat' dir='ltr'><strong>quod</strong></span> <span class='ocrx_word' id='word_1_646' title='bbox 2848 4012 2984 4065; x_wconf 79' lang='lat' dir='ltr'><strong>dixit</strong></span> <span class='ocrx_word' id='word_1_647' title='bbox 3007 4029 3020 4064; x_wconf 89' lang='lat'><strong>:</strong></span> <span class='ocrx_word' id='word_1_648' title='bbox 3049 4010 3316 4065; x_wconf 83' lang='lat' dir='ltr'><strong>Modicum</strong></span> <span class='ocrx_word' id='word_1_649' title='bbox 3342 4020 3389 4065; x_wconf 85' lang='lat' dir='ltr'><strong>et</strong></span> <span class='ocrx_word' id='word_1_650' title='bbox 3419 4027 3523 4065; x_wconf 85' lang='lat' dir='ltr'><strong>non</strong></span> <span class='ocrx_word' id='word_1_651' title='bbox 3544 4010 3781 4065; x_wconf 82' lang='lat' dir='ltr'><strong>videbitis</strong></span> 
     </span>
    </p>
   </div>
   <div class='ocr_carea' id='block_1_88' title="bbox 2200 4101 3278 4176">
    <p class='ocr_par' dir='ltr' id='par_1_88' title="bbox 2200 4101 3278 4176">
     <span class='ocr_line' id='line_1_88' title="bbox 2200 4101 3278 4176; baseline -0.001 -21"><span class='ocrx_word' id='word_1_652' title='bbox 2200 4120 2314 4167; x_wconf 88' lang='lat' dir='ltr'><strong>me;</strong></span> <span class='ocrx_word' id='word_1_653' title='bbox 2341 4105 2527 4176; x_wconf 84' lang='lat' dir='ltr'><strong>iterum</strong></span> <span class='ocrx_word' id='word_1_654' title='bbox 2557 4102 2814 4154; x_wconf 89' lang='lat' dir='ltr'><strong>modicum</strong></span> <span class='ocrx_word' id='word_1_655' title='bbox 2843 4111 2889 4154; x_wconf 91' lang='lat' dir='ltr'><strong>et</strong></span> <span class='ocrx_word' id='word_1_656' title='bbox 2921 4101 3153 4154; x_wconf 86' lang='lat' dir='ltr'><strong>videbitis</strong></span> <span class='ocrx_word' id='word_1_657' title='bbox 3179 4118 3278 4154; x_wconf 85' lang='lat' dir='ltr'><strong>me.</strong></span> 
     </span>
    </p>
   </div>
   <div class='ocr_carea' id='block_1_89' title="bbox 2271 4189 3782 4260">
    <p class='ocr_par' dir='ltr' id='par_1_89' title="bbox 2271 4189 3782 4260">
     <span class='ocr_line' id='line_1_89' title="bbox 2271 4189 3782 4260; baseline 0 -16"><span class='ocrx_word' id='word_1_658' title='bbox 2271 4189 2521 4260; x_wconf 87' lang='lat' dir='ltr'><strong>Cognovit</strong></span> <span class='ocrx_word' id='word_1_659' title='bbox 2543 4206 2664 4260; x_wconf 89' lang='lat' dir='ltr'><strong>ergo</strong></span> <span class='ocrx_word' id='word_1_660' title='bbox 2673 4191 2707 4246; x_wconf 86' lang='lat' dir='ltr'><strong><em>J</em></strong></span> <span class='ocrx_word' id='word_1_661' title='bbox 2710 4203 2824 4242; x_wconf 82' lang='lat' dir='ltr'><strong>esus</strong></span> <span class='ocrx_word' id='word_1_662' title='bbox 2835 4191 2969 4258; x_wconf 85' lang='lat' dir='ltr'><strong>quia</strong></span> <span class='ocrx_word' id='word_1_663' title='bbox 2983 4190 3214 4244; x_wconf 82' lang='lat' dir='ltr'><strong>volebant</strong></span> <span class='ocrx_word' id='word_1_664' title='bbox 3237 4206 3356 4244; x_wconf 79' lang='lat' dir='ltr'><strong>eum</strong></span> <span class='ocrx_word' id='word_1_665' title='bbox 3380 4190 3704 4260; x_wconf 81' lang='lat' dir='ltr'><strong>interrogare</strong></span> <span class='ocrx_word' id='word_1_666' title='bbox 3734 4200 3782 4246; x_wconf 82' lang='lat' dir='ltr'><strong>et</strong></span> 
     </span>
    </p>
   </div>
   <div class='ocr_carea' id='block_1_90' title="bbox 2201 4279 3786 4351">
    <p class='ocr_par' dir='ltr' id='par_1_90' title="bbox 2201 4279 3786 4351">
     <span class='ocr_line' id='line_1_90' title="bbox 2201 4279 3786 4351; baseline 0.001 -18"><span class='ocrx_word' id='word_1_667' title='bbox 2201 4281 2331 4333; x_wconf 72' lang='lat' dir='ltr'><strong>dixit</strong></span> <span class='ocrx_word' id='word_1_668' title='bbox 2360 4281 2433 4333; x_wconf 89' lang='lat' dir='ltr'><strong>eis</strong></span> <span class='ocrx_word' id='word_1_669' title='bbox 2461 4295 2480 4333; x_wconf 89' lang='lat'><strong><em>:</em></strong></span> <span class='ocrx_word' id='word_1_670' title='bbox 2507 4279 2583 4332; x_wconf 83' lang='lat' dir='ltr'><strong>De</strong></span> <span class='ocrx_word' id='word_1_671' title='bbox 2605 4279 2701 4331; x_wconf 82' lang='lat' dir='ltr'><strong>hoc</strong></span> <span class='ocrx_word' id='word_1_672' title='bbox 2719 4279 2953 4348; x_wconf 50' lang='lat' dir='ltr'><strong>quatritis</strong></span> <span class='ocrx_word' id='word_1_673' title='bbox 2979 4282 3113 4331; x_wconf 87' lang='lat' dir='ltr'><strong>inter</strong></span> <span class='ocrx_word' id='word_1_674' title='bbox 3136 4295 3246 4343; x_wconf 88' lang='lat' dir='ltr'><strong>vos,</strong></span> <span class='ocrx_word' id='word_1_675' title='bbox 3278 4281 3401 4350; x_wconf 86' lang='lat' dir='ltr'><strong>quia</strong></span> <span class='ocrx_word' id='word_1_676' title='bbox 3426 4279 3538 4332; x_wconf 72' lang='lat' dir='ltr'><strong>dixi</strong></span> <span class='ocrx_word' id='word_1_677' title='bbox 3564 4293 3583 4330; x_wconf 89' lang='lat'><strong><em>:</em></strong></span> <span class='ocrx_word' id='word_1_678' title='bbox 3610 4279 3786 4351; x_wconf 73' lang='lat' dir='ltr'><strong>Modi-</strong></span> 
     </span>
    </p>
   </div>
   <div class='ocr_carea' id='block_1_91' title="bbox 2208 4368 3783 4432">
    <p class='ocr_par' dir='ltr' id='par_1_91' title="bbox 2208 4368 3783 4432">
     <span class='ocr_line' id='line_1_91' title="bbox 2208 4368 3783 4432; baseline 0.001 -10"><span class='ocrx_word' id='word_1_679' title='bbox 2208 4385 2324 4422; x_wconf 89' lang='lat' dir='ltr'><strong>cum</strong></span> <span class='ocrx_word' id='word_1_680' title='bbox 2339 4379 2385 4422; x_wconf 90' lang='lat' dir='ltr'><strong>et</strong></span> <span class='ocrx_word' id='word_1_681' title='bbox 2411 4384 2514 4422; x_wconf 89' lang='lat' dir='ltr'><strong>non</strong></span> <span class='ocrx_word' id='word_1_682' title='bbox 2540 4368 2770 4420; x_wconf 85' lang='lat' dir='ltr'><strong>videbitis</strong></span> <span class='ocrx_word' id='word_1_683' title='bbox 2794 4384 2895 4432; x_wconf 89' lang='lat' dir='ltr'><strong>me,</strong></span> <span class='ocrx_word' id='word_1_684' title='bbox 2917 4377 2963 4420; x_wconf 89' lang='lat' dir='ltr'><strong>et</strong></span> <span class='ocrx_word' id='word_1_685' title='bbox 2987 4369 3174 4420; x_wconf 82' lang='lat' dir='ltr'><strong>iterum</strong></span> <span class='ocrx_word' id='word_1_686' title='bbox 3191 4369 3450 4421; x_wconf 88' lang='lat' dir='ltr'><strong>modicum</strong></span> <span class='ocrx_word' id='word_1_687' title='bbox 3473 4379 3519 4422; x_wconf 89' lang='lat' dir='ltr'><strong>et</strong></span> <span class='ocrx_word' id='word_1_688' title='bbox 3544 4370 3783 4424; x_wconf 82' lang='lat' dir='ltr'><strong>videbitis</strong></span> 
     </span>
    </p>
   </div>
   <div class='ocr_carea' id='block_1_92' title="bbox 535 4434 3784 4538">
    <p class='ocr_par' dir='ltr' id='par_1_92' title="bbox 535 4434 3784 4538">
     <span class='ocr_line' id='line_1_92' title="bbox 535 4434 3784 4538; baseline 0 -24"><span class='ocrx_word' id='word_1_689' title='bbox 535 4468 808 4529; x_wconf 83' lang='lat' dir='ltr'><strong>agrestes;</strong></span> <span class='ocrx_word' id='word_1_690' title='bbox 839 4459 931 4512; x_wconf 88' lang='lat' dir='ltr'><strong>sed</strong></span> <span class='ocrx_word' id='word_1_691' title='bbox 963 4434 1206 4534; x_wconf 80' lang='lat' dir='ltr'><strong>utrisque</strong></span> <span class='ocrx_word' id='word_1_692' title='bbox 1233 4458 1344 4511; x_wconf 88' lang='lat' dir='ltr'><strong>vult</strong></span> <span class='ocrx_word' id='word_1_693' title='bbox 1375 4434 1591 4512; x_wconf 76' lang='lat' dir='ltr'><strong>obedire</strong></span> <span class='ocrx_word' id='word_1_694' title='bbox 1629 4434 1900 4524; x_wconf 89' lang='lat' dir='ltr'><strong>subditos,</strong></span> <span class='ocrx_word' id='word_1_695' title='bbox 1935 4461 2104 4529; x_wconf 85' lang='lat' dir='ltr'><strong>expli-</strong></span> <span class='ocrx_word' id='word_1_696' title='bbox 2133 4434 2184 4493; x_wconf 83' lang='lat' dir='ltr'><strong>D</strong></span> <span class='ocrx_word' id='word_1_697' title='bbox 2210 4461 2330 4515; x_wconf 83' lang='lat' dir='ltr'><strong>me?</strong></span> <span class='ocrx_word' id='word_1_698' title='bbox 2353 4461 2536 4525; x_wconf 80' lang='lat' dir='ltr'><strong>Amen,</strong></span> <span class='ocrx_word' id='word_1_699' title='bbox 2569 4475 2719 4512; x_wconf 85' lang='lat' dir='ltr'><strong>amen</strong></span> <span class='ocrx_word' id='word_1_700' title='bbox 2744 4459 2861 4512; x_wconf 88' lang='lat' dir='ltr'><strong>dico</strong></span> <span class='ocrx_word' id='word_1_701' title='bbox 2886 4461 3044 4523; x_wconf 84' lang='lat' dir='ltr'><strong>vobis,</strong></span> <span class='ocrx_word' id='word_1_702' title='bbox 3075 4461 3200 4538; x_wconf 85' lang='lat' dir='ltr'><strong>quia</strong></span> <span class='ocrx_word' id='word_1_703' title='bbox 3221 4459 3490 4530; x_wconf 88' lang='lat' dir='ltr'><strong>plorabitis</strong></span> <span class='ocrx_word' id='word_1_704' title='bbox 3514 4470 3562 4514; x_wconf 89' lang='lat' dir='ltr'><strong>et</strong></span> <span class='ocrx_word' id='word_1_705' title='bbox 3595 4462 3784 4530; x_wconf 80' lang='lat' dir='ltr'><strong>ﬂebitis</strong></span> 
     </span>
    </p>
   </div>
   <div class='ocr_carea' id='block_1_93' title="bbox 534 4545 2106 4616">
    <p class='ocr_par' dir='ltr' id='par_1_93' title="bbox 534 4545 2106 4616">
     <span class='ocr_line' id='line_1_93' title="bbox 534 4545 2106 4616; baseline 0.001 -14"><span class='ocrx_word' id='word_1_706' title='bbox 534 4563 663 4603; x_wconf 89' lang='lat' dir='ltr'><strong>cans</strong></span> <span class='ocrx_word' id='word_1_707' title='bbox 708 4548 947 4616; x_wconf 87' lang='lat' dir='ltr'><strong>apertius</strong></span> <span class='ocrx_word' id='word_1_708' title='bbox 992 4545 1259 4615; x_wconf 90' lang='lat' dir='ltr'><strong>quomodo</strong></span> <span class='ocrx_word' id='word_1_709' title='bbox 1310 4561 1408 4600; x_wconf 90' lang='lat' dir='ltr'><strong>nos</strong></span> <span class='ocrx_word' id='word_1_710' title='bbox 1454 4561 1615 4614; x_wconf 90' lang='lat' dir='ltr'><strong>supra</strong></span> <span class='ocrx_word' id='word_1_711' title='bbox 1671 4548 1814 4600; x_wconf 89' lang='lat' dir='ltr'><strong>omni</strong></span> <span class='ocrx_word' id='word_1_712' title='bbox 1857 4549 2106 4603; x_wconf 69' lang='lat' dir='ltr'><strong>humanas</strong></span> 
     </span>
    </p>
   </div>
   <div class='ocr_carea' id='block_1_94' title="bbox 534 4634 2106 4708">
    <p class='ocr_par' dir='ltr' id='par_1_94' title="bbox 534 4634 2106 4708">
     <span class='ocr_line' id='line_1_94' title="bbox 534 4634 2106 4708; baseline -0.001 -14"><span class='ocrx_word' id='word_1_713' title='bbox 534 4646 792 4694; x_wconf 75' lang='lat' dir='ltr'><strong>creatura:</strong></span> <span class='ocrx_word' id='word_1_714' title='bbox 809 4635 1036 4704; x_wconf 89' lang='lat' dir='ltr'><strong>jusserit</strong></span> <span class='ocrx_word' id='word_1_715' title='bbox 1054 4650 1172 4690; x_wconf 89' lang='lat' dir='ltr'><strong>esse</strong></span> <span class='ocrx_word' id='word_1_716' title='bbox 1204 4634 1492 4703; x_wconf 88' lang='lat' dir='ltr'><strong>subjectos.</strong></span> <span class='ocrx_word' id='word_1_717' title='bbox 1518 4636 1635 4690; x_wconf 84' lang='lat' dir='ltr'><strong>Alia</strong></span> <span class='ocrx_word' id='word_1_718' title='bbox 1660 4637 1828 4692; x_wconf 88' lang='lat' dir='ltr'><strong>editio</strong></span> <span class='ocrx_word' id='word_1_719' title='bbox 1854 4653 1951 4706; x_wconf 91' lang='lat' dir='ltr'><strong>pro</strong></span> <span class='ocrx_word' id='word_1_720' title='bbox 1978 4639 2106 4708; x_wconf 82' lang='lat' dir='ltr'><strong>dys-</strong></span> 
     </span>
    </p>
   </div>
   <div class='ocr_carea' id='block_1_95' title="bbox 536 4726 2109 4798">
    <p class='ocr_par' dir='ltr' id='par_1_95' title="bbox 536 4726 2109 4798">
     <span class='ocr_line' id='line_1_95' title="bbox 536 4726 2109 4798; baseline 0 -15"><span class='ocrx_word' id='word_1_721' title='bbox 536 4729 667 4784; x_wconf 87' lang='lat' dir='ltr'><strong>colis</strong></span> <span class='ocrx_word' id='word_1_722' title='bbox 712 4727 942 4797; x_wconf 69' lang='lat' dir='ltr'><strong>diﬂ‘icilu</strong></span> <span class='ocrx_word' id='word_1_723' title='bbox 970 4726 1170 4792; x_wconf 89' lang='lat' dir='ltr'><strong>habet,</strong></span> <span class='ocrx_word' id='word_1_724' title='bbox 1213 4737 1267 4781; x_wconf 91' lang='lat' dir='ltr'><strong>et</strong></span> <span class='ocrx_word' id='word_1_725' title='bbox 1300 4735 1516 4782; x_wconf 89' lang='lat' dir='ltr'><strong>sanctus</strong></span> <span class='ocrx_word' id='word_1_726' title='bbox 1550 4728 1777 4782; x_wconf 90' lang='lat' dir='ltr'><strong>antistes</strong></span> <span class='ocrx_word' id='word_1_727' title='bbox 1801 4727 2109 4798; x_wconf 88' lang='lat' dir='ltr'><strong>Fulgentius</strong></span> 
     </span>
    </p>
   </div>
   <div class='ocr_carea' id='block_1_96' title="bbox 539 4809 2110 4890">
    <p class='ocr_par' dir='ltr' id='par_1_96' title="bbox 539 4809 2110 4890">
     <span class='ocr_line' id='line_1_96' title="bbox 539 4809 2110 4890; baseline 0 -18"><span class='ocrx_word' id='word_1_728' title='bbox 539 4819 592 4872; x_wconf 91' lang='lat' dir='ltr'><strong>in</strong></span> <span class='ocrx_word' id='word_1_729' title='bbox 616 4809 884 4890; x_wconf 82' lang='lat' dir='ltr'><strong>opusculis</strong></span> <span class='ocrx_word' id='word_1_730' title='bbox 910 4819 1022 4872; x_wconf 90' lang='lat' dir='ltr'><strong>suis</strong></span> <span class='ocrx_word' id='word_1_731' title='bbox 1046 4819 1122 4871; x_wconf 92' lang='lat' dir='ltr'><strong>sic</strong></span> <span class='ocrx_word' id='word_1_732' title='bbox 1147 4818 1329 4887; x_wconf 87' lang='lat' dir='ltr'><strong>ponit:</strong></span> <span class='ocrx_word' id='word_1_733' title='bbox 1350 4817 1634 4872; x_wconf 87' lang='lat' dir='ltr'><strong>Servientes</strong></span> <span class='ocrx_word' id='word_1_734' title='bbox 1659 4833 1776 4870; x_wconf 90' lang='lat' dir='ltr'><strong>cum</strong></span> <span class='ocrx_word' id='word_1_735' title='bbox 1800 4818 1980 4870; x_wconf 85' lang='lat' dir='ltr'><strong>timore</strong></span> <span class='ocrx_word' id='word_1_736' title='bbox 2007 4835 2110 4872; x_wconf 86' lang='lat' dir='ltr'><strong>non</strong></span> 
     </span>
    </p>
   </div>
   <div class='ocr_carea' id='block_1_97' title="bbox 539 4907 2106 4977">
    <p class='ocr_par' dir='ltr' id='par_1_97' title="bbox 539 4907 2106 4977">
     <span class='ocr_line' id='line_1_97' title="bbox 539 4907 2106 4977; baseline 0.001 -17"><span class='ocrx_word' id='word_1_737' title='bbox 539 4918 739 4969; x_wconf 78' lang='lat' dir='ltr'><strong>tantum</strong></span> <span class='ocrx_word' id='word_1_738' title='bbox 778 4907 943 4971; x_wconf 86' lang='lat' dir='ltr'><strong>bonis,</strong></span> <span class='ocrx_word' id='word_1_739' title='bbox 985 4908 1074 4960; x_wconf 88' lang='lat' dir='ltr'><strong>sed</strong></span> <span class='ocrx_word' id='word_1_740' title='bbox 1111 4909 1265 4960; x_wconf 87' lang='lat' dir='ltr'><strong>etiam</strong></span> <span class='ocrx_word' id='word_1_741' title='bbox 1297 4907 1688 4977; x_wconf 76' lang='lat' dir='ltr'><strong>di/ﬂcilioribus.</strong></span> <span class='ocrx_word' id='word_1_742' title='bbox 1737 4907 1842 4962; x_wconf 88' lang='lat' dir='ltr'><strong>Sed</strong></span> <span class='ocrx_word' id='word_1_743' title='bbox 1887 4908 1934 4963; x_wconf 81' lang='lat' dir='ltr'><strong>si</strong></span> <span class='ocrx_word' id='word_1_744' title='bbox 1971 4909 2106 4962; x_wconf 87' lang='lat' dir='ltr'><strong>bene</strong></span> 
     </span>
    </p>
   </div>
   <div class='ocr_carea' id='block_1_98' title="bbox 540 4996 1508 5066">
    <p class='ocr_par' dir='ltr' id='par_1_98' title="bbox 540 4996 1508 5066">
     <span class='ocr_line' id='line_1_98' title="bbox 540 4996 1508 5066; baseline 0.001 -16"><span class='ocrx_word' id='word_1_745' title='bbox 540 4996 818 5061; x_wconf 78' lang='lat' dir='ltr'><strong>facientes,</strong></span> <span class='ocrx_word' id='word_1_746' title='bbox 842 5005 894 5050; x_wconf 90' lang='lat' dir='ltr'><strong>et</strong></span> <span class='ocrx_word' id='word_1_747' title='bbox 926 4996 1190 5066; x_wconf 87' lang='lat' dir='ltr'><strong>patientes</strong></span> <span class='ocrx_word' id='word_1_748' title='bbox 1214 4997 1508 5051; x_wconf 87' lang='lat' dir='ltr'><strong>sustinetis.</strong></span> 
     </span>
    </p>
   </div>
   <div class='ocr_carea' id='block_1_99' title="bbox 613 5085 2108 5157">
    <p class='ocr_par' dir='ltr' id='par_1_99' title="bbox 613 5085 2108 5157">
     <span class='ocr_line' id='line_1_99' title="bbox 613 5085 2108 5157; baseline -0.001 -16"><span class='ocrx_word' id='word_1_749' title='bbox 613 5087 741 5141; x_wconf 75' lang='lat' dir='ltr'><strong>ch</strong></span> <span class='ocrx_word' id='word_1_750' title='bbox 768 5098 840 5141; x_wconf 85' lang='lat' dir='ltr'><strong>est</strong></span> <span class='ocrx_word' id='word_1_751' title='bbox 868 5089 1003 5140; x_wconf 86' lang='lat' dir='ltr'><strong>enim</strong></span> <span class='ocrx_word' id='word_1_752' title='bbox 1023 5089 1192 5156; x_wconf 88' lang='lat' dir='ltr'><strong>gratia</strong></span> <span class='ocrx_word' id='word_1_753' title='bbox 1221 5088 1273 5140; x_wconf 86' lang='lat' dir='ltr'><strong>in</strong></span> <span class='ocrx_word' id='word_1_754' title='bbox 1299 5085 1502 5140; x_wconf 86' lang='lat' dir='ltr'><strong>Christo</strong></span> <span class='ocrx_word' id='word_1_755' title='bbox 1528 5090 1674 5142; x_wconf 87' lang='lat' dir='ltr'><strong>Jesu.</strong></span> <span class='ocrx_word' id='word_1_756' title='bbox 1717 5087 1842 5142; x_wconf 70' lang='grc' dir='ltr'>Ηεοο</span> <span class='ocrx_word' id='word_1_757' title='bbox 1875 5095 1957 5142; x_wconf 89' lang='lat' dir='ltr'><strong>est</strong></span> <span class='ocrx_word' id='word_1_758' title='bbox 1981 5103 2108 5157; x_wconf 87' lang='lat' dir='ltr'><strong>ergo</strong></span> 
     </span>
    </p>
   </div>
   <div class='ocr_carea' id='block_1_100' title="bbox 540 5177 2110 5249">
    <p class='ocr_par' dir='ltr' id='par_1_100' title="bbox 540 5177 2110 5249">
     <span class='ocr_line' id='line_1_100' title="bbox 540 5177 2110 5249; baseline -0.002 -17"><span class='ocrx_word' id='word_1_759' title='bbox 540 5179 712 5249; x_wconf 89' lang='lat' dir='ltr'><strong>gratia</strong></span> <span class='ocrx_word' id='word_1_760' title='bbox 744 5177 880 5247; x_wconf 91' lang='lat' dir='ltr'><strong>apud</strong></span> <span class='ocrx_word' id='word_1_761' title='bbox 906 5177 1101 5241; x_wconf 87' lang='lat' dir='ltr'><strong>Deum;</strong></span> <span class='ocrx_word' id='word_1_762' title='bbox 1149 5177 1201 5229; x_wconf 91' lang='lat' dir='ltr'><strong>in</strong></span> <span class='ocrx_word' id='word_1_763' title='bbox 1238 5177 1340 5230; x_wconf 89' lang='lat' dir='ltr'><strong>hoc</strong></span> <span class='ocrx_word' id='word_1_764' title='bbox 1365 5178 1508 5231; x_wconf 89' lang='lat' dir='ltr'><strong>enim</strong></span> <span class='ocrx_word' id='word_1_765' title='bbox 1547 5178 1721 5232; x_wconf 88' lang='lat' dir='ltr'><strong>vocati</strong></span> <span class='ocrx_word' id='word_1_766' title='bbox 1744 5179 1875 5231; x_wconf 90' lang='lat' dir='ltr'><strong>estis</strong></span> <span class='ocrx_word' id='word_1_767' title='bbox 1901 5179 2024 5246; x_wconf 92' lang='lat' dir='ltr'><strong>quia</strong></span> <span class='ocrx_word' id='word_1_768' title='bbox 2055 5186 2110 5230; x_wconf 91' lang='lat' dir='ltr'><strong>et</strong></span> 
     </span>
    </p>
   </div>
   <div class='ocr_carea' id='block_1_101' title="bbox 542 5267 2108 5340">
    <p class='ocr_par' dir='ltr' id='par_1_101' title="bbox 542 5267 2108 5340">
     <span class='ocr_line' id='line_1_101' title="bbox 542 5267 2108 5340; baseline -0.001 -17"><span class='ocrx_word' id='word_1_769' title='bbox 542 5267 778 5324; x_wconf 82' lang='lat' dir='ltr'><strong>Christus</strong></span> <span class='ocrx_word' id='word_1_770' title='bbox 805 5285 987 5340; x_wconf 83' lang='lat' dir='ltr'><strong>passus</strong></span> <span class='ocrx_word' id='word_1_771' title='bbox 1019 5278 1089 5322; x_wconf 88' lang='lat' dir='ltr'><strong>est</strong></span> <span class='ocrx_word' id='word_1_772' title='bbox 1110 5284 1203 5337; x_wconf 86' lang='lat' dir='ltr'><strong>pro</strong></span> <span class='ocrx_word' id='word_1_773' title='bbox 1235 5269 1402 5332; x_wconf 90' lang='lat' dir='ltr'><strong>nobis,</strong></span> <span class='ocrx_word' id='word_1_774' title='bbox 1448 5270 1738 5338; x_wconf 84' lang='lat' dir='ltr'><strong>relinquens</strong></span> <span class='ocrx_word' id='word_1_775' title='bbox 1769 5272 1914 5324; x_wconf 88' lang='lat' dir='ltr'><strong>nobis</strong></span> <span class='ocrx_word' id='word_1_776' title='bbox 1941 5287 2108 5324; x_wconf 76' lang='lat' dir='ltr'><strong>exem-</strong></span> 
     </span>
    </p>
   </div>
   <div class='ocr_carea' id='block_1_102' title="bbox 543 5360 2111 5430">
    <p class='ocr_par' dir='ltr' id='par_1_102' title="bbox 543 5360 2111 5430">
     <span class='ocr_line' id='line_1_102' title="bbox 543 5360 2111 5430; baseline 0.001 -18"><span class='ocrx_word' id='word_1_777' title='bbox 543 5361 704 5430; x_wconf 85' lang='lat' dir='ltr'><strong>plum,</strong></span> <span class='ocrx_word' id='word_1_778' title='bbox 733 5371 837 5415; x_wconf 88' lang='lat' dir='ltr'><strong>etc.</strong></span> <span class='ocrx_word' id='word_1_779' title='bbox 870 5360 1171 5415; x_wconf 81' lang='lat' dir='ltr'><strong>Notandum</strong></span> <span class='ocrx_word' id='word_1_780' title='bbox 1201 5362 1458 5414; x_wconf 88' lang='lat' dir='ltr'><strong>attentius</strong></span> <span class='ocrx_word' id='word_1_781' title='bbox 1493 5377 1652 5430; x_wconf 90' lang='lat' dir='ltr'><strong>quam</strong></span> <span class='ocrx_word' id='word_1_782' title='bbox 1692 5378 1899 5417; x_wconf 91' lang='lat' dir='ltr'><strong>summe</strong></span> <span class='ocrx_word' id='word_1_783' title='bbox 1926 5363 2111 5417; x_wconf 89' lang='lat' dir='ltr'><strong>condi-</strong></span> 
     </span>
    </p>
   </div>
   <div class='ocr_carea' id='block_1_103' title="bbox 545 5451 2112 5522">
    <p class='ocr_par' dir='ltr' id='par_1_103' title="bbox 545 5451 2112 5522">
     <span class='ocr_line' id='line_1_103' title="bbox 545 5451 2112 5522; baseline -0.001 -15"><span class='ocrx_word' id='word_1_784' title='bbox 545 5456 742 5508; x_wconf 89' lang='lat' dir='ltr'><strong>tionem</strong></span> <span class='ocrx_word' id='word_1_785' title='bbox 781 5468 1055 5508; x_wconf 85' lang='lat' dir='ltr'><strong>servorum</strong></span> <span class='ocrx_word' id='word_1_786' title='bbox 1103 5451 1362 5522; x_wconf 82' lang='lat' dir='ltr'><strong>gloriﬁcet</strong></span> <span class='ocrx_word' id='word_1_787' title='bbox 1391 5467 1524 5521; x_wconf 91' lang='lat' dir='ltr'><strong>quos</strong></span> <span class='ocrx_word' id='word_1_788' title='bbox 1567 5454 1700 5506; x_wconf 90' lang='lat' dir='ltr'><strong>bene</strong></span> <span class='ocrx_word' id='word_1_789' title='bbox 1747 5453 2006 5507; x_wconf 81' lang='lat' dir='ltr'><strong>facientes</strong></span> <span class='ocrx_word' id='word_1_790' title='bbox 2058 5462 2112 5506; x_wconf 89' lang='lat' dir='ltr'><strong>et</strong></span> 
     </span>
    </p>
   </div>
   <div class='ocr_carea' id='block_1_104' title="bbox 546 5541 2111 5613">
    <p class='ocr_par' dir='ltr' id='par_1_104' title="bbox 546 5541 2111 5613">
     <span class='ocr_line' id='line_1_104' title="bbox 546 5541 2111 5613; baseline -0.003 -15"><span class='ocrx_word' id='word_1_791' title='bbox 546 5545 746 5613; x_wconf 79' lang='lat' dir='ltr'><strong>absque</strong></span> <span class='ocrx_word' id='word_1_792' title='bbox 785 5543 936 5612; x_wconf 91' lang='lat' dir='ltr'><strong>culpa</strong></span> <span class='ocrx_word' id='word_1_793' title='bbox 987 5542 1297 5611; x_wconf 86' lang='lat' dir='ltr'><strong>vapulantes</strong></span> <span class='ocrx_word' id='word_1_794' title='bbox 1355 5557 1383 5594; x_wconf 90' lang='lat' dir='ltr'><strong>a</strong></span> <span class='ocrx_word' id='word_1_795' title='bbox 1431 5541 1661 5596; x_wconf 88' lang='lat' dir='ltr'><strong>dominis</strong></span> <span class='ocrx_word' id='word_1_796' title='bbox 1709 5542 2012 5596; x_wconf 85' lang='lat' dir='ltr'><strong>crudelibus</strong></span> <span class='ocrx_word' id='word_1_797' title='bbox 2059 5553 2111 5595; x_wconf 87' lang='lat' dir='ltr'><strong>ct</strong></span> 
     </span>
    </p>
   </div>
   <div class='ocr_carea' id='block_1_105' title="bbox 549 5632 2113 5701">
    <p class='ocr_par' dir='ltr' id='par_1_105' title="bbox 549 5632 2113 5701">
     <span class='ocr_line' id='line_1_105' title="bbox 549 5632 2113 5701; baseline 0.001 -16"><span class='ocrx_word' id='word_1_798' title='bbox 549 5635 803 5701; x_wconf 76' lang='lat' dir='ltr'><strong>improbis</strong></span> <span class='ocrx_word' id='word_1_799' title='bbox 848 5634 1144 5687; x_wconf 87' lang='lat' dir='ltr'><strong>imitatores</strong></span> <span class='ocrx_word' id='word_1_800' title='bbox 1185 5647 1303 5686; x_wconf 87' lang='lat' dir='ltr'><strong>esse</strong></span> <span class='ocrx_word' id='word_1_801' title='bbox 1347 5632 1634 5686; x_wconf 77' lang='lat' dir='ltr'><strong>Dominicrn</strong></span> <span class='ocrx_word' id='word_1_802' title='bbox 1673 5634 1938 5694; x_wconf 84' lang='lat' dir='ltr'><strong>passionis</strong></span> <span class='ocrx_word' id='word_1_803' title='bbox 1977 5635 2113 5693; x_wconf 75' lang='lat' dir='ltr'><strong>adir-</strong></span> 
     </span>
    </p>
   </div>
   <div class='ocr_carea' id='block_1_106' title="bbox 2210 4548 3783 4618">
    <p class='ocr_par' dir='ltr' id='par_1_106' title="bbox 2210 4548 3783 4618">
     <span class='ocr_line' id='line_1_106' title="bbox 2210 4548 3783 4618; baseline 0.001 -15"><span class='ocrx_word' id='word_1_804' title='bbox 2210 4567 2318 4614; x_wconf 88' lang='lat' dir='ltr'><strong>vos,</strong></span> <span class='ocrx_word' id='word_1_805' title='bbox 2345 4551 2569 4602; x_wconf 83' lang='lat' dir='ltr'><strong>mundus</strong></span> <span class='ocrx_word' id='word_1_806' title='bbox 2598 4554 2771 4600; x_wconf 83' lang='lat' dir='ltr'><strong>aute’m</strong></span> <span class='ocrx_word' id='word_1_807' title='bbox 2799 4548 3076 4618; x_wconf 83' lang='lat' dir='ltr'><strong>gaudebit;</strong></span> <span class='ocrx_word' id='word_1_808' title='bbox 3107 4565 3194 4603; x_wconf 89' lang='lat' dir='ltr'><strong>vos</strong></span> <span class='ocrx_word' id='word_1_809' title='bbox 3237 4559 3408 4604; x_wconf 85' lang='lat' dir='ltr'><strong>autem</strong></span> <span class='ocrx_word' id='word_1_810' title='bbox 3446 4552 3783 4605; x_wconf 84' lang='lat' dir='ltr'><strong>contristabi-</strong></span> 
     </span>
    </p>
   </div>
   <div class='ocr_carea' id='block_1_107' title="bbox 2210 4637 3788 4712">
    <p class='ocr_par' dir='ltr' id='par_1_107' title="bbox 2210 4637 3788 4712">
     <span class='ocr_line' id='line_1_107' title="bbox 2210 4637 3788 4712; baseline 0.004 -21"><span class='ocrx_word' id='word_1_811' title='bbox 2210 4642 2356 4702; x_wconf 89' lang='lat' dir='ltr'><strong>mini,</strong></span> <span class='ocrx_word' id='word_1_812' title='bbox 2387 4639 2476 4691; x_wconf 90' lang='lat' dir='ltr'><strong>sed</strong></span> <span class='ocrx_word' id='word_1_813' title='bbox 2505 4637 2718 4691; x_wconf 85' lang='lat' dir='ltr'><strong>tristitia</strong></span> <span class='ocrx_word' id='word_1_814' title='bbox 2746 4648 2910 4691; x_wconf 89' lang='lat' dir='ltr'><strong>vestra</strong></span> <span class='ocrx_word' id='word_1_815' title='bbox 2933 4647 3156 4692; x_wconf 86' lang='lat' dir='ltr'><strong>vertetur</strong></span> <span class='ocrx_word' id='word_1_816' title='bbox 3178 4641 3233 4692; x_wconf 88' lang='lat' dir='ltr'><strong>in</strong></span> <span class='ocrx_word' id='word_1_817' title='bbox 3255 4639 3528 4710; x_wconf 86' lang='lat' dir='ltr'><strong>gaudium.</strong></span> <span class='ocrx_word' id='word_1_818' title='bbox 3553 4641 3622 4695; x_wconf 90' lang='lat' dir='ltr'><strong>Et</strong></span> <span class='ocrx_word' id='word_1_819' title='bbox 3645 4643 3788 4712; x_wconf 82' lang='lat' dir='ltr'><strong>ipso-</strong></span> 
     </span>
    </p>
   </div>
   <div class='ocr_carea' id='block_1_108' title="bbox 2211 4727 3787 4800">
    <p class='ocr_par' dir='ltr' id='par_1_108' title="bbox 2211 4727 3787 4800">
     <span class='ocr_line' id='line_1_108' title="bbox 2211 4727 3787 4800; baseline 0.002 -18"><span class='ocrx_word' id='word_1_820' title='bbox 2211 4746 2328 4782; x_wconf 91' lang='lat' dir='ltr'><strong>rum</strong></span> <span class='ocrx_word' id='word_1_821' title='bbox 2365 4737 2420 4783; x_wconf 93' lang='lat' dir='ltr'><strong>et</strong></span> <span class='ocrx_word' id='word_1_822' title='bbox 2458 4728 2621 4782; x_wconf 89' lang='lat' dir='ltr'><strong>totius</strong></span> <span class='ocrx_word' id='word_1_823' title='bbox 2667 4727 2919 4782; x_wconf 71' lang='lat' dir='ltr'><strong>Ecclesia:</strong></span> <span class='ocrx_word' id='word_1_824' title='bbox 2971 4730 3130 4782; x_wconf 90' lang='lat' dir='ltr'><strong>statui</strong></span> <span class='ocrx_word' id='word_1_825' title='bbox 3180 4731 3446 4800; x_wconf 91' lang='lat' dir='ltr'><strong>congruit.</strong></span> <span class='ocrx_word' id='word_1_826' title='bbox 3495 4731 3787 4787; x_wconf 86' lang='lat' dir='ltr'><strong>Plorabant</strong></span> 
     </span>
    </p>
   </div>
   <div class='ocr_carea' id='block_1_109' title="bbox 2212 4817 3787 4890">
    <p class='ocr_par' dir='ltr' id='par_1_109' title="bbox 2212 4817 3787 4890">
     <span class='ocr_line' id='line_1_109' title="bbox 2212 4817 3787 4890; baseline 0.004 -18"><span class='ocrx_word' id='word_1_827' title='bbox 2212 4822 2407 4890; x_wconf 88' lang='lat' dir='ltr'><strong>quippe</strong></span> <span class='ocrx_word' id='word_1_828' title='bbox 2445 4828 2501 4873; x_wconf 90' lang='lat' dir='ltr'><strong>et</strong></span> <span class='ocrx_word' id='word_1_829' title='bbox 2527 4817 2726 4873; x_wconf 82' lang='lat' dir='ltr'><strong>ﬂebant</strong></span> <span class='ocrx_word' id='word_1_830' title='bbox 2759 4821 3028 4874; x_wconf 83' lang='lat' dir='ltr'><strong>amatores</strong></span> <span class='ocrx_word' id='word_1_831' title='bbox 3056 4818 3274 4885; x_wconf 87' lang='lat' dir='ltr'><strong>Christi,</strong></span> <span class='ocrx_word' id='word_1_832' title='bbox 3310 4835 3430 4875; x_wconf 91' lang='lat' dir='ltr'><strong>cum</strong></span> <span class='ocrx_word' id='word_1_833' title='bbox 3456 4822 3607 4876; x_wconf 91' lang='lat' dir='ltr'><strong>illum</strong></span> <span class='ocrx_word' id='word_1_834' title='bbox 3640 4839 3787 4879; x_wconf 87' lang='lat' dir='ltr'><strong>com-</strong></span> 
     </span>
    </p>
   </div>
   <div class='ocr_carea' id='block_1_110' title="bbox 2207 4911 3788 4982">
    <p class='ocr_par' dir='ltr' id='par_1_110' title="bbox 2207 4911 3788 4982">
     <span class='ocr_line' id='line_1_110' title="bbox 2207 4911 3788 4982; baseline 0.004 -17"><span class='ocrx_word' id='word_1_835' title='bbox 2207 4911 2462 4982; x_wconf 80' lang='lat' dir='ltr'><strong>prehendi</strong></span> <span class='ocrx_word' id='word_1_836' title='bbox 2487 4911 2554 4964; x_wconf 88' lang='lat' dir='ltr'><strong>ab</strong></span> <span class='ocrx_word' id='word_1_837' title='bbox 2581 4912 2842 4974; x_wconf 89' lang='lat' dir='ltr'><strong>hostibus,</strong></span> <span class='ocrx_word' id='word_1_838' title='bbox 2874 4911 3046 4982; x_wconf 88' lang='lat' dir='ltr'><strong>ligari,</strong></span> <span class='ocrx_word' id='word_1_839' title='bbox 3076 4911 3141 4966; x_wconf 89' lang='lat' dir='ltr'><strong>ad</strong></span> <span class='ocrx_word' id='word_1_840' title='bbox 3169 4913 3450 4968; x_wconf 88' lang='lat' dir='ltr'><strong>consilium</strong></span> <span class='ocrx_word' id='word_1_841' title='bbox 3473 4915 3618 4980; x_wconf 91' lang='lat' dir='ltr'><strong>duci,</strong></span> <span class='ocrx_word' id='word_1_842' title='bbox 3643 4917 3788 4970; x_wconf 86' lang='lat' dir='ltr'><strong>dam-</strong></span> 
     </span>
    </p>
   </div>
   <div class='ocr_carea' id='block_1_111' title="bbox 2210 5001 3792 5072">
    <p class='ocr_par' dir='ltr' id='par_1_111' title="bbox 2210 5001 3792 5072">
     <span class='ocr_line' id='line_1_111' title="bbox 2210 5001 3792 5072; baseline 0.001 -16"><span class='ocrx_word' id='word_1_843' title='bbox 2210 5004 2347 5065; x_wconf 90' lang='lat' dir='ltr'><strong>nari,</strong></span> <span class='ocrx_word' id='word_1_844' title='bbox 2373 5002 2633 5072; x_wconf 80' lang='lat' dir='ltr'><strong>cruciﬁgi,</strong></span> <span class='ocrx_word' id='word_1_845' title='bbox 2668 5001 2804 5055; x_wconf 90' lang='lat' dir='ltr'><strong>mori</strong></span> <span class='ocrx_word' id='word_1_846' title='bbox 2843 5012 2898 5054; x_wconf 91' lang='lat' dir='ltr'><strong>et</strong></span> <span class='ocrx_word' id='word_1_847' title='bbox 2927 5004 3140 5070; x_wconf 86' lang='lat' dir='ltr'><strong>sepeliri</strong></span> <span class='ocrx_word' id='word_1_848' title='bbox 3167 5003 3426 5057; x_wconf 86' lang='lat' dir='ltr'><strong>viderent.</strong></span> <span class='ocrx_word' id='word_1_849' title='bbox 3470 5003 3792 5059; x_wconf 86' lang='lat' dir='ltr'><strong>Gaudebant</strong></span> 
     </span>
    </p>
   </div>
   <div class='ocr_carea' id='block_1_112' title="bbox 2211 5090 3791 5162">
    <p class='ocr_par' dir='ltr' id='par_1_112' title="bbox 2211 5090 3791 5162">
     <span class='ocr_line' id='line_1_112' title="bbox 2211 5090 3791 5162; baseline 0.001 -15"><span class='ocrx_word' id='word_1_850' title='bbox 2211 5094 2394 5148; x_wconf 79' lang='lat' dir='ltr'><strong>mundi</strong></span> <span class='ocrx_word' id='word_1_851' title='bbox 2442 5103 2730 5154; x_wconf 87' lang='lat' dir='ltr'><strong>amatores,</strong></span> <span class='ocrx_word' id='word_1_852' title='bbox 2765 5107 2899 5160; x_wconf 82' lang='lat' dir='ltr'><strong>quos</strong></span> <span class='ocrx_word' id='word_1_853' title='bbox 2936 5093 3001 5144; x_wconf 87' lang='lat' dir='ltr'><strong>ab</strong></span> <span class='ocrx_word' id='word_1_854' title='bbox 3048 5090 3228 5145; x_wconf 76' lang='lat' dir='ltr'><strong>infima</strong></span> <span class='ocrx_word' id='word_1_855' title='bbox 3264 5093 3590 5162; x_wconf 87' lang='lat' dir='ltr'><strong>cogitatione</strong></span> <span class='ocrx_word' id='word_1_856' title='bbox 3634 5110 3791 5148; x_wconf 88' lang='lat' dir='ltr'><strong>mun-</strong></span> 
     </span>
    </p>
   </div>
   <div class='ocr_carea' id='block_1_113' title="bbox 2212 5181 3789 5248">
    <p class='ocr_par' dir='ltr' id='par_1_113' title="bbox 2212 5181 3789 5248">
     <span class='ocr_line' id='line_1_113' title="bbox 2212 5181 3789 5248; baseline 0 -12"><span class='ocrx_word' id='word_1_857' title='bbox 2212 5185 2335 5236; x_wconf 92' lang='lat' dir='ltr'><strong>dum</strong></span> <span class='ocrx_word' id='word_1_858' title='bbox 2367 5192 2518 5236; x_wconf 85' lang='lat' dir='ltr'><strong>vocat</strong></span> <span class='ocrx_word' id='word_1_859' title='bbox 2541 5181 2815 5244; x_wconf 90' lang='lat' dir='ltr'><strong>Dominus,</strong></span> <span class='ocrx_word' id='word_1_860' title='bbox 2839 5196 2963 5234; x_wconf 88' lang='lat' dir='ltr'><strong>cum</strong></span> <span class='ocrx_word' id='word_1_861' title='bbox 2995 5189 3164 5233; x_wconf 89' lang='lat' dir='ltr'><strong>morte</strong></span> <span class='ocrx_word' id='word_1_862' title='bbox 3190 5181 3498 5248; x_wconf 83' lang='lat' dir='ltr'><strong>turpissima</strong></span> <span class='ocrx_word' id='word_1_863' title='bbox 3529 5181 3789 5236; x_wconf 84' lang='lat' dir='ltr'><strong>condem-</strong></span> 
     </span>
    </p>
   </div>
   <div class='ocr_carea' id='block_1_114' title="bbox 2212 5271 3786 5342">
    <p class='ocr_par' dir='ltr' id='par_1_114' title="bbox 2212 5271 3786 5342">
     <span class='ocr_line' id='line_1_114' title="bbox 2212 5271 3786 5342; baseline -0.001 -14"><span class='ocrx_word' id='word_1_864' title='bbox 2212 5284 2404 5329; x_wconf 87' lang='lat' dir='ltr'><strong>narcnt</strong></span> <span class='ocrx_word' id='word_1_865' title='bbox 2433 5274 2600 5337; x_wconf 92' lang='lat' dir='ltr'><strong>illum,</strong></span> <span class='ocrx_word' id='word_1_866' title='bbox 2618 5272 2708 5342; x_wconf 93' lang='lat' dir='ltr'><strong>qui</strong></span> <span class='ocrx_word' id='word_1_867' title='bbox 2736 5271 2916 5340; x_wconf 87' lang='lat' dir='ltr'><strong>gravis</strong></span> <span class='ocrx_word' id='word_1_868' title='bbox 2935 5282 3055 5324; x_wconf 87' lang='lat' dir='ltr'><strong>erat</strong></span> <span class='ocrx_word' id='word_1_869' title='bbox 3084 5272 3163 5325; x_wconf 90' lang='lat' dir='ltr'><strong>eis</strong></span> <span class='ocrx_word' id='word_1_870' title='bbox 3183 5271 3346 5326; x_wconf 89' lang='lat' dir='ltr'><strong>etiam</strong></span> <span class='ocrx_word' id='word_1_871' title='bbox 3371 5272 3439 5326; x_wconf 89' lang='lat' dir='ltr'><strong>ad</strong></span> <span class='ocrx_word' id='word_1_872' title='bbox 3469 5273 3786 5328; x_wconf 78' lang='lat' dir='ltr'><strong>videndum.</strong></span> 
     </span>
    </p>
   </div>
   <div class='ocr_carea' id='block_1_115' title="bbox 2211 5359 3793 5431">
    <p class='ocr_par' dir='ltr' id='par_1_115' title="bbox 2211 5359 3793 5431">
     <span class='ocr_line' id='line_1_115' title="bbox 2211 5359 3793 5431; baseline -0.001 -14"><span class='ocrx_word' id='word_1_873' title='bbox 2211 5363 2680 5418; x_wconf 87' lang='lat' dir='ltr'><strong>Contristabantur</strong></span> <span class='ocrx_word' id='word_1_874' title='bbox 2701 5359 2947 5430; x_wconf 87' lang='lat' dir='ltr'><strong>discipuli</strong></span> <span class='ocrx_word' id='word_1_875' title='bbox 2975 5361 3148 5429; x_wconf 91' lang='lat' dir='ltr'><strong>posito</strong></span> <span class='ocrx_word' id='word_1_876' title='bbox 3185 5361 3236 5414; x_wconf 94' lang='lat' dir='ltr'><strong>in</strong></span> <span class='ocrx_word' id='word_1_877' title='bbox 3270 5369 3457 5423; x_wconf 87' lang='lat' dir='ltr'><strong>morte,</strong></span> <span class='ocrx_word' id='word_1_878' title='bbox 3489 5362 3584 5415; x_wconf 90' lang='lat' dir='ltr'><strong>sed</strong></span> <span class='ocrx_word' id='word_1_879' title='bbox 3608 5361 3793 5431; x_wconf 86' lang='lat' dir='ltr'><strong>agnita</strong></span> 
     </span>
    </p>
   </div>
   <div class='ocr_carea' id='block_1_116' title="bbox 2213 5450 3794 5506">
    <p class='ocr_par' dir='ltr' id='par_1_116' title="bbox 2213 5450 3794 5506">
     <span class='ocr_line' id='line_1_116' title="bbox 2213 5450 3794 5506; baseline 0 0"><span class='ocrx_word' id='word_1_880' title='bbox 2213 5455 2372 5506; x_wconf 84' lang='lat' dir='ltr'><strong>etiam</strong></span> <span class='ocrx_word' id='word_1_881' title='bbox 2434 5452 2827 5505; x_wconf 88' lang='lat' dir='ltr'><strong>resurrectione</strong></span> <span class='ocrx_word' id='word_1_882' title='bbox 2872 5451 3090 5504; x_wconf 89' lang='lat' dir='ltr'><strong>tristitia</strong></span> <span class='ocrx_word' id='word_1_883' title='bbox 3134 5450 3344 5504; x_wconf 90' lang='lat' dir='ltr'><strong>illorum</strong></span> <span class='ocrx_word' id='word_1_884' title='bbox 3392 5467 3548 5505; x_wconf 90' lang='lat' dir='ltr'><strong>versa</strong></span> <span class='ocrx_word' id='word_1_885' title='bbox 3607 5462 3692 5506; x_wconf 89' lang='lat' dir='ltr'><strong>est</strong></span> <span class='ocrx_word' id='word_1_886' title='bbox 3742 5453 3794 5506; x_wconf 89' lang='lat' dir='ltr'><strong>in</strong></span> 
     </span>
    </p>
   </div>
   <div class='ocr_carea' id='block_1_117' title="bbox 2215 5539 3796 5614">
    <p class='ocr_par' dir='ltr' id='par_1_117' title="bbox 2215 5539 3796 5614">
     <span class='ocr_line' id='line_1_117' title="bbox 2215 5539 3796 5614; baseline 0.001 -17"><span class='ocrx_word' id='word_1_887' title='bbox 2215 5544 2496 5614; x_wconf 76' lang='lat' dir='ltr'><strong>gaudium;</strong></span> <span class='ocrx_word' id='word_1_888' title='bbox 2538 5542 2651 5596; x_wconf 89' lang='lat' dir='ltr'><strong>visa</strong></span> <span class='ocrx_word' id='word_1_889' title='bbox 2683 5550 2766 5595; x_wconf 87' lang='lat' dir='ltr'><strong>est</strong></span> <span class='ocrx_word' id='word_1_890' title='bbox 2793 5541 3127 5595; x_wconf 89' lang='lat' dir='ltr'><strong>ascensionis</strong></span> <span class='ocrx_word' id='word_1_891' title='bbox 3152 5541 3416 5610; x_wconf 89' lang='lat' dir='ltr'><strong>potentia,</strong></span> <span class='ocrx_word' id='word_1_892' title='bbox 3448 5539 3562 5608; x_wconf 89' lang='lat' dir='ltr'><strong>jam</strong></span> <span class='ocrx_word' id='word_1_893' title='bbox 3589 5543 3796 5610; x_wconf 76' lang='lat' dir='ltr'><strong>majore</strong></span> 
     </span>
    </p>
   </div>
   <div class='ocr_carea' id='block_1_118' title="bbox 2216 5630 3796 5703">
    <p class='ocr_par' dir='ltr' id='par_1_118' title="bbox 2216 5630 3796 5703">
     <span class='ocr_line' id='line_1_118' title="bbox 2216 5630 3796 5703; baseline -0.001 -18"><span class='ocrx_word' id='word_1_894' title='bbox 2216 5634 2409 5703; x_wconf 80' lang='lat' dir='ltr'><strong>gaudio</strong></span> <span class='ocrx_word' id='word_1_895' title='bbox 2449 5632 2708 5687; x_wconf 86' lang='lat' dir='ltr'><strong>sublevati</strong></span> <span class='ocrx_word' id='word_1_896' title='bbox 2756 5630 3044 5685; x_wconf 86' lang='lat' dir='ltr'><strong>laudabant</strong></span> <span class='ocrx_word' id='word_1_897' title='bbox 3090 5641 3142 5685; x_wconf 90' lang='lat' dir='ltr'><strong>et</strong></span> <span class='ocrx_word' id='word_1_898' title='bbox 3171 5630 3562 5684; x_wconf 86' lang='lat' dir='ltr'><strong>benediccbant</strong></span> <span class='ocrx_word' id='word_1_899' title='bbox 3610 5630 3796 5685; x_wconf 83' lang='lat' dir='ltr'><strong>Domi-</strong></span> 
     </span>
    </p>
   </div>
  </div>
