3946 6364
154 334 245 390 197

1203 322 1508 379 1103111,ιῶ
1546 322 1614 377 1N
1648 320 1900 379 EVANG.
1944 320 2033 377 ET
2072 321 2291 377 EPIST.

3287 320 3389 378 198

148 460 289 510 nam,
329 451 388 497 ut
414 442 596 497 Lucas
625 438 953 509 evangelista
981 444 1229 493 testatur.
1275 436 1383 491 Sed
1412 442 1467 489 et
1505 433 1715 488 cunctis
1740 440 1793 500 Α
1817 442 2052 497 secutor,
2104 447 2262 486 nemo
2299 432 2390 500 qui
2415 430 2693 485 tristitiam
2717 430 2926 497 ingerat
2949 429 3146 485 animis
3171 438 3393 500 vesti-.3,

150 533 379 591 ﬁdelitas
404 531 497 586 hic
524 528 741 585 Domini
781 542 960 584 sermo
994 526 1262 591 convenit,
1296 526 1387 595 qui
1418 540 1513 596 per
1539 524 1711 593 lacry-

148 638 257 677 mas
278 632 679 689 pressurasque
704 623 999 687 praesentes
1034 616 1100 669 ad
1129 615 1323 684 gaudia
1354 623 1555 669 aeterna
1590 628 1711 681 per-

146 709 320 764 venire
345 704 699 761 contendunt.
738 704 841 769 Qui
868 705 1121 758 seminam
1150 705 1204 757 in
1227 704 1474 774 lacrymis
1501 704 1555 756 in
1580 719 1711 772 gau-

145 800 227 851 dio
277 804 498 859 metent;
545 804 723 849 euntes
764 794 909 848 ibant
960 802 1006 846 et
1057 794 1289 861 ﬂebant,
1330 800 1598 862 quatenus
1654 792 1709 844 in

148 895 333 941 :eterna
362 883 707 939 beatitudine
736 882 935 937 laboris
969 884 1051 937 sui
1090 882 1393 941 mercedem
1427 881 1705 950 recipiant.

147 975 361 1029 luridus
389 983 593 1037 autem,
630 973 683 1027 id
720 981 824 1037 est,
864 973 1047 1026 mundi
1084 982 1355 1027 amatores
1380 972 1706 1041 gaudebunt,

144 1066 228 1135 qui
256 1064 322 1117 ad
348 1072 551 1117 aeterna
578 1062 767 1133 gaudia
802 1078 861 1116 se
890 1077 1196 1131 praeparare
1221 1077 1321 1131 per
1361 1060 1630 1130 lacrymas
1656 1069 1709 1116 et

144 1152 441 1209 aﬂlictiones
485 1152 822 1223 despiciunt;
846 1169 933 1206 vos
962 1162 1135 1205 autem
1161 1151 1591 1205 contristabitnini
1613 1166 1711 1221 per

142 1244 341 1298 labores
364 1250 420 1297 et
447 1257 761 1312 pressurus,
791 1242 885 1296 sed
912 1243 1129 1295 tristitia
1170 1250 1348 1295 vestra
1388 1249 1627 1295 vertetur
1654 1241 1707 1296 iu

139 1341 343 1388 :eternze
367 1332 721 1387 beatitudinis
752 1331 1015 1386 laetitiam.

206 1421 393 1475 Mulier
419 1438 538 1475 cum
569 1423 706 1490 parit
746 1421 1010 1486 tristitiam
1041 1421 1213 1485 habet,
1245 1421 1369 1490 quia
1402 1420 1535 1475 venit
1577 1421 1709 1474 hora

136 1517 263 1582 ejus.
294 1510 569 1566 Mulierem
600 1511 728 1569 dicit
758 1520 997 1565 sanctam
1027 1510 1344 1575 Ecclesiam,
1378 1522 1600 1581 propter
1631 1510 1710 1566 fe‘

141 1601 452 1662 canditatem
482 1601 747 1657 bonorum
783 1615 1027 1669 operum,
1058 1600 1268 1669 etgquia
1301 1601 1572 1670 spiritales
1604 1601 1709 1655 Do-

140 1692 272 1746 mino
321 1694 457 1747 lilios
511 1694 730 1764 gignere
775 1708 1047 1760 nunquam
1089 1692 1315 1758 desiuit;
1351 1694 1467 1747 haec
1514 1693 1708 1747 mulier

138 1796 248 1834 cum
274 1782 415 1849 parit
444 1783 722 1835 tristitiam
754 1783 935 1847 habet,
965 1782 1090 1850 quia
1123 1783 1269 1836 venit
1295 1782 1428 1835 hora
1452 1783 1588 1851 ejus.

202 1870 325 1923 Cum
350 1882 526 1925 autem
548 1873 741 1941 peperit
770 1887 1013 1941 puerum,
1027 1870 1145 1939 jam
1172 1887 1275 1924 non
1300 1873 1531 1924 meminit
1562 1888 1705 1942 pres-

134 1979 262 2016 sura
286 1974 496 2033 propter
531 1965 804 2033 gaudium,
834 1965 959 2034 quia
990 1972 1145 2017 natus
1176 1974 1251 2017 est
1278 1964 1431 2016 homo
1470 1965 1522 2017 in
1552 1980 1705 2017 nsun-

136 2052 280 2115 dum;
336 2054 462 2121 quia
517 2054 768 2107 nimirum
812 2062 999 2112 sancta
1049 2053 1603 2123 Ecclesia,quandiu
1646 2055 1701 2107 in

138 2146 321 2198 mundo
388 2146 712 2214 spiritalium
764 2145 1025 2199 virtutum
1073 2143 1403 2214 profectibus
1456 2145 1699 2209 insistit,

137 2252 393 2304 nunquam
439 2236 625 2289 mundi
674 2236 1064 2293 tentationibus
1096 2235 1338 2289 exerceri
1370 2233 1599 2288 desistit.
1631 2233 1704 2285 At

136 2342 244 2378 cum
272 2327 480 2381 devicto
509 2327 753 2379 laborum
780 2326 1076 2380 certamine
1103 2325 1170 2379 ad
1190 2323 1423 2392 patrnam
1450 2336 1704 2393 pervene-

133 2418 215 2478 rit,
239 2418 343 2486 jam
374 2433 493 2471 non
511 2418 759 2471 meminit
792 2431 1059 2486 pressum
1087 2416 1443 2485 praecedentis
1478 2427 1701 2487 propter

130 2507 362 2576 gaulium
391 2517 659 2577 percepta?
690 2507 1056 2561 retributionis
1086 2524 1097 2559 :
1132 2523 1237 2560 non
1264 2516 1382 2560 sunt
1408 2507 1546 2559 enim
1573 2522 1698 2559 con-

130 2597 289 2664 dignm
336 2600 607 2665 passiones
654 2598 812 2666 hujus
861 2596 1105 2665 temporis
1152 2595 1221 2649 ad
1274 2605 1699 2665 superventuram

129 2684 334 2754 gloriam
357 2704 475 2756 qua:
508 2688 820 2740 revelabitur
845 2687 896 2740 in
928 2686 1095 2739 nobis.
1150 2685 1275 2739 Non
1312 2686 1565 2751 meminit,
1612 2686 1695 2741 in-

130 2778 254 2845 quit,
280 2794 538 2846 pressum
567 2787 777 2847 propter
801 2778 1075 2848 gaudium,
1100 2780 1225 2847 quia
1251 2785 1406 2830 natus
1438 2785 1511 2830 est
1545 2777 1699 2830 homo

128 2865 177 2917 ia
202 2866 465 2918 mundum.
510 2865 664 2920 Sicut
702 2868 845 2920 enim
874 2867 1067 2920 mulier
1109 2874 1235 2923 nato
1268 2867 1319 2920 in
1361 2866 1502 2920 hunc
1546 2882 1700 2923 mun-

130 2954 242 3006 dum
272 2955 486 3009 homine
532 2954 768 3020 ludatur,
810 2954 881 3007 ita
911 2954 1149 3008 Ecclesia
1187 2963 1313 3007 nato
1340 2954 1392 3007 in
1422 2954 1585 3007 vitam
1618 2952 1698 3007 fu-

131 3050 288 3098 turam
328 3044 566 3101 ﬁdelium
607 3044 802 3114 populo
841 3045 997 3113 digna
1045 3043 1402 3097 exsultatione
1437 3043 1693 3113 repletur,

129 3149 215 3202 pro
242 3152 338 3205 qua
365 3137 493 3204 egus.
513 3137 795 3192 uativitate
827 3137 1054 3192 multum
1093 3136 1345 3190 laborans
1383 3144 1438 3189 et
1472 3148 1693 3205 gemens

130 3227 175 3277 in
200 3230 443 3295 prmscnti
476 3228 633 3297 quasi
655 3229 963 3297 parturiens
993 3227 1157 3282 dolet.
1189 3225 1509 3293 Necnovum
1535 3225 1695 3280 debet

128 3313 359 3385 cuiquaiu
392 3318 563 3373 \ideri
598 3319 641 3373 si
676 3327 834 3373 natus
871 3319 1083 3383 dicitur,
1111 3320 1200 3387 qui
1228 3333 1295 3373 ex
1323 3317 1424 3372 hac
1454 3316 1563 3373 vita
1586 3315 1692 3370 mi-

129 3409 375 3476 graverit;
408 3410 682 3477 quomodo
722 3411 865 3463 enim
912 3410 1059 3463 nasci
1106 3409 1301 3463 dicitur
1324 3422 1447 3463 cum
1479 3407 1601 3476 quis
1629 3407 1695 3464 de

134 3506 273 3551 LlCl’O
299 3501 489 3553 matris
514 3499 812 3568 procedens
840 3500 978 3554 banc
1002 3500 1059 3552 in
1083 3499 1253 3552 lucem
1289 3497 1591 3569 egreditur,
1619 3498 1695 3550 ita

129 3588 273 3641 etiam
306 3590 608 3645 rectissime
639 3598 815 3658 potest
847 3599 1005 3653 natus
1030 3588 1285 3658 appellari
1314 3588 1407 3660 qui
1431 3587 1636 3641 solutus
1662 3601 1695 3641 a

131 3678 338 3733 vinculis
365 3681 551 3735 carnis
581 3681 644 3734 ad
678 3680 850 3735 lucem
880 3680 1198 3734 sublimatur
1224 3686 1501 3732 aeternam.
1543 3676 1695 3731 Unde

130 3778 176 3821 et
206 3785 311 3823 tuos
339 3771 573 3825 obtinuit
594 3770 991 3825 ecclesiasticus
1019 3777 1074 3821 ut
1103 3768 1218 3822 dies
1246 3768 1521 3820 beatorum
1554 3780 1695 3817 mar-

132 3869 291 3928 tyrum
333 3862 445 3916 sive
488 3860 856 3915 conlessorum
895 3858 1115 3920 Christi,
1162 3855 1355 3925 quibus
1389 3854 1454 3907 de
1498 3852 1695 3907 saeculo

132 3954 439 4007 transierunt
466 3994 478 4015 ,
508 3951 709 4006 natales
736 3952 1031 4005 vocitamus
1056 3989 1071 4012 ,
1111 3958 1405 4015 eorumque
1434 3943 1695 3999 solemnia

134 4054 224 4093 non
253 4040 518 4107 funebria,
554 4041 647 4096 sed
675 4039 917 4094 natalitia
950 4039 1218 4093 dicantur.

192 4130 251 4184 Et
280 4149 362 4185 vos
392 4133 559 4202 igitur
596 4148 733 4193 nunc
766 4129 976 4201 quidem
1020 4127 1284 4180 tristitiam
1322 4124 1564 4188 habetis;
1599 4124 1695 4176 ite-

133 4236 231 4273 rant
272 4232 441 4275 autem
488 4222 670 4276 videbo
712 4237 819 4285 uos,
870 4230 919 4273 et
952 4217 1205 4289 gaudebit
1250 4231 1341 4269 cor
1370 4225 1614 4277 vestrum,
1646 4222 1696 4266 et

131 4311 357 4377 gaudium
397 4321 629 4365 vestrum
669 4327 817 4364 nemo
849 4308 992 4363 tollet
1016 4326 1047 4361 a
1074 4305 1233 4361 vobis.
1279 4303 1526 4371 Quodqde
1564 4303 1695 4371 ipsis

132 4400 327 4469 quidem
370 4400 648 4473 discipulis
692 4399 850 4456 facile
898 4398 1213 4466 intelligitur
1250 4396 1376 4465 quia
1420 4394 1691 4448 tristitiam

136 4489 413 4545 habuerunt
461 4506 623 4563 passo
670 4506 737 4547 ac
782 4490 991 4563 sepulto
1039 4488 1303 4544 Domino;
1349 4485 1440 4541 sed
1474 4494 1693 4555 peracta

135 4584 529 4640 resurrectionis
582 4583 751 4655 gloria
797 4582 965 4653 gavisi
1008 4590 1135 4635 sunt
1176 4579 1291 4633 viso
1345 4576 1592 4639 Domino,
1640 4584 1696 4629 et

134 4675 365 4744 gaudium
390 4688 582 4730 eorum
627 4687 785 4726 nemo
825 4669 961 4725 tollit
998 4670 1066 4724 ab
1095 4668 1208 4732 eis;
1241 4666 1367 4721 licet
1410 4679 1696 4735 pressuras

134 4780 189 4818 ac
212 4765 611 4833 persecutiones
646 4763 789 4831 passi
810 4768 990 4816 essent
1021 4760 1075 4813 in
1104 4760 1205 4813 hoc
1235 4759 1455 4817 mundo,
1482 4768 1693 4823 semper

136 4856 183 4908 in
211 4872 295 4927 spe
336 4856 642 4929 gaudebant
688 4853 883 4908 futura:
910 4849 1279 4905 retributionis
1323 4862 1420 4914 pro
1448 4861 1512 4900 eo
1544 4845 1688 4915 quod

136 4947 264 5019 digni
287 4957 598 5021 essentpro
623 4945 843 5000 nomine
862 4941 990 5007 Jesu
1015 4938 1370 4995 contumelias
1396 4936 1527 5006 pati.

199 5035 384 5091 Iterum
412 5046 591 5093 autem
615 5034 789 5089 videbo
812 5049 897 5085 vos
924 5040 971 5085 et
992 5028 1234 5100 gaudebit
1260 5044 1350 5101 cor
1377 5036 1622 5089 vestrum,
1646 5037 1693 5077 et

138 5126 367 5195 gaudium
399 5135 631 5180 vestrum
674 5140 821 5179 nemo
854 5121 996 5174 tollet
1036 5136 1067 5172 a
1110 5117 1274 5172 vobis.
1330 5115 1486 5171 Videt
1515 5115 1695 5181 itaque

140 5214 315 5273 electos
358 5225 479 5287 post
511 5215 785 5269 tristitiam
819 5212 1077 5281 Dominus
1110 5223 1231 5264 cum
1260 5223 1445 5262 eorum
1477 5206 1691 5275 paticnn

142 5305 255 5363 tiam
279 5307 531 5361 damnato
565 5308 938 5375 impugnatore
978 5308 1305 5356 remunerat.
1360 5297 1555 5351 Videbo
1586 5312 1691 5357 vos,

144 5397 188 5453 il
209 5407 302 5462 est,
326 5414 448 5453 cum
482 5410 831 5465 assumpsero
858 5408 955 5448 vos
981 5393 1047 5445 ad
1079 5391 1341 5459 meipsum
1370 5397 1428 5441 ut
1456 5386 1544 5439 ubi
1576 5400 1695 5439 sum

142 5500 226 5555 ego
264 5497 315 5541 et
350 5502 447 5543 vos
493 5488 638 5551 sitis,
680 5493 736 5539 et
762 5486 815 5537 in
844 5484 932 5537 illa
962 5482 1166 5536 visione
1211 5489 1481 5550 perpetuae
1516 5478 1698 5549 gloria:

143 5576 367 5644 gaudebit
395 5593 491 5633 cor
519 5584 760 5631 vestrum
789 5583 841 5631 et
862 5572 1109 5644 gaudium
1145 5579 1381 5625 vestrum
1419 5584 1577 5622 nemo
1605 5567 1699 5621 tol-

146 5666 204 5720 let
240 5683 263 5721 a
306 5669 475 5733 vobis,
518 5667 647 5737 quia
677 5665 745 5719 ibi
774 5665 948 5719 nullus
978 5661 1340 5725 adversarius,
1373 5660 1548 5713 nullus
1580 5674 1698 5727 per-

1810 523 1934 577 dum
1960 523 2217 578 videbitur
2240 522 2377 575 Deus
2410 525 2621 575 deorum
2644 522 2699 574 in
2724 519 2874 576 Sion.

2350 630 2628 686 HOMILIA
2665 630 2859 688 XXIX.

1811 737 1863 775 IN
1902 737 2229 776 NA'I'IVITATE
2268 737 2339 776 38.
2382 736 2761 775 APOSTOLORUI!
2802 737 3028 775 PHILIPPI
3076 737 3146 776 Ετ
3184 735 3386 777 JACOII.

2265 810 2449 865 Lectio
2476 810 2600 865 libri
2632 808 2934 877 Sapientiae.

1880 897 2098 953 Stabunt
2122 900 2255 968 justi
2282 902 2335 953 in
2377 918 2566 970 magna
2597 902 2888 953 constantia
2923 902 3166 955 adversus
3189 918 3273 956 eos
3298 901 3391 972 qui

1808 1007 1862 1044 se
1890 993 2333 1060 angustiauerunt,
2359 1003 2406 1045 et
2444 994 2533 1062 qui
2565 990 2888 1045 abstulerunt
2923 992 3121 1047 labores
3149 993 3385 1047 illorum.

1879 1079 2075 1134 Narrat
2102 1082 2281 1135 divina
2312 1080 2586 1149 Sapientia
2629 1082 2805 1149 qualis
2830 1082 2881 1134 in
2910 1090 3153 1135 extremo
3187 1080 3392 1150 judicio

1811 1178 2121 1225 sanctorum
2148 1172 2251 1224 erit
2290 1172 2479 1240 gloria,
2511 1172 2793 1240 qualisque
2829 1172 3185 1240 reproborum
3226 1188 3391 1243 angu-

1809 1260 1911 1315 stia
1933 1275 2054 1313 cum
2088 1260 2318 1315 viderint
2362 1270 2578 1317 sanctos
2628 1270 2833 1315 stantes
2871 1260 2935 1313 ad
2983 1261 3259 1314 dexteram
3296 1258 3391 1316 Dei

1809 1365 1930 1403 cum
1956 1349 2124 1417 gloria
2174 1350 2591 1419 incorruptionis
2632 1358 2685 1404 et
2726 1349 3166 1413 immortalitatis,
3207 1350 3280 1417 pii
3304 1346 3394 1416 ju-

1807 1437 1943 1492 dicis
1977 1446 2352 1507 exspectantes
2384 1440 2706 1493 sententiam
2733 1478 2747 1502 ,
2793 1454 2899 1507 qua
2939 1452 3032 1492 eos
3066 1438 3131 1490 ad
3166 1453 3390 1507 regnum

1810 1527 2001 1580 invitat
2044 1536 2335 1591 reternum;
2388 1543 2447 1582 se
2475 1536 2653 1581 autem
2706 1526 2901 1580 merito
2939 1524 3286 1579 condemnari
3326 1530 3393 1579 eo

1808 1620 1948 1686 quod
1990 1619 2110 1671 illos
2133 1619 2398 1687 persecuti
2426 1628 2575 1682 sunt,
2604 1634 2705 1672 nec
2732 1618 2991 1672 doctrina:
3022 1630 3208 1669 eorum
3242 1615 3388 1670 salu-

1811 1708 1893 1762 bri
1918 1708 2139 1763 obedire
2166 1708 2471 1771 voluerunt,
2505 1706 2599 1762 sed
2628 1708 2915 1761 irridentes
2937 1720 3028 1759 eos
3050 1704 3219 1775 magis
3246 1720 3395 1774 spre-

1733 1774 1778 1831 B
1807 1806 2018 1862 verunt,
2068 1813 2168 1852 nec
2211 1800 2471 1851 honorem
2514 1798 2841 1865 condignum
2882 1795 2988 1849 illis
3026 1774 3394 1864 praebuerunt,

1806 1886 1947 1939 unde
1978 1886 2136 1941 modo
2164 1901 2289 1940 cum
2327 1884 2489 1939 lectio
2513 1885 2781 1954 legeretur
2808 1884 3076 1937 audistis:
3106 1882 3248 1935 Tunc
3275 1892 3390 1935 sta-

1807 1977 1950 2041 bunt,
1986 1976 2179 2045 inquit,
2200 1976 2333 2046 justi
2377 1977 2432 2029 in
2456 1990 2647 2045 magna
2680 1974 2994 2038 constantia,
3028 1974 3273 2027 adversus
3303 1990 3391 2027 eos

1802 2070 1892 2139 qui
1914 2085 1968 2122 se
2006 2070 2454 2137 angustiaverunt,
2482 2075 2532 2120 et
2564 2067 2651 2135 qui
2682 2065 3005 2119 abstulerunt
3032 2065 3233 2119 labores
3270 2066 3393 2120 illo—

1805 2174 1941 2221 rum,
1972 2156 2198 2210 ridentcs
2228 2156 2579 2209 turbabuntur
2615 2156 2800 2208 timore
2828 2154 3099 2218 horribili,
3141 2165 3189 2207 et
3225 2156 3393 2208 mira-

1804 2248 1995 2301 buntur
2055 2248 2111 2300 in
2153 2246 2463 2300 subitatione
2515 2245 2792 2314 insperata:
2858 2244 3082 2309 salutis,
3133 2254 3391 2314 gementes

1802 2353 1893 2407 per
1916 2337 2212 2406 angustiam
2240 2334 2489 2404 spiritus,
2538 2335 2705 2387 dicent
2754 2335 2889 2386 inter
2933 2350 2987 2386 se
3040 2332 3391 2403 paenitentiam

1804 2437 2011 2498 agentes
2043 2440 2061 2477 :
2112 2424 2184 2478 Hi
2232 2432 2348 2477 sunt
2394 2439 2522 2491 quos
2564 2421 2843 2475 habuimus
2880 2420 3165 2489 aliquando
3206 2421 3261 2476 in
3298 2420 3389 2474 de—

1803 2517 1917 2568 risu
1944 2515 2068 2568 etin
2090 2511 2431 2567 similitudine
2454 2510 2771 2580 improperii.
2813 2508 2924 2562 Nos
2953 2509 3202 2562 insensati
3229 2510 3391 2561 vitam

1802 2606 2012 2659 illorum
2062 2602 2449 2657 crstimabamus
2504 2601 2799 2665 insaniam,
2852 2610 2899 2653 et
2958 2599 3118 2667 ﬁnem
3171 2598 3383 2652 illorum

1801 2694 1913 2748 sine
1935 2694 2149 2755 honore.
2186 2689 2459 2755 Quomodo
2481 2704 2601 2758 ergo
2633 2688 2916 2757 computati
2936 2697 3053 2741 sunt
3083 2688 3216 2740 inter
3241 2686 3383 2755 ﬁlios

1802 2784 1900 2839 Dei
1939 2794 1986 2837 et
2028 2784 2161 2837 inter
2196 2791 2403 2835 sanctos
2450 2798 2563 2834 sors
2607 2779 2818 2833 illorum
2864 2780 2990 2833 est?
3018 2778 3170 2833 Tunc
3200 2779 3386 2847 utique

1804 2878 2021 2932 stabunt
2055 2874 2189 2942 justi
2218 2875 2271 2927 in
2297 2888 2489 2944 magna
2516 2873 2818 2927 constantia
2845 2873 3103 2925 adversus
3130 2886 3388 2940 persecu-

1804 2974 1947 3021 tores
1990 2980 2116 3020 suos
2159 2963 2250 3033 qui
2294 2977 2387 3017 eos
2430 2962 2607 3031 poenis
2641 2960 2893 3015 indebitis
2935 2962 3024 3015 hic
3066 2960 3383 3024 affecerunt,

1800 3063 1854 3109 et
1919 3053 2133 3107 labores
2194 3051 2409 3105 illorum
2450 3050 2601 3119 quasi
2667 3049 2862 3105 stultos
2920 3050 3384 3117 vituperaverunt,

1801 3142 2018 3215 quando
2041 3142 2288 3207 claritate
2310 3155 2543 3210 superna
2575 3138 2798 3194 revelati
2831 3136 3039 3207 iudices
3062 3146 3220 3192 erunt
3262 3136 3385 3193 illo-

1794 3251 1915 3291 rum
1939 3234 2233 3290 secundum
2261 3234 2540 3289 veritatem
2568 3232 2657 3301 qui
2680 3239 2806 3284 ante
2832 3244 2889 3283 se
2924 3226 3123 3295 injuste
3152 3228 3386 3283 damna-

1792 3332 2002 3379 verunt.
2038 3323 2189 3378 Unde
2224 3323 2297 3377 illi
2345 3337 2467 3377 eum
2518 3336 2576 3377 se
2633 3319 2911 3374 subitanea
2960 3317 3386 3372 commutatione

1792 3414 2025 3469 viderint
2068 3414 2133 3469 de
2175 3413 2344 3482 gloria
2386 3412 2453 3467 ad
2494 3410 2889 3481 ignobilitatem
2934 3408 3249 3477 perductos,
3273 3416 3326 3462 et
3355 3422 3388 3462 e

1794 3505 2079 3563 contrario,
2104 3503 2445 3557 adversarios
2490 3516 2619 3555 suos
2658 3498 2726 3554 de
2771 3496 3061 3552 afﬂictione
3095 3496 3383 3565 temporali

1796 3595 1862 3649 ad
1901 3594 2158 3659 honorem
2196 3606 2497 3661 supernum
2542 3589 2852 3653 translatos,
2900 3601 3020 3641 sera
3070 3585 3389 3655 ptentientia

1796 3694 1956 3755 atque
2004 3685 2341 3741 infructuosa
2402 3695 2531 3739 tunc
2577 3691 2980 3751 conquerantur
3025 3680 3178 3749 quod
3226 3688 3386 3734 antea

1795 3777 1920 3832 dum
1952 3776 2103 3829 licuit
2131 3775 2175 3828 si
2208 3774 2405 3829 vellent
2434 3774 2709 3828 fructuosa
2744 3783 2905 3841 agere
2938 3774 3181 3838 possent.
3230 3766 3386 3822 Unde

1795 3880 2014 3922 necesse
2054 3873 2137 3919 est
2187 3872 2249 3918 ut
2294 3866 2599 3931 quicunque
2638 3861 2808 3914 vitam
2850 3872 3005 3912 suam
3050 3856 3392 3928 negligenter

1795 3957 1949 4012 duxit
1980 3966 2033 4011 et
2061 3956 2295 4025 peccatis
2322 3955 2571 4018 servivit,
2611 3952 2735 4006 ante
2771 3948 3064 4005 terminum
3096 3948 3223 4001 vitae
3249 3961 3388 4018 pm-

1796 4050 1964 4105 sentis
1988 4048 2363 4119 paenitentiam
2392 4045 2655 4115 condigne
2694 4052 2820 4113 agat
2845 4042 2913 4095 de
2940 4037 3099 4093 malis
3122 4036 3384 4092 commis-

1796 4138 1894 4200 sis,
1932 4146 1986 4191 et
2033 4138 2247 4192 studeat
2285 4136 2537 4205 operibus
2576 4134 2731 4189 bonis
2772 4142 2869 4202 per
2896 4130 3124 4201 gratiam
3157 4128 3275 4194 Dei,
3302 4129 3387 4184 in-

1798 4225 2123 4295 dulgentiam
2148 4226 2440 4294 promereri
2466 4230 2829 4291 peccatorum,
2853 4232 2909 4273 et
2926 4218 3093 4271 vitam
3117 4216 3377 4287 consequi

1799 4316 2185 4385 sempiternam
2230 4316 2491 4385 largiente
2519 4315 2633 4382 ipso
2657 4311 3017 4381 Redemptore
3044 4308 3270 4363 Domino
3290 4322 3385 4363 no-

1798 4416 1911 4462 stro
1939 4406 2065 4461 J‘esu
2094 4405 2335 4469 Christo,
2360 4407 2446 4476 qui
2476 4403 2579 4458 uult
2598 4419 2775 4457 omnes
2790 4402 3026 4455 homines
3054 4399 3226 4454 salios
3250 4416 3383 4465 esse,

1803 4507 1849 4552 et
1872 4497 1939 4550 ad
1964 4498 2279 4567 agnitionem
2300 4495 2531 4549 veritatis
2549 4492 2829 4563 pervenire,
2854 4504 3086 4561 regnans
3106 4504 3229 4543 cum
3255 4487 3382 4558 Spi-

1804 4588 1910 4641 ritu
1925 4594 2114 4641 sancto
2130 4586 2268 4640 Deus
2291 4602 2388 4655 per
2406 4584 2584 4638 omnia
2606 4581 2797 4637 saecula
2819 4579 3159 4634 saculornm.
3186 4577 3381 4632 Amen.

2367 4689 2645 4746 HOMZLIA
2686 4688 2854 4742 XXX.

2343 4799 2394 4837 IN
2433 4796 2607 4837 EODEI
2639 4793 2825 4835 FESTO.

1935 4878 2127 4934 Lectio
2142 4876 2313 4932 sancti
2337 4872 2609 4942 Evangelii
2637 4871 2927 4926 secundum
2956 4866 3239 4921 Joannem.

1866 4968 1933 5023 In
1964 4969 2056 5023 illo
2101 4979 2324 5035 tempore
2360 4962 2492 5038 dixit
2536 4961 2691 5038 Iesus
2738 4956 3007 5038 discipulis
3038 4958 3196 5038 suis:
3250 4952 3375 5011 Non

1797 5040 2035 5094 turbetur
2062 5055 2152 5091 cor
2175 5029 2420 5089 vestium.
2452 5032 2654 5087 Credite
2674 5031 2728 5083 in
2768 5029 2953 5092 Deum,
3000 5035 3051 5080 et
3076 5029 3130 5079 in
3161 5040 3241 5078 me
3268 5040 3382 5078 cre-

1795 5112 1923 5163 dite.
1945 5117 2051 5163 etc.

1909 5150 1923 5173 ,
1946 5147 2051 5163 νυν.

1871 5196 1948 5251 Ne
1992 5204 2221 5250 mortem
2269 5201 2521 5261 tanquam
2570 5190 2815 5247 homines
2844 5188 3117 5249 timerent,
3170 5193 3227 5239 et
3257 5182 3379 5238 ideo

1803 5291 2160 5350 turbarentur,
2202 5285 2508 5341 consolatur
2530 5284 2695 5338 etiam
2724 5297 2817 5336 eos
2836 5283 3003 5336 Deum
3034 5294 3092 5333 se
3114 5292 3231 5332 esse
3254 5290 3383 5330 con-

1804 5388 2025 5435 testans.
2060 5375 2405 5444 Consequens
2431 5383 2513 5428 est
2534 5373 2678 5427 enim
2706 5379 2766 5425 ut
2798 5372 2843 5425 si
2865 5370 2919 5423 in
2947 5368 3111 5421 Deum
3138 5363 3377 5427 creditis,

1802 5480 1855 5526 et
1884 5471 1938 5524 in
1971 5484 2057 5524 me
2092 5466 2314 5523 credere
2366 5464 2641 5519 debeatis:
2682 5461 2823 5531 quod
2862 5473 2968 5512 non
3013 5462 3155 5510 esset
3192 5462 3381 5509 conse-

1803 5575 1992 5630 quens,
2020 5558 2063 5613 si
2104 5555 2349 5612 Christus
2373 5570 2475 5609 non
2520 5562 2663 5608 esset
2694 5552 2849 5606 Deus.
2900 5547 2968 5601 In
3017 5547 3169 5600 domo
3199 5541 3379 5596 Patris

1804 5652 1903 5705 mei
1924 5652 2217 5703 mansiones
2254 5646 2430 5702 multa:
2477 5656 2615 5700 sunt.
2663 5644 2797 5709 Quia
2836 5640 3027 5697 merita
3072 5643 3379 5694 sanctorum
