3946 6348
469 371 575 430 199

1122 364 1185 420 Β.
1223 359 1477 419 RABANI
1516 356 1737 417 MAURI
1770 355 2093 413 ARCHIEP.
2139 354 2451 413 MOGUNT.
2486 354 2775 415 OPERUM
2810 352 2994 411 PARS
3028 352 3093 409 Π.

3664 350 3776 408 300

468 489 682 541 diversa
709 490 857 546 sunt,
887 480 1008 535 ideo
1037 481 1089 535 in
1136 481 1298 535 domo
1335 478 1511 533 Patris
1551 478 1734 532 multae
1768 484 1896 531 sunt
1919 490 2073 529 man-
2098 478 2151 535 Α
2248 473 2353 539 Qui
2378 475 2513 529 videt
2541 490 2643 538 me,
2674 472 2809 527 videt
2851 481 2901 525 et
2957 468 3193 523 Patrem.
3224 466 3328 535 Qui
3360 481 3448 522 me
3500 466 3777 538 intelligit,

467 575 666 628 siones.
697 568 883 623 Nullus
935 584 1122 623 eorum
1153 568 1480 623 alienabitur
1529 568 1598 622 ab
1646 565 1733 620 illa
1763 565 1946 629 domo,
1980 562 2071 617 ubi

468 660 805 717 mansionem
832 674 929 728 pro
955 675 1055 713 suo
1086 660 1320 728 quisque
1369 669 1692 729 accepturus
1724 666 1810 711 est
1851 656 2068 710 merito.

466 750 593 807 ldeo
623 764 727 803 non
764 748 1011 819 turbetur
1040 765 1136 803 cor
1170 758 1435 812 vestrum,
1477 764 1604 803 nam
1647 763 1784 802 unus
1814 744 2071 802 denarius

465 839 796 895 omnibusin
825 840 981 893 vinea
1034 838 1432 903 laborantibus,
1465 839 1517 893 id
1564 845 1670 903 est,
1715 836 1968 891 onmibus
2016 836 2072 888 in

465 932 707 987 Ecclesia
733 946 830 1001 per
864 930 1024 985 fidem
1048 931 1423 987 laborantibus
1460 931 1569 985 vita
1602 930 1818 984 dabitur
1843 936 2067 983 aeterna.

468 1021 576 1077 Sed
626 1021 810 1076 multa:
848 1022 1161 1077 mansiones
1209 1021 1455 1078 diversas
1498 1020 1819 1075 meritorum
1858 1020 1911 1072 in
1960 1034 2067 1072 una

464 1114 577 1168 vita
603 1123 805 1169 aeterna
852 1113 1162 1185 signiﬁcant
1207 1114 1517 1183 dignitates,
1562 1112 1761 1183 eritque
1791 1112 1932 1166 Deus
1959 1127 2072 1165 om-

466 1206 556 1259 nia
591 1204 646 1257 in
681 1204 945 1268 omnibus,
987 1203 1115 1274 quia
1166 1203 1307 1258 Deus
1352 1205 1585 1257 citaritas
1628 1213 1729 1257 est.
1783 1201 1875 1257 Sic
1924 1202 2071 1261 enim

467 1295 697 1365 quisque
749 1294 955 1360 habet,
1011 1311 1136 1351 cum
1185 1304 1333 1351 amat
1387 1294 1441 1349 in
1500 1295 1698 1360 altero,
1754 1294 1902 1365 quod
1954 1294 2073 1363 ipse

465 1402 574 1443 non
604 1387 785 1450 habet,
813 1386 939 1456 quia
966 1394 1153 1458 regnat
1177 1387 1230 1441 in
1265 1372 1520 1442 omnibus
1545 1387 1729 1442 unitas
1754 1386 2061 1440 cbaritstis.

541 1475 603 1530 Si
627 1492 729 1546 quo
752 1474 927 1528 minus
948 1475 1197 1530 dixissem
1223 1476 1388 1537 vobis.
1406 1477 1531 1547 quia
1561 1472 1696 1537 vado
1719 1492 1909 1547 parare
1929 1476 2070 1529 vobis

467 1564 662 1618 locum.
695 1562 978 1631 Quomodo
1005 1564 1074 1618 ad
1101 1564 1219 1619 illas
1262 1564 1573 1619 mansiones
1602 1564 1843 1619 membra
1887 1579 2075 1633 perve~

466 1657 692 1720 nissent,
747 1656 793 1709 si
842 1662 1008 1723 caput
1035 1650 1148 1709 non
1193 1655 1602 1724 priecessisset?
1645 1654 1863 1708 Paravit
1916 1653 2073 1715 nobis

466 1746 645 1802 locum
674 1728 802 1799 dum
825 1758 923 1814 pro
950 1744 1106 1798 nobis
1133 1752 1377 1798 mortuus
1405 1753 1508 1808 est,
1540 1753 1596 1797 et
1618 1744 1934 1808 resurrexit,
1961 1744 2070 1798 imo

2176 566 2366 634 utique
2388 573 2443 620 et
2462 564 2684 619 Patrem
2718 563 2772 617 in
2798 577 2885 617 me
2914 560 3186 630 intelligit.
3220 558 3327 614 Sed
3370 558 3493 615 ideo
3520 558 3783 629 magister

2177 654 2500 723 discipulum
2538 654 2823 723 arguebat,
2873 652 3130 722 quoniam
3184 665 3280 704 cor
3332 648 3659 720 postulantis
3702 649 3785 704 vi-

2175 745 2355 801 debat.
2386 746 2667 814 Tanquam
2696 744 2842 799 enim
2891 742 3084 797 melior
3107 748 3252 796 esset
3293 739 3456 796 Pater
3493 754 3661 811 quam
3689 737 3780 794 Fi-

2174 837 2298 901 lius,
2327 837 2401 891 ita
2426 836 2707 906 Philippus
2734 834 2952 890 Patrem
2975 848 3139 889 nosce
3163 832 3433 902 cupiebat,
3460 842 3518 888 et
3537 832 3662 888 ideo
3684 846 3782 887 nec

2174 927 2369 982 Filium
2396 928 2603 983 sciebat
2628 941 2738 997 quo
2764 925 2961 981 melius
3006 923 3209 994 aliquid
3238 937 3359 978 esse
3392 921 3670 977 credebat.
3696 921 3781 977 Ad

2175 1017 2323 1074 butic
2354 1032 2575 1073 sensum
2604 1016 2990 1088 corrigendum
3019 1015 3228 1070 dictum
3254 1022 3378 1070 est:
3405 1012 3513 1079 Qui
3542 1012 3681 1067 videt
3703 1028 3783 1066 me

2173 1110 2310 1165 videt
2340 1118 2389 1165 et
2412 1106 2649 1163 Patrem.

2245 1199 2521 1268 Quomodo
2559 1210 2615 1253 tu
2642 1199 2818 1254 dicis:
2852 1196 3081 1254 Ostenae
3110 1208 3259 1251 nobis
3304 1194 3523 1252 Patrem
3547 1197 3575 1249 .’
3616 1195 3783 1251 Video

2171 1293 2447 1363 quomodo
2468 1299 2526 1346 tu
2553 1290 2690 1346 dicis
2714 1307 2728 1343 :
2772 1305 2879 1344 non
2927 1288 3160 1344 alterum
3191 1289 3393 1359 quaeris
3420 1287 3607 1344 videre
3635 1286 3783 1342 simi-

2174 1386 2298 1449 lem,
2334 1385 2427 1442 sed
2452 1384 2603 1439 illum
2634 1395 2791 1453 putas
2817 1396 2939 1439 esse
2974 1379 3277 1438 meliorem.

2246 1474 2371 1530 Non
2396 1474 2565 1529 credis
2589 1474 2715 1545 quia
2746 1489 2840 1543 ego
2882 1473 2937 1526 in
2982 1472 3145 1526 Patre
3174 1483 3221 1526 et
3267 1468 3431 1526 Pater
3454 1471 3511 1525 in
3539 1486 3624 1524 me
3652 1478 3730 1525 est
3762 1469 3786 1524 Ρ

2172 1570 2284 1623 Cur
2310 1566 2702 1637 inseparabiles
2722 1565 3013 1635 separatim
3037 1563 3315 1619 desideras
3342 1578 3504 1618 nosce
3524 1562 3550 1616 ?
3581 1562 3785 1618 Deinde

2172 1673 2280 1712 non
2311 1659 2378 1713 ad
2419 1648 2607 1712 solum
2640 1654 2970 1725 Philippum,
3016 1654 3111 1709 sed
3158 1654 3228 1708 ad
3269 1667 3364 1709 eos
3392 1652 3680 1724 pluraliter
3701 1652 3785 1708 lo-

2174 1748 2360 1817 quitur
2383 1761 2397 1801 :

467 1837 717 1892 ascendit
746 1836 799 1890 in
830 1836 1016 1890 caelos.
1076 1835 1203 1890 Haec
1254 1836 1433 1891 omnia
1474 1852 1574 1905 pro
1628 1834 1783 1891 nobis
1830 1834 1977 1900 fecit,
2013 1843 2072 1889 ut
2098 1820 2147 1880 Β
2254 1836 2425 1892 Verba
2470 1852 2591 1907 qua:
2612 1852 2706 1907 ego
2744 1835 2931 1901 loquor
2958 1835 3100 1890 vobis
3128 1853 3160 1891 a
3186 1851 3268 1890 me
3295 1835 3408 1904 ipso
3439 1851 3546 1890 non
3575 1832 3782 1905 loquor_

468 1926 627 1982 nobis
649 1932 865 1994 pararet
895 1924 1071 1979 locum
1096 1923 1149 1977 in
1181 1937 1349 1994 regno
1381 1924 1557 1978 Patris
1584 1924 1687 1979 sui.

542 2016 601 2071 Si
628 2016 807 2073 abiero
845 2026 891 2069 et
925 2031 1181 2085 paravero
1212 2014 1353 2069 vobis
1402 2014 1597 2080 locum,
1649 2014 1836 2068 iterum
1864 2012 2070 2067 veniam

472 2107 542 2160 ad
571 2122 680 2160 vos.
715 2106 771 2161 Si
801 2105 988 2160 abiero
1017 2118 1114 2175 per
1152 2106 1335 2160 carnis
1364 2105 1687 2169 absentiam,
1728 2106 1939 2158 veniam
1974 2119 2073 2175 per

473 2196 779 2252 divinitatis
805 2196 1173 2267 praesentiam,
1220 2196 1276 2250 in
1320 2211 1424 2266 qua
1457 2196 1737 2251 vobiscum
1778 2208 1873 2250 ero
1900 2210 2073 2265 usque

471 2289 541 2344 ad
568 2286 1089 2344 consummationem
1121 2286 1323 2342 saeculi.
1373 2284 1471 2341 Vel
1503 2286 1670 2341 etiam
1702 2286 1746 2341 si
1774 2284 1960 2340 abiero
1985 2300 2073 2340 as-

471 2379 750 2442 cendendo
772 2377 842 2432 ad
865 2378 1053 2442 etelos,
1079 2378 1293 2431 veniam
1329 2377 1525 2433 iterum
1558 2375 1806 2446 judicare
1829 2378 1981 2431 vivos
2009 2392 2074 2433 ac

473 2477 758 2523 mortuos:
803 2467 948 2536 quod
977 2466 1151 2538 angeli
1200 2467 1441 2522 attested
1486 2477 1614 2521 sunt
1641 2466 1881 2523 dicentes
1907 2482 1933 2521 ε’
1974 2466 2075 2520 Hic

470 2557 628 2613 Jesus
668 2559 760 2629 qui
810 2552 1108 2629 assumptus
1149 2570 1223 2613 est
1252 2578 1283 2611 a
1314 2560 1477 2624 vobis,
1510 2561 1587 2614 sic
1618 2562 1781 2615 veniet
1828 2563 2077 2632 quemad-

470 2649 685 2703 modum
710 2648 912 2703 vidistis
935 2666 1052 2703 eum
1080 2659 1285 2704 euntem
1314 2650 1366 2703 in
1392 2650 1599 2705 cmlum.
1636 2650 1895 2721 Sequitur
1914 2632 1936 2706 ἐ

544 2734 614 2789 Et
644 2738 899 2807 accipiam
926 2754 1010 2791 vos
1033 2738 1101 2791 ad
1127 2741 1401 2808 meipsum,
1434 2751 1492 2794 ut
1526 2742 1615 2794 ubi
1640 2759 1757 2796 sum
1788 2760 1882 2813 ego
1911 2755 1960 2798 et
1990 2760 2076 2800 vos

470 2829 607 2883 sitis.
641 2826 755 2883 Hoc
774 2837 859 2883 est
879 2829 1020 2898 quod
1044 2830 1095 2884 in
1124 2833 1477 2900 sequentibus
1501 2833 1672 2887 dixit:
1707 2833 1859 2900 Volo,
1889 2835 2076 2903 Pater,

473 2928 530 2972 ut
562 2919 649 2972 ubi
675 2934 791 2972 sum
815 2934 932 2988 ego,
965 2930 1015 2973 et
1044 2919 1133 2973 isti
1156 2921 1259 2975 sint
1284 2937 1505 2975 mecum.

548 3007 617 3062 Et
643 3025 745 3078 quo
782 3024 875 3078 ego
919 3009 1071 3074 vado,
1114 3011 1277 3075 scitis,
1321 3022 1367 3067 et
1395 3014 1530 3067 viam
1557 3016 1723 3069 scitis.
1765 3016 1883 3083 Quo
1914 3018 2075 3083 vado,

476 3099 531 3159 id
561 3111 662 3162 est,
699 3101 764 3153 ad
791 3098 1033 3165 Patrem,
1056 3112 1111 3156 et
1132 3102 1218 3156 via
1250 3120 1355 3173 qua
1389 3106 1623 3173 venitur,
1648 3109 1836 3164 scitur.

552 3188 693 3243 Dicit
716 3191 763 3243 ei
796 3188 1063 3247 Thomas:
1103 3192 1349 3260 Domine,
1400 3196 1661 3251 nescimus
1701 3214 1804 3268 quo
1830 3198 1998 3263 vadis,
2030 3210 2077 3254 et
2106 3162 2155 3225 ϐ

474 3280 737 3350 quomodo
764 3297 1044 3351 possumus
1078 3282 1218 3337 viam
1254 3285 1427 3339 scire?
1450 3285 1749 3342 Videbatur
1787 3290 1837 3344 ei
1867 3290 2081 3347 nescire

478 3369 625 3442 quod
653 3367 904 3426 Christus
934 3374 1207 3430 convincit
1244 3390 1365 3429 eum
1391 3375 1531 3431 scire
1556 3378 1685 3433 dum
1716 3378 1792 3433 ait
1816 3395 1829 3433 :

553 3459 668 3532 Ego
690 3478 807 3515 sum
836 3463 945 3529 via,
973 3472 1021 3518 et
1048 3466 1258 3531 veritas,
1283 3476 1332 3520 et
1362 3467 1489 3522 vita.
1521 3468 1686 3536 Quasi
1715 3469 1944 3527 dixisset
1974 3488 1987 3526 :
2020 3471 2080 3528 Si

479 3565 568 3606 me
592 3550 743 3606 scitis
763 3559 819 3605 et
843 3553 986 3607 viam
1016 3554 1205 3621 scitis;
1256 3563 1311 3612 et
1345 3573 1445 3628 ego
1471 3573 1589 3614 sum
1638 3561 1707 3616 ad
1740 3576 1901 3633 quem
1948 3564 2079 3629 itur,

481 3641 536 3696 id
557 3648 661 3707 est,
688 3643 908 3710 veritas,
931 3653 986 3700 et
1010 3660 1110 3718 ego
1138 3663 1259 3702 sum
1291 3650 1404 3703 vita
1437 3651 1491 3705 in
1523 3667 1629 3722 qua
1655 3662 1852 3709 statur.
1904 3654 1965 3712 Si
1993 3673 2081 3714 me

483 3731 634 3788 scitis
658 3740 713 3787 et
745 3734 885 3788 viam
932 3736 1103 3801 scitis,
1144 3746 1200 3792 et
1239 3753 1347 3807 quo
1376 3741 1465 3796 ibo
1492 3743 1662 3809 scitis,
1711 3752 1767 3799 et
1801 3746 1894 3801 ubi
1923 3762 2078 3802 man-

484 3821 668 3877 seritis
695 3823 867 3879 scitis.
900 3825 1004 3892 Qui
1035 3827 1103 3881 ad
1143 3826 1361 3883 Patrem
1384 3832 1591 3887 vadunt
1617 3850 1715 3903 per
1741 3851 1829 3891 me
1857 3836 2080 3902 vadunt,

486 3919 541 3965 et
569 3911 661 3980 qui
688 3912 758 3967 ad
802 3912 1020 3969 Patrem
1051 3916 1279 3972 veniunt
1327 3919 1393 3973 ad
1432 3936 1519 3976 me
1570 3924 1814 3990 veniunt,
1861 3927 1987 3995 quia
2029 3935 2085 3981 et

485 4015 579 4069 ego
601 4010 649 4054 et
664 3998 827 4056 Pater
840 4019 1005 4057 ununt
1019 4020 1222 4071 sumus,
1237 4017 1289 4062 et
1305 4008 1357 4061 in
1374 4024 1464 4066 me
1485 4022 1723 4080 manent,
1740 4016 1864 4084 quia
1877 4018 1991 4072 lues
2009 4028 2085 4072 est

485 4089 592 4143 vita
615 4099 833 4156 teterna,
864 4102 920 4146 ut
960 4106 1272 4164 cognoscant
1302 4110 1353 4151 te
1376 4099 1545 4155 solum
1589 4119 1764 4158 verum
1808 4090 1993 4172 Deum,
2035 4118 2085 4162 et

488 4196 639 4251 quem
686 4182 875 4237 misisti
928 4184 1109 4239 Iesum
1164 4186 1449 4244 Christum.
1528 4191 1685 4249 Unde
1738 4205 1957 4251 secutus
1999 4207 2086 4253 est

490 4270 677 4326 dicens
700 4289 714 4325 :

563 4359 733 4415 Nemo
761 4363 897 4418 venit
928 4363 997 4418 ad
1020 4362 1234 4421 Patrem
1266 4370 1369 4423 nisi
1393 4387 1487 4441 per
1510 4388 1611 4427 me.
1643 4372 1931 4444 Exponens
1956 4379 2086 4448 quid

489 4450 563 4508 sit
586 4451 731 4522 quod
764 4452 861 4519 ait,
886 4469 978 4522 ego
1007 4471 1123 4508 sum
1152 4458 1258 4524 via,
1292 4463 1472 4516 statim
1496 4462 1826 4535 subjungens
1852 4485 1865 4520 :

563 4540 621 4597 Si
649 4545 1016 4615 cognovissetis
1038 4563 1117 4601 me
1142 4552 1336 4620 utique,
1364 4561 1414 4605 et
1456 4552 1670 4608 Patrem
1697 4573 1870 4612 meum
1891 4575 2083 4631 cogno-

490 4633 714 4700 vissetis,
740 4634 868 4703 quia
894 4650 995 4705 ego
1014 4652 1134 4692 sum
1160 4642 1365 4695 veritas
1386 4642 1443 4695 in
1472 4657 1599 4699 vero
1625 4644 1803 4701 Patre.
1841 4646 1909 4702 Et
1937 4667 2086 4705 amo-

489 4721 559 4776 do
588 4725 897 4794 cognoscitis
921 4743 1062 4792 eum,
1093 4737 1143 4782 et
1165 4729 1363 4784 vidistis
1388 4748 1525 4787 eum.
1560 4733 1616 4788 Si
1660 4752 1745 4791 me
1769 4739 2087 4807 spiritaliter

493 4812 822 4883 cognoscitis
866 4823 922 4869 et
964 4815 1182 4881 videtis,
1232 4818 1382 4874 illum
1407 4824 1733 4893 cognoscitis
1783 4834 1838 4881 et
1869 4828 2086 4895 videtis,

494 4904 621 4973 quia
650 4921 743 4975 ego
790 4916 837 4959 et
866 4905 1029 4961 Pater
1072 4925 1235 4963 unum
1268 4927 1472 4967 sumus.
1527 4913 1706 4970 Unum
1754 4926 1948 4974 natura
1978 4938 2085 4978 non

497 5006 636 5047 unus
668 4993 722 5046 in
748 5008 998 5062 persona.

566 5081 705 5136 Dicit
730 5082 779 5136 ei
822 5082 1098 5155 Phitippus
1141 5088 1244 5145 hoc
1295 5104 1402 5145 non
1455 5092 1793 5166 intelligens:
1847 5098 2086 5165 Domine,

498 5173 710 5225 ostende
733 5172 880 5227 nobis
918 5171 1155 5244 Patrem,
1185 5189 1233 5232 et
1259 5180 1447 5250 sufﬁcit
1486 5182 1651 5238 nobis.
1690 5184 1855 5253 Quasi
1886 5189 2089 5259 aliquid

498 5260 691 5314 melius
713 5271 856 5315 esset
878 5261 1041 5319 Pater
1068 5267 1229 5336 quam
1252 5267 1421 5323 Filius
1445 5271 1498 5325 in
1525 5274 1679 5343 cujus
1711 5287 1856 5332 esset
1883 5280 2089 5335 visione

498 5349 772 5443 subiciens
800 5352 1095 5410 beatitudo.
1125 5355 1295 5424 Quam
1322 5375 1511 5417 vocem
1537 5364 1784 5436 discipuli
1812 5369 2089 5443 redarguit

501 5440 779 5510 magister.

577 5530 743 5621 Tanto
786 5542 1013 5604 tempore
1056 5538 1317 5595 vobiscum
1359 5560 1497 5609 sum,
1546 5555 1593 5599 et
1636 5563 1741 5603 non
1784 5554 2092 5621 cognovistis

502 5619 631 5673 me?
664 5620 778 5675 Non
806 5626 1135 5694 cognovistis
1160 5644 1245 5686 me
1274 5647 1394 5689 esse
1419 5634 1473 5689 in
1499 5634 1677 5701 Patre,
1706 5650 1761 5693 et
1790 5619 2006 5697 Patrem
2039 5644 2091 5699 in

507 5725 613 5776 me,
644 5712 929 5785 Philippe?

2174 1927 2338 1983 Pater
2362 1937 2535 1982 autem
2555 1928 2611 1981 in
2638 1943 2717 1981 me
2737 1942 2974 1992 manens,
2998 1927 3108 1998 ipse
3136 1926 3264 1994 facit
3290 1942 3471 1997 opera.
3499 1924 3645 1992 Quid
3677 1934 3781 1985 est.

2174 2036 2206 2073 a
2234 2034 2316 2073 me
2353 2019 2463 2086 ipso
2492 2032 2597 2070 non
2640 2015 2864 2087 loquor?
2902 2015 3006 2069 nisi
3029 1998 3070 2069 ra
3116 2030 3204 2070 me
3248 2016 3368 2086 ipso
3405 2030 3514 2070 non
3548 2029 3669 2069 sum
3694 2014 3785 2084 qui

2176 2110 2391 2178 loquor.
2421 2106 2484 2161 Ei
2510 2105 2710 2175 quippe
2734 2105 2922 2160 tribuit
2947 2104 3089 2174 quod
3124 2104 3279 2168 facit,
3308 2104 3377 2158 de
3406 2118 3515 2173 quo
3541 2113 3627 2158 est
3673 2104 3786 2174 ipse

2176 2200 2271 2271 qui
2294 2198 2441 2253 facit.
2472 2198 2637 2252 Pater
2664 2196 2809 2250 enim
2836 2195 2980 2250 Deus
3006 2210 3111 2249 non
3142 2202 3226 2250 est
3270 2194 3336 2249 de
3374 2193 3582 2259 aliquo,
3618 2187 3786 2249 Filius

2178 2301 2361 2346 autem
2389 2290 2530 2345 Deus
2578 2296 2660 2342 est
2689 2286 2905 2355 quidem
2951 2284 3099 2339 Patri
3127 2283 3375 2353 aequalis,
3404 2283 3499 2341 sed
3528 2284 3597 2338 de
3626 2283 3788 2339 Patre

2178 2384 2309 2440 Deo.
2332 2383 2461 2438 ldeo
2488 2381 2577 2437 ille
2598 2380 2743 2435 Deus
2772 2379 2865 2434 sed
2898 2394 3004 2433 non
3039 2377 3107 2432 de
3132 2378 3261 2441 Deo,
3284 2384 3339 2430 et
3358 2376 3539 2431 lumen
3563 2375 3659 2431 sed
3683 2391 3786 2432 non

2178 2475 2245 2529 de
2286 2473 2507 2527 lumine.
2539 2472 2644 2525 Iste
2667 2485 2799 2525 vero
2829 2468 2972 2524 Deus
2996 2468 3063 2522 de
3088 2466 3220 2534 Deo,
3254 2466 3433 2522 lumen
3464 2467 3533 2522 de
3560 2465 3785 2521 lumine.

2180 2565 2422 2633 Denique
2442 2560 2691 2632 adjungit
2714 2568 2769 2614 et
2800 2559 2873 2614 ait
2900 2578 2912 2613 :

2251 2654 2306 2709 Ν
2312 2672 2377 2708 οη
2404 2652 2614 2720 creditis
2637 2653 2763 2724 quia
2787 2668 2879 2720 ego
2908 2653 2963 2705 in
2991 2648 3155 2706 Patre
3180 2659 3230 2705 et
3272 2645 3437 2704 Pater
3466 2649 3523 2703 in
3548 2665 3633 2704 me
3659 2658 3735 2705 est
3761 2648 3787 2703 .’

2179 2746 2388 2817 Alioqui
2417 2755 2630 2817 prapter
2684 2760 2843 2814 opera
2888 2744 3003 2813 ipsa
3057 2742 3272 2796 credite.
3311 2741 3452 2797 Ante
3478 2741 3629 2797 solus
3655 2741 3785 2796 Phi-

2179 2839 2358 2909 lippus
2393 2836 2761 2906 arguebatur;
2822 2849 2968 2889 nunc
2994 2842 3174 2887 autem
3202 2849 3307 2889 non
3353 2832 3427 2887 ibi
3454 2847 3582 2887 eum
3612 2830 3785 2885 solum

2180 2929 2349 2985 fuisse
2376 2928 2468 2997 qui
2495 2934 2639 2982 esset
2677 2924 2987 2995 argueudus
3012 2921 3351 2986 ostenditur;
3392 2930 3607 2992 propter
3628 2936 3786 2991 opera

2179 3024 2316 3093 ipsa,
2346 3018 2541 3088 inquit,
2590 3016 2804 3081 credite,
2856 3016 2980 3086 quia
3019 3030 3111 3085 ego
3156 3014 3211 3066 in
3248 3010 3414 3065 Patre
3459 3021 3508 3065 et
3541 3006 3709 3064 Pater
3733 3012 3786 3063 in

2182 3128 2263 3166 me
2284 3121 2379 3165 est.
2428 3110 2614 3179 Neque
2642 3108 2787 3163 enim
2836 3107 2882 3161 si
2913 3106 3151 3175 separati
3180 3118 3426 3165 essemus
3452 3102 3788 3173 inseparabi-

2183 3202 2309 3257 liter
2349 3200 2564 3271 operari
2615 3198 2723 3253 ulla
2774 3197 2985 3251 ratione
3022 3209 3329 3265 possemus,
3379 3195 3474 3250 sed
3522 3194 3657 3264 quid
3706 3200 3787 3249 est

2182 3294 2328 3366 quod
2352 3293 2629 3361 sequitur:
2663 3288 2831 3344 Amen
2867 3304 3019 3342 amen
3048 3288 3166 3341 dico
3216 3284 3379 3352 vobis,
3414 3286 3507 3356 qui
3535 3284 3701 3361 credit
3730 3286 3785 3339 in

2181 3390 2297 3449 me,
2314 3398 2471 3452 opera
2493 3396 2611 3448 qua:
2638 3395 2732 3449 ego
2763 3378 2903 3447 facio
2932 3387 2979 3432 et
3019 3377 3127 3447 ipse
3147 3376 3325 3445 faciet,
3359 3383 3407 3430 et
3436 3375 3647 3445 majora
3693 3375 3788 3428 Ito-

2182 3491 2300 3529 rum
2326 3473 2505 3545 faciet,
2534 3471 2658 3544 quia
2690 3486 2782 3542 ego
2814 3469 2881 3524 ad
2910 3468 3127 3523 Patrem
3156 3468 3291 3522 vado
3311 3508 3324 3520 .
3372 3466 3491 3522 Non
3519 3480 3581 3521 se
3619 3464 3789 3521 extol-

2182 3566 2258 3620 lat
2277 3579 2468 3621 servus
2495 3578 2660 3634 super
2697 3561 2996 3625 dominum,
3028 3575 3129 3615 nec
3155 3558 3450 3631 discipulus
3478 3573 3645 3628 super
3672 3572 3787 3612 ma-

2183 3660 2433 3731 gistrum.
2466 3656 2668 3727 Maiora
2703 3668 2869 3725 quam
2921 3655 3037 3723 ipse
3088 3651 3219 3706 facit
3247 3652 3385 3707 dixit
3412 3666 3507 3707 eos
3549 3666 3678 3707 esse
3708 3650 3789 3705 ia-

2184 3759 2390 3815 cturos,
2418 3749 2515 3804 sed
2548 3748 2666 3803 sine
2706 3747 2815 3812 illo,
2844 3755 2909 3800 ut
2964 3745 3018 3800 in
3069 3744 3422 3814 sequentibus
3466 3742 3628 3809 dixit,
3661 3743 3788 3814 quid

2182 3848 2477 3913 potuerunt
2506 3838 2719 3895 facere?
2746 3837 2852 3893 Sed
2882 3852 3004 3907 qua:
3026 3845 3152 3892 sunt
3174 3838 3389 3891 tandem
3413 3837 3515 3892 ista
3542 3836 3788 3906 majora?

2182 3934 2266 3989 An
2288 3932 2430 3989 forte
2452 3931 2594 4000 quod
2618 3945 2794 3999 aegros
2814 3930 2947 3997 ipsis
2972 3928 3377 3984 transeuntibus
3402 3928 3568 3982 etiam
3594 3941 3784 3983 eorum

2184 4024 2375 4079 umbra
2402 4021 2617 4076 sanabit
2637 4010 2661 4073 'i
2680 4016 2849 4089 Majus
2871 4027 2955 4074 est
2975 4019 3119 4073 enim
3151 4027 3209 4072 ut
3232 4026 3387 4074 sanet
3407 4019 3599 4074 umbra
3623 4034 3787 4088 quam

2186 4114 2417 4177 ﬁmbria,
2453 4112 2584 4167 illud
2629 4126 2726 4181 per
2760 4125 2840 4174 se,
2885 4110 2989 4165 hoc
3017 4123 3113 4179 per
3140 4108 3305 4177 ipsos,
3360 4110 3455 4164 sed
3497 4118 3789 4180 utrumque

2187 4208 2242 4264 in
2265 4221 2361 4271 se;
2396 4205 2481 4260 vel
2502 4203 2707 4273 majora
2730 4214 2856 4258 sunt
2880 4218 3045 4274 opera
3066 4204 3432 4273 apostolorum
3458 4205 3513 4260 in
3542 4208 3787 4261 omnium

2187 4298 2426 4370 gentium
2453 4295 2645 4361 salute,
2680 4309 2840 4363 quam
2865 4294 3067 4349 Christi
3107 4296 3480 4351 tantummodo
3508 4296 3565 4350 in
3614 4297 3789 4352 salute

2186 4390 2516 4455 Iudaeorum,
2545 4397 2601 4444 ct
2628 4387 2731 4443 hoc
2756 4388 2808 4441 in
2846 4388 3208 4459 paucissimis.
3259 4388 3462 4443 Tamen
3492 4401 3790 4462 utrumque

2106 4506 2160 4565 D
2186 4490 2241 4538 et
2267 4480 2356 4534 ille
2381 4479 2531 4541 fecit,
2559 4487 2615 4533 et
2644 4478 2871 4534 salutem
2921 4478 3220 4548 aliquorum
3253 4479 3305 4533 in
3352 4478 3534 4535 Judaea
3582 4498 3681 4552 per
3708 4499 3785 4547 se,

2185 4581 2240 4625 et
2268 4570 2497 4625 salutem
2542 4568 2779 4639 gentimn
2815 4583 2911 4637 per
2962 4568 3273 4636 apostolos:
3329 4568 3439 4625 Nec
3487 4572 3661 4627 solum
3692 4588 3793 4643 per

2188 4659 2480 4729 apostolos,
2534 4656 2629 4712 sed
2668 4666 2722 4711 et
2774 4673 2870 4727 per
2920 4658 3053 4713 alios
3107 4673 3325 4728 quoque
3372 4661 3785 4730 praedicatores.

2191 4750 2344 4806 Unde
2373 4748 2652 4820 subjunxit
2676 4757 2731 4802 et
2757 4751 2869 4803 ait:
2920 4746 3024 4814 Qui
3062 4750 3225 4803 credit
3250 4751 3304 4805 in
3348 4768 3431 4804 me
3479 4768 3639 4823 opera
3668 4771 3791 4822 qua

2188 4855 2281 4907 ego
2311 4838 2449 4906 facio
2488 4848 2533 4891 et
2580 4837 2688 4907 ipse
2714 4836 2893 4905 faciet,
2909 4839 3172 4907 etmajora
3216 4839 3403 4891 horum
3448 4840 3624 4908 faciet.
3669 4842 3787 4899 Non

2191 4943 2299 4998 quo
2326 4926 2498 4997 major
2530 4929 2600 4983 sit
2646 4929 2906 4999 magistro
2949 4930 3265 4998 discipulus,
3294 4931 3380 4984 vel
3418 4930 3639 4986 domino
3667 4950 3786 4989 ser»

2194 5033 2314 5077 vus.
2356 5025 2409 5071 et
2437 5018 2721 5088 adOptatus
2750 5018 3046 5089 unigenito,
3090 5028 3145 5073 et
3169 5019 3330 5074 homo
3357 5020 3487 5084 Deo,
3517 5023 3609 5076 sed
3641 5022 3789 5093 quod

2194 5122 2292 5176 per
2314 5107 2433 5162 illos
2458 5107 2572 5177 ipse
2598 5108 2910 5177 dignaretur
2934 5109 3122 5163 eadem
3161 5110 3363 5180 majora
3398 5110 3595 5167 facere.
3634 5112 3796 5168 Unde

2195 5194 2398 5264 majora
2429 5198 2732 5267 potuissent
2773 5214 2894 5253 mox
2939 5203 3176 5255 ostendit
3210 5203 3434 5257 dicens:
3490 5202 3595 5269 Qui
3622 5204 3800 5259 credit

2194 5288 2250 5339 in
2281 5303 2361 5341 me
2386 5302 2539 5357 opera
2563 5304 2680 5357 quit
2704 5305 2797 5359 ego
2842 5289 2979 5357 facio
3031 5300 3079 5344 et
3126 5290 3233 5361 ipse
3281 5292 3454 5361 faciet,
3494 5304 3540 5347 et
3577 5293 3793 5363 majora

2194 5376 2379 5430 horum
2409 5377 2585 5447 faciet.
2610 5378 2879 5434 Continuo
2916 5391 3135 5437 secutus
3177 5382 3463 5453 adjunxit:
3508 5383 3647 5451 Quia
3689 5402 3791 5457 ego

2194 5466 2263 5519 ad
2299 5466 2509 5521 Patrem
2541 5472 2691 5524 vado.

2268 5557 2336 5611 Et
2386 5560 2727 5629 quodcunque
2755 5564 3003 5631 petieritis
3053 5566 3106 5617 in
3156 5569 3363 5621 nomine
3406 5584 3539 5633 meo,
3571 5569 3670 5621 hoc
3698 5569 3783 5638 fa-

2196 5648 2352 5702 ciam.
2382 5650 2483 5716 Qni
2508 5651 2662 5715 dixit,
2714 5654 2889 5721 faciet,
2937 5665 3057 5725 post
3087 5658 3182 5721 ait,
3238 5660 3451 5726 faciam.
3504 5659 3793 5729 Tanquam

2200 5738 2439 5795 diceret:
2476 5740 2591 5797 Non
2623 5736 2775 5798 vehis
2822 5745 2926 5801 hoc
2981 5746 3310 5817 impossibile
3356 5749 3644 5816 videatur;
3680 5766 3789 5807 non
