3946 6340
167 367 253 424 ιοι

1222 359 1528 416 ΙΙΟΜΙῌᾹΞ
1569 359 1639 415 IN
1679 358 1930 415 EVANG.
1976 358 2063 414 ΕΤ
2103 357 2320 414 EPlST.

3316 360 3423 416 202

166 483 297 540 enim
318 480 513 552 poterit
542 494 671 535 esse
714 477 880 548 major
920 491 1005 531 me
1031 474 1119 546 qui
1149 475 1321 530 credit
1363 474 1416 528 in
1460 489 1580 529 me:
1620 474 1741 529 idco
1769 477 1815 536 Α
1838 473 1990 543 juxta
2015 474 2158 547 quod
2188 472 2385 527 Paulus
2414 472 2507 535 ait,
2557 469 2789 526 Tentatio
2822 488 2914 526 nos
2945 488 3045 527 non
3076 476 3427 544 apprehendat

169 576 356 646 majora
387 588 489 628 non
520 589 623 644 per
653 588 711 627 se
738 571 881 635 facit,
929 570 1023 626 sed
1054 586 1152 640 per
1193 583 1282 623 me
1306 568 1400 638 qui
1426 568 1480 622 in
1508 580 1596 621 me
1624 580 1743 621 cre-

167 670 256 723 tbt.
285 666 392 721 Nec
412 675 497 720 est
520 663 758 719 defectio
786 662 1088 733 potestatis.
1134 659 1230 715 sed
1272 658 1551 714 miseratio
1574 657 1747 729 pieta-

168 761 250 817 tis.
277 760 434 813 Dives
457 772 591 828 ergo
626 757 697 811 ab
721 771 783 810 eo
829 753 1055 810 recessit
1079 752 1271 813 tristis.
1321 766 1429 805 non
1478 748 1745 818 recipiens

166 850 319 906 verba
364 847 595 912 salutis;
642 843 899 915 apostolis
940 842 1105 912 igitur
1133 837 1566 909 praedicantibus,
1590 836 1745 890 multi

167 940 349 994 divites
374 938 692 1007 pauperiem
740 934 1015 989 voluntate
1057 931 1231 986 secuti
1278 936 1441 983 sunt:
1492 928 1566 981 ita
1601 927 1746 996 quod

167 1030 335 1084 abillo
355 1029 583 1083 audiens
614 1041 751 1080 unus
802 1038 906 1079 non
953 1021 1101 1085 fecit,
1151 1018 1395 1075 fecerunt
1441 1016 1591 1071 multi
1622 1031 1743 1069 eum

168 1120 467 1189 loqueretur
497 1132 595 1188 per
621 1116 913 1185 discipulos
942 1107 1203 1182 magister
1242 1109 1438 1164 bonus.
1468 1106 1609 1162 Ecce
1634 1122 1745 1161 ma-

164 1212 273 1283 jora
301 1211 426 1267 fecit
450 1210 777 1282 praedicatus
799 1223 828 1261 a
855 1204 1205 1262 credentibus
1226 1216 1390 1274 quam
1414 1200 1623 1254 locutus
1648 1214 1745 1253 au-

165 1302 446 1365 dientibus,
476 1301 573 1355 sed
593 1301 697 1355 hoc
716 1314 816 1370 per
852 1295 1258 1367 praedicatores.
1286 1291 1539 1360 Nunquid
1562 1305 1752 1353 omnes

165 1391 251 1462 qui
278 1390 505 1446 credunt
534 1389 588 1443 in
610 1404 733 1443 eum
758 1386 1143 1458 praedicatores
1174 1382 1345 1439 sunt?
1382 1381 1588 1435 Tamen
1619 1380 1751 1435 dicit

164 1481 253 1553 qui
280 1480 506 1535 credunt
550 1479 605 1534 in
661 1493 786 1536 eum
826 1491 994 1547 opera
1049 1475 1229 1530 facere
1276 1472 1499 1542 majora.
1539 1471 1596 1527 ln
1646 1472 1751 1535 hoc

164 1588 322 1644 opere
364 1571 488 1627 lidei
539 1570 802 1625 faciemus
841 1582 1007 1638 opera
1048 1564 1277 1629 Christi,
1307 1563 1435 1633 quia
1475 1571 1531 1617 et
1575 1562 1750 1632 ipsum

166 1666 379 1721 credere
405 1664 460 1718 in
491 1662 771 1717 Christum
797 1675 933 1730 opus
960 1667 1042 1714 est
1072 1674 1087 1723 ;
1134 1656 1387 1713 Christus
1415 1664 1597 1710 autem
1623 1668 1751 1724 ope-

169 1767 310 1814 ratur
336 1750 387 1813 in
420 1758 598 1819 nobis,
632 1770 741 1810 non
766 1755 951 1823 utique
992 1753 1109 1807 sine
1142 1750 1319 1806 nobis.
1350 1749 1511 1804 Prius
1546 1764 1645 1819 ego
1671 1748 1750 1801 fa-

1848 566 1948 619 uisi
1974 566 2227 629 humana,
2259 564 2360 619 hoc
2387 573 2488 629 est,
2519 580 2583 619 ea
2608 564 2718 619 sola
2748 579 2909 635 quam
2948 565 3178 639 humana
3205 567 3431 626 infirmi-

1848 663 1931 709 tas
1958 655 2023 710 ad
2049 655 2313 725 integrum
2346 655 2614 709 declinare
2639 670 2745 709 non
2772 661 2968 723 potest.

1922 744 2023 801 Sed
2047 756 2095 799 et
2124 747 2169 799 si
2193 746 2310 815 quis
2335 745 2641 814 peccaverit,
2668 745 2977 800 advocatum
3006 745 3264 801 "habemus
3293 751 3435 819 apud

1852 831 2065 893 Patrem
2115 834 2299 891 Iesum
2334 833 2601 889 Christum
2638 835 2865 906 justum.
2924 838 3059 893 Vide
3106 836 3345 894 Joannes
3379 839 3433 893 iu

1850 938 2109 997 quantum
2142 938 2321 983 servet
2352 927 2735 993 humilitatem,
2767 943 2926 998 quam
2956 929 3131 988 docet.
3165 932 3326 987 Certe
3354 931 3438 986 vir

1841 1018 2023 1087 justus
2049 1028 2189 1083 crat,
2216 1028 2271 1073 et
2296 1035 2524 1091 magnus
2543 1020 2633 1090 qui
2664 1021 2731 1075 de
2758 1029 2976 1089 pectore
3000 1020 3206 1077 Domini
3242 1030 3440 1092 myste-

1853 1110 2055 1162 riorum
2082 1120 2288 1165 secreta
2320 1110 2558 1167 bibebat.
2602 1106 2718 1163 Non
2744 1118 2923 1165 tamen
2956 1111 3095 1166 dixit
3125 1113 3435 1167 advocatum

1852 1215 1933 1252 me
1958 1197 2158 1253 habetis
2181 1200 2320 1269 apud
2348 1198 2583 1263 Patrem,
2621 1200 2712 1253 sed
2754 1199 3085 1267 advocatum,
3114 1203 3309 1272 inquit,
3338 1203 3435 1256 Im-

1850 1292 2073 1356 bﬁemus;
2100 1304 2208 1344 non
2235 1290 2391 1354 dixit,
2439 1290 2655 1345 habetis.
2706 1289 2893 1346 Maluit
2918 1304 2979 1346 se
3021 1296 3221 1362 ponere
3255 1293 3306 1346 in
3339 1309 3439 1347 nu-

1852 1398 2003 1438 mero
2038 1392 2405 1453 peccatorum,
2451 1391 2507 1438 ut
2535 1383 2761 1439 haberet
2789 1383 3111 1439 advocatum
3139 1383 3437 1447 Christum,

1853 1488 2015 1543 quam
2042 1488 2243 1544 ponere
2269 1489 2328 1529 se
2353 1487 2453 1545 pro
2477 1473 2692 1530 Christo
2738 1475 3059 1531 advocatum
3101 1484 3159 1531 et
3209 1475 3439 1532 inveniri

1853 1568 1994 1623 inter
2020 1566 2355 1623 damnandos
2411 1568 2693 1638 superbos.
2742 1567 2854 1623 Nec
2899 1578 3080 1627 tamen
3130 1568 3441 1635 dicendum,

1852 1658 1977 1727 quia
2001 1657 2236 1728 episcopi
2272 1657 2354 1713 vel
2399 1657 2672 1728 praepositi
2703 1673 2808 1714 non
2855 1666 3043 1729 petant
3080 1672 3181 1728 pro
3206 1660 3443 1730 populo;

1851 1758 1974 1802 orat
1998 1749 2142 1804 enim
2171 1747 2461 1819 Apostolus
2494 1763 2593 1818 pro
2620 1748 2798 1820 plebe,
2839 1758 2964 1804 orat
2998 1748 3151 1819 plebs
3179 1766 3277 1821 pro
3304 1749 3447 1821 Δρο-

165 1852 246 1907 cio
271 1851 607 1920 praeveniens
623 1844 1079 1918 gratiam,deinde
1130 1851 1185 1897 et
1236 1843 1350 1912 ipse
1403 1840 1535 1897 facit
1564 1841 1749 1895 subse—
1782 1828 1825 1885 Β
1854 1841 2013 1905 stolo,
2045 1840 2139 1912 qui
2170 1840 2321 1905 dicit,
2357 1851 2565 1895 orantes
2601 1839 2761 1895 simul
2802 1849 2853 1895 et
2876 1857 2971 1911 pro
3009 1840 3178 1900 nobis.
3222 1851 3276 1899 ut
3304 1841 3447 1899 Deus

165 1958 327 2015 quens
352 1942 605 2014 gratiam,
632 1940 758 2009 quia
786 1937 925 1993 facto
970 1944 1028 1991 ut
1061 1934 1243 1990 faciat.
1274 1932 1404 2001 Qua:
1430 1947 1616 2003 opera,
1645 1930 1751 1985 nisi
1853 1932 2053 2001 aperiat
2081 1930 2225 1985 nobis
2251 1931 2443 1986 ostium
2486 1931 2644 1987 verbi.
2689 1930 2758 1987 Et
2785 1944 2883 2000 pro
2923 1929 3087 1987 Petro
3123 1931 3316 1988 orabat
3342 1931 3451 1990 Ee-

166 2043 221 2088 ut
243 2049 305 2088 ex
335 2033 502 2102 impio
552 2029 731 2099 justus
757 2027 895 2082 list?
938 2025 1192 2082 Fortasse
1241 2022 1417 2093 majus
1462 2031 1548 2079 est
1577 2036 1747 2093 opera
1850 2022 2013 2077 clesia
2041 2038 2164 2077 eum
2193 2029 2340 2078 esset
2364 2021 2419 2076 in
2444 2022 2675 2077 vinculis
2702 2021 2918 2086 Petrus,
2953 2030 3010 2078 et
3028 2024 3283 2081 exaudita
3316 2034 3443 2089 est;

168 2122 348 2179 salutis
369 2131 575 2177 nostrae
605 2135 705 2175 nos
722 2134 819 2190 per
852 2119 1030 2188 ipsum
1054 2115 1252 2179 facere,
1283 2130 1445 2185 quam
1477 2114 1640 2169 verba
1665 2128 1752 2167 sa-

169 2213 287 2268 lutis
310 2212 633 2283 prsedicare,
660 2210 803 2279 quod
829 2209 943 2279 ipse
980 2208 1110 2264 fecit
1136 2208 1254 2263 sine
1284 2206 1460 2271 nobis,
1487 2206 1611 2261 dum
1636 2206 1753 2261 lucc

168 2302 293 2359 dixit
318 2321 329 2356 :
359 2301 499 2368 Quia
528 2317 624 2371 ego
652 2304 721 2353 ad
751 2296 963 2353 Patrem
999 2299 1151 2353 vadat
1195 2297 1264 2351 Et
1303 2297 1646 2367 quodcunque
1666 2311 1753 2365 pe-

167 2391 342 2446 tieritis
369 2391 423 2443 in
454 2390 666 2443 nomine
698 2404 833 2452 meo,
863 2388 960 2443 hoc
984 2386 1202 2457 faciam.
1225 2386 1281 2440 ln
1306 2387 1391 2441 his
1423 2385 1603 2439 verbis
1641 2399 1756 2437 ma—

169 2497 317 2554 gnam
348 2496 500 2553 spem
525 2481 778 2551 promisit
797 2479 1098 2534 orantibus.
1128 2477 1220 2534 Sie
1250 2493 1380 2549 ergo
1414 2478 1652 2547 perrexit
1686 2476 1755 2531 ad

168 2572 395 2637 Patrem,
424 2582 480 2625 ut
512 2586 620 2626 non
670 2570 1002 2640 relinqueret
1050 2568 1371 2639 indigentes.
1418 2568 1514 2623 sed
1543 2567 1755 2623 audiret

168 2671 425 2734 petentes.
468 2658 675 2717 Tamen
714 2676 823 2716 non
860 2659 1043 2715 omnia
1082 2668 1349 2729 petentes,
1390 2658 1485 2714 sed
1519 2672 1639 2727 qua:
1688 2656 1757 2712 ad

170 2756 391 2811 salutem
448 2754 729 2826 pertinent
761 2754 1081 2823 petentium.
1144 2751 1270 2807 Ideo
1308 2750 1447 2806 dixit
1478 2768 1491 2803 :
1535 2746 1592 2804 Si
1629 2748 1757 2821 quid

168 2846 409 2918 petieritis
436 2862 520 2900 me
540 2846 596 2899 in
623 2846 833 2899 nomine
851 2859 986 2909 meo,
1016 2843 1113 2897 hoc
1156 2842 1371 2912 factum.
1411 2838 1551 2907 Quid
1583 2848 1667 2894 est
1702 2838 1756 2894 in

171 2936 378 2991 nomine
401 2948 526 2990 meo
547 2934 572 2987 τ
598 2933 703 2988 nisi
730 2932 785 2987 in
807 2932 1027 2987 nomine
1055 2928 1377 2985 Salvatoris.
1406 2927 1464 2983 Si
1492 2926 1758 2996 petieritis

173 3040 285 3095 qua
310 3026 378 3079 ad
401 3023 633 3079 salutem
673 3022 949 3093 pertinent
978 3020 1151 3085 vobis,
1184 3018 1238 3073 in
1278 3017 1493 3073 nomine
1518 3032 1640 3071 meo
1668 3029 1756 3086 pe-

172 3117 376 3174 tieritis.
407 3115 639 3184 Quando
672 3114 818 3169 enim
864 3112 1136 3168 delectant
1180 3108 1321 3164 mala
1366 3117 1419 3163 et
1468 3123 1573 3162 non
1616 3107 1759 3162 dele-

1854 2112 2124 2183 quomodo
2147 2120 2202 2168 et
2230 2110 2422 2166 Petrus
2448 2125 2550 2181 pro
2569 2110 2809 2168 Ecclesia
2833 2130 2847 2167 :
2875 2112 3000 2183 quia
3028 2112 3209 2169 omnia
3239 2128 3339 2184 pro
3362 2113 3449 2168 in-

1854 2206 2025 2259 vicem
2055 2204 2298 2259 membra
2322 2211 2500 2269 orant,
2543 2213 2708 2275 caput
2734 2220 2834 2277 pro
2867 2206 3117 2262 omnibus
3145 2206 3450 2280 interpellat

1855 2298 1920 2353 de
1946 2312 2053 2368 quo
2091 2297 2352 2366 scriptum
2381 2303 2485 2361 est,
2520 2294 2625 2360 Qui
2670 2306 2747 2350 est
2790 2296 2861 2349 ad
2906 2297 3174 2353 dexteram
3211 2296 3329 2363 Dei,
3360 2299 3451 2369 qui

1854 2389 2011 2441 etiam
2035 2386 2332 2458 interpellat
2357 2402 2452 2458 pro
2493 2387 2659 2441 nobis.
2694 2384 2983 2458 Unigenito
3004 2387 3148 2442 enim
3192 2388 3328 2444 Filio
3354 2404 3451 2459 pro

1855 2478 2072 2533 homine
2121 2477 2484 2548 interpellare,
2538 2485 2624 2532 est
2672 2476 2811 2548 apud
2858 2486 3188 2535 comternum
3233 2479 3447 2539 Patrem

1857 2584 2093 2641 seipsum
2124 2570 2537 2637 demonstrare;
2571 2569 2731 2640 eique
2755 2583 2858 2639 pro
2883 2569 3120 2625 humana
3148 2584 3339 2624 natura
3364 2584 3455 2625 ro-

1857 2677 2034 2734 gasse,
2073 2668 2157 2719 est
2186 2663 2430 2718 eamdem
2472 2670 2721 2716 naturam
2750 2662 2802 2716 in
2835 2660 3131 2717 divinitatis
3158 2676 3267 2718 sum
3288 2662 3451 2717 celsi—

1860 2752 2100 2807 tudinem
2127 2752 2448 2822 suscepisse.
2490 2744 2802 2821 interpellat
2842 2752 3007 2823 igitur
3043 2766 3144 2821 pro
3166 2751 3321 2807 nobis
3351 2750 3457 2807 Do-

1858 2845 2041 2900 minus
2070 2860 2177 2899 non
2202 2860 2335 2899 voce
2363 2845 2457 2899 sed
2486 2834 2853 2909 miseratione,
2875 2844 3005 2915 quia
3030 2844 3173 2915 quod
3197 2844 3455 2900 damnare

1862 2935 1913 2987 in
1945 2934 2129 2990 electis
2174 2934 2348 2990 noluit
2374 2934 2714 3004 suscipiendo
2764 2934 3015 2989 servavit.
3071 2933 3141 2988 Et
3165 2934 3304 2991 bene
3329 2951 3452 2990 eum

1861 3026 2073 3086 diceret.
2101 3027 2423 3082 advocatum
2454 3041 2553 3080 nos
2579 3026 2719 3095 apud
2757 3024 2975 3081 Patrem
3024 3025 3229 3083 habere
3268 3026 3453 3082 Jesutn

1863 3116 2159 3180 Christum,
2202 3116 2352 3171 addit
2397 3115 2620 3185 justum.
2671 3114 2860 3171 Justus
2904 3130 3136 3186 namque
3161 3115 3454 3172 advocatus

174 3215 313 3264 ctant
356 3183 519 3271 bona,
561 3218 752 3275 rogare
803 3203 985 3273 potius
1014 3200 1276 3255 debemus
1330 3198 1497 3254 Deum
1527 3206 1586 3251 υι
1614 3196 1759 3251 (1810-
1788 3183 1829 3243 C
1868 3208 2099 3276 injustas
2126 3222 2320 3262 causas
2344 3183 2452 3262 non
2482 3206 2743 3278 suscipit;
2800 3206 2891 3276 qui
2940 3183 3119 3262 tamen
3157 3206 3333 3276 justus
3357 3208 3451 3261 (le-

172 3305 313 3353 ctent
336 3298 476 3352 bona
491 3308 657 3365 quam
669 3301 727 3347 ut
750 3292 1114 3349 concedantur
1137 3288 1295 3343 mala.
1320 3287 1419 3355 Qui
1447 3303 1576 3358 ergo
1594 3287 1753 3341 credit

1868 3298 2036 3351 fendit
2064 3299 2117 3351 in
2141 3297 2369 3368 judicio,
2399 3297 2443 3353 si
2486 3298 2847 3368 nosmetipsos
2875 3299 3253 3369 cognoscimus
3276 3309 3329 3353 et
3360 3314 3454 3354 ac-

177 3386 227 3441 in
254 3402 400 3450 eum,
427 3386 793 3456 quodcunque
812 3381 1030 3453 petierit
1059 3381 1115 3434 in
1145 3379 1364 3435 nomine
1390 3378 1533 3447 quod
1554 3386 1635 3431 cst
1662 3376 1753 3430 illis

1866 3404 2120 3443 cusamus
2148 3388 2395 3457 injustas.
2421 3387 2531 3443 Cur
2551 3389 2695 3443 enim
2721 3388 2899 3458 justus
2928 3404 3035 3445 non
3077 3389 3168 3456 sit,
3196 3390 3289 3459 qui
3317 3405 3453 3445 con-

175 3475 346 3532 ditum
374 3476 468 3546 qui
496 3475 729 3530 credunt
770 3472 824 3526 in
853 3484 999 3538 eum,
1028 3470 1132 3525 hoc
1161 3468 1314 3533 facit,
1358 3483 1465 3538 quo
1487 3468 1591 3522 hoc
1625 3468 1763 3522 sicut

177 3563 413 3623 Salvator
439 3565 591 3621 facit.
634 3564 693 3620 Si
720 3573 901 3619 autem
947 3562 1041 3633 qui
1092 3562 1144 3616 in
1171 3576 1294 3615 eum
1323 3560 1512 3624 credit,
1558 3558 1761 3628 aliquid

176 3675 265 3731 per
290 3658 647 3729 ignorantiam
688 3664 877 3711 contra
913 3653 1140 3711 salutem
1166 3666 1319 3706 suam
1364 3652 1517 3719 petit,
1553 3664 1661 3703 non
1693 3648 1749 3703 in

177 3753 381 3807 nomine
411 3748 716 3806 Salvatoris
752 3746 909 3817 petit,
957 3744 1083 3814 quia
1112 3740 1365 3797 Salvator
1394 3742 1445 3794 ei
1474 3755 1580 3795 non
1610 3739 1755 3804 erit;

177 3838 218 3896 si
258 3839 377 3910 quis
420 3837 539 3907 ejus
592 3836 820 3892 salutem
875 3831 1071 3903 impedi
1129 3830 1337 3894 fecerit,
1371 3845 1478 3883 non
1514 3837 1599 3884 est
1645 3826 1762 3897 ejus

180 3931 431 3989 Salvator.
466 3931 610 4000 Quid
649 3929 840 3985 melius
866 3938 960 3981 aut
987 3926 1117 3995 quid
1159 3925 1332 3996 magis
1359 3925 1514 3980 nobis
1541 3926 1758 3994 prodest

179 4040 324 4095 quam
354 4024 719 4094 nosmetipsos
755 4019 995 4075 salvari?
1021 4018 1141 4073 Ideo
1165 4017 1452 4089 petendum
1474 4028 1557 4072 est
1583 4023 1641 4069 ut
1669 4016 1761 4069 fiat

180 4116 412 4172 voluntas
439 4116 559 4187 ejus
590 4115 644 4169 in
675 4113 852 4175 nobis,
896 4112 989 4181 qui
1017 4110 1151 4164 vivit
1190 4118 1245 4163 et
1272 4115 1460 4180 regnat
1493 4121 1619 4163 cum
1653 4106 1760 4161 Deo

182 4207 325 4262 Patre
349 4209 402 4262 in
443 4206 653 4261 unitate
676 4203 911 4275 Spiritus
934 4200 1105 4257 sancti
1136 4201 1296 4265 Deus,
1326 4212 1425 4268 per
1448 4196 1630 4252 omnia
1657 4211 1759 4253 sa:—

182 4299 290 4353 eula
310 4298 655 4353 saeculorum.
680 4294 871 4349 Amen.

709 4405 989 4465 HOMILIA
1027 4402 1221 4459 XXXI.

834 4492 992 4531 FER“.
1022 4491 1095 4530 IV.

384 4572 575 4627 Lectio
599 4568 851 4640 Epistolas
874 4567 1017 4623 beati
1050 4565 1273 4621 Joannis
1299 4566 1545 4636 apostoli.

244 4660 573 4719 Charissirni.
604 4661 714 4713 hac
734 4658 902 4713 scribo
926 4656 1067 4710 vobis
1091 4664 1147 4709 ut
1175 4672 1278 4710 non
1314 4658 1551 4726 peccetis,
1574 4663 1683 4712 etc.

251 4741 365 4797 Non
408 4744 515 4799 sibi
558 4746 670 4813 ipse
704 4748 1013 4799 contrarius
1049 4755 1133 4802 est
1163 4747 1257 4816 qui
1303 4762 1467 4817 supra
1491 4763 1597 4801 non
1631 4750 1752 4804 sine

189 4847 399 4905 peccato
455 4851 560 4890 nos
600 4836 784 4891 vivere
834 4837 1177 4906 perhibebat,
1222 4854 1369 4894 nunc
1415 4848 1594 4892 autem
1628 4840 1751 4895 ideo

185 4926 408 4982 scribere
434 4939 499 4980 se
523 4923 677 4979 nobis
698 4923 847 4987 dicit,
879 4932 938 4978 ut
960 4938 1066 4977 non
1094 4938 1398 4994 peccemus.
1429 4923 1533 4979 Sed
1560 4924 1631 4979 ibi
1660 4940 1758 4981 nos

186 5015 483 5070 necessarie
516 5012 845 5083 providendo
875 5012 1165 5067 salubriter
1208 5021 1408 5067 nostra:
1448 5012 1755 5084 fragilitatis

187 5103 471 5167 admonuit,
504 5118 572 5158 ne
598 5103 719 5173 quis
748 5101 848 5156 sibi
874 5102 1026 5172 quasi
1057 5103 1316 5157 innocens
1356 5103 1584 5172 placeat,
1617 5112 1671 5158 et
1697 5119 1755 5159 se

188 5193 247 5247 tle
271 5194 475 5248 meritis
499 5193 806 5249 extollendo
845 5194 965 5264 plus
994 5202 1197 5262 pereat,
1231 5194 1318 5249 hic
1362 5206 1753 5265 consequenter

188 5280 421 5337 hortatur
441 5294 506 5337 ut
537 5284 583 5339 si
633 5285 779 5339 omni
824 5283 983 5354 culpa
1021 5298 1208 5338 carere
1237 5287 1537 5354 nequimus,
1568 5288 1755 5341 demus

188 5378 355 5426 tamen
381 5388 604 5445 operam
633 5373 1175 5444 quantamvalemus,
1210 5388 1276 5427 ne
1304 5390 1406 5430 nos
1427 5376 1525 5445 ipsi
1554 5374 1759 5445 fragili-

190 5468 291 5517 tate
311 5473 512 5518 nostra!
551 5464 875 5519 conditionis
899 5464 1227 5535 negligenter
1252 5466 1457 5535 agendo
1494 5467 1755 5529 vivamus,

188 5553 487 5609 sedeontra'
524 5554 707 5609 omnia
744 5554 873 5609 vitia
910 5564 1128 5610 strenue
1174 5556 1562 5626 vigilanterque
1593 5555 1755 5611 dimi-

192 5655 380 5709 nemus,
408 5644 647 5701 maxime
690 5643 895 5713 majora
939 5654 995 5701 et
1032 5647 1320 5716 apertiora,
1350 5662 1488 5718 quae,
1533 5647 1756 5716 juventa

193 5726 427 5800 Domino,
473 5732 683 5789 facilius
731 5749 986 5804 superare
1030 5744 1085 5790 ct
1133 5750 1323 5790 cavere
1371 5737 1664 5801 valeamus,
1699 5749 1758 5793 ut

421 5825 696 5883 ΡΑτιοι..
742 5822 877 5882 CX.

1867 3487 1946 3532 tra
1973 3492 2124 3532 suam
2158 3478 2473 3546 iujustitiam
2490 3476 2605 3547 jam
2632 3492 2729 3548 per
2757 3478 3023 3549 lacrymas
3048 3479 3243 3532 stevit?

1934 3564 2002 3617 Et
2031 3566 2137 3636 ipse
2165 3574 2240 3619 est
2278 3565 2581 3635 propitiatio
2606 3581 2701 3635 pro
2727 3566 2969 3636 peccatis,
3006 3566 3095 3637 qui
3120 3582 3213 3635 per
3235 3566 3451 3623 humili-

1863 3666 2021 3711 tatem
2049 3656 2346 3727 interpellat
2370 3672 2465 3725 pro
2497 3656 2643 3709 nobis
2672 3654 2815 3726 apud
2845 3653 3060 3711 Patrem
3084 3669 3103 3709 :
3131 3656 3189 3712 Id
3231 3666 3331 3719 est,
3356 3671 3457 3728 per

1864 3750 2197 3806 divinitatem
2224 3749 2549 3820 propitiatur
2570 3747 2725 3803 nobis
2749 3764 2871 3803 cum
2897 3748 3077 3805 Patre.

1933 3842 2057 3897 Non
2084 3860 2177 3914 pro
2208 3843 2397 3897 nostris
2423 3850 2595 3896 autem
2621 3849 2844 3903 tantum,
2868 3840 2957 3894 sed
2984 3842 3142 3894 etiam
3176 3858 3273 3913 pro
3296 3843 3454 3896 totius

1860 3936 2063 3989 mundi.
2096 3934 2211 3990 Non
2238 3950 2335 4005 pro
2362 3934 2465 3989 illis
2493 3933 2663 3987 solum
2699 3934 3009 4002 propitiatio
3046 3942 3130 3988 est
3171 3934 3449 3997 Dominus,

1861 4026 2057 4097 quibus
2078 4034 2205 4081 tunc
2235 4025 2289 4079 in
2324 4038 2488 4078 carne
2530 4022 2835 4079 viventibus
2883 4023 3154 4079 scribebat
3195 4022 3451 4087 Joannes,

1861 4116 1955 4169 sed
1983 4115 2147 4169 etiam
2174 4128 2291 4185 pro
2314 4112 2460 4167 omni
2488 4112 2751 4177 Ecclesia,
2779 4128 2900 4183 qua:
2941 4128 3037 4184 per
3063 4123 3227 4169 totam
3268 4116 3452 4171 mundi

1861 4200 2200 4257 latitudinem
2230 4198 2425 4255 dlll‘usa
2475 4207 2608 4264 est;
2659 4216 2689 4254 a
2737 4200 2914 4271 primo
2960 4202 3214 4259 nimirum
3259 4203 3454 4259 electio

1863 4306 2032 4364 usque
2067 4292 2132 4346 ad
2174 4291 2423 4346 ultimum
2453 4292 2545 4361 qui
2574 4291 2626 4344 in
2655 4289 2762 4347 line
2814 4293 2999 4348 mundi
3032 4294 3339 4351 nasciturus
3366 4305 3452 4352 est

1860 4392 2128 4455 porrecta.
2164 4383 2368 4451 Quibus
2411 4384 2592 4437 verbis
2641 4381 3041 4438 Donatistarum
3082 4384 3318 4440 schisma
3365 4402 3450 4443 re—

1862 4476 2076 4546 probat,
2106 4474 2200 4544 qui
2227 4474 2283 4527 in
2310 4471 2505 4527 Africa:
2536 4471 2708 4526 solum
2737 4470 2933 4527 ﬁnibus
2957 4472 3251 4529 Eeclesiam
3294 4473 3454 4529 Chri-

1864 4566 1933 4620 sti
1959 4564 2209 4621 dicebant
2248 4577 2367 4618 esse
2417 4562 2698 4616 inclusam.
2749 4560 2857 4617 Pro
2902 4563 3067 4618 totius
3090 4578 3220 4634 ergo
3266 4565 3448 4620 mundi

1862 4655 2102 4726 peccatis
2132 4653 2439 4724 interpellat
2474 4652 2751 4716 Dominus,
2792 4654 2920 4723 quia
2963 4664 3252 4723 pet-totum
3295 4672 3453 4711 mun-

1864 4748 1989 4801 dum
2020 4755 2104 4801 cst
2135 4745 2393 4807 Ecclesia,
2450 4760 2613 4814 quam
2656 4759 2753 4799 suo
2780 4747 3044 4815 sanguine
3089 4749 3444 4815 comparavit.

1864 4839 2050 4909 Neque
2078 4837 2205 4893 huic
2230 4837 2394 4892 verbo
2422 4844 2683 4906 repugnat
2725 4838 2867 4905 quod
2914 4837 2967 4891 in
2997 4839 3346 4908 sequentibus
3373 4839 3451 4893 di.-

1866 4930 1944 4983 xit
1977 4947 1989 4982 :
2018 4928 2086 4982 Et
2132 4928 2354 4981 mundus
2398 4936 2536 4979 totus
2576 4926 2631 4979 in
2679 4925 2930 4997 maligno,
2982 4925 3033 4981 id
3080 4934 3186 4991 est,
3226 4928 3449 4996 antiquo

1862 5018 2030 5082 hosti,
2066 5017 2362 5087 suppositus
2389 5025 2483 5068 est.
2515 5013 2667 5079 Quod
2690 5015 2851 5068 etiam
2874 5030 2973 5085 per
2997 5023 3164 5070 totum
3188 5017 3445 5073 mundum

1860 5118 1988 5163 sunt
2016 5107 2107 5176 qui
2138 5104 2388 5175 maligno,
2414 5104 2589 5166 idest,
2618 5103 2839 5173 antiquo
2862 5103 3001 5157 hosti
3028 5102 3373 5159 famulentur.

1935 5199 2001 5251 Et
2026 5200 2079 5251 in
2102 5198 2199 5251 hoc
2226 5196 2687 5265 scimus’quoniam
2710 5196 3039 5265 cognovimus
3060 5212 3199 5261 eum,
3230 5197 3276 5250 si
3296 5214 3447 5261 mar:-

1861 5290 1987 5341 data
2016 5287 2129 5357 ejus
2154 5285 2495 5339 observemus.
2533 5285 2661 5352 Quae
2687 5286 2935 5339 mandata
2966 5286 3110 5340 dicat
3139 5287 3191 5340 in
3220 5301 3447 5357 sequen-

1863 5380 2006 5431 tibus
2028 5376 2217 5444 aperit,
2245 5376 2303 5429 id
2322 5386 2425 5441 est,
2454 5377 2791 5430 charitatem.

1933 5466 2036 5530 Qui
2058 5465 2183 5519 dicit
2208 5482 2325 5518 eum
2354 5483 2407 5519 sc
2435 5483 2601 5530 nosse,
2634 5474 2681 5519 et
2710 5464 2960 5519 mandata
2987 5465 3101 5535 ejus
3130 5482 3233 5522 non
3263 5478 3443 5523 custo-

1858 5558 1955 5619 dit,
1978 5558 2205 5611 mendax
2225 5567 2298 5611 est
2328 5566 2376 5611 et
2404 5558 2459 5611 in
2482 5573 2556 5628 eo‘
2578 5556 2767 5611 veritas
2814 5573 2915 5611 non
2939 5568 3033 5613 est.
3077 5555 3327 5614 Christus
3355 5575 3448 5615 ve-

1861 5648 1991 5700 ritas
2034 5646 2365 5718 appellatur:
2418 5645 2530 5717 Ego
2559 5663 2697 5711 sum,
2747 5647 2937 5716 inquit,
2982 5648 3065 5701 eia
3106 5657 3154 5702 et
3184 5649 3369 5702 ueritas
3393 5658 3443 5703 et

1857 5743 1978 5793 vita.
2022 5739 2241 5791 Frustra
2294 5753 2422 5807 ergo
2458 5737 2610 5791 nobis
2657 5738 2709 5791 in
2762 5753 2829 5791 eo
2871 5737 3242 5805 applaudimns
3285 5738 3443 5808 Cujus

2968 5834 2999 5850 ρ

2975 5849 2997 5885 Α
