3946 6344
526 327 652 382 ’103

1177 328 1237 383 Β.
1280 329 1529 386 [MBAN]
1568 332 1780 388 MAURI
1820 333 2138 390 ARCHIEP.

2181 332 2495 390 MOGUNT.
2537 334 2820 390 OPERUM
2863 335 3041 391 PARS
3083 337 3142 391 ll.
3703 341 3810 397 2οι

532 445 788 498 mandata
817 457 924 498 non
954 443 1219 508 taeimus,
1271 458 1368 498 nec
1425 446 1626 512 grande
1675 455 1922 514 putemus
1949 459 2115 499 unum
2145 457 2192 514 Α
2221 453 2314 498 tuo
2337 443 2606 514 baptismo
2631 443 2936 514 baptizatus
2960 455 3043 501 cst
3073 446 3184 512 ille,
3209 449 3275 502 ad
3304 449 3457 518 cujus
3480 449 3798 520 baptismate

538 535 707 592 Deum
753 548 932 600 nosse,
957 549 1079 589 cum
1105 543 1159 588 et
1186 534 1458 590 daemones
1485 535 1710 590 credant
1754 544 1808 590 et
1833 535 2125 590 contremi-

535 633 708 680 scunt.
741 623 878 692 Quid
913 624 983 679 sit
1003 632 1182 680 autem
1209 625 1474 680 veraciter
1526 625 1692 680 Deum
1744 641 1902 680 nosse
1933 626 2124 680 subsc-

529 721 765 782 quenter
804 713 1042 769 ostendit
1081 713 1312 769 dicens:
1346 712 1451 780 Qui
1485 726 1658 769 autem
1703 722 1868 768 servat
1913 712 2120 766 uerbum

533 802 666 872 ejus,
696 801 812 857 vere
852 803 908 858 in
946 819 1007 858 eo
1044 803 1275 858 elsaritas
1303 803 1400 858 Dei
1425 805 1649 874 perfecta
1682 813 1776 857 est.
1813 802 1906 857 Ille
1937 802 2120 872 itaque

533 904 659 946 vere
685 891 852 946 Deum
880 893 1049 958 novit,
1080 892 1172 962 qui
1209 891 1326 962 ejus
1358 894 1608 947 mandata
1637 892 1906 947 servando
1928 892 2082 946 chari

531 988 695 1035 tatem
716 979 832 1049 ejus
856 995 916 1036 se
941 982 1143 1039 habere
1165 983 1514 1054 comprobat;
1543 983 1645 1038 hoc
1665 990 1749 1037 est
1775 983 1916 1036 enim
1945 982 2112 1036 Deum

525 1086 712 1138 nosse,
739 1072 883 1143 quod
930 1087 1136 1130 amare.
1180 1072 1314 1130 Nam
1350 1074 1594 1144 quisquis
1636 1088 1760 1128 cum
1805 1061 1915 1126 non
1943 1079 2113 1139 amat,

529 1162 771 1234 profecto
799 1166 1033 1220 ostendit
1059 1167 1200 1236 quod
1235 1179 1395 1236 quam
1426 1165 1495 1220 sit
1526 1163 1772 1219 amabilis
1806 1180 1912 1218 non
1941 1164 2106 1227 novit,

530 1269 689 1323 quam
716 1256 786 1309 sit
826 1257 1010 1311 suavis
1035 1256 1295 1311 Dominus
1312 1243 1367 1310 et
1392 1255 1564 1310 dulcis
1600 1265 1817 1326 gustare
1842 1269 1904 1309 ac
1926 1254 2110 1308 videre

529 1358 634 1397 nun
667 1343 874 1410 didicit,
904 1345 994 1413 qui
1030 1344 1144 1414 ejus
1182 1344 1392 1414 placere
1437 1345 1817 1414 conspectibus
1853 1343 2106 1399 continua

529 1433 824 1488 intentione
838 1448 950 1488 non
981 1434 1193 1506 satagit.

595 1523 663 1579 Et
694 1525 751 1579 in
773 1525 870 1579 hoc
898 1526 1088 1580 scimus
1116 1542 1359 1596 quoniam
1383 1527 1440 1580 in
1477 1527 1589 1596 ipso
1617 1542 1814 1580 sumus.
1848 1523 1950 1590 Qui
1980 1523 2106 1576 dicit

523 1631 578 1668 se
602 1608 677 1669 'in
719 1616 830 1687 ipso
872 1632 1109 1682 manere,
1145 1615 1313 1682 debet,
1342 1617 1476 1670 sicut
1511 1615 1599 1669 ille
1631 1615 1886 1679 ambulat,
1918 1624 1963 1668 et
1994 1615 2101 1684 ipse

524 1706 816 1773 ambulare,
847 1708 900 1764 id
930 1719 1033 1773 est,
1065 1724 1163 1778 per
1195 1709 1534 1764 dilectionem
1565 1709 1786 1763 nimiam
1815 1709 1976 1763 etiam
2005 1721 2103 1777 pro

2223 550 2412 590 omnes
2436 537 2596 592 modo
2631 547 3019 592 convenerunt.

2293 623 2574 696 Respondit
2600 637 2646 680 et
2668 627 2800 681 dixit
2831 641 2849 678 :
2880 627 3002 682 Non
3028 638 3192 698 potest
3215 633 3368 682 homo
3401 647 3638 702 accipere
3662 637 3805 701 quid.

2219 731 2394 784 quant,
2429 718 2530 771 nisi
2564 718 2613 770 ei
2643 718 2798 786 fuerit
2827 719 3010 772 datum
3045 719 3108 772 de
3137 719 3285 772 caelo.
3340 719 3442 774 Vos
3486 723 3617 776 mihi
3663 733 3790 779 testi-

2219 806 2450 860 monium
2504 807 2781 878 perhibetis
2825 809 2966 878 quod
3021 809 3241 863 dixerim
3298 823 3318 860 :
3376 811 3486 882 Ego
3537 830 3645 867 non
3692 832 3803 870 sum

2217 894 2474 951 Christus.
2504 897 2562 953 Si
2590 913 2710 952 meo
2739 898 3047 953 testimonio
3075 901 3329 966 credatis,
3365 903 3556 957 scitote
3585 917 3674 958 me
3699 919 3802 959 non

2213 999 2333 1041 esse
2371 985 2679 1051 Christum;
2714 988 2807 1042 sed
2846 988 2994 1042 illum
3036 998 3090 1043 et
3131 989 3272 1044 illius
3310 991 3635 1061 baptismum
3661 1008 3800 1060 esse,

2215 1074 2267 1127 in
2303 1088 2411 1144 quo
2439 1076 2690 1131 remissio
2720 1084 2804 1130 est
2836 1089 3207 1146 peccatorum,
3239 1089 3294 1133 et
3320 1078 3554 1149 Spiritus
3582 1091 3798 1139 sanctus

2212 1168 2391 1229 datur,
2441 1183 2546 1222 non
2596 1183 2774 1221 meum
2824 1169 2877 1222 in
2915 1185 3024 1238 quo
3069 1171 3438 1226 tantummodo
3481 1173 3798 1240 pcenitentis

2209 1256 2458 1322 dabatur,
2484 1266 2540 1312 et
2574 1256 2706 1313 ﬁdes
2735 1259 2790 1311 in
2820 1273 2944 1312 eum
2992 1259 3060 1313 de
3094 1274 3200 1328 quo
3234 1261 3628 1330 querimoniam
3659 1277 3800 1319 nunc

2208 1347 2437 1402 habetis.
2469 1346 2591 1400 Non
2618 1358 2778 1417 potes:
2808 1347 2962 1401 homo
3000 1348 3200 1420 aliquid
3227 1351 3481 1420 accipere,
3510 1352 3611 1405 nisi
3640 1351 3798 1420 fuerit

2204 1437 2284 1493 illi
2320 1438 2500 1493 datum
2546 1439 2612 1492 de
2648 1438 2794 1492 caelo.
2845 1438 3202 1494 Ministerium
3250 1441 3434 1510 accepi
3482 1442 3635 1511 quod
3666 1444 3797 1500 mihi

2205 1529 2388 1585 datum
2425 1528 2521 1583 fuit
2555 1528 2621 1584 de
2646 1528 2814 1594 cmlo;
2843 1544 3018 1601 prisco
3054 1545 3190 1593 sum,
3225 1529 3313 1585 ille
3334 1531 3530 1601 judex;
3555 1546 3659 1602 ego
3685 1547 3795 1588 ser-

2202 1634 2318 1680 vus,
2353 1619 2440 1673 ille
2477 1618 2758 1684 dominus;
2793 1618 2882 1674 ille
2919 1633 3167 1688 sponsus,
3198 1633 3299 1690 ego
3334 1621 3540 1675 amicus
3570 1624 3790 1692 sponsi;

2204 1708 2351 1761 illum
2373 1717 2570 1778 oportet
2601 1724 2848 1771 crescere,
2877 1724 2958 1760 me
2983 1718 3155 1761 autem
3176 1709 3380 1773 minui;
3405 1710 3687 1765 veniebam
3717 1711 3791 1767 illi

522 1796 757 1853 inimicis
799 1813 977 1864 orare,
1019 1799 1203 1854 dicens
1233 1818 1246 1854 :
1280 1797 1463 1865 Pater,
1501 1799 1709 1869 ignosce
1749 1799 1888 1864 illis;
1919 1801 2012 1854 sed
2047 1807 2100 1854 et
2132 1795 2176 1852 Β
2203 1798 2346 1851 viam
2397 1812 2610 1866 parare,
2659 1813 2762 1850 non
2797 1811 2882 1850 me
2923 1798 3196 1863 exaltare;
3235 1815 3328 1868 ego
3357 1816 3457 1853 vox
3486 1801 3785 1864 clamantis.

519 1902 777 1959 prospera
829 1889 1012 1944 mundi
1061 1897 1253 1946 cuneta
1299 1889 1427 1944 forti
1486 1890 1671 1946 animo
1719 1899 2097 1955 contemnere,

519 1977 749 2035 libenter
772 1979 1052 2035 irrisiones
1075 1988 1129 2035 et
1155 1980 1442 2050 opprobria
1472 1979 1720 2045 tolerare,
1751 1979 1889 2034 sicut
1911 1988 1964 2034 et
1987 1981 2099 2049 ipse

521 2071 654 2127 dicit
684 2090 696 2126 :
727 2069 786 2126 Si
816 2074 929 2143 quis
959 2071 1064 2127 uult
1093 2073 1262 2127 venire
1295 2081 1409 2142 post
1449 2088 1549 2135 me,
1597 2072 1809 2141 abneget
1848 2071 2095 2142 seipstmt,

519 2173 567 2218 et
593 2163 744 2218 tollat
766 2180 968 2219 crucem
995 2180 1171 2230 suam,
1198 2175 1244 2219 et
1273 2174 1522 2236 sequatur
1546 2179 1642 2218 me.

589 2255 914 2322 Charissirni,
948 2273 1050 2312 non
1077 2257 1384 2312 mandatum
1413 2274 1598 2312 novum
1629 2259 1795 2313 scribo
1817 2258 1980 2321 vobis,
2006 2258 2097 2312 sed

519 2347 824 2400 mandatum
866 2355 1008 2401 uetus
1044 2346 1182 2417 quod
1213 2346 1465 2401 habuistis
1491 2345 1554 2400 ab
1581 2347 1748 2402 initio.
1784 2345 2094 2401 Mandatum

517 2447 660 2490 uetus
704 2448 775 2491 est
815 2437 1022 2491 verbum
1069 2437 1207 2508 quod
1256 2436 1512 2504 audistis;
1554 2437 1741 2492 iterum
1787 2444 2092 2492 mandatur»

518 2541 705 2580 novum
753 2525 922 2580 scribo
967 2527 1125 2580 vobis.
1169 2525 1368 2582 Eadem
1414 2527 1652 2581 cbaritas
1691 2533 1747 2580 et
1784 2527 2092 2580 mandatum

517 2625 670 2670 vetus
698 2616 821 2684 quia
857 2615 934 2670 ab
959 2617 1114 2671 initio
1143 2617 1544 2681 commendata,
1575 2625 1628 2671 et
1659 2616 1971 2670 mandatum
2000 2631 2093 2668 no-

518 2721 642 2760 vum
673 2707 798 2776 quia
832 2705 1066 2761 tenebris
1095 2705 1282 2776 ejectis
1307 2705 1812 2761 desideriumnovte
1848 2704 1981 2758 locis
2021 2705 2094 2756 in-

520 2800 723 2866 tundit;
755 2799 901 2856 unde
941 2809 1090 2854 recte
1132 2799 1383 2854 subditur
1410 2817 1423 2852 :
1446 2797 1611 2866 Quod
1639 2809 1724 2852 est
1743 2815 1917 2853 verum
1961 2807 2006 2851 et
2038 2798 2092 2852 in

515 2894 648 2962 ipso,
672 2902 719 2946 et
741 2892 797 2945 in
820 2891 978 2955 vobis,
1004 2891 1247 2961 quoniam
1271 2891 1492 2946 tenewa
1510 2890 1828 2945 transierunt
1848 2899 1894 2943 et
1921 2890 2092 2942 lumen

516 2998 690 3036 rerum
725 2981 849 3052 jam
870 2980 1025 3036 lucet.
1057 2981 1196 3036 Ecce
1225 2981 1364 3035 unde
1388 2994 1586 3036 novum
1611 2969 1735 3049 quia
1764 2980 2000 3037 tenebrat
2025 2979 2092 3033 ad

514 3080 755 3127 veterem
774 3063 1065 3137 bonrinem,
1092 3071 1182 3125 lux
1204 3085 1334 3126 vero
1353 3070 1424 3125 ad
1448 3084 1644 3124 novum
1671 3069 1943 3125 hominem
1974 3084 2069 3122 uer

2202 1890 2292 1945 ille
2324 1890 2553 1946 Verbum
2582 1890 2791 1955 Patris;
2821 1891 2910 1960 qui
2937 1900 3049 1954 post
3079 1908 3158 1944 me
3190 1893 3479 1956 renit,ante
3501 1910 3583 1947 me
3613 1894 3786 1963 factus

2199 1990 2299 2049 est,
2320 1981 2372 2037 id
2398 1991 2503 2047 est,
2532 1982 2793 2052 dignitate
2817 1979 3068 2049 prailatus
3095 1989 3177 2036 est
3206 1982 3360 2048 mihi,
3386 1984 3544 2052 cujus,
3564 2000 3658 2054 ego
3685 2000 3791 2040 non

2197 2091 2314 2129 sum
2357 2074 2545 2144 dignus
2592 2073 2873 2142 corrigiam
2920 2073 3263 2126 calceamenti
3304 2075 3420 2144 ejus
3462 2074 3692 2140 soluere,
3734 2076 3792 2130 id

2198 2165 2494 2220 nativitatis
2515 2162 2674 2227 illius,
2700 2177 2803 2232 qua
2829 2178 2894 2216 ex
2925 2163 3133 2235 virgine
3163 2171 3320 2219 natus
3348 2164 3496 2220 venit
3531 2164 3586 2219 in
3624 2181 3786 2220 inun-

2197 2256 2324 2310 dum
2382 2268 2639 2310 enarrare
2698 2253 3032 2323 mysterium.
3103 2254 3343 2309 Audistis
3415 2254 3782 2311 testimonium

2196 2361 2375 2401 tneum
2400 2363 2413 2410 ;
2445 2347 2649 2401 credite
2676 2347 2986 2401 testimonio
3013 2361 3164 2411 meo;
3197 2348 3504 2402 concurrite
3533 2349 3603 2403 ad
3632 2348 3782 2406 illum

2196 2437 2248 2489 in
2299 2436 2453 2505 cujus
2505 2437 2774 2504 baptismo
2823 2444 2908 2490 est
2956 2435 3204 2490 remissio
3252 2446 3618 2507 peccatorum.
3678 2438 3785 2509 Iste

2193 2525 2426 2581 Joannes
2462 2534 2620 2580 tantm
2647 2526 2985 2580 auctoritatis
3036 2525 3367 2591 habebatur,
3409 2536 3468 2581 ut
3512 2543 3543 2582 a
3585 2528 3788 2598 populo

2194 2615 2443 2670 Christus
2469 2624 2774 2684 putaretur.
2803 2613 2907 2669 Sed
2938 2615 3026 2668 ille
3047 2613 3240 2669 falsum
3265 2617 3468 2685 respuit
3495 2617 3782 2680 honorem,

2194 2714 2253 2758 ut
2290 2706 2515 2762 solidam
2545 2705 2809 2775 potuisset
2852 2706 3051 2760 habere
3081 2707 3383 2760 veritatem.
3417 2706 3600 2762 Noluit
3629 2709 3786 2763 dese

2185 2793 2394 2861 jactare
2421 2795 2563 2864 quod
2600 2808 2706 2848 non
2733 2791 2852 2845 fuit.
2891 2809 2958 2846 ne
3002 2794 3120 2850 sine
3162 2809 3227 2850 eo
3258 2804 3406 2850 esset
3429 2799 3521 2865 qui
3568 2811 3783 2865 semper

2195 2885 2313 2940 fuit.

2271 2974 2374 3042 Qui
2395 2971 2544 3030 habet
2570 2991 2812 3045 sponsam
2838 2991 3056 3044 sponsus
3080 2985 3174 3029 est.
3203 2976 3312 3046 Ego
3334 2990 3439 3030 non
3467 2992 3590 3030 sum
3619 2991 3784 3046 spon-

2197 3080 2310 3132 sus,
2341 3066 2437 3122 sed
2461 3065 2590 3134 quid
2615 3065 2772 3118 sum?
2796 3065 3018 3120 Amicus
3043 3067 3250 3136 Sponsi,
3279 3065 3521 3136 gaudens
3556 3066 3610 3120 in
3651 3081 3783 3121 voce

517 3165 670 3218 tinet.
707 3162 944 3232 Denique
973 3128 1102 3217 dicit
1143 3163 1413 3230 apostolus
1449 3160 1647 3216 Paulus
1682 3174 1696 3214 :
1724 3157 1915 3214 Exuite
1955 3168 2091 3213 vete-
2121 3128 2164 3188 (ἶ
2198 3128 2362 3210 illius.
2394 3128 2526 3222 Quis
2552 3163 2636 3210 est
2677 3155 2940 3224 sponsus?
2972 3128 3086 3209 Ille.
3112 3153 3180 3209 de
3223 3128 3329 3224 qu'o
3371 3156 3570 3210 dicitur
3599 3174 3612 3209 :
3667 3155 3783 3211 Res

517 3268 624 3306 rem
656 3251 912 3306 hominem
942 3261 989 3306 et
1029 3251 1228 3305 induite
1270 3265 1476 3305 novum.
1524 3250 1590 3304 Et
1618 3249 1812 3304 iterum
1842 3267 1855 3302 :
1888 3246 2092 3301 Fuistis

515 3341 798 3412 aliquando
824 3341 1068 3405 tenebrw,
1099 3356 1236 3394 nunc
1260 3350 1434 3394 autem
1456 3340 1550 3394 lua:
1575 3340 1632 3392 in
1672 3337 1907 3392 Domino.
1939 3337 2091 3392 Felix

517 3435 606 3489 ille
627 3440 710 3489 est
733 3433 824 3503 qui
849 3432 1044 3486 veteris
1068 3431 1303 3485 hominis
1323 3439 1476 3486 actus
1500 3442 1758 3500 respuens
1774 3429 1899 3483 novi
1921 3427 2095 3482 homi-

518 3525 604 3580 nis
647 3523 1109 3580 conversatiouem
1159 3529 1309 3587 recte
1357 3522 1595 3592 appetit,
1642 3519 1893 3591 quoniam
1939 3519 2093 3588 juxta

519 3615 645 3670 illud
683 3613 824 3686 quod
867 3613 1126 3683 scriptum
1172 3621 1294 3667 est:
1328 3610 1511 3667 Omnis
1546 3609 1635 3681 qui
1665 3609 1798 3663 male
1826 3609 1957 3678 agit,
1985 3607 2093 3660 odit

517 3705 704 3769 lucem,
734 3713 781 3757 et
807 3719 909 3758 non
931 3703 1064 3757 venit
1095 3702 1162 3756 ad
1194 3701 1378 3766 tricem,
1405 3709 1462 3754 ut
1490 3718 1592 3754 non
1621 3708 1915 3770 arguantur
1939 3715 2094 3766 opera

517 3797 652 3866 ejus.
706 3795 810 3859 Qui
859 3804 1031 3848 autent
1072 3793 1195 3862 facit
1244 3793 1508 3846 veritatem
1548 3791 1680 3844 venit
1721 3789 1791 3844 ad
1815 3788 2002 3853 lucem,
2039 3800 2094 3842 ut

518 3886 912 3957 manifestentur
935 3902 1089 3954 opera
1113 3883 1248 3954 ejus,
1269 3883 1392 3954 quia
1420 3883 1474 3937 in
1510 3883 1614 3936 Deo
1633 3892 1752 3936 sunt
1779 3881 1940 3951 facta,
1958 3895 2094 3950 prac-

520 3983 696 4031 stante
723 3975 948 4031 Domino
981 3982 1164 4028 nostro
1201 3971 1330 4028 Iesu
1377 3971 1613 4038 Christo,
1655 3971 1746 4040 qui
1787 3986 1905 4026 cum
1938 3970 2097 4025 Patre

521 4075 576 4121 et
616 4064 816 4135 Spiritu
858 4071 1044 4119 sancto
1090 4063 1221 4116 vivit
1266 4069 1322 4118 et
1365 4069 1556 4134 regnat
1598 4059 1762 4127 Deus,
1791 4075 1885 4124 per
1917 4058 2096 4114 omnia

523 4156 717 4210 secula
748 4152 1089 4210 saeuior-um.
1118 4152 1313 4208 Amen.

1049 4283 1325 4341 HOMILIA
1359 4283 1570 4340 XXXII.

1088 4389 1215 4429 ITEH
1253 4389 1405 4427 FEBM
1438 4389 1509 4428 ιν.

665 4484 850 4539 Lectio
871 4485 1042 4539 sancti
1073 4483 1342 4553 Evangelii
1367 4482 1659 4544 secundum
1680 4480 1961 4537 Joannem.

603 4593 665 4650 In
713 4593 802 4648 illo
850 4603 1114 4665 tempore,
1160 4593 1300 4659 facta
1339 4603 1413 4648 est
1455 4593 1673 4663 qumtio
1714 4608 1779 4648 ex
1832 4589 2102 4660 discipulis

527 4686 748 4741 Joannis
774 4703 888 4740 cum
916 4685 1120 4740 Juda'is
1154 4686 1216 4738 de
1243 4672 1618 4755 puriﬁcatione,
1642 4691 1747 4738 etc.

568 4834 571 4837 ,
602 4775 847 4831 Zelantes
871 4774 1114 4844 discipuli
1141 4775 1363 4829 Joannis
1384 4775 1718 4843 magistrum,
1745 4771 1871 4841 quia
1898 4773 2098 4843 plurio-

532 4879 618 4920 res
661 4863 952 4918 audiebant
991 4875 1313 4916 concurrere
1355 4862 1422 4916 ad
1459 4861 1777 4932 baptismum
1805 4859 2026 4925 Christi,
2050 4871 2106 4916 et

531 4953 784 5025 ιιι-σηεντο
806 4951 1018 5008 Judzcos
1059 4952 1324 5020 baptismo
1350 4949 1570 5006 Joannis
1599 4951 1920 5020 baptismum
1948 4948 2104 5006 Chri-

533 5045 621 5109 sti,
655 5046 725 5098 ita
765 5052 822 5096 ut
859 5041 1146 5096 novissime
1180 5049 1392 5095 ventum
1422 5041 1492 5094 sit
1525 5040 1592 5095 ad
1619 5040 1790 5110 ipsum
1816 5038 2094 5108 Joannem,

534 5141 592 5186 ut
634 5131 862 5187 solveret
903 5131 1253 5199 quaasnonem
1300 5115 1460 5198 quam
1513 5131 1812 5183 habuerunt
1857 5129 2101 5199 discipuli

532 5221 648 5289 ejus
697 5237 816 5278 cum
866 5220 1063 5276 intimis
1112 5221 1177 5274 de
1221 5219 1540 5273 discretione
1593 5217 1734 5273 inter
1779 5219 2100 5288 baptismum

534 5312 731 5366 Christi
761 5320 814 5365 et
837 5311 1154 5380 baptismum
1182 5307 1419 5371 Joannis,
1444 5316 1498 5361 ct
1516 5306 1764 5363 divortunt
1786 5308 1834 5364 ci
1860 5327 1871 5362 :

606 5402 790 5466 Ilabbi,
828 5402 915 5472 qui
961 5410 1070 5454 erat
1113 5410 1278 5452 tecum
1324 5410 1468 5451 trans
1509 5396 1825 5462 Iordanem,
1866 5414 1980 5451 ecce
2022 5399 2104 5451 llic

537 5493 761 5562 baptizat
788 5501 834 5545 et
863 5505 1036 5543 omnes
1069 5488 1271 5541 veniunt
1315 5486 1383 5541 ad
1413 5502 1547 5540 eum.
1579 5483 1743 5553 Quasi
1768 5486 2104 5557 indignantes

536 5587 677 5659 quod
703 5582 970 5656 plut-iures
998 5582 1263 5638 venissent
1288 5580 1352 5634 ad
1384 5580 1699 5650 baptismum
1728 5577 1927 5634 Christi
1959 5580 2108 5634 dixe-

536 5689 659 5732 tam
685 5699 695 5735 ;
721 5669 918 5736 Cumas
969 5673 1189 5728 veniunt
1230 5672 1295 5725 ad
1335 5687 1454 5726 eum
1492 5682 1538 5722 ct
1575 5679 1624 5724 te
1660 5669 1950 5723 dimittunt.
1981 5669 2103 5723 dum

2195 3247 2364 3300 omnis
2404 3255 2557 3299 terra:
2602 3245 2763 3310 Deus,
2805 3253 2853 3298 et
2913 3245 3208 3298 adorabunt
3250 3261 3364 3298 eum
3415 3261 3592 3300 omnes
3634 3263 3784 3317 reges

2194 3351 2367 3406 torrat,
2413 3355 2589 3393 omnes
2618 3347 2796 3407 gentes
2835 3338 3061 3390 servient
3090 3337 3158 3391 ei.
3201 3336 3291 3390 Ille
3335 3352 3565 3406 sponsus
3596 3353 3781 3393 verus.

2195 3427 2404 3497 Sponsa
2429 3441 2557 3482 vero
2583 3435 2764 3480 sancta
2794 3425 3054 3490 Ecclesia,
3083 3441 3150 3480 ex
3176 3426 3424 3480 omnibus
3451 3436 3783 3497 congregata

2193 3519 2463 3590 gentibus,
2495 3519 2562 3573 de
2589 3533 2705 3588 qua-
2723 3516 3017 3588 Apostolus
3043 3517 3123 3570 ait
3165 3533 3181 3571 :
3217 3516 3539 3586 Desponsavi
3565 3535 3656 3572 vos
3688 3515 3781 3572 inii

2192 3611 2304 3666 uiro
2329 3611 2578 3681 virginem
2611 3621 2806 3663 castam
2834 3607 3072 3662 exhibere
3095 3607 3325 3662 Christo.

2263 3702 2476 3756 Amicus
2505 3711 2677 3753 autem
2707 3698 2902 3768 sponsi,
2925 3699 3014 3768 qui
3042 3706 3142 3750 stat
3167 3707 3214 3750 et
3239 3697 3384 3750 audit
3407 3714 3546 3761 eum,
3577 3697 3778 3767 gaudio

2193 3792 2383 3862 gaudet
2409 3801 2617 3861 propter
2653 3804 2822 3843 vocem
2853 3789 3051 3856 sponsi,
3084 3803 3190 3840 non
3219 3786 3323 3841 sibi
3365 3787 3618 3857 gaudium
3651 3785 3780 3844 facit

2195 3886 2262 3941 de
2289 3899 2378 3949 se;
2409 3883 2500 3952 qui
2529 3882 2674 3936 enim
2710 3880 2825 3934 vult
2858 3879 3094 3950 gaudere
3120 3879 3186 3932 de
3215 3893 3272 3932 se
3319 3878 3486 3932 tristis
3511 3880 3650 3943 erit;
3683 3880 3779 3948 qui

2195 3986 2374 4031 autem
2400 3975 2466 4030 de
2501 3975 2613 4029 Deo
2655 3967 2890 4043 gaudere
2921 3971 3056 4035 vult,
3105 3983 3318 4038 semper
3342 3969 3614 4040 gaudebit,
3649 3969 3780 4038 quia

2188 4067 2338 4121 Deus
2395 4065 2753 4132 sempiternus
2815 4069 2918 4114 est.
2980 4059 3161 4114 Talem
3222 4075 3280 4114 se
3325 4059 3460 4114 dixit
3517 4059 3769 4115 Joannes

2196 4152 2421 4224 Propter
2469 4168 2635 4208 rorem
2664 4151 2836 4220 sponsi
2893 4150 3143 4218 gaudebit
3180 4149 3384 4203 amicus
3422 4150 3602 4218 sponsi
3629 4190 3646 4214 ,
3677 4151 3778 4213 ait.

2195 4260 2303 4301 non
2352 4253 2572 4314 propter
2617 4255 2804 4296 vocem
2854 4255 3025 4294 suam.
3079 4237 3144 4314 Et
3194 4247 3295 4291 stat
3350 4248 3397 4291 ct
3432 4239 3582 4292 audit
3630 4256 3776 4296 eum.

2195 4335 2255 4390 Si
2283 4350 2412 4403 ergo
2441 4332 2585 4386 cadit
2632 4347 2736 4384 non
2765 4329 2914 4383 audit
2942 4315 3196 4382 eutnf‘De
3247 4327 3337 4381 illo
3383 4329 3650 4395 quondam
3681 4329 3777 4399 qni

2197 4424 2392 4481 cecidit
2419 4424 2619 4478 dictum
2651 4431 2754 4479 est.
2800 4429 2847 4472 et
2877 4420 2930 4472 in
2971 4421 3185 4473 ueritate
3215 4434 3317 4471 non
3345 4419 3504 4482 stetit,
3548 4419 3614 4472 de
3661 4419 3783 4474 dia—

2198 4515 2324 4572 bolo
2351 4514 2552 4569 dictum
2584 4520 2685 4573 est.
2741 4509 2881 4580 Ergo
2908 4519 3052 4563 stare
3087 4510 3243 4565 debet
3272 4509 3478 4564 amicus
3507 4509 3690 4578 sponsi
3723 4517 3783 4564 et

2201 4603 2407 4660 audire.
2454 4601 2592 4667 Quid
2621 4607 2701 4653 cst
2745 4599 2927 4653 stare?
2977 4597 3300 4653 Permanere
3347 4601 3399 4652 in
3447 4599 3616 4668 gratia
3658 4597 3783 4665 ejus

2202 4689 2611 4762 quamaccepit,
2644 4697 2700 4740 et
2725 4687 2874 4742 audit
2896 4701 3083 4742 vocem
3109 4689 3175 4741 ad
3203 4703 3362 4757 quam
3395 4689 3641 4758 gaudeat.
3687 4688 3782 4744 Sic

2199 4790 2318 4836 erat
2343 4779 2576 4834 Joannes
2607 4797 2618 4830 :
2653 4785 2877 4834 noverat
2904 4777 3043 4831 unde
3073 4779 3361 4847 gaudebat,
3394 4793 3500 4833 non
3543 4779 3645 4832 sibi
3681 4795 3778 4834 ar-

2206 4869 2430 4938 rogalrat
2455 4868 2595 4938 quod
2635 4868 2746 4936 ipse
2773 4883 2879 4921 non
2902 4877 3049 4933 erat;
3082 4869 3287 4923 sciebat
3315 4866 3674 4922 illuminatum
3696 4884 3786 4938 se,

2203 4975 2308 5014 non
2340 4957 2772 5014 illuminatorem.

2274 5046 2434 5101 Illum
2463 5054 2658 5115 Oportet
2690 5060 2938 5109 crescere,
2975 5061 3056 5099 me
3100 5055 3272 5100 autem
3315 5048 3498 5099 minui.
3527 5045 3669 5113 Quid
3696 5056 3787 5103 est

2205 5137 2339 5193 hoc?
2384 5135 2532 5191 illum
2583 5143 2794 5206 oportet
2823 5135 3073 5203 exaltari,
3122 5152 3209 5192 me
3248 5147 3426 5191 autem
3478 5138 3781 5193 humiliari.

2205 5226 2449 5299 Magnum
2490 5226 2592 5280 hoc
2633 5234 3031 5280 sacramentum
3069 5235 3170 5281 est.
3221 5226 3519 5294 Antequam
3564 5229 3786 5283 veniret

2204 5317 2461 5373 Dominus
2501 5313 2676 5377 Jcsus,
2718 5315 3085 5384 gloriabantur
3125 5314 3371 5371 homines
3407 5313 3474 5368 de
3499 5329 3593 5381 se;
3626 5316 3784 5369 venit

2204 5405 2292 5461 illo
2315 5406 2474 5459 homo
2499 5413 2552 5455 ut
2580 5403 2911 5456 minueretur
2934 5402 3168 5457 hominis
3189 5402 3384 5472 gloria,
3408 5410 3462 5458 et
3490 5414 3788 5474 cogeretur

2204 5495 2368 5567 gloria
2401 5493 2512 5549 Dei.
2547 5493 2753 5546 Etenim
2785 5493 2931 5546 venit
2966 5491 3054 5546 ille
3084 5491 3200 5545 sine
3241 5499 3464 5560 peccato
3489 5500 3545 5546 et
3572 5492 3791 5548 invenit

2205 5597 2392 5638 omnes
2433 5595 2553 5634 cum
2601 5588 2836 5648 peccato.
2872 5577 2927 5632 Si
2973 5581 3052 5632 sic
3076 5579 3220 5631 venit
3261 5579 3348 5634 ille
3388 5587 3449 5633 ut
3479 5579 3788 5635 dimitteret

2206 5679 2448 5740 peccata,
2497 5666 2637 5721 Deus
2669 5667 2947 5736 largiatur,
2988 5670 3146 5722 homo
3175 5668 3518 5723 muﬁteatur.
3566 5669 3790 5725 Etenim
