3946 6330
181 331 278 386 205

1251 320 1569 379 HOMILUE
1597 321 1665 377 IN
1703 320 1955 380 EVANC.
1998 321 2083 378 ET
2126 320 2345 378 EPiST.

3344 318 3446 379 206

182 439 441 498 confessio
469 438 713 494 hominis
738 435 1030 497 humilitas,
1064 434 1297 489 hominis
1325 432 1622 497 miseratio,
1659 432 1753 487 Dei
1786 438 1830 496 Α
1860 434 1951 487 lux
1990 434 2043 486 in
2078 433 2329 487 mundum
2370 432 2481 488 ueni
2522 440 2575 485 ut
2619 435 2785 487 omnis
2838 448 2927 501 qui
2970 434 3133 487 credit
3161 430 3216 488 in
3267 452 3347 492 me
3383 439 3441 491 in

183 531 417 587 altiudo.
452 528 511 585 Si
542 545 676 600 ergo
701 529 847 584 venit
874 528 963 583 ille
1006 528 1277 583 dimittere
1304 533 1549 596 peccata,
1597 540 1762 597 agno-

184 632 292 680 stat
316 622 479 677 homo
505 618 867 674 humilitatem
898 632 1071 680 suam,
1104 624 1157 673 et
1184 616 1333 671 Deus
1360 615 1523 672 faciet
1548 616 1760 671 miseri-

184 713 415 769 cordiam
444 725 624 765 suam.

252 802 353 869 Qui
393 802 675 855 desursum
716 809 849 854 venit
890 814 1049 869 super
1074 814 1251 852 omnes
1281 806 1376 862 est,
1411 799 1463 852 id
1488 804 1593 861 est,
1615 796 1765 851 Chrio

184 902 312 948 stus.
344 890 447 957 Qui
495 900 668 944 autem
705 899 779 943 est
822 889 884 943 de
923 898 1097 952 terra,
1149 888 1213 941 de
1255 896 1395 941 terra
1426 886 1677 957 loquitur,
1709 887 1761 941 id

184 992 281 1048 est,
295 981 551 1037 Joannes.
570 979 851 1046 Quomodo
875 993 1004 1051 ergo
1029 978 1094 1034 de
1117 987 1261 1033 terra
1285 976 1765 1049 loquitur?0mnis

185 1076 339 1129 homo
368 1083 620 1128 terrenus
643 1080 747 1136 est,
777 1079 829 1126 et
852 1056 977 1124 dum
1001 1078 1216 1126 terrena
1247 1070 1505 1139 loquitur,
1527 1070 1592 1126 de
1620 1076 1765 1124 terra

184 1166 432 1237 loquitur,
461 1163 555 1234 qui
578 1178 710 1218 vero
760 1162 1090 1217 illuminatus
1115 1169 1197 1216 est
1244 1162 1313 1216 ab
1360 1176 1425 1217 eo
1454 1160 1546 1229 qui
1577 1169 1660 1215 est
1682 1160 1762 1214 lu-

184 1271 301 1311 men
328 1270 546 1318 verum,
579 1254 646 1309 de
682 1254 881 1310 divinis
910 1252 1167 1323 loquitur.

252 1344 352 1411 Qui
383 1345 449 1399 de
486 1343 612 1399 cmlo
642 1347 777 1399 venit
804 1359 971 1414 super
999 1360 1175 1397 omnes
1209 1352 1281 1396 est
1300 1380 1315 1407 ,
1361 1341 1624 1397 Dominus
1671 1341 1764 1395 Je-

180 1451 270 1491 sus
310 1435 562 1490 Christus
610 1435 676 1489 de
704 1448 813 1505 quo
847 1435 1097 1502 superius
1147 1435 1353 1488 dictum
1393 1441 1479 1487 est
1528 1451 1541 1485 :
1597 1432 1764 1487 Nemo

182 1526 405 1581 ascendit
436 1527 495 1579 in
533 1527 745 1591 calum,
790 1524 890 1580 nisi
932 1525 1020 1595 qui
1051 1525 1115 1579 de
1148 1523 1273 1579 calo
1295 1526 1598 1589 descendit,
1623 1525 1764 1593 ﬁlius

179 1615 419 1680 hominis,
450 1615 544 1685 qui
569 1624 642 1669 est
668 1616 723 1670 in
746 1612 872 1669 celo
886 1630 907 1679 ;
936 1621 1019 1669 est
1043 1625 1223 1671 autem
1255 1630 1418 1685 super
1444 1623 1655 1671 omnes;

248 1692 501 1779 Et‘quod
544 1711 674 1765 vidit
703 1719 753 1763 et
813 1708 1060 1773 audivit,
1117 1708 1215 1761 hoc
1263 1706 1513 1778 loquitur.
1580 1706 1759 1767 Habet

1862 522 2083 578 tenebris
2114 540 2221 579 non
2266 533 2492 579 maneat.

1934 613 2079 667 Dixit
2101 614 2333 684 quodam
2356 614 2474 670 loco
2495 614 2769 687 discipulis
2799 615 2913 671 suis
2939 632 2953 670 :
2995 615 3096 670 Vos
3122 621 3245 672 estis
3265 624 3443 675 lumen

1863 703 2092 757 mundi:
2150 721 2253 759 non
2305 714 2467 774 potest
2515 706 2763 760 abscondi
2806 708 2988 762 civitas
3032 725 3189 779 super
3218 720 3446 769 montem

1861 795 2174 860 constituta;
2217 812 2378 867 neque
2404 797 2691 851 accendunt
2721 797 2985 854 lucernam
3028 810 3078 855 et
3104 811 3304 870 ponunt
3327 819 3444 856 eam

1860 890 1955 944 sub
1990 888 2187 953 modio,
2235 888 2325 943 sed
2360 904 2511 959 super
2549 888 3018 953 candelabrum,ut
3059 891 3227 945 luceat
3276 892 3419 947 omni

1865 979 1957 1033 bus
1981 979 2069 1050 qui
2109 979 2172 1047 in
2193 978 2347 1033 domo
2376 961 2518 1033 sunt.
2549 975 2638 1033 Sic
2668 977 2838 1032 luceat
2879 979 3052 1034 lumen
3083 993 3304 1035 uestrum
3350 998 3440 1035 co-

1866 1085 1979 1122 ram
2007 1068 2325 1131 hominibus,
2360 1078 2414 1121 ut
2444 1068 2649 1122 rideant
2689 1084 2845 1137 opera
2871 1078 3039 1123 vestra
3076 1072 3209 1124 bona
3239 1080 3288 1125 et
3326 1070 3443 1142 glo-

1866 1159 2065 1227 riﬁcent
2095 1155 2310 1211 Patrem
2336 1166 2583 1223 vestrum,
2612 1158 2700 1229 qui
2728 1159 2781 1211 in
2810 1157 2951 1213 caelis
2973 1168 3066 1212 est.
3107 1159 3234 1215 Non
3272 1171 3444 1215 tamen

1863 1250 1978 1304 dixi
2007 1248 2146 1302 vobis
2168 1264 2190 1302 :
2234 1247 2600 1302 Lux‘venistis
2640 1250 2695 1303 in
2732 1236 3008 1315 mundum,
3060 1258 3115 1303 ut
3156 1253 3321 1305 omnis
3356 1253 3445 1322 qui

1866 1338 2027 1392 credit
2058 1339 2113 1392 in
2144 1355 2228 1392 vos
2252 1338 2307 1391 in
2337 1339 2558 1392 tenebris
2610 1356 2712 1394 non
2755 1351 2985 1394 maneat.
3030 1339 3305 1410 Nusquam
3344 1343 3446 1398 hoc

1868 1429 1967 1499 legi
1994 1444 2152 1499 posse
2172 1430 2455 1485 conﬁrmo.
2490 1429 2715 1485 Lumina
2740 1443 2869 1501 ergo
2890 1440 3017 1486 sunt
3044 1448 3231 1488 omnes
3253 1435 3443 1497 sancti,

1862 1521 1960 1577 sed
1988 1522 2256 1587 credendo
2285 1520 2659 1575 illuminantur
2688 1523 2757 1577 ab
2800 1536 2887 1587 eo,
2921 1536 2952 1576 a
2977 1538 3083 1592 quo
3123 1524 3169 1578 si
3215 1525 3337 1594 quis
3366 1539 3448 1579 ro-
3484 1594 3485 1597 η

1864 1613 2115 1676 cesserit,
2144 1612 2535 1668 tenebrabitur.
2560 1611 2767 1667 Lumen
2797 1621 2975 1667 autem
3009 1614 3138 1669 illud
3163 1615 3304 1684 quod
3333 1614 3448 1669 illu-

1865 1704 2101 1759 minatur
2127 1716 2160 1757 a
2202 1716 2281 1769 se,
2316 1703 2570 1759 recedere
2599 1718 2703 1757 non
2744 1711 2948 1773 potest,
2976 1704 3101 1773 quia
3149 1705 3438 1760 incommu.

177 1802 319 1857 enim
344 1810 401 1856 et
429 1802 649 1857 Patrem
705 1801 820 1870 ipse
862 1800 1031 1855 Filius
1060 1801 1188 1865 Dei;
1239 1802 1402 1856 habet
1443 1808 1500 1855 et
1542 1800 1758 1855 Patrem
1792 1801 1834 1860 Β
1864 1793 2023 1849 labile
2049 1794 2269 1849 omnino
2310 1803 2411 1848 est.
2444 1792 2576 1848 Cum
2619 1802 2794 1849 autem
2829 1794 2978 1857 dicit,
3013 1792 3197 1848 Omnis
3227 1796 3317 1865 qui
3338 1812 3443 1849 cre-

181 1900 234 1946 et
259 1893 467 1947 audivit
493 1907 521 1945 a
551 1892 733 1947 Patre.

250 1982 403 2047 Quod
433 1983 560 2037 uidit
591 1992 638 2037 et
668 1982 867 2038 audivit
895 1980 1029 2035 illud
1058 1991 1314 2046 testatur,
1335 1981 1764 2036 etstestimonium

186 2076 291 2143 ejus
323 2089 479 2127 nemo
506 2072 712 2143 accipit.
744 2072 799 2127 Si
826 2087 1010 2137 nemo,
1033 2072 1104 2127 ad
1131 2071 1260 2141 quid
1288 2071 1476 2127 venit?
1501 2071 1768 2138 Querunt-

186 2164 299 2219 dam
329 2178 463 2234 ergo
495 2178 656 2221 nemo
679 2170 781 2219 est.
812 2162 1041 2228 Quidam
1060 2161 1299 2232 populus
1323 2169 1661 2232 praeparatur
1698 2161 1765 2215 ad

186 2256 315 2309 iram
349 2255 469 2318 Dei,
519 2255 857 2310 damnandus
903 2269 1030 2313 cum
1069 2254 1298 2316 diabolo,
1329 2269 1561 2323 quorum
1609 2269 1767 2310 nomo

180 2348 374 2420 accipit
421 2347 793 2402 testimonium
820 2343 1041 2401 Christi.
1096 2331 1233 2402 Nam
1257 2345 1303 2399 si
1343 2345 1564 2403 omnino
1610 2360 1766 2399 nemo

183 2438 357 2495 nullus
395 2437 585 2500 homo,
612 2435 742 2505 quid
766 2443 849 2491 est
876 2434 1023 2503 quod
1050 2435 1296 2502 sequitur

251 2532 355 2599 Qui
378 2531 570 2601 accipit
596 2530 945 2586 testimonium
967 2528 1107 2597 ejus,
1128 2527 1351 2597 signavit
1374 2527 1499 2593 quia
1524 2525 1665 2581 Deus
1692 2540 1765 2581 ue-

182 2637 277 2677 ro:-
298 2632 395 2676 est.
422 2620 586 2677 Certe
613 2634 745 2691 ergo
769 2618 1009 2683 nemo,si
1036 2626 1091 2672 tu
1122 2617 1236 2686 ipse
1254 2617 1410 2681 dicis,
1442 2618 1533 2686 qui
1557 2617 1767 2685 accepit

183 2710 713 2780 testimoniumejus,
745 2710 975 2780 signavit
1001 2711 1131 2779 quia
1160 2708 1422 2766 Dominus
1469 2722 1633 2763 verax
1663 2716 1764 2762 est.

251 2801 419 2869 Quem
462 2803 599 2856 enim
646 2801 784 2854 misit
819 2799 976 2863 Deus,
1014 2799 1167 2854 verba
1214 2798 1307 2853 Dei
1354 2798 1611 2868 loquitur.
1650 2797 1768 2868 ipse

182 2904 265 2954 est
292 2911 486 2953 verax.
516 2896 633 2964 ipse
676 2903 769 2947 est.
808 2892 951 2947 Dens
1000 2898 1061 2945 et
1106 2890 1365 2946 Dominus
1408 2884 1591 2945 noster
1610 2888 1770 2945 lastis

182 2985 551 3047 Cbristus.~de
580 2999 687 3053 quo
710 2981 995 3054 Apostolus
1024 2981 1103 3035 ait
1128 2995 1142 3033 :
1189 2978 1476 3050 Postquam
1503 2980 1636 3034 venit
1659 2979 1769 3049 ple-

185 3075 364 3131 nitudo
411 3072 860 3141 temporis,misit
911 3071 1048 3127 Dens
1099 3069 1296 3126 Filium
1350 3086 1525 3130 suum,
1568 3068 1766 3139 factum

1868 1885 1944 1940 dit
1985 1886 2044 1941 in
2078 1901 2159 1938 me
2194 1886 2250 1937 in
2294 1884 2515 1939 tenebris
2564 1899 2665 1938 non
2718 1894 2911 1947 manet,
2964 1886 3113 1939 satis"
3141 1885 3441 1942 manifestat

1866 1991 2058 2032 omnes
2100 1990 2158 2030 se
2186 1975 2240 2028 in
2270 1974 2504 2029 tenebris
2532 1974 2832 2041 invenisse;
2866 1976 2957 2030 sed
2990 1992 3057 2031 ne
3102 1977 3154 2030 in
3181 1976 3260 2034 eis
3296 1986 3437 2032 tene,

1870 2067 1983 2123 bris
2012 2072 2330 2121 remaneant
2357 2064 2411 2119 in
2451 2066 2648 2135 quibus
2687 2067 2890 2120 inventi
2921 2078 3068 2132 sunt,
3097 2067 3291 2123 debent
3332 2083 3425 2124 cre

1868 2158 1997 2212 dere
2026 2159 2078 2210 in
2108 2156 2280 2210 lucem
2309 2171 2428 2226 qua:
2463 2157 2607 2225 venit
2633 2157 2685 2211 in
2727 2159 2870 2213 hunc
2899 2160 3175 2227 mundum,
3210 2162 3333 2231 quia
3355 2176 3435 2232 pet

1870 2246 2013 2301 illam
2042 2246 2216 2301 factus
2252 2255 2336 2302 est
2364 2247 2614 2302 mundus.

1939 2338 2008 2393 Et
2035 2338 2081 2394 si
2107 2339 2224 2409 quis
2269 2338 2518 2402 audierit,
2551 2338 2745 2408 inquit,
2775 2337 2927 2411 verba
2979 2356 3093 2395 mea
3126 2355 3175 2396 et
3221 2359 3326 2398 non
3351 2360 3433 2399 cst-

1868 2426 2126 2493 stodierit,
2153 2443 2246 2499 ego
2269 2442 2373 2484 non
2391 2427 2575 2497 judico
2615 2444 2752 2481 eum.
2786 2429 2983 2483 Audite
3016 2432 3285 2499 quomodo
3320 2434 3425 2489 dici

1868 2517 2058 2586 Filius,
2090 2518 2201 2590 Ego
2240 2534 2343 2573 non
2378 2519 2565 2588 judico
2607 2535 2750 2585 eum,
2791 2535 2913 2579 cum
2955 2522 3101 2577 dicat
3131 2523 3237 2579 alio
3274 2525 3393 2581 loco

1871 2608 2035 2665 Pater
2055 2626 2158 2665 non
2171 2610 2383 2681 judicat
2402 2626 2733 2682 quamquam,
2756 2612 2847 2667 sed
2870 2628 3019 2666 omne
3032 2613 3296 2682 judicium
3311 2616 3429 2670 dedi

1870 2697 2033 2764 Filio,
2053 2697 2156 2753 nisi
2182 2699 2331 2768 quod
2341 2698 2743 2770 intelligendum
2766 2708 2847 2754 est
2862 2702 3003 2770 quod
3019 2702 3263 2770 sequitur
3289 2721 3301 2755 :
3328 2702 3435 2763 Νοι

1868 2791 2007 2844 enint
2036 2790 2171 2860 veni,
2200 2790 2401 2859 inquit,
2434 2798 2487 2842 ut
2509 2788 2750 2859 judicent
2788 2795 3064 2862 orandum,
3110 2794 3201 2848 sed
3235 2802 3291 2847 ut
3342 2795 3441 2848 sal-

1869 2898 1991 2937 vum
2015 2881 2210 2951 faciam
2240 2881 2512 2935 mundum.
2550 2880 2704 2937 Nunc
2731 2896 2859 2954 ergo
2902 2894 2988 2937 est
3025 2893 3235 2954 tempus
3284 2886 3449 2943 mise-

1871 2972 2149 3037 ricordias;
2181 2981 2303 3041 post
2327 2972 2433 3027 erit
2453 2972 2663 3043 iudicii,
2696 2974 2822 3041 quia
2871 2976 3287 3030 adserit-ordinm
3315 3017 3331 3043 ,
3369 2978 3453 3033 in—

1872 3062 2010 3131 quit,
2054 3071 2103 3114 et
2130 3061 2396 3131 judicium
2434 3062 2654 3116 cantabo
2683 3064 2796 3127 tibi,
2841 3062 3086 3128 Domine.
3115 3064 3221 3128 Sed
3244 3068 3312 3121 de
3340 3067 3457 3138 ipso

183 3185 244 3220 ea:
273 3166 513 3226 muliere,
542 3164 739 3233 factum
766 3163 861 3217 sub
900 3162 1029 3231 lege.
1060 3160 1230 3228 Quem
1253 3162 1389 3217 enim
1418 3161 1559 3215 misit
1604 3160 1764 3227 Deus,
1794 3147 1839 3210 C
1871 3150 2034 3205 etiam
2064 3148 2244 3205 futuro
2287 3150 2579 3204 novissimo
2617 3149 2823 3218 judicio
2865 3153 3043 3215 videte
3086 3154 3214 3222 quid
3258 3154 3402 3211 dicat
3435 3173 3451 3210 :

182 3258 332 3311 verba
363 3255 463 3309 Dei
493 3254 748 3325 loquitur;
779 3253 883 3307 hoc
909 3255 1095 3322 utique
1124 3253 1189 3307 de
1210 3252 1427 3307 Christo
1450 3252 1686 3315 dicebat,
1710 3261 1772 3306 ut

182 3362 240 3403 se
258 3348 325 3402 ab
349 3346 443 3400 illo
471 3346 846 3414 distingueret.

252 3441 375 3496 Non
441 3440 580 3493 enim
643 3438 710 3490 ad
771 3450 1076 3489 mensuram
1135 3436 1225 3490 dat
1293 3434 1435 3489 Deus
1510 3434 1770 3503 spiritum.

183 3530 316 3586 Audi
356 3528 679 3599 Apostolum
735 3527 1006 3581 dicentem
1057 3542 1069 3580 :
1120 3526 1421 3581 Secundum
1474 3541 1773 3579 mensuram

182 3623 484 3677 donationis
508 3618 701 3674 Christi
728 3618 1024 3672 hominibus
1049 3617 1118 3670 ad
1140 3633 1442 3671 mensuram
1462 3616 1576 3669 dat.
1603 3615 1775 3671 Unico

183 3714 317 3769 Filio
345 3728 461 3766 non
491 3712 584 3765 dat
610 3709 677 3763 ad
706 3724 1053 3771 mensuram;
1076 3708 1347 3776 quomodo
1375 3705 1679 3762 hominibus
1708 3705 1773 3758 ad

186 3817 520 3859 mensuram.
568 3798 673 3851 Alii
713 3799 924 3869 quidem
977 3801 1135 3851 datur
1178 3814 1271 3866 per
1320 3795 1573 3865 Spiritum
1606 3811 1774 3849 sermo

182 3894 480 3963 sapientiw,
511 3893 606 3944 alii
633 3906 799 3944 sermo
824 3890 1057 3944 scientia:
1084 3890 1370 3943 secundum
1391 3887 1631 3940 eumdem
1654 3884 1769 3954 Spi—

185 3989 340 4039 situm
360 4025 375 4048 ,
405 3983 503 4036 alii
534 3981 664 4049 ﬁdes
694 3981 746 4033 in
790 3979 967 4033 eodem
999 3978 1222 4047 Spiritu,
1254 3977 1346 4031 alii
1368 3977 1654 4046 prophetia,
1682 3974 1775 4030 alii

178 4074 441 4144 judicatio
493 4072 793 4140 spirituum,
839 4068 992 4121 alteri
1050 4083 1240 4138 genera
1289 4066 1614 4135 linguarum,
1684 4064 1775 4118 alii

185 4163 321 4217 dona
348 4162 708 4215 curationum.

1877 3239 1981 3305 Qui
2009 3240 2204 3309 spernit
2236 3255 2339 3305 me,
2365 3249 2411 3292 et
2432 3256 2545 3299 non,
2586 3242 2773 3309 accipit
2814 3242 2965 3295 verba
2995 3259 3131 3307 mea,
3170 3245 3322 3300 habet
3362 3247 3454 3317 qui

1866 3328 2069 3399 judicet
2093 3344 2245 3399 eum;
2273 3345 2443 3389 sermo
2476 3346 2629 3399 quem
2667 3330 2873 3385 locutus
2918 3349 3052 3398 sum,
3084 3334 3171 3388 ille
3191 3335 3456 3404 judicabit

1873 3435 1987 3472 eum
2015 3421 2069 3473 in
2090 3421 2366 3474 novissimo
2387 3421 2491 3474 die.
2514 3422 2611 3475 Ait
2634 3434 2791 3493 ergo:
2817 3421 2925 3487 Qui
2960 3425 3152 3493 spernit
3169 3440 3250 3479 me
3276 3437 3325 3479 et
3350 3444 3453 3481 non

1874 3511 2061 3580 accipit
2089 3510 2241 3564 verba
2266 3526 2403 3573 mea,
2428 3509 2580 3564 habet
2598 3512 2688 3581 qui
2704 3511 2908 3580 judicet
2937 3529 3086 3578 eum;
3114 3531 3283 3570 sermo
3303 3533 3456 3586 quem

1874 3601 2076 3655 locutus
2090 3599 2584 3671 sum,illejudicabit
2600 3618 2717 3655 eum
2731 3603 2783 3655 in
2802 3603 3079 3657 novissimo
3094 3605 3196 3658 die.
3215 3604 3332 3661 Non
3351 3608 3421 3660 ait
3441 3624 3453 3660 :

1875 3693 1975 3761 Qui
2000 3691 2203 3764 spernit
2226 3709 2332 3760 me,
2356 3705 2409 3751 et
2434 3712 2539 3750 non
2567 3697 2764 3766 accipit
2785 3700 2948 3754 verba
2976 3716 3231 3773 mea,ego
3252 3719 3357 3757 non
3374 3700 3460 3775 ju-

1876 3786 1997 3840 dico
2011 3801 2133 3840 eum
2157 3787 2209 3840 in
2228 3788 2520 3842 novissimo
2535 3788 2637 3844 die.
2663 3789 2816 3855 Venit
2833 3806 2959 3861 ergo
2973 3790 3140 3847 Filius
3158 3795 3248 3853 Dei
3263 3794 3331 3848 ad
3351 3796 3458 3851 sal-

1874 3877 2128 3941 vandum,
2178 3892 2283 3933 non
2312 3878 2378 3931 ad
2400 3876 2768 3946 judicandum.
2801 3881 2926 3937 ldeo
2950 3883 3106 3946 dixit,
3136 3901 3238 3941 non
3270 3886 3457 3955 judico

1874 3981 2013 4033 eum,
2052 3964 2107 4018 id
2148 3974 2231 4019 est
2269 3967 2448 4031 modo,
2490 3967 2543 4021 id
2583 3976 2667 4023 est
2716 3970 2769 4023 in
2798 3964 3073 4039 praesenti,
3124 3973 3227 4027 sed.
3271 3974 3458 4045 judico

1875 4069 1997 4108 eum
2026 4055 2079 4109 in
2109 4056 2405 4120 novissimo
2435 4058 2540 4112 die.
2568 4057 2708 4113 Cum
2736 4060 2881 4114 enim
2907 4061 3155 4128 dixisset,
3181 4052 3284 4129 Qui
3312 4082 3458 4135 sper-

1877 4143 1951 4197 nit
1986 4160 2086 4210 me,
2133 4156 2181 4199 et
2221 4164 2325 4200 non
2354 4148 2541 4219 accipit
2589 4149 2743 4205 verba
2787 4166 2921 4215 mea,
2944 4152 3096 4207 habet
3118 4156 3212 4224 qui
3252 4157 3456 4232 judicet

255 4250 422 4306 Pater
473 4250 646 4320 diligit
680 4248 899 4303 Filium.
952 4246 1134 4313 Quare
1180 4246 1364 4301 enim?
1401 4244 1563 4299 Pater
1605 4244 1777 4312 diligit
1875 4249 2013 4309 eum.
2058 4239 2496 4307 exspectantibus
2520 4240 2768 4310 quisnam
2798 4240 2887 4297 ille
2916 4253 3083 4308 esset,
3112 4255 3307 4301 cautus
3351 4249 3449 4302 ad—

186 4340 476 4403 Joannem,
513 4347 569 4395 et
596 4348 775 4392 tamen
801 4351 907 4392 non
936 4336 1116 4390 omnia
1157 4334 1302 4389 dedit
1331 4334 1384 4387 in
1415 4348 1577 4387 manu
1619 4332 1773 4401 ejus;

189 4430 347 4486 Pater
372 4429 553 4497 diligit
581 4428 831 4491 Paulum,
873 4434 931 4481 ct
958 4434 1139 4480 tamen
1183 4439 1287 4479 non
1318 4424 1498 4478 omnia
1531 4423 1681 4478 dedit
1719 4423 1772 4476 in

191 4536 346 4576 manu
384 4518 529 4590 ejus.
564 4517 724 4571 Pater
750 4516 924 4587 diligit
974 4513 1023 4567 F
1025 4514 1196 4579 ilium,
1236 4514 1331 4569 sed
1373 4514 1642 4583 quomodo
1679 4527 1774 4582 pa-

190 4621 273 4667 ter
321 4611 533 4674 ﬁlium,
588 4623 694 4662 non
742 4607 1011 4677 quomodo
1061 4605 1311 4661 dominus
1377 4620 1626 4669 servum;
1678 4604 1774 4661 sed

190 4703 461 4773 quomodo
503 4701 743 4762 unicum,
777 4713 882 4755 non
919 4698 1193 4767 quomodo
1216 4696 1545 4765 adornatum.

258 4795 451 4861 Itaque
481 4792 657 4846 omnia
686 4790 833 4844 dedit
856 4790 913 4845 in
934 4797 1095 4843 manu
1123 4787 1257 4857 ejus.
1287 4786 1425 4853 Quid
1448 4795 1529 4841 est
1547 4786 1728 4841 omnia
1752 4785 1775 4839 ἲ

193 4884 259 4940 lit
290 4892 479 4937 tantus
529 4880 601 4934 sit
645 4878 844 4941 Filius,
886 4886 1122 4945 quantus
1146 4886 1230 4931 est
1280 4875 1458 4931 Pater.
1511 4875 1774 4931 Dominus

189 4974 355 5035 enim,
383 4971 549 5025 Pater
577 4978 631 5024 et
668 4968 858 5032 Filius,
895 4976 951 5021 et
994 4964 1232 5035 Spiritus
1267 4974 1510 5030 sanctus,
1538 4981 1679 5021 unus
1720 4974 1775 5021 et

190 5064 537 5132 omnipotens
567 5069 650 5115 est
698 5059 859 5122 Deus,
888 5057 1041 5126 cujus
1080 5067 1164 5111 est
1212 5072 1316 5110 una
1347 5056 1615 5119 voluntas,
1668 5071 1773 5110 una

191 5161 447 5223 potestas,
483 5150 578 5219 qui
627 5149 679 5203 in
722 5148 894 5202 tribus
922 5155 1098 5202 exstat
1121 5148 1368 5215 personis
1418 5154 1471 5199 et
1507 5162 1610 5201 una
1642 5148 1771 5203 sub—

192 5241 388 5296 stantia
432 5239 623 5291 vivens
662 5245 717 5289 et
750 5251 976 5305 regnans
1010 5250 1104 5304 per
1148 5235 1326 5288 omnia
1370 5235 1561 5290 simula
1606 5249 1775 5289 saecu-

192 5330 383 5383 lorum.
409 5331 612 5382 Amen.

715 5415 988 5477 IlOMlLlA
1030 5414 1267 5469 XXXIII.

858 5521 1013 5563 εειυΑ
1047 5522 1122 5559 γι.

294 5598 489 5657 Lectio
524 5597 703 5653 sancti
739 5595 1015 5668 Evangelii
1050 5598 1343 5653 secundum
1372 5598 1654 5655 Joannem.

274 5692 333 5747 lu
364 5695 459 5746 illo
503 5696 761 5757 tempore,
790 5687 920 5739 dixit
967 5686 1123 5741 Jesus
1163 5690 1432 5756 discipulis
1465 5692 1572 5743 suis
1604 5708 1620 5744 :
1666 5690 1773 5762 Ego

1802 4475 1850 4534 Β

1868 4322 2048 4392 junxit
2079 4344 2092 4379 :
2129 4325 2311 4393 Sermo
2337 4345 2488 4399 quem
2531 4330 2735 4384 locutus
2764 4348 2902 4397 sum,
2932 4332 3018 4387 ille
3036 4334 3295 4405 judicabit
3335 4355 3455 4393 eum

1876 4416 1930 4467 in
1961 4417 2239 4471 novissimo
2265 4418 2369 4471 die.
2404 4418 2650 4487 Seipsum
2686 4422 2884 4491 quippe
2911 4424 3123 4481 locutus
3147 4437 3233 4482 est
3259 4468 3274 4495 ,
3315 4432 3460 4500 δεῖρε

1876 4520 1992 4559 sum
2022 4507 2378 4575 annuntiavit,
2422 4509 2657 4579 seipsum
2686 4511 2918 4579 januam
2964 4517 3163 4585 posuit,
3203 4535 3312 4589 qua
3342 4522 3456 4592 ipse

1875 4597 1941 4649 azl
1967 4610 2095 4651 oves
2124 4608 2311 4666 pastor
2353 4599 2600 4655 intraret.
2646 4601 2817 4657 Aliter
2854 4605 3040 4675 itaque
3070 4607 3457 4676 judicabuutur

1874 4688 1966 4758 qui
1994 4704 2099 4762 non
2131 4690 2439 4756 audierunt,
2472 4701 2527 4745 et
2554 4694 2645 4761 qui
2685 4695 2973 4766 audierunt
3018 4709 3073 4753 et
3116 4710 3455 4772 contempse-

1876 4786 2019 4832 runt.
2052 4778 2157 4844 Qui
2202 4781 2342 4834 enim
2368 4782 2478 4849 sine
2503 4782 2612 4853 lege
2630 4799 2997 4854 peccauerunt,
3029 4791 3105 4847 ait
3126 4792 3413 4862 Apostolus
3432 4836 3448 4859 ,

1871 4872 1982 4937 sine
1996 4870 2107 4947 lege
2128 4872 2400 4941 peritiam;
2421 4882 2469 4927 et
2490 4874 2580 4944 qui
2604 4874 2657 4928 in
2678 4875 2788 4947 lego
2802 4891 3160 4948 peccawrunt,
3174 4900 3268 4952 per
3289 4884 3453 4957 legem
3536 4934 3545 4939 -

1866 4958 2274 5027 judicabantur.

1948 5049 2087 5115 Quia
2117 5068 2229 5122 ego,
2271 5052 2475 5122 inquit,
2513 5071 2577 5108 ex
2600 5073 2804 5112 menon
2828 5077 2943 5115 sum
2980 5060 3204 5118 locutus.
3229 5066 3371 5122 ldcm
3394 5084 3453 5125 se

1876 5144 2005 5198 dicit
2053 5160 2157 5199 non
2207 5146 2443 5201 locutum
2476 5162 2544 5203 ex
2592 5150 2788 5219 seipse.
2835 5150 2954 5207 iam
2992 5155 3100 5211 hoc
3135 5172 3275 5227 saepe
3316 5159 3453 5213 dixi-

1878 5248 1997 5287 mus
2025 5235 2166 5303 quod
2196 5234 2364 5291 Filius
2386 5250 2420 5295 a
2448 5252 2638 5293 senon
2671 5249 2774 5303 est,
2804 5243 2898 5297 sed
2928 5258 2957 5297 a
2988 5242 3177 5311 Patre;
3212 5246 3333 5303 ideo
3360 5249 3456 5303 ad-

1878 5326 2055 5394 iunxit
2084 5345 2097 5379 :

1953 5418 2057 5472 Sed
2083 5418 2173 5491 qui
2199 5422 2340 5475 misit
2370 5436 2450 5474 me
2470 5417 2663 5486 ‘Puter,
2697 5424 2805 5492 ipse
2830 5426 2957 5478 nti/ti
2980 5426 3287 5483 mandatum
3312 5430 3457 5486 dedit

1878 5509 2004 5578 quid
2033 5508 2205 5563 dicam
2234 5519 2280 5563 et
2305 5510 2429 5581 quid
2451 5510 2655 5581 loquar.
2684 5511 2798 5567 Non
2826 5515 2967 5567 enim
2996 5514 3239 5571 locorum
3256 5520 3453 5589 spatio,

1883 5613 1988 5652 non
2018 5598 2343 5668 syllabarum
2371 5599 2742 5668 expressione,
2772 5616 2878 5657 non
2909 5605 3082 5661 vocali
3123 5619 3257 5661 sono
3293 5606 3457 5663 Pater

1883 5690 2016 5743 Filio
2059 5690 2312 5761 loquitur,
2358 5696 2416 5741 ut
2457 5686 2625 5745 Filius
2668 5692 2977 5746 mandatum
3028 5696 3202 5751 Patris
3245 5697 3448 5757 audiat.
