3946 6354
506 378 613 433 207

1162 380 1223 435 Β.
1269 380 1520 436 RABANI
1560 379 1778 437 MAUR]
1818 382 2137 440 ARClllEP.
2183 382 2491 441 MOGUNT.
2535 382 2818 441 OPERUM
2857 385 3035 442 PARS
3076 388 3135 442 ll.

3679 394 3781 454 208

502 492 645 545 sicut
677 489 1080 546 illiushominis
1106 494 1174 547 ab
1204 493 1422 547 homine
1451 494 1643 549 audire
1665 493 1804 550 Solet
1824 496 1957 565 quid
2000 512 2096 566 pa-
2128 498 2169 558 A
2202 507 2281 551 tra
2311 498 2452 567 quod
2476 498 2738 568 quidquid
2781 499 2905 553 boni
2931 501 3162 571 agimus,
3194 503 3295 558 hoc
3341 517 3370 557 a
3410 504 3523 560 Deo
3551 507 3773 561 donatura.

508 591 591 634 ter
627 580 846 636 mandet
871 580 978 648 illi;
1012 581 1105 636 sed
1133 582 1324 637 unicus
1350 583 1520 639 Filius
1546 592 1629 640 est
1653 583 1892 640 Verbum
1919 586 2098 642 Patris

505 680 559 725 et
571 670 851 740 'sapientia
866 670 1063 737 Patris,
1092 670 1144 726 in
1170 672 1265 728 illo
1285 683 1413 728 sunt
1433 674 1613 729 omnia
1634 675 1882 729 mandata
1899 674 2093 739 Patris,

504 774 682 832 neque
726 762 872 816 enim
916 763 1228 818 mandatum
1257 762 1437 819 Patris
1478 764 1771 835 aliquando
1808 766 1978 822 Filius
2005 782 2098 823 ne-

503 853 687 920 scivit,
722 864 803 908 'ut
851 868 975 909 eum
1035 868 1261 911 necesse
1308 867 1456 913 esset
1490 872 1558 913 ex
1608 867 1848 928 tempore
1872 860 2098 915 “habere

503 942 650 1011 quod
692 944 900 1014 accepit
942 954 1001 997 ut
1044 946 1317 1001 nascendo
1359 948 1652 1017 acciperet,
1683 949 2094 1020 dederitqueilli

503 1032 777 1106 gignendo
802 1034 968 1089 Pater
997 1036 1139 1104 quod
1169 1052 1278 1091 non
1317 1037 1567 1103 haberet,
1611 1040 1704 1094 sed
1746 1054 1870 1095 eum
1911 1042 2096 1113 genuit

502 1125 672 1180 vitam
710 1126 1023 1193 habentem,
1054 1128 1196 1183 sicut
1219 1130 1468 1201 superius
1494 1131 1569 1184 ait
1600 1151 1611 1184 :
1641 1130 1787 1187 Sicut
1813 1130 1976 1189 Pater
1999 1135 2096 1189 ha-

499 1220 583 1275 bet
608 1223 790 1287 vitam,
811 1222 885 1276 sic
908 1222 1050 1277 dedit
1080 1234 1127 1278 et
1154 1222 1295 1278 Filio
1316 1225 1477 1279 vitam
1501 1227 1689 1283 habere
1720 1229 1774 1283 in
1796 1232 2090 1301 semetipso,

498 1312 557 1369 id
583 1323 687 1379 est,
717 1316 904 1386 genuit
935 1315 1131 1370 Filium
1160 1316 1325 1371 vitam
1350 1317 1635 1373 habentem
1674 1320 1728 1374 in
1767 1323 2090 1392 semetipso.

499 1407 579 1462 sic
610 1406 742 1462 dicit
773 1407 882 1472 hic,
916 1404 1062 1461 Sicut
1108 1409 1421 1464 mandatum
1455 1410 1598 1465 dedit
1639 1413 1767 1466 mihi
1811 1412 2011 1481 Pater;
2039 1425 2096 1470 et

499 1494 625 1565 quia
677 1502 879 1549 aeterna
908 1503 991 1550 est
1038 1496 1154 1568 ipsa
1191 1500 1467 1563 nativitas,
1521 1516 1795 1572 nunquam
1838 1519 1947 1559 non
1993 1504 2095 1560 fuit

495 1584 690 1650 Filius,
720 1586 812 1655 qui
841 1586 1089 1653 estvita;
1121 1598 1178 1642 et
1220 1588 1360 1643 sicut
1389 1597 1473 1644 est
1503 1590 1616 1644 vita
1645 1598 1867 1653 teterua,
1920 1590 1999 1649 ita
2036 1607 2091 1650 et

498 1677 815 1731 mandatum
844 1692 859 1733 :
892 1678 1156 1747 non'quod
1184 1678 1349 1735 Filius
1366 1682 1473 1735 non
1498 1680 1696 1737 habeat
1739 1681 1895 1738 Pater
1917 1684 2087 1750 dedit,

492 1767 586 1821 sed
612 1768 752 1822 sicut
775 1767 909 1834 dixi,
940 1767 994 1831 in
1024 1769 1289 1838 sapientia
1318 1770 1517 1837 Patris,
1541 1773 1684 1842 quod
1726 1782 1810 1829 est
1852 1776 2087 1832 Verbum

2203 591 2562 659 percepimus.
2609 592 2735 669 inde
2786 593 2986 648 etenim
3026 594 3243 651 Patrem
3302 598 3567 653 luminum
3607 601 3780 671 appel—

2200 682 2293 745 lat,
2335 683 2461 753 quia
2504 694 2781 740 auctorem
2828 686 2978 741 novit
3012 687 3332 756 spiritaIum
3363 691 3778 758 charismatum,

2201 775 2287 829 cui
2315 786 2577 831 consonat
2607 776 2736 831 illud
2779 777 3023 847 Apostoli
3057 797 3069 832 :
3113 779 3253 845 Quid
3294 786 3427 837 enim
3458 784 3618 837 habes
3650 785 3779 855 quod

2202 880 2304 918 non
2340 866 2628 935 accepisti?

2269 956 2423 1025 Apud
2474 972 2628 1027 quem
2671 973 2776 1011 non
2819 967 2893 1011 est
2943 962 3338 1024 transmutatio,
3390 978 3482 1017 nec
3526 964 3779 1019 vicissitu-

2196 1043 2707 1100 dinis-obumbratio.
2738 1046 2875 1115 Quia
2901 1048 2953 1101 in
2975 1048 3069 1103 Dei
3102 1059 3291 1105 natura
3316 1056 3649 1109 mutabilitas
3681 1072 3776 1110 non

2197 1144 2299 1198 est,
2330 1152 2503 1206 neque
2530 1136 2709 1192 lumen
2735 1138 2855 1210 ejus
2880 1138 3021 1194 sicut
3061 1140 3241 1197 htmen
3272 1142 3432 1212 hujus
3462 1147 3650 1200 mundi
3689 1147 3777 1201 alio

2196 1242 2302 1297 qua
2344 1226 2737 1283 vicissitudinis
2781 1231 2972 1285 umbra
3006 1232 3304 1287 intercidit.
3348 1233 3544 1305 Liquet
3571 1238 3777 1307 utique,

2195 1318 2320 1386 quia
2354 1318 2467 1372 sola
2493 1318 2649 1373 nobis
2677 1319 2819 1374 dona
2859 1320 3014 1386 lueis,
3044 1328 3116 1377 et
3162 1337 3273 1378 non
3316 1325 3479 1380 etiam
3531 1328 3777 1384 tenebras

2195 1407 2359 1462 mittit
2388 1423 2659 1464 errorum.

2272 1496 2579 1553 Voluntarie
2607 1500 2745 1553 enim
2780 1504 2956 1570 genuit
2984 1516 3076 1557 nos
3103 1503 3257 1559 verba
3288 1506 3545 1561 veritatis.
3590 1507 3656 1562 Et
3686 1509 3776 1561 ῢοο

2194 1592 2372 1646 minus
2410 1593 2465 1646 in
2509 1593 2843 1665 Evangelio:
2888 1595 3011 1651 Non
3049 1615 3137 1653 vos
3166 1616 3245 1653 me
3287 1600 3533 1670 elegistis.
3572 1606 3775 1673 inquit.

2190 1680 2281 1734 sed
2314 1697 2408 1751 ego
2433 1681 2564 1751 elegi
2594 1698 2700 1737 vos.
2736 1683 2803 1737 Et
2830 1684 2883 1738 in
2910 1684 3046 1741 Osee
3072 1689 3338 1758 propheta
3367 1709 3379 1743 :
3421 1690 3651 1763 Diligmn
3694 1710 3776 1748 rm

2190 1780 2490 1842 spontanee.
2514 1774 2657 1841 Quia
2681 1782 2812 1845 ergo
2834 1777 3049 1833 dixerat
3072 1797 3085 1832 :
3112 1779 3287 1836 Omne
3311 1782 3495 1838 datum
3524 1788 3775 1856 optimum

493 1854 689 1919 Patris,
713 1857 896 1912 omnia
933 1859 1183 1914 mandata
1211 1869 1337 1916 sunt
1382 1860 1578 1917 Patris.
1608 1863 1869 1934 Sequitur
1890 1868 2036 1922 enim
2065 1886 2081 1922 :
2119 1881 2160 1938 Β
2188 1869 2411 1916 “binm
2435 1863 2633 1918 donum
2657 1866 2942 1935 perfectum
2990 1885 3023 1922 α
3071 1868 3178 1925 Dea
3203 1854 3565 1937 descendere,
3592 1891 3779 1931 conse-

562 1948 634 2002 Et
653 1950 765 2005 scio
781 1950 911 2021 quia
923 1951 1230 2005 mandatum
1252 1952 1367 2023 ejus
1390 1955 1493 2008 vita
1516 1966 1718 2011 reterns
1743 1968 1854 2012 est.
1873 1957 1931 2013 Si
1955 1976 2085 2031 ergo

480 2040 601 2096 vita
629 2051 834 2097 interna
860 2052 946 2099 est
973 2043 1087 2112 ipse
1128 2043 1317 2109 Filius,
1349 2056 1403 2101 et
1430 2047 1541 2101 vita
1592 2057 1791 2104 aeterna
1816 2059 1903 2106 est
1931 2065 2086 2107 mau-

486 2133 674 2191 datum
702 2136 901 2203 Patris,
930 2137 1060 2208 quid
1085 2138 1230 2193 aliud
1257 2139 1462 2194 dictum
1492 2149 1576 2195 est
1601 2156 1787 2210 quam,
1828 2142 1941 2215 Ego
1962 2161 2083 2199 sum

480 2227 804 2282 mandatum
859 2226 1067 2283 Patris?
1100 2229 1333 2285 Proinde
1374 2240 1429 2286 et
1460 2232 1511 2285 id
1553 2234 1697 2302 quod
1746 2234 1990 2305 adjunglt
2028 2246 2083 2292 ct

486 2317 619 2373 dicit
651 2334 664 2371 :
701 2304 833 2383 Quae
859 2334 952 2387 ego
994 2318 1179 2387 loquor
1200 2321 1337 2373 sicut
1365 2320 1490 2374 mihi
1530 2321 1663 2375 dixit
1693 2321 1876 2388 Pater,
1904 2304 1982 2379 sic
2002 2324 2083 2379 lo-

482 2424 651 2480 quor,
671 2423 779 2463 non
813 2409 1166 2477 accipiamus,
1196 2409 1329 2464 dixit
1360 2411 1509 2476 milii,
1538 2412 1700 2482 quasi
1723 2415 1892 2471 verbo
1929 2415 2077 2471 locu-

484 2508 571 2554 tus
593 2499 666 2555 sit
695 2499 856 2556 unico
877 2499 1078 2567 Verbo,
1102 2512 1201 2557 aut
1225 2512 1412 2573 egeret
1438 2504 1532 2559 Dei
1561 2505 1742 2561 verbis
1766 2506 1912 2563 Deus
1941 2507 2078 2563 Ver-

482 2591 633 2646 bum.
667 2591 813 2646 Dixit
836 2607 972 2663 ergo
994 2591 1157 2647 Pater
1179 2591 1335 2659 Filio,
1369 2590 1515 2649 Sicut
1542 2594 1683 2649 dedit
1710 2593 1854 2650 Filio
1887 2598 2073 2663 vitam,

480 2694 590 2736 non
618 2682 763 2753 quod
794 2682 1072 2738 nesciebat
1097 2682 1181 2738 vel
1218 2697 1326 2738 non
1353 2683 1603 2751 habebat,
1632 2686 1727 2740 sed
1756 2687 1870 2756 ipse
1907 2686 2077 2743 Filius

480 2780 620 2826 erat.
647 2770 786 2840 Quid
812 2779 898 2827 est
923 2780 1129 2837 autem,
1158 2770 1309 2827 Sicut
1327 2772 1462 2827 dixit
1487 2774 1616 2829 milii
1640 2775 1716 2829 sic
1741 2774 1944 2847 loquor,
1970 2777 2075 2833 nisi

479 2863 709 2918 verbum
739 2862 967 2933 loquor?
1006 2862 1084 2918 ita
1117 2864 1208 2919 ille
1235 2863 1372 2919 dixit
1399 2864 1502 2919 ista
1532 2872 1591 2919 ut
1612 2879 1800 2931 verax,
1836 2866 1940 2922 iste
1986 2868 2065 2922 Io-

480 2955 668 3025 quitur
701 2962 761 3009 ut
799 2955 1043 3019 veritas;
1093 2970 1257 3010 verax
1302 2962 1486 3010 autem
1532 2955 1716 3027 genuit
1766 2958 2071 3015 veritatem.

480 3043 618 3113 Quid
644 3057 781 3115 ergo
803 3041 920 3112 jam
949 3043 1152 3099 diceret
1170 3043 1421 3098 veritati?
1446 3043 1563 3101 Non
1588 3044 1733 3099 enim
1757 3045 2074 3117 imperfecta

479 3143 599 3191 erat
644 3135 849 3190 veritas
896 3134 985 3189 cui
1027 3134 1252 3191 verbum
1297 3134 1517 3205 aliquod
1562 3136 1889 3203 adderetur;
1938 3136 2076 3192 dixit

2189 1964 2417 2020 quenter
2445 1957 2643 2011 astruit
2691 1957 2936 2014 addendo
2989 1962 3113 2029 quia
3162 1956 3269 2018 non
3318 1968 3521 2023 nostris
3572 1970 3779 2024 meritis

2186 2038 2281 2098 sed
2316 2058 2428 2099 sua:
2449 2045 2714 2102 beneﬂcio
2736 2049 3030 2105 voluntatis
3051 2067 3148 2121 per
3171 2068 3368 2124 aquam
3410 2060 3779 2128 regeneratio-

2187 2132 2273 2188 nis
2297 2134 2365 2189 de
2386 2134 2513 2192 iiliis
2537 2138 2881 2194 tenebrarum
2906 2156 3009 2196 nos
3032 2143 3088 2198 in
3123 2144 3259 2201 illius
3286 2146 3425 2205 lucis
3461 2155 3774 2210 mutaverit.

2258 2221 2326 2277 Ut
2355 2225 2520 2280 simus
2556 2227 2763 2280 initium
2809 2229 3024 2300 aliquod
3055 2244 3313 2291 creatura
3339 2238 3475 2309 ejus.
3516 2242 3597 2298 Ne
3628 2245 3681 2299 in
3714 2262 3776 2300 eo

2183 2311 2327 2382 quod
2356 2313 2433 2368 ait
2457 2316 2658 2384 genuit,
2688 2316 2792 2371 hoc
2823 2333 2926 2373 nos
2947 2321 3068 2375 ﬁeri
3115 2331 3433 2393 putaremus
3469 2333 3615 2399 quod
3661 2335 3777 2403 ipso

2183 2412 2288 2469 est,
2322 2404 2444 2461 ideo
2472 2407 2837 2478 principatum
2866 2413 3155 2479 quemdam
3183 2423 3451 2474 creatum
3478 2422 3635 2476 nobis
3674 2423 3776 2479 hae

2183 2494 2469 2565 adoptione
2499 2512 2814 2554 concessum
2844 2503 3103 2558 ostendit.
3147 2502 3255 2560 llos
3296 2508 3496 2572 etenim
3524 2513 3773 2566 versit-u-

2184 2584 2265 2642 los
2295 2588 2521 2656 quidam
2550 2589 2622 2643 ita
2655 2590 2965 2646 transtulit:
2997 2592 3168 2648 solens
3194 2598 3371 2665 genuit
3401 2615 3495 2653 nos
3518 2602 3672 2655 verba
3696 2618 3777 2656 ue-

2182 2677 2355 2732 ritatis
2380 2687 2437 2731 stt
2476 2679 2642 2733 simus
2671 2679 2917 2749 primitiae
2945 2691 3309 2739 creaturarum
3330 2686 3465 2755 ejus,
3500 2688 3553 2743 id
3580 2698 3685 2754 est,
3716 2698 3771 2746 ut

2180 2769 2393 2825 casteria
2414 2786 2550 2841 quas
2572 2772 2848 2827 cernimus
2867 2774 3134 2830 creaturis
3155 2775 3329 2833 simus
3353 2780 3627 2835 meliores.
3654 2782 3770 2837 Pri.

2180 2856 2363 2912 mitias
2384 2874 2615 2929 namque
2642 2857 2855 2933 frugum
2876 2870 2932 2917 et
2956 2862 3316 2919 animantibm
3346 2872 3659 2925 consecrari
3687 2871 3766 2925 lex

2179 2948 2447 3018 praecipit,
2463 2950 2733 3020 primitias
2769 2951 2888 3005 auri
2914 2957 2968 3007 et
2993 2954 3205 3022 argenti
3241 2954 3312 3010 ad
3348 2971 3486 3026 opus
3513 2959 3763 3014 taberna-

2180 3039 2287 3094 culi
2309 3038 2472 3110 jussit
2506 3039 2767 3125 conferti.
2797 3040 2847 3095 id
2878 3051 2984 3107 est,
3012 3044 3216 3114 optima
3240 3060 3467 3116 quzeque
3491 3048 3545 3101 in
3578 3051 3767 3105 metal-

2182 3131 2278 3195 lis;
2330 3142 2386 3189 et
2425 3134 2493 3188 de
2541 3134 2762 3205 antiquo
2812 3134 2907 3189 Dei
2958 3136 3155 3207 populo
3201 3137 3338 3193 dixit
3382 3141 3647 3211 propheta
3682 3140 3770 3197 Je-

478 3241 611 3299 ergo
648 3226 865 3281 veritati
899 3225 1025 3295 quia
1068 3226 1354 3283 veritatem
1391 3228 1593 3301 genuit.
1625 3226 1794 3284 Porro
1822 3229 1938 3299 ipsa
1971 3228 2073 3285 Ve-
2100 3228 2145 3289 C
2179 3225 2379 3279 remias
2408 3243 2421 3275 :
2450 3222 2673 3279 Sanctus
2695 3222 2864 3279 Israel
2882 3225 3369 3297 Domino,primitia
3392 3230 3608 3300 frugum
3628 3232 3765 3302 ejus.

480 3319 613 3375 ritas
656 3318 737 3373 sic
766 3317 1007 3387 loquitur
1034 3325 1093 3372 ut
1114 3317 1163 3372 ei
1193 3318 1397 3373 dictum
1426 3327 1541 3385 est,
1588 3320 1683 3375 sed
1729 3320 2073 3393 intelligenti-

480 3412 581 3464 bus
624 3422 765 3479 quos
817 3409 975 3462 docet
1020 3416 1078 3462 ut
1124 3418 1251 3462 nata
1299 3418 1412 3473 est;
1461 3420 1520 3463 ut
1565 3418 1748 3464 autem
1790 3411 2073 3467 crederent

476 3497 725 3553 homines
750 3498 895 3567 quod
922 3497 1224 3569 intelligere
1255 3500 1492 3553 nomium
1516 3499 1716 3563 valent,
1744 3514 1811 3555 ex
1830 3516 1929 3556 ore
1953 3517 2071 3556 car-

477 3589 563 3644 nis
595 3588 760 3644 verba
790 3597 1111 3651 sonuerunt,
1160 3596 1216 3645 et
1240 3590 1491 3645 abierunt
1532 3591 1916 3646 transvolantis
1952 3592 2070 3648 soni

477 3680 717 3751 peractis
747 3678 972 3734 moralis
1017 3687 1317 3750 temporum
1364 3695 1606 3735 suorum.
1661 3680 1770 3736 Sed
1817 3696 1904 3738 res
1941 3682 2071 3752 ipsa:

473 3783 708 3838 quarum
735 3768 888 3840 signa
917 3777 1042 3823 sunt
1072 3769 1223 3833 soni,
1262 3778 1447 3824 tracta:
1475 3771 1872 3840 quodammodo
1894 3773 1948 3827 in
1975 3789 2068 3829 eo-

480 3875 600 3917 rum
631 3861 950 3917 memoriam
982 3862 1073 3931 qui
1102 3862 1412 3929 audierunt,
1443 3864 1607 3918 etiam
1635 3865 1703 3919 ad
1740 3882 1839 3921 nos
1862 3882 1960 3937 per
1985 3868 2069 3922 lit-

479 3961 649 4016 teras,
677 3968 797 4022 quis
823 3952 1055 4008 visibilia
1087 3954 1237 4024 signa
1261 3963 1405 4019 sunt,
1434 3967 1818 4024 pervenerunt.
1851 3958 1968 4014 Non
1991 3960 2068 4016 sic

478 4042 717 4114 loquitur
753 4041 966 4098 Veritas
1008 4042 1431 4114 intelligentibus
1462 4045 1770 4112 mentibus,
1805 4047 1949 4102 intus
1985 4047 2067 4103 lo-

477 4134 687 4204 quitur,
734 4134 854 4189 sine
890 4148 1023 4188 sono
1061 4133 1301 4199 instruit,
1341 4134 1661 4205 intelligibili
1691 4152 1821 4192 voce
1849 4138 2066 4207 profun-

475 4230 576 4283 dit.
610 4228 729 4296 Qui
777 4242 909 4297 ergo
948 4235 1127 4297 potest
1177 4227 1230 4280 iu
1272 4242 1335 4281 ea
1376 4227 1558 4281 videre
1609 4228 1907 4283 nativitatis
1950 4230 2067 4300 ejus

480 4318 869 4382 tutemitatem,
888 4317 1002 4386 ipse
1031 4315 1172 4370 illam
1202 4318 1283 4373 sic
1303 4315 1450 4372 audit
1472 4318 1801 4387 loquentem.
1837 4319 1990 4376 Sicut
2014 4322 2064 4375 ei

475 4409 615 4465 dixit
627 4407 792 4464 Pater
810 4408 939 4478 quid
958 4407 1291 4478 loqueretur,
1316 4410 1573 4465 excitavit
1591 4425 1689 4463 nos
1714 4412 1780 4464 ad
1810 4426 2062 4481 maguum

474 4500 808 4557 desiderium
840 4500 1114 4553 interioris
1135 4500 1433 4555 dulcedinis
1460 4516 1588 4555 sum.
1632 4501 1735 4556 Sed
1766 4504 2061 4557 crescendo

2251 3311 2439 3379 Scitis,
2490 3314 2680 3385 fratres
2723 3316 2832 3369 mei
2872 3316 3067 3387 dilecti.
3120 3316 3515 3386 Notissimum,
3569 3322 3765 3393 inquit,

2178 3403 2333 3458 vobis
2352 3411 2455 3468 est,
2483 3404 2628 3473 quod
2657 3418 2688 3459 a
2723 3404 2875 3460 vobis
2905 3405 3036 3474 ipsis
3075 3407 3343 3463 habuistis
3367 3409 3435 3464 ad
3471 3410 3607 3465 vitia
3634 3412 3763 3476 labi,

2178 3504 2219 3550 a
2242 3495 2469 3551 Domino
2510 3504 2688 3550 autem
2722 3510 2817 3550 vos
2855 3496 3141 3563 illustrari,
3182 3513 3287 3551 non
3326 3507 3507 3555 vestra
3534 3504 3769 3570 promis-

2177 3588 2349 3652 sione,
2380 3588 2472 3641 scd
2496 3599 2728 3656 superna
2751 3586 2925 3657 gratia
2945 3602 3042 3641 vos
3062 3588 3427 3657 praeveniente
3446 3591 3695 3660 contigit.

2247 3677 2327 3733 Sit
2358 3689 2531 3732 autem
2559 3680 2724 3732 omnis
2747 3678 2901 3731 homo
2922 3676 3069 3732 velox
3096 3677 3166 3731 ad
3192 3679 3538 3745 audiendum,
3579 3684 3765 3737 tardus

2176 3770 2243 3823 ad
2278 3769 2620 3838 loquendum,
2658 3778 2705 3823 et
2754 3768 2938 3823 tardus
2987 3768 3057 3822 ad
3086 3769 3239 3822 iram.
3280 3767 3419 3825 Hinc
3455 3771 3767 3828 auditorem

2176 3859 2471 3915 moralibus
2501 3861 2720 3913 instruit
2760 3860 3070 3929 prmceptis,
3098 3869 3154 3915 et
3182 3868 3330 3916 recte
3367 3862 3546 3931 primo
3574 3864 3764 3920 admo-

2174 3958 2267 4006 net
2280 3965 2466 4004 aurem
2489 3964 2755 4020 quemque
2769 3950 2933 4005 citius
2953 3949 3364 4006 accommodare
3386 3952 3621 4019 docenti,
3636 3968 3764 4010 sero

2175 4051 2355 4097 autem
2397 4056 2460 4096 os
2501 4041 2567 4094 ad
2613 4040 2913 4095 docendum
2941 4042 3155 4109 aperire
3200 4059 3211 4094 τ
3245 4041 3373 4110 quia
3414 4035 3642 4099 stultum
3676 4051 3765 4101 est

2174 4130 2464 4201 quemlibet
2485 4146 2607 4199 qua:
2640 4130 2756 4199 ipse
2786 4145 2892 4184 non
2925 4130 3190 4186 didicerat
3231 4131 3354 4186 aliis
3384 4132 3523 4189 velle
3557 4136 3762 4203 pradi-

2173 4237 2317 4276 rare.
2346 4221 2445 4289 Qui
2473 4235 2599 4290 ergo
2628 4220 2950 4289 sapientiam
2974 4220 3165 4291 diligit,
3188 4221 3365 4291 primo
3392 4231 3451 4278 ut
3480 4240 3645 4295 supra
3668 4227 3765 4284 ad-

2174 4313 2403 4378 monuit,
2446 4314 2586 4368 hauc
2606 4330 2635 4366 ιι
2666 4313 2776 4367 Duo
2797 4313 3053 4383 postulet,
3085 4314 3281 4371 dehinc
3314 4318 3634 4387 magistrum
3666 4320 3765 4376 hu-

2173 4404 2313 4459 milis
2348 4404 2589 4460 veritatis
2636 4403 2850 4459 auditor
2895 4405 3166 4474 iuquirat,
3207 4414 3261 4461 et
3305 4394 3763 4480 interregendum

2170 4509 2321 4547 suam
2348 4494 2660 4548 cautissime
2701 4493 2934 4564 linguam
2974 4508 3089 4575 non
3107 4494 3280 4550 solum
3319 4496 3388 4552 ab
3416 4497 3610 4554 otiosis
3641 4514 3765 4558 scr-

476 4592 779 4661 capiamus,
809 4588 1135 4645 ambulando
1167 4606 1498 4657 crescamus,
1520 4592 1851 4662 proﬂcieudo
1880 4597 2066 4649 ambu-

2187 4586 2419 4640 nonihus
2440 4593 2711 4650 coerceat,
2742 4599 2931 4640 verum
2954 4594 3010 4639 et
3030 4572 3143 4655 ipse
3168 4601 3329 4656 quam
3350 4596 3406 4642 et
3427 4604 3601 4659 nuper
3625 4589 3765 4646 didi-

485 4682 679 4744 lemus,
713 4689 774 4735 ut
802 4680 1087 4749 pervenire
1129 4680 1400 4749 possimus
1426 4695 1524 4750 per
1547 4681 1784 4752 seipsum
1830 4683 1895 4738 ad
1929 4685 2069 4755 seip-

475 4787 617 4836 sum,
669 4772 848 4841 seipso
878 4770 1109 4827 ducente
1135 4785 1235 4826 nos
1258 4780 1313 4826 et
1334 4772 1684 4842 promittente
1733 4774 1907 4831 nobis.
1955 4775 2068 4847 Ego

476 4878 595 4917 sum
620 4862 731 4927 via,
760 4870 811 4916 et
840 4862 1055 4925 veritas,
1088 4870 1136 4915 et
1164 4860 1299 4916 vita:
1328 4863 1416 4916 via
1437 4864 1825 4933 querentibus,
1863 4867 2068 4921 veritas

477 4952 898 5017 invenientibus,
925 4951 1033 5006 vita
1056 4952 1521 5022 permanantibus.
1542 4954 1660 5025 Ipse
1679 4955 1825 5010 enim
1856 4957 1988 5012 vivit
2011 4967 2067 5012 et

483 5050 677 5114 regnat
704 5040 847 5098 Deus
870 5056 969 5112 per
992 5043 1173 5097 omnia
1200 5045 1395 5099 saecula
1422 5046 1760 5102 saeculorum.
1798 5048 1987 5105 Amen.

999 5155 1281 5211 IIOMILIA
1322 5156 1563 5213 XXXIV.

729 5242 983 5283 DOIINICA
1028 5243 1084 5279 lll
1126 5242 1251 5281 POS'I'
1288 5241 1538 5282 οοτΑνΑιι
1572 5242 1803 5284 PASCHE.

728 5316 921 5370 Lectio
953 5314 1204 5383 Epistula:
1240 5314 1299 5368 Β.
1332 5313 1520 5371 Jacobi
1547 5317 1793 5386 apostoli.

547 5406 879 5482 citatissimi,
921 5422 1070 5459 omne
1102 5405 1283 5458 datum
1317 5407 1567 5474 optimum
1598 5415 1646 5459 ct
1688 5423 1838 5461 omne
1867 5407 2058 5461 donum

475 5499 798 5568 perfectum,
838 5495 1113 5551 desursum
1153 5506 1226 5550 cst
1275 5496 1591 5550 descendens
1637 5513 1669 5549 α
1714 5497 1870 5551 Patre
1910 5497 2062 5550 lumi-

480 5606 627 5650 num,
674 5597 782 5642 etc.

555 5679 842 5748 Postquam
886 5676 1068 5732 docuit
1112 5677 1242 5731 vitia
1289 5678 1484 5748 quibus
1549 5687 1821 5733 tentamur
1872 5694 1977 5733 non
2028 5695 2057 5734 a

487 5772 593 5825 ﬁco
623 5772 796 5832 nobis.
830 5772 923 5826 scd
961 5787 989 5824 a
1023 5772 1177 5827 nobis
1217 5773 1346 5840 ipsis
1386 5774 1583 5837 inesse,
1620 5776 1853 5829 ostendit
1878 5791 1907 5829 c
1929 5792 2056 5830 rou-

2170 4676 2244 4732 cit
2269 4677 2550 4731 veritatem
2573 4676 2969 4747 praedicandam
3000 4676 3298 4732 contineat.
3325 4677 3463 4733 Hinc
3494 4679 3761 4736 Salomon

2170 4768 2235 4821 de
2260 4766 2514 4820 distantia
2540 4776 2841 4836 temporum
2866 4766 3199 4823 scribensait
3226 4785 3241 4823 :
3269 4766 3491 4841 Tempus
3518 4770 3760 4837 tacendi,

2167 4866 2215 4910 et
2261 4866 2463 4925 tempus
2525 4856 2790 4927 loquendi.
2861 4855 2997 4912 liinc
3048 4857 3433 4930 Pythagorici,
3462 4861 3763 4937 naturalis

2168 4947 2409 5001 scientia:
2436 4947 2743 5017 magisterio
2768 4948 3000 5017 prazditi,
3026 4948 3300 5003 auditores
3318 4963 3447 5004 suos
3474 4962 3575 5019 per
3596 4952 3762 5020 quin-

2167 5039 2460 5109 quennium
2483 5037 2673 5105 jubent
2698 5044 2856 5094 silere
2886 5048 2940 5095 et
2968 5042 3047 5095 sic
3074 5040 3288 5096 demum
3312 5041 3613 5110 praedicare
3634 5058 3764 5113 per-

2167 5132 2405 5184 mittunt.
2456 5130 2523 5184 Et
2556 5130 2741 5184 tardus
2768 5130 2836 5183 ad
2868 5131 3020 5185 iram.
3051 5130 3186 5198 Quia
3222 5150 3251 5185 ιι
3275 5132 3506 5187 aturitas
3533 5134 3762 5203 sapien-

2166 5220 2256 5273 tia:
2302 5234 2405 5273 non
2446 5220 2549 5273 nisi
2581 5220 2869 5288 tranquilla
2906 5229 3086 5275 mente
3122 5221 3448 5291 percipitur;
3484 5224 3757 5291 scriptum

2166 5321 2247 5365 est
2294 5312 2471 5376 enim,
2517 5312 2643 5379 quia
2688 5311 2781 5363 Ira
2829 5312 2882 5364 in
2920 5312 3039 5365 sinu
3085 5313 3230 5365 stulti
3284 5312 3575 5383 requiescit.
3629 5313 3757 5369 l‘on

2169 5402 2243 5455 ita
2281 5401 2618 5456 velocitatem
2644 5401 2738 5455 ine
2765 5410 2908 5455 vetat
2938 5411 2995 5455 ut
3022 5401 3180 5470 hujus
3210 5401 3523 5458 tarditatem
3551 5418 3757 5475 appro-

2168 5495 2280 5559 bet,
2311 5496 2405 5550 sed
2435 5495 2537 5548 huc
2565 5478 2744 5564 patius
2772 5494 3044 5558 admonet,
3074 5503 3135 5548 ut
3157 5501 3213 5548 et
3237 5492 3353 5563 ejus
3378 5495 3510 5549 hora
3532 5505 3761 5564 pertur~

2168 5586 2399 5652 bationis
2421 5602 2485 5639 ac
2514 5585 2686 5639 litium
2734 5601 2800 5640 ne
2832 5586 2986 5639 nobis
3015 5584 3093 5638 ira
3121 5585 3386 5655 subripiat
3411 5601 3710 5642 caveamus
3736 5604 3756 5649 ;

2166 5686 2258 5731 aut
2284 5680 2327 5731 si
2360 5676 2497 5733 forte
2531 5676 2903 5745 subripuerit,
2932 5676 3073 5729 intra
3105 5676 3216 5731 oris
3247 5684 3395 5746 septa
3430 5675 3550 5745 ejus
3588 5678 3756 5733 culti-

2165 5773 2384 5826 bcamus
2412 5772 2687 5838 impetum.
2715 5778 2768 5823 et
2793 5776 2985 5822 exacta
3019 5767 3149 5824 hora
3178 5768 3503 5827 discriminis
3522 5770 3758 5827 libertus
