3946 6324
186 355 276 416 909

1234 345 1535 404 ΠΟΜΙΙΜΕ
1575 346 1640 402 IN
1682 344 1932 402 EVANG.
1973 345 2060 401 ET
2097 346 2308 402 EPIST.

3324 340 3432 403 210

185 488 290 527 eam
316 472 379 526 ad
408 470 682 538 integrum
717 485 746 523 a
778 475 960 522 nostro
986 465 1148 522 corde
1177 481 1270 535 per
1309 474 1518 532 tempus
1543 477 1740 532 expur-
1773 466 1821 521 Α
1922 460 2023 513 Sed
2053 477 2142 530 ego
2174 462 2438 514 veritatem
2478 460 2592 513 dico
2635 459 2793 520 vobis,
2826 459 3025 528 cxpetlit
3069 458 3205 512 vobis
3247 469 3298 512 ut
3337 475 3439 530 ego

185 576 382 633 genius;
414 559 492 612 vel
526 569 680 614 certe
711 559 893 613 tardos
925 557 990 610 ad
1031 557 1166 610 iram
1205 570 1303 609 nos
1333 570 1452 609 esse
1481 552 1741 623 prtccipit,

185 663 236 704 ut
257 667 354 704 non
379 651 657 719 quaslibet
682 651 749 704 ob
773 664 963 702 causas
990 647 1337 702 securitatem
1365 645 1537 699 nostri
1567 643 1747 697 vultus

185 741 231 796 in
272 740 641 793 austeritatem
687 749 986 800 vertamus,
1025 737 1120 791 sed
1159 743 1306 790 certa
1351 734 1616 788 existente
1654 747 1743 785 ra-

184 832 354 895 tione,
406 830 556 885 verbi
615 830 785 901 gratia
815 870 828 894 ,
879 829 923 882 si
973 826 1372 898 aliter.eorrigi
1425 824 1743 894 proximos,

183 922 395 976 niaxime
427 921 520 989 qui
550 921 708 975 nobis
736 919 1007 975 commissi
1040 927 1193 983 sunt,
1239 932 1344 971 non
1373 931 1531 986 posse
1551 930 1739 971 cerna-

181 1025 308 1073 mus,
333 1009 678 1064 severitatem
701 1023 830 1079 erga
852 1023 946 1062 eos
971 1006 1122 1062 verbi
1153 1006 1237 1061 vel
1259 1002 1628 1072 etiamjudicii
1658 1004 1738 1056 di-

181 1100 448 1154 strictioris
494 1101 880 1164 exhibeamus,
917 1107 1170 1152 manente
1219 1106 1437 1164 tamen,
1482 1102 1744 1162 quantum

179 1203 353 1247 natura
382 1193 618 1246 humana
649 1193 869 1262 patitur,
901 1200 1042 1245 statu
1077 1199 1275 1243 nostrm
1303 1188 1497 1240 mentis
1527 1202 1739 1240 sereno.

177 1284 336 1338 Credo
349 1282 990 1349 Phinees,Samuel,Elias
1010 1282 1268 1336 etPetrus
1295 1280 1429 1334 tardi
1449 1279 1657 1332 fuerunt
1676 1279 1741 1332 ad

176 1375 323 1440 iram,
339 1384 390 1428 ct
404 1384 582 1429 tamen
600 1382 888 1442 peccantes
903 1372 984 1427 vel
1001 1374 1166 1427 verbo
1193 1371 1273 1426 vel
1299 1371 1475 1442 gladio
1497 1385 1740 1440 pereme-

175 1475 310 1519 runt.
328 1464 429 1519 Sed
455 1475 512 1518 et
538 1463 769 1535 Moyses,
785 1479 909 1519 cum
934 1472 1076 1518 esset
1101 1463 1184 1516 vir
1211 1462 1550 1529 mitissimus,
1575 1461 1742 1515 exivit

173 1572 201 1610 a
229 1557 530 1621 Pharaone,
569 1571 730 1626 quem
761 1555 1184 1626 incorrigibilem
1211 1555 1376 1619 vidit,
1413 1555 1604 1618 iratus,
1639 1554 1740 1608 mi-

174 1647 249 1706 nis
269 1648 624 1702 comminatus
657 1647 705 1701 ei
733 1660 970 1717 poenam,
1003 1662 1164 1715 quam
1207 1655 1262 1701 et
1291 1661 1453 1715 opere
1480 1646 1735 1714 patravit.

235 1737 262 1793 I
268 1756 322 1792 ra
340 1740 476 1793 enim
501 1739 595 1792 viri
609 1738 875 1807 justitiam
898 1736 992 1790 Dei
1013 1754 1116 1791 non
1143 1749 1405 1807 operatur.
1439 1737 1634 1792 Facilis
1657 1745 1739 1792 est

1849 553 2058 606 vadum.
2105 551 2332 620 Expedit
2372 559 2430 604 ut
2457 549 2625 604 forma
2673 551 2811 605 servi
2855 551 3048 606 vestris
3081 551 3435 606 subtrahatur

1847 639 2155 708 aspectibus
2197 647 2464 709 quatenus
2505 654 2657 692 amor
2688 639 2987 694 divinitatis
3027 641 3206 709 aptius
3232 640 3432 696 vestris

1849 728 2104 798 inligatur
2131 728 2420 782 mentibus.
2455 728 2769 797 Expedit'ut
2799 740 2980 785 notam
3015 733 3168 786 vobis
3198 730 3426 786 formam

1845 821 1985 874 etelo
2035 817 2285 885 inferam,
2333 830 2597 890 quatenus
2630 836 2727 890 per
2773 823 2874 876 hoc
2919 822 3124 892 majore
3159 825 3427 880 desiderio

1846 911 1970 966 illuc
2001 910 2304 981 suspiretis.

1916 1000 1978 1058 Si
2007 1002 2142 1056 enim
2165 1019 2269 1056 non
2296 1003 2492 1065 abiero,
2524 999 2825 1058 Paraclitus
2857 1019 2960 1058 non
2990 1006 3154 1059 veniet
3193 1007 3263 1060 ad
3296 1022 3426 1070 vos;

1844 1091 1892 1146 si
1923 1101 2096 1146 autem
2138 1091 2333 1155 abiero,
2366 1094 2569 1146 mittam
2609 1110 2727 1148 eum
2764 1094 2834 1147 ad
2865 1111 2970 1148 vos.
3017 1093 3132 1149 Non
3159 1095 3282 1164 quia
3319 1111 3425 1152 non

1845 1192 2056 1254 poterat
2096 1184 2210 1253 ipse
2239 1185 2291 1238 in
2327 1193 2468 1239 terra
2491 1186 2695 1254 positus
2723 1186 2853 1242 dare
2886 1186 3144 1258 Spiritum
3190 1187 3422 1257 discipu-

1844 1273 1928 1337 lis,
1961 1275 2077 1328 haec
2116 1273 2376 1343 loquitur,
2407 1289 2529 1328 cum
2574 1285 2757 1345 aperte
2793 1276 3001 1346 legatur
3041 1277 3163 1346 quia
3192 1285 3311 1345 post
3342 1292 3426 1331 re-

1844 1365 2234 1420 surrectioncm
2280 1378 2549 1435 apparens
2595 1365 2674 1419 eis
2710 1365 3002 1420 insulllavit
3045 1376 3099 1421 et
3148 1367 3282 1422 dixit
3324 1367 3424 1432 eis,

1843 1456 2074 1524 Accipite
2117 1455 2372 1524 Spiritum
2404 1465 2662 1518 sanctum,
2711 1455 2805 1510 sed
2849 1458 2994 1526 quia,
3043 1459 3158 1528 ipso
3193 1458 3426 1514 intem

1841 1546 2017 1614 posito
2042 1554 2096 1601 et
2122 1546 2477 1616 corporaliter
2504 1559 2858 1603 convcrsante
2887 1565 3008 1603 cum
3036 1550 3146 1612 eis,
3185 1565 3292 1606 non
3326 1564 3422 1603 va-

1843 1639 2023 1693 lebant
2049 1639 2116 1694 ad
2145 1654 2268 1694 eum
2299 1640 2508 1711 erigere
2537 1649 2795 1705 mentem,
2830 1644 2895 1695 ad
2928 1641 3153 1696 sitienda
3202 1657 3423 1696 munera

1844 1734 2030 1803 gratiae
2057 1734 2309 1789 caelestis.
2356 1736 2693 1790 Aseendente
2720 1744 2898 1789 autem
2940 1735 3032 1789 illo
3058 1735 3123 1789 ad
3152 1735 3318 1791 caelos
3371 1745 3430 1790 et

170 1844 373 1886 sensus:
393 1829 534 1899 quod
549 1829 675 1899 quia
697 1831 789 1899 qui
812 1828 1111 1883 iracundia:
1132 1829 1591 1882 vitioseincautus
1618 1830 1731 1882 sub
1771 1804 1812 1862 Β
1846 1825 1917 1878 illi
1949 1825 2153 1894 pariter
2178 1840 2338 1878 omne
2374 1825 2699 1880 desiderium
2731 1841 2889 1880 suum
2933 1827 2985 1879 in
3014 1825 3104 1880 illo
3135 1823 3430 1879 transfere-

162 1919 322 1992 jugat,
349 1923 448 1975 etsi
481 1920 789 1974 hominibus
807 1919 985 1989 justus
1008 1927 1252 1988 apparet,
1278 1917 1332 1971 in
1354 1917 1534 1971 divino
1560 1925 1738 1970 tamen

168 2013 400 2066 examine
433 2012 670 2064 nondum
708 2011 946 2081 perfecte
971 2011 1155 2080 justus
1181 2019 1282 2064 est.
1334 2009 1531 2063 Verum
1565 2007 1740 2076 aptius

167 2112 329 2174 potest
370 2102 592 2172 intelligi
634 2102 777 2171 quod
805 2117 834 2154 a
873 2100 1098 2154 Domino
1131 2098 1334 2152 dictum
1377 2107 1499 2151 est:
1542 2097 1616 2150 Tu
1643 2115 1739 2151 au-

167 2202 282 2255 tem,
316 2191 536 2244 Domine
575 2192 864 2254 virtutum,
913 2206 1030 2243 cum
1079 2187 1457 2257 tranquillitate
1498 2186 1733 2255 judicas.

168 2282 555 2352 Qualiscunquc
577 2281 742 2350 judex
773 2284 933 2336 homo
963 2281 1161 2334 amissa
1194 2280 1387 2334 ruentis
1433 2279 1734 2348 tranquilli-

167 2386 266 2431 tate
289 2377 685 2445 delinquentem
707 2373 931 2442 judicat,
949 2369 1318 2438 etiamsijuste
1339 2369 1737 2438 judicat,justi-

165 2469 285 2523 tiam
333 2477 510 2521 tamen
560 2466 726 2520 divini
761 2464 1049 2528 examinis.
1098 2464 1150 2517 in
1198 2477 1361 2532 quam
1401 2462 1739 2533 perturbatio

164 2561 343 2612 eadem
371 2557 566 2622 nescit,
597 2556 799 2610 imitari
825 2571 930 2609 non
953 2561 1151 2624 potest.

231 2647 444 2717 Propter
487 2647 627 2717 quod
663 2646 965 2716 abjicientes
1013 2660 1217 2698 omnem
1254 2643 1641 2697 immunditiam
1688 2655 1736 2698 et

162 2738 530 2790 abundantiam
543 2737 778 2800 malitirv,
794 2737 846 2788 in
861 2733 1258 2788 mansuetudine
1273 2733 1515 2802 suscipite
1530 2732 1736 2786 verbum

162 2830 574 2884 insituml’rimo
587 2841 645 2884 et
656 2846 850 2901 corpus
863 2839 916 2883 et
929 2837 1163 2883 mentem
1178 2844 1207 2880 a
1224 2827 1528 2896 vitiisjubet
1540 2840 1737 2898 expur-

163 2921 290 2992 gari,
305 2930 362 2975 ut
377 2922 522 2992 digni
541 2921 776 2977 existere
791 2920 1002 2990 possint
1013 2919 1104 2989 qui
1122 2919 1342 2974 verbum
1357 2918 1551 2973 salutis
1563 2916 1736 2988 percl-

163 3014 316 3082 piant.
345 3015 445 3080 Qui
474 3013 620 3067 enim
649 3028 756 3067 non
769 3011 1001 3066 declinat
1023 3011 1175 3082 prius
1197 3010 1405 3072 amalo,
1423 3024 1529 3063 non
1555 3016 1737 3079 potest

160 3107 326 3161 facere
339 3106 560 3160 bonum.
587 3103 814 3160 Omnem
841 3103 1040 3172 quippe
1065 3102 1462 3172 immunditiam
1484 3109 1538 3157 et
1555 3101 1735 3155 carnis

159 3205 209 3250 et
233 3197 417 3250 anima:
446 3202 722 3264 nuncupat
745 3210 760 3259 ;
789 3193 993 3247 malitia
1014 3200 1193 3245 autem
1221 3191 1436 3259 proprie
1459 3189 1733 3243 interioris

159 3285 380 3342 hominis
408 3289 736 3356 pravitatem
778 3283 1020 3353 respicit.
1063 3281 1344 3352 Suscipite,
1375 3281 1571 3350 inquit,
1600 3281 1733 3335 insi-

160 3391 257 3433 tum
282 3382 511 3445 verbum,
541 3380 595 3433 id
620 3387 724 3442 est,
762 3377 987 3432 verbum
1015 3374 1133 3440 Dei,
1162 3375 1303 3443 quod
1329 3373 1526 3428 vestris
1552 3373 1731 3426 cordi-

157 3471 248 3526 bus
276 3469 621 3540 przedicando
653 3467 996 3538 imponimus,
1029 3480 1126 3519 vos
1161 3464 1416 3518 discendo
1440 3464 1726 3531 suscipite;

157 3561 232 3615 vel
261 3572 404 3616 certe
435 3562 512 3614 ita
542 3559 880 3614 sentiendum
911 3575 922 3610 :
957 3557 1192 3612 Verbum
1216 3557 1359 3624 quod
1383 3553 1536 3609 vobis
1562 3554 1613 3607 in
1645 3555 1731 3608 die

156 3651 563 3706 resurrectionis
594 3651 815 3703 insitum
843 3657 945 3712 est,
975 3648 1192 3718 quando
1218 3643 1518 3699 voluntarie
1543 3643 1732 3714 genuit

157 3757 245 3795 uos
270 3741 426 3805 Deus,
448 3739 568 3808 jam
594 3754 736 3792 nunc
769 3709 1065 3809 perfectqu
1095 3735 1372 3803 suscipite,
1404 3734 1570 3788 etiam
1605 3747 1732 3802 ope-

155 3836 293 3888 ribus
321 3834 595 3903 implendo
623 3832 760 3900 quod
777 3830 890 3897 jam
915 3830 968 3883 in
995 3829 1253 3898 mysterio
1284 3825 1497 3880 tenetis.

221 3925 365 3990 Quod
393 3935 560 3993 potest
581 3922 783 3976 salvare
805 3921 1007 3974 animus
1036 3930 1248 3972 vestras.
1277 3915 1498 3970 Etiamsi
1524 3915 1578 3969 in
1609 3930 1731 3969 cor-

153 4031 272 4088 pore
299 4019 627 4070 tentationes
654 4013 959 4084 patiamini,
994 4011 1074 4065 vel
1101 4025 1127 4062 a
1159 4010 1378 4078 perfidis
1402 4017 1575 4062 morte
1601 4023 1728 4061 con-

154 4107 447 4165 sumamini,
489 4116 665 4158 tamen
693 4104 799 4156 vita
841 4106 1017 4155 futura
1053 4101 1400 4170 praestabitur
1424 4099 1574 4152 vobis
1604 4113 1726 4152 cum

154 4199 345 4251 sanctis
371 4196 583 4266 angelis
615 4196 668 4249 in
692 4195 808 4248 luce
833 4204 1110 4263 perpetua.

663 4304 938 4360 HOMILIA
981 4302 1197 4358 XXXV.

638 4393 697 4430 IN
749 4391 971 4430 EODEI
1023 4390 1253 4428 l-‘l-JSTO.

276 4471 461 4525 Lectio
486 4470 661 4524 sancti
687 4466 964 4538 Evangelii
989 4467 1286 4520 secundum
1310 4463 1592 4518 Joannem.

219 4560 282 4614 In
322 4562 412 4615 illo
448 4572 700 4631 tempore,
732 4561 866 4612 dixit
903 4559 1057 4612 Jesus
1082 4554 1352 4626 discipulis
1375 4554 1484 4607 suis
1515 4566 1534 4606 .'
1577 4550 1722 4605 Vada

152 4655 214 4708 ad
240 4671 352 4708 eum
375 4656 464 4726 qui
488 4669 571 4705 me
592 4652 751 4715 misit,
775 4661 820 4704 et
843 4667 990 4704 nemo
1011 4665 1074 4702 ex
1093 4648 1232 4702 vobis
1256 4647 1538 4716 interrogat
1605 4664 1684 4703 me
1701 4667 1722 4707 .°

151 4745 254 4810 Quo
274 4749 417 4802 vadis
441 4749 468 4802 7

221 4840 501 4906 Slgllllit'al
538 4837 617 4890 sic
653 4851 709 4889 se
737 4835 936 4887 iturum
979 4835 1042 4886 ad
1081 4847 1204 4885 eum
1236 4831 1328 4901 qui
1367 4828 1516 4883 misit
1547 4827 1718 4894 illum,

155 4942 202 4980 ut
225 4934 395 4982 nullus
427 4931 789 4996 interrogaret
814 4927 955 4994 quod
988 4925 1163 4992 palam
1191 4924 1302 4978 ﬁeri
1335 4924 1450 4976 visu
1478 4921 1722 4991 corporis

152 5032 442 5076 θωνα-ειη.
482 5018 665 5073 Nubes
691 5019 829 5072 enim
869 5017 1105 5087 suscepit
1130 5031 1255 5069 eum
1285 5014 1501 5083 quando
1535 5025 1724 5066 ascen-

153 5112 222 5164 dit
255 5112 319 5164 ab
347 5113 448 5175 eis,
485 5120 542 5164 et
585 5126 706 5164 eum
735 5116 948 5163 euntem
994 5107 1046 5160 in
1074 5107 1268 5161 coelum
1300 5105 1568 5168 viderunt,
1616 5119 1721 5156 non

153 5203 318 5258 verbis
344 5205 704 5272 quzcsierunt,
733 5200 826 5255 sed
855 5197 1025 5253 oculis
1061 5199 1418 5250 deduxerunt.

217 5293 317 5348 Sed
341 5296 466 5358 quia
495 5294 608 5345 lucc
647 5293 850 5345 locutus
887 5306 1002 5344 sum
1040 5291 1201 5350 vobis,
1248 5288 1457 5340 tristitia
1495 5286 1723 5355 implevit

151 5402 232 5436 cor
259 5395 507 5438 vestrum.
537 5382 766 5435 Videbat
804 5380 988 5448 utique
1035 5380 1162 5447 quid
1212 5377 1297 5431 illa
1336 5393 1433 5432 sua
1472 5377 1634 5431 verba
1669 5379 1720 5432 in

152 5488 325 5529 eorum
354 5473 616 5528 cordibus
645 5480 885 5540 agerent,
916 5470 1210 5538 spiritalem
1251 5471 1446 5540 quippe
1482 5471 1719 5525 nondum

152 5563 401 5622 habentes
433 5563 665 5620 interius
691 5560 1110 5614 consolationem
1137 5577 1294 5629 quam
1335 5577 1431 5632 per
1459 5563 1720 5630 Spiritum

152 5673 383 5718 sanctum
417 5662 635 5716 fuerant
672 5659 926 5724 habituri,
959 5659 1009 5712 id
1037 5660 1176 5726 quod
1217 5659 1454 5712 exterius
1482 5659 1530 5711 in
1563 5657 1721 5711 Chri-

155 5766 228 5811 sto
257 5756 506 5811 videbant
540 5753 790 5806 amittere
817 5751 1142 5804 metuebant.

1762 3152 1804 3212 C

1843 1913 1992 1967 bant.
2037 1912 2162 1968 Ideo
2195 1929 2422 1982 capaces
2453 1913 2688 1983 Spiritus
2733 1915 2904 1970 sancti
2938 1915 3050 1985 jam
3083 1914 3206 1969 facti
3245 1922 3425 1978 erant,

1844 2021 1948 2058 non
1977 2003 2115 2058 ultra
2141 2005 2205 2059 de
2227 2013 2410 2078 morte
2440 2002 2557 2071 ejus
2585 2005 2890 2059 contristati
2915 2046 2926 2066 ,
2979 2004 3072 2059 sed
3093 2003 3166 2058 de
3198 2003 3428 2073 promis-

1842 2101 2011 2154 simus
2038 2099 2154 2168 ejus
2199 2115 2292 2169 spe
2335 2099 2519 2153 laetati.
2570 2098 2724 2153 Patet
2772 2107 2974 2163 autem,
3025 2112 3124 2154 nec
3158 2097 3426 2152 laboriosa

1841 2195 2177 2263 expositione
2225 2194 2447 2264 indiget,
2491 2210 2588 2249 cur
2614 2193 2862 2248 eumdem
2900 2192 3159 2264 Spiritum
3188 2191 3426 2261 paracli-

1843 2295 1975 2345 tum,
2011 2287 2060 2340 id
2086 2295 2168 2340 est
2201 2286 2623 2351 consolatorem,
2665 2283 3146 2355 cognominavcrit,
3191 2283 3314 2353 quia
3344 2283 3428 2336 nl-

1842 2381 2040 2429 mirum
2099 2377 2262 2430 corda
2328 2377 2712 2446 discipulorum
2776 2391 2895 2444 quae
2956 2390 3202 2430 recessus
3255 2374 3424 2444 ipsius

1843 2477 2035 2523 maesta
2067 2467 2405 2533 reddidisset,
2456 2466 2616 2538 hujus
2649 2467 3019 2522 consolaretur
3061 2476 3114 2521 et
3155 2468 3426 2521 recrearet

1842 2562 2120 2614 adventus.
2147 2559 2260 2613 Non
2290 2561 2430 2628 quod
2461 2567 2616 2613 antea
2643 2557 2876 2628 Spiritus
2906 2566 3125 2612 sanctus
3151 2572 3254 2611 non
3279 2567 3424 2612 esset

1842 2651 1896 2703 in
1931 2650 2187 2705 cordibus
2223 2649 2605 2720 discipulorum
2650 2649 2732 2704 vel
2774 2649 2936 2702 etiam
2979 2648 3034 2702 in
3077 2646 3422 2716 antiquorum

1839 2753 2175 2807 sanctorum,
2225 2742 2320 2796 sed
2358 2740 2644 2795 manifesta
2680 2740 3011 2810 plenitudine
3041 2745 3166 2792 ante
3197 2738 3276 2793 sic
3312 2751 3421 2793 nou

1841 2831 1942 2885 fuit
1979 2830 2166 2896 datus,
2197 2831 2468 2899 quomodo
2510 2839 2637 2900 post
2688 2831 3058 2884 ascensionem
3089 2830 3175 2884 die
3205 2827 3424 2884 decima

1841 2918 1892 2971 in
1925 2926 2138 2973 centum
2176 2918 2366 2989 viginti
2413 2920 2629 2972 nomina
2662 2920 3014 2973 transmissus
3056 2918 3270 2989 legitur.
3310 2917 3419 2974 Sed

1839 3009 1892 3062 in
1927 3009 2071 3063 nullo
2094 3023 2257 3080 opere
2279 3007 2562 3078 cujuslibet
2590 3025 2832 3080 persona:
2860 3010 3066 3075 Patris,
3085 3011 3166 3065 vel
3197 3011 3337 3074 Filii,
3366 3019 3421 3067 et

1838 3100 2078 3170 Spiritus
2127 3104 2330 3168 sancti,
2381 3105 2546 3158 totius
2600 3114 2799 3159 sanctae
2849 3103 3130 3159 Trinitatis
3179 3106 3420 3176 operatio

1838 3194 2041 3260 deluit;
2084 3196 2177 3250 sed
2227 3197 2513 3266 oportebat
2557 3197 2631 3250 ita
2678 3197 2939 3252 insinuari
2989 3197 3311 3252 Trinitatem
3359 3209 3420 3253 ut

1835 3283 2083 3351 quamvis
2112 3284 2256 3339 nulla
2282 3295 2426 3342 esset
2452 3286 2734 3341 diversitas
2767 3287 3103 3352 substantite,
3142 3286 3414 3358 sigillatim

1837 3382 2015 3428 tamen
2043 3376 2517 3432 commendaretur
2538 3378 2809 3435 distinctio
2840 3394 3212 3448 personarum.

1906 3466 1972 3520 Et
1996 3485 2114 3521 cum
2138 3470 2328 3522 venerit
2353 3468 2464 3535 ille,
2497 3480 2678 3540 arguet
2702 3471 2971 3525 mundum.
3007 3470 3146 3537 Quid
3172 3481 3254 3525 est
3275 3472 3418 3541 quod

1832 3559 1991 3622 dixit,
2030 3557 2161 3613 Cum
2191 3560 2383 3614 venerit
2429 3559 2535 3625 ille,
2600 3572 2780 3631 arguet
2821 3562 3122 3615 mundum?
3164 3560 3415 3632 Nunquid

1835 3665 1939 3702 non
1972 3648 2239 3715 Christus,
2269 3650 2394 3704 dum
2422 3660 2566 3706 esset
2593 3650 2645 3705 in
2679 3653 2900 3718 inundo,
2927 3670 3031 3706 non
3064 3655 3240 3724 arguit
3263 3667 3414 3706 mun-

1831 3743 1957 3796 dum
2000 3745 2064 3798 de
2099 3744 2184 3798 his
2222 3746 2471 3799 omnibus
2508 3759 2627 3814 quae
2661 3754 2976 3812 sequuntur.
3017 3743 3122 3799 Sed
3170 3745 3413 3800 Christus

1831 3835 1997 3888 solum
2029 3833 2334 3892 Judaeorum
2363 3846 2574 3906 gentem
2607 3837 2804 3907 arguit,
2855 3837 3090 3907 Spiritus
3128 3854 3255 3893 vero
3283 3854 3413 3894 san-

1830 3938 1948 3983 ctus
1974 3929 2026 3983 in
2059 3930 2336 3999 discipulis
2366 3929 2480 3999 ejus
2507 3939 2621 3984 toto
2649 3931 2779 3985 orbe
2818 3931 3062 3995 dimisus,
3103 3947 3208 3986 non
3251 3947 3412 3984 unam

1831 4027 2044 4090 gentem
2096 4021 2412 4092 intelligitur
2449 4023 2722 4092 arguisse,
2763 4023 2855 4077 sed
2887 4023 3164 4077 mundum.
3204 4023 3269 4077 lr.
3306 4039 3412 4092 quo

1831 4111 2044 4181 arguit?
2089 4111 2144 4165 ln
2183 4127 2248 4167 eo
2285 4114 2407 4182 quia
2446 4129 2541 4183 per
2583 4113 2842 4183 Spiritum
2887 4124 3132 4169 sanctum
3176 4116 3413 4170 Charitas

1830 4199 2021 4257 diibusa
2046 4213 2128 4257 est
2154 4204 2205 4256 in
2231 4205 2483 4260 cordibus
2510 4220 2716 4269 eorum,
2747 4222 2864 4274 qua:
2890 4208 3032 4260 foras
3059 4207 3216 4260 mittit
3257 4208 3412 4262 timo-

1831 4310 1941 4347 rem
1987 4304 2044 4348 ut
2086 4311 2190 4349 non
2226 4305 2522 4351 metuerent
2568 4297 2855 4357 mundum,
2901 4298 2950 4350 id
2995 4307 3098 4362 est,
3141 4307 3412 4353 amatores

1829 4385 2011 4438 mundi
2034 4400 2277 4453 arguere.

1751 4497 1803 4554 D
1900 4480 1976 4533 De
1997 4491 2225 4549 pt’l‘l‘ﬂio,
2252 4489 2296 4532 et
2336 4483 2400 4533 de
2418 4482 2647 4550 justi/ia,
2674 4492 2720 4532 et
2756 4481 2819 4535 de
2840 4481 3063 4550 judicio.
3091 4479 3259 4548 Quam
3289 4496 3412 4538 sen-

1832 4569 2054 4622 tentiam
2089 4570 2200 4635 ipse
2221 4570 2466 4623 Christus
2496 4574 2738 4635 e~posu't
2767 4571 2974 4624 dicensl;

1823 4691 1846 4710 ,
1896 4648 1971 4701 De
1987 4659 2220 4718 peccato,
2248 4654 2494 4715 quoniam
2518 4666 2616 4702 non
2639 4646 2977 4703 crediderunt
2996 4650 3047 4702 in
3071 4664 3172 4703 me.
3193 4646 3409 4704 Pecca-

1825 4752 1940 4795 tum
1965 4743 2358 4795 inoedulitatis
2379 4744 2532 4811 quasi
2557 4743 2790 4811 speciale
2810 4746 3010 4812 pmtit,
3039 4745 3161 4811 quia
3185 4735 3325 4796 sicut
3352 4749 3410 4795 ti‘

1829 4835 1928 4888 des
1942 4836 2096 4904 origo
2117 4834 2409 4897 virtutum,
2432 4836 2498 4886 ita
2522 4836 2940 4888 solidatnentum
2960 4842 3043 4887 est
3075 4834 3324 4888 vitiorum
3351 4839 3401 4888 in

1825 4928 2198 4982 incredulitate
2223 4927 2533 4995 persistere,
2549 4926 2773 4979 Domino
2793 4923 3103 4978 terribiliter
3117 4932 3408 4979 attestante

1825 5019 1917 5090 qui
1963 5019 2080 5072 ait:
2113 5017 2217 5082 Qui
2253 5027 2425 5070 autem
2473 5033 2576 5069 non
2623 5015 2783 5069 credit
2822 5017 2938 5086 jam
2984 5016 3260 5085 judicatus
3307 5027 3401 5081 est,

1821 5111 1947 5179 quia
1980 5125 2082 5162 non
2113 5104 2274 5162 credit
2300 5109 2354 5160 in
2391 5108 2597 5162 nomine
2635 5107 2883 5178 unigeniti
2914 5105 3043 5159 Filii
3087 5103 3206 5161 Dei.
3248 5101 3408 5160 lidi-

1825 5209 1970 5253 catus
2000 5199 2155 5264 dixit,
2182 5199 2234 5254 id
2261 5207 2365 5262 est,
2397 5199 2700 5253 damnatus.

1899 5291 1975 5343 De
1987 5291 2198 5360 justitia
2229 5307 2344 5345 vero
2365 5330 2379 5353 ,
2409 5290 2531 5358 quia
2567 5289 2634 5341 ad
2669 5288 2880 5342 Patrem
2921 5290 3074 5356 vado,
3105 5289 3261 5343 etiam
3301 5307 3403 5342 non

1827 5384 2059 5438 videbitis
2087 5399 2185 5435 me.
2214 5381 2428 5436 Justitia
2459 5379 2840 5448 discipulorum
2874 5378 3073 5435 Christi
3114 5389 3231 5435 erat
3260 5380 3404 5451 quod

1828 5476 2135 5537 Dominum,
2180 5488 2338 5543 quem
2363 5487 2549 5526 verum
2577 5472 2848 5526 hominem
2878 5475 3190 5539 cernebant,
3217 5487 3402 5527 verum

1827 5580 2041 5635 quroque
2089 5565 2181 5617 Dei
2225 5563 2416 5616 Filium
2452 5576 2570 5617 esse
2602 5564 2976 5628 crediderunt;
3021 5574 3075 5616 et
3112 5578 3270 5634 quem
3300 5561 3404 5617 sibi

1828 5655 2184 5723 corporaliter
2227 5655 2462 5708 ablatum
2488 5641 2770 5717 noverant,
2810 5664 2956 5708 certo
2985 5669 3198 5724 semper
3219 5668 3406 5710 amom

1829 5751 2094 5805 colebant.
2133 5746 2344 5802 Justitia
2396 5755 2711 5802 ceterorum
2765 5747 3018 5816 ﬁdelium,
3065 5748 3114 5800 id
3159 5757 3263 5810 cst.
3305 5761 3399 5802 eo-
