3946 6342
475 422 571 488 211

1114 426 1173 481 Β.
1214 424 1469 482 RABANI
1508 426 1728 484 MAURI
1766 422 2085 482 ARCHIEP.
2121 424 2433 482 MOGUNT.
2472 426 2755 484 OPERUM
2792 428 2971 486 PARS
3009 431 3071 485 ll.

3648 434 3751 491 1ιῖ

466 548 589 601 rum
628 543 722 612 qui
758 540 1048 615 Dominum
1076 540 1131 594 in
1162 554 1323 595 carne
1354 554 1462 595 non
1491 539 1761 603 viderunt,
1810 540 1927 594 hazc
1954 546 2059 603 est,
2090 542 2135 600 Α
2168 537 2517 621 intusedocti,
2533 540 2830 609 proﬁciatis
2845 539 2909 596 de
2925 543 3186 598 virtutein
3202 548 3753 619 rirtutem,dignique

466 634 611 710 quod
634 649 757 689 cum
781 646 941 703 quem
967 631 1236 702 corporali
1268 633 1464 686 intuitu
1491 630 1762 702 nunquam
1787 630 2056 695 viderunt,

462 715 640 784 ﬁcum
668 732 724 781 et
756 724 1033 779 heminem
1057 738 1244 778 verum
1276 724 1438 780 corde
1464 724 1690 779 credunt
1719 738 1782 779 ac
1807 714 2057 795 diligunt.

472 820 546 873 De
594 832 699 887 qua
729 814 979 888 profecto
1016 813 1228 883 justitia
1272 813 1396 871 tldei
1445 822 1748 887 arguuntur
1794 812 2058 878 infideles,

470 925 569 963 cur
599 907 701 977 ipsi
728 904 999 969 videlicet,
1035 918 1173 958 cum~
1188 904 1438 960 similiter
1467 906 1691 961 verbum
1735 904 1857 958 vita:
1903 896 2060 959 audi-

472 1010 615 1065 rent,
641 998 913 1054 noluerint
942 1000 1165 1053 credere
1196 998 1249 1055 in
1272 996 1558 1065 justitiam.
1587 996 1770 1068 Neque
1799 996 1945 1052 enim
1970 1013 2061 1052 ne-

472 1095 640 1166 quitia
670 1086 932 1154 maiorum
978 1108 1045 1148 ex
1088 1108 1184 1148 sua
1230 1091 1413 1159 solum,
1438 1088 1724 1161 pravitate,
1776 1076 1871 1146 sed
1896 1092 2059 1166 etiam

469 1164 538 1241 ex
580 1185 985 1256 comparatione
1017 1182 1309 1254 justorum,
1361 1197 1525 1251 quam
1555 1167 1739 1237 statim
1769 1164 2062 1256 damnandi

470 1277 581 1331 sint
614 1276 914 1332 denuntiat.
958 1273 1149 1344 Arguit
1182 1288 1312 1344 ergo
1355 1263 1613 1328 mundum
1652 1256 1889 1348 Spiritus
1930 1287 2061 1327 san-

469 1376 592 1423 ctus
622 1367 687 1423 de
726 1378 967 1438 peccato,
1022 1365 1150 1436 quia
1183 1380 1290 1419 non
1324 1365 1619 1420 crediderit
1666 1349 1725 1419 in
1762 1361 2059 1419 Christum.

468 1457 663 1541 hrguit
690 1471 746 1537 et
768 1458 1064 1541 de’justitia
1088 1458 1449 1523 credentium,
1494 1452 1625 1526 quia
1642 1456 1948 1526 exemplum
1973 1472 2063 1521 eo:

473 1536 590 1606 rum
623 1551 775 1643 sequi
808 1537 1064 1619 noluerit,
1110 1540 1202 1620 qui
1223 1549 1367 1618 hunc
1394 1548 1461 1603 ad
1486 1548 1703 1603 Patrem
1728 1547 2062 1611 ascendisse,

473 1659 649 1723 neque
698 1630 841 1715 ultra
895 1640 1255 1729 corpohraliter
1309 1641 1375 1725 in.
1407 1641 1568 1695 terris
1617 1630 2063 1695 conversaturum

470 1749 591 1794 esse
621 1735 887 1799 sciebant,
922 1748 1023 1789 nec
1051 1727 1229 1805 tamen
1261 1734 1328 1788 ab
1357 1731 1472 1801 ejus
1500 1731 1790 1811 dilectione
1815 1738 2065 1806 poterant

470 1825 578 1885 ulla
620 1826 831 1885 ratione
860 1825 1121 1895 separari.
1161 1823 1274 1879 Hoc
1302 1833 1389 1879 est
1425 1823 1570 1890 enim
1615 1821 1758 1893 quod
1802 1822 1899 1887 ait,
1939 1821 2064 1891 quia
2104 1872 2105 1875 η

2162 628 2468 686 cmciamini
2494 633 2781 701 pervenire
2818 633 2883 687 ad
2910 633 3108 699 vitam,
3150 635 3332 705 inqua
3367 637 3521 693 vobis
3548 648 3751 695 mterna

2162 720 2391 776 claritas
2439 737 2664 777 summa?
2704 724 2952 779 veritatis
2990 733 3045 779 et
3078 740 3222 780 verte
3263 726 3643 794 sublimitatis,
3701 732 3756 785 ἰ]

2162 824 2271 881 est,
2300 812 2687 887 contemplatio
2724 818 2890 872 vestri
2914 808 3209 874 conditoris
3237 831 3512 889 appareat.

2236 909 2360 965 Non
2380 910 2517 964 enim
2544 927 2575 963 a
2606 913 2877 980 semetipso
2901 910 3159 982 loquetur,
3187 912 3277 965 sed
3302 926 3631 983 quaecunque
3654 927 3752 964 att-

2163 1001 2268 1054 diet
2296 1002 2551 1072 loquetur.
2594 998 2710 1065 Non
2743 998 2886 1054 enim
2924 998 3163 1070 Spiritus
3202 1000 3453 1069 loquetur
3486 1016 3515 1054 a
3550 1005 3755 1054 semet-

2166 1093 2299 1163 ipso,
2318 1085 2559 1147 fortasse
2580 1093 2705 1163 quia
2735 1090 2840 1146 non
2867 1102 2950 1147 est
2975 1109 3005 1147 a
3028 1084 3351 1164 ‘s’etnetipso;
3374 1088 3467 1148 sed
3497 1109 3528 1147 a
3555 1093 3754 1147 Patre.

2164 1182 2300 1237 Nam
2329 1182 2499 1251 Filius
2546 1193 2704 1239 natus
2732 1194 2818 1239 est
2853 1200 2882 1237 a
2916 1184 3074 1239 Patre
3097 1183 3116 1247 ,’
3157 1194 3213 1239 et
3254 1183 3490 1254 Spiritus
3536 1194 3757 1239 sanctus

2164 1268 2411 1344 procedit
2450 1273 2489 1329 a‘
2520 1271 2700 1329 Patre.
2752 1274 2871 1330 Non
2926 1275 3069 1329 enim
3108 1273 3350 1344 loquitur
3374 1290 3405 1329 a
3436 1275 3755 1344 semetipso,

2165 1364 2218 1419 id
2246 1373 2353 1431 est,
2394 1366 2512 1420 sine
2559 1363 2735 1420 Patris
2763 1376 2818 1419 et
2860 1362 2981 1419 Fihi
3012 1366 3414 1420 communione.
3446 1364 3580 1420 Non
3614 1366 3759 1419 enim

2167 1456 2371 1511 divisus
2416 1464 2500 1510 est
2550 1448 2785 1525 Spiritus
2813 1462 3114 1510 sanctuS'a
3163 1452 3324 1507 Patre
3360 1460 3415 1507 et
3448 1450 3611 1517 Filio,
3664 1450 3759 1506 sed

2166 1562 2332 1601 unum
2361 1545 2496 1616 opus
2540 1532 2848 1609 eStPatri‘s,
2876 1546 2946 1600 ‘et
2989 1538 3133 1611 Filii;
3176 1553 3232 1599 et
3273 1542 3509 1613 Spiritus
3550 1542 3756 1598 sancti.

2169 1639 2275 1696 Sed
2303 1649 2623 1711 quacunque
2649 1640 2825 1693 audiet
2853 1630 3122 1705 'loquetdr.
3154 1632 3348 1692 A'udie't
3379 1634 3632 1691 videlicet
3663 1648 3761 1706 per

2167 1733 2430 1787 unitatem
2471 1724 2789 1788 substantiae
2822 1740 2878 1786 et
2912 1731 3297 1801 proprietatem
3331 1729 3596 1784 scientiae.
3638 1728 3759 1782 Non

2168 1826 2312 1879 enim
2345 1816 2583 1895 loquitur
2610 1828 2639 1878 a
2664 1809 2974 1894 semetipso,
2991 1817 3115 1892 quia
3140 1833 3251 1877 non
3274 1829 3357 1877 est
3379 1817 3759 1889 asemetipso:

472 1915 542 1970 a'd
570 1913 783 1971 Patrem
806 1915 963 1997 vado,
985 1924 1033 1969 et
1055 1906 1173 1985 jam
1199 1931 1304 1968 non
1334 1900 1574 1968 videbitis
1596 1929 1693 1967 me.
1718 1911 1834 1967 Non
1859 1910 2064 1997 videbi-
2093 1896 2139 1955 Β
2170 1914 2327 1970 Pater
2360 1915 2555 1997 quippe
2596 1912 2743 1969 soliis
2781 1912 2846 1968 de
2884 1910 2992 1967 'aii'o
3032 1926 3141 1967 non
3183 1910 3285 1975 est,
3324 1910 3563 1966 FHiuS‘a
3592 1908 3761 1963 Patre

474 2008 545 2071 tis
582 2022 691 2073 me,
734 1996 1022 2083 postquam
1059 2004 1376 2077 ascendero,
1423 2002 1636 2076 qualem
1689 2018 1833 2083 nunc
1882 1993 2067 2057 videre

474 2087 659 2178 soletis
688 2115 852 2156 carne
898 2100 1111 2155 mortali
1152 2107 1206 2153 et
1246 2095 1721 2168 comprehensibili
1764 2088 2067 2151 circumda-

476 2202 609 2265 tum,
671 2193 767 2250 sed
805 2191 861 2247 in
896 2181 1203 2263 majestate
1226 2192 1293 2246 ad
1324 2189 1589 2261 judicium
1616 2188 1938 2253 venientem,
1990 2193 2063 2252 et,

476 2293 700 2357 peracto
723 2282 954 2358 judicio,
993 2282 1047 2337 in
1094 2280 1285 2351 majori
1310 2269 1630 2352 gloria'cum
1668 2268 1873 2333 sanctis
1896 2293 2067 2350 appa-

479 2382 711 2431 rentem.
743 2373 1002 2450 Sequitur
1030 2393 1041 2426 :

546 2465 625 2520 De
649 2466 855 2536 judicio
879 2474 1074 2528 autem,
1102 2472 1226 2536 quia
1248 2464 1487 2536 princeps
1526 2458 1709 2516 mundi
1738 2460 1896 2530 hujus
1918 2459 2069 2529 judi-

476 2568 623 2618 catus
659 2566 755 2610 est.
795 2544 1103 2627 Principe‘m
1138 2544 1320 2631 mundi
1350 2546 1623 2609 diabo‘tu'm
1661 2538 1808 2615 dicit,
1833 2552 1924 2621 qui
1952 2551 2069 2620 pri;

475 2632 682 2704 matum
713 2633 876 2703 habet
902 2648 955 2701 in
979 2646 1235 2701 cordibus
1248 2643 1575 2721 inﬁdelium,
1606 2658 1743 2713 quos
1766 2642 1855 2696 hic
1882 2638 2067 2717 mundi

476 2738 696 2801 nomine
729 2736 897 2793 voluit
922 2722 1169 2807 intelligi,
1199 2720 1294 2812 qui.
1318 2720 1507 2789 ordine
1530 2736 1785 2804 perverSo
1812 2720 2071 2812 mundum

477 2829 660 2905 potius
683 2845 847 2900 quam
890 2828 1077 2884 mundi
1109 2810 1409 2905 creatorem
1441 2820 1699 2900 diligtmt;
1733 2823 1827 2893 qui
1863 2810 2073 2905 judica—

480 2898 578 2981 tus.
608 2898 746 2979 esta
772 2904 1028 2989 Domino,
1051 2920 1141 2989 qui
1179 2898 1254 2987 ait
1286 2938 1297 2972 :
1337 2898 1588 2972 Videbam
1634 2915 1892 2988 Satanam
1939 2898 2072 2968 sicut

480 3011 663 3085 fulgur
692 3002 964 3085 cadentem
1011 3012 1075 3071 de
1097 3010 1241 3065 uelo.
1268 3004 1550 3065 Iudicatus
1575 3016 1657 3063 est
1686 3010 1754 3063 ab
1780 2994 1844 3062 eo
1866 3022 1987 3063 cum
2018 3014 2075 3060 et

480 3100 598 3175 ipse
622 3102 883 3179 daemonia
909 3102 1151 3173 ejiceret,
1182 3110 1235 3155 et
1257 3097 1533 3172 discipulis
1552 3099 1724 3155 'daret
1750 3091 2071 3178 potestatem

482 3195 729 3251 calcandi
766 3211 938 3267 supra
977 3180 1195 3251 omnem
1239 3193 1495 3250 virtutem
1543 3186 1765 3247 inimici.
1814 3193 2075 3263 Arguitur

483 3285 669 3358 itaque
698 3283 929 3341 mundus
951 3285 1017 3341 de
1049 3282 1284 3353 judicio,
1311 3299 1418 3354 quo
1449 3272 1695 3338 diabOlus
1733 3292 1818 3342 est
1858 3281 2072 3351 judica-

486 3388 598 3443 tus,
628 3377 844 3449 quando
871 3377 1118 3431 homines
1146 3392 1214 3431 ne
1244 3376 1340 3435 Dei
1370 3366 1632 3429 veluntati
1652 3369 1915 3428 resistere
1941 3388 2077 3442 pra:-

482 3469 738 3535 sumant,
783 3466 1032 3547 exemplo
1072 3467 1309 3521 damnati
1350 3474 1572 3547 propter
1616 3465 1923 3535 superbiam
1964 3472 2075 3547 ter-

488 3548 679 3621 rentur
710 3544 1039 3631 archangeli.
1082 3558 1319 3615 Credam
1348 3543 1541 3630 itaque
1558 3559 1805 3613 homines
1833 3558 1887 3611 in
1923 3540 2079 3611 Chri-

490 3668 658 3723 stum,
682 3672 751 3712 ne
777 3662 1076 3727 arguantur
1101 3654 1167 3711 de
1194 3638 1418 3724 peccato
1443 3649 1775 3707 inﬁdelitatis
1811 3665 1944 3721 suae,
1972 3664 2079 3719 quo

489 3757 716 3818 peccato
736 3745 917 3800 omnia
952 3752 1174 3816 peccata
1208 3743 1533 3797 detinentur.
1567 3740 1874 3803 Transeunt
1900 3739 1953 3792 in
1983 3756 2084 3793 nu-

494 3850 704 3890 merum
760 3821 1004 3888 ﬁdelium.
1048 3849 1115 3887 ne
1158 3824 1460 3903 arguantur
1508 3822 1575 3885 de
1619 3829 1834 3899 justitia
1890 3830 2080 3886 eorum

488 3940 626 4001 quos
643 3910 970 3997 justiﬁcatos
1008 3940 1113 3979 non
1140 3910 1443 3977 imitantur.
1470 3922 1709 3977 Caveant
1734 3923 2083 4001 futurumju-

488 3999 691 4091 «licium
725 4033 793 4071 ne
818 4031 941 4072 cum
983 4015 1170 4070 mundi
1214 4014 1455 4085 prinCipe
1487 4012 1798 4084 judicentur
1816 3999 2078 4083 quem‘ju-

493 4107 731 4161 dicatum
774 4105 1086 4183 imitantur.
1138 4104 1353 4158 Etenim
1376 4118 1445 4158 ne
1472 4103 1575 4157 sibi
1615 4102 1891 4159 existimet
1933 4102 2083 4173 parci

492 4196 746 4267 superbia
769 4193 905 4250 dura
947 4193 1278 4260 mortalium,
1321 4193 1389 4249 de
1420 4194 1773 4263 superborum
1820 4192 2083 4264 supplicio

495 4274 748 4343 terrenda
778 4296 864 4343 est
884 4286 1219 4357 angelorum.

567 4379 750 4433 Adhuc
790 4378 956 4433 multa
998 4378 1163 4432 habeo
1194 4376 1334 4433 vobis
1375 4377 1571 4443 dicere,
1611 4386 1700 4432 sed
1744 4393 1848 4431 non
1871 4380 2084 4449 potestis

492 4480 704 4538 portare
732 4468 909 4522 modo.
940 4466 1071 4522 Cum
1097 4478 1271 4521 autent
1299 4470 1491 4522 venerit
1518 4469 1607 4522 ille
1642 4466 1871 4538 Spiritus
1894 4472 2087 4524 verita-

2167 1996 2382 2077 genitus
2424 2014 2527 2071 est,
2566 2013 2621 2060 et
2648 2003 2882 2075 Spiritus
2912 2012 3130 2059 sanctus
3164 2018 3194 2058 a
3230 1996 3391 2057 Patre
3425 2000 3753 2071 procedens.

2166 2096 2249 2151 Ab
2280 2097 2395 2166 ipso
2428 2088 2570 2151 enim
2607 2095 2789 2149 audiet
2810 2078 3043 2163 Spiritus
3087 2102 3308 2148 sanctus
3344 2107 3372 2146 a
3417 2105 3525 2163 quo
3561 2104 3757 2160 proce-

2168 2180 2265 2251 dit,
2287 2185 2409 2255 Quia
2432 2177 2541 2238 non
2571 2191 2665 2239 est‘
2683 2177 2712 2237 a
2736 2185 2933 2252 seipse,
2949 2182 3042 2237 sed
3071 2182 3261 2236 abillo
3290 2196 3456 2250 aquo
3478 2177 3756 2250 procedit.

2168 2279 2211 2331 A
2243 2292 2349 2347 quo
2379 2276 2450 2330 illi
2481 2283 2566 2330 est
2591 2272 2965 2344 intelligentia,
2988 2275 3055 2328 ab
3085 2272 3176 2328 illo
3205 2274 3390 2341 utique
3411 2279 3464 2348 et
3496 2270 3725 2325 scientia
3750 2284 3763 2320 :

2170 2371 2237 2425 ab
2270 2366 2359 2423 illo
2388 2368 2551 2438 igitur
2592 2367 2886 2431 au’dientia,
2921 2365 3065 2436 quod
3099 2361 3231 2421 nihil
3269 2376 3353 2421 est
3402 2358 3546 2420 aliud
3597 2378 3766 2433 quam

2170 2458 2415 2532 scientia.
2449 2456 2599 2524 Quod
2629 2471 2757 2511 vero
2791 2455 3071 2524 aljunxit:

2241 2550 2311 2603 Et
2362 2565 2480 2619 qua:
2524 2557 2737 2602 uentura
2782 2557 2903 2600 sunt
2938 2545 3268 2599 annuntiabit
3322 2543 3482 2598 vobis.
3532 2541 3768 2598 Constat

2170 2644 2315 2701 enim
2348 2640 2632 2695 nennullos
2678 2648 2991 2693 sanctorum
3031 2638 3083 2692 ir.
3116 2635 3320 2708 Spiritu
3354 2640 3549 2690 sancto
3574 2634 3769 2687 futura

2173 2718 2507 2803 praedixisse.
2544 2727 2658 2788 Sed
2700 2740 2883 2785 tamen
2929 2730 3087 2785 a‘ltius
3125 2737 3251 2785 sunt
3286 2731 3402 2783 haec
3448 2727 3613 2783 verba
3663 2725 3773 2781 Dos

2175 2815 2305 2879 mini
2343 2822 2755 2887 consideranda,
2788 2821 3183 2891 qnmomnibus
3218 2818 3423 2874 sanetis
3448 2815 3769 2872 communia

2175 2936 2295 2975 esse
2321 2922 2561 2989 possunt.
2593 2917 2759 2989 Igitur
2790 2910 3029 2987 Spiritus
3070 2913 3369 2969 adveniens
3384 2914 3513 2981 quas
3535 2918 3773 2964 ventura

2176 3019 2301 3065 sunt
2329 3004 2692 3071 annuntiabit,
2723 3004 2847 3061 cum
2870 3004 3067 3075 gaudia
3108 3002 3265 3057 nobis
3305 3002 3497 3071 patria:
3525 2998 3775 3054 caiiestis

2177 3101 2244 3155 ad
2273 3099 2591 3155 memoriam
2627 3096 2855 3160 reducit,
2892 3110 3013 3150 cum
3033 3092 3174 3149 festa
3212 3091 3301 3147 ilia
3334 3101 3585 3161 superna:
3631 3090 3775 3143 (ivl-

2134 3192 2305 3261 ;tatis
2346 3207 2445 3261 per
2497 3180 2697 3245 donum
2748 3185 2903 3258 nobis
2954 3202 3065 3242 sua:
3114 3182 3458 3256 aspirationis
3505 3184 3774 3237 innotuit.

2180 3276 2419 3339 Ventura
2465 3280 2620 3337 nobis
2666 3280 2970 3343 annuntiat,
3022 3294 3144 3334 cum
3188 3293 3290 3332 nos
3335 3274 3777 3331 a‘dclectationte

2177 3366 2524 3445 praesentium
2550 3362 2888 3435 abstrahens,
2921 3364 3343 3439 promissum‘in
3362 3367 3514 3423 caelis
3530 3380 3774 3437 regnum

2180 3466 2381 3521 nostris
2411 3463 2666 3519 cordibus
2690 3460 3107 3517 desidet-nudum
3130 3458 3450 3514 inﬂammat.

2250 3562 2350 3632 Ille
2378 3582 2456 3619 me
2489 3548 2836 3635 clariﬁcabit,
2849 3561 2974 3633 quia
3006 3562 3075 3614 de
3096 3578 3207 3614 meo
3225 3561 3460 3637 'accipiet
3490 3570 3535 3614 et
3563 3576 3762 3613 annuit

2180 3657 2329 3711 uati:
2359 3642 2518 3710 vobis.
2553 3648 2788 3723 Spiritus
2816 3641 3134 3708 claritlcabit
3161 3650 3459 3715 Christum,
3508 3648 3641 3720 quia
3680 3666 3764 3719 pe:

2182 3764 2304 3805 eum
2337 3762 2401 3801 ea
2440 3745 2677 3803 Charitas
2718 3748 2771 3799 in
2814 3744 3067 3807 cordibus
3111 3734 3500 3812 discipulorum
3541 3759 3770 3799 accensa

2182 3850 2286 3905 est,
2330 3849 2389 3894 ut
2418 3840 2628 3917 abjecto
2654 3826 2851 3892 timore
2886 3835 3086 3891 carnali
3120 3835 3367 3890 eichtum
3415 3837 3783 3889 resurrectio-

2183 3932 2266 3987 nis
2295 3930 2415 3999 ejus,
2440 3937 2755 4009 constanter
2780 3930 3151 3999 praedicarent,
3185 3924 3277 3998 qui
3304 3928 3461 3997 paulo
3487 3938 3616 3982 ante
3641 3937 3785 3982 tam-

2182 4038 2315 4097 pore
2342 4018 2610 4091 passionis
2638 4019 2814 4089 pavidi
2848 4019 3112 4089 fugerant.
3164 4018 3316 4074 Unde
3354 4016 3616 4087 scriptum
3646 4028 3733 4073 est
3759 4038 3777 4074 :

2181 4113 2251 4192 [Et
2281 4113 2457 4183 repleti
2499 4120 2617 4165 sunt
2658 4126 2835 4184 omnes
2876 4108 3074 4182 Spiritu
3105 4117 3307 4173 sancto,
3349 4118 3395 4163 et
3431 4107 3790 4180 loquebantur

2186 4204 2393 4257 verbum
2445 4202 2536 4255 Dei
2567 4218 2683 4254 cum
2728 4200 2945 4269 ﬁducia.
2989 4198 3225 4268 Spiritus
3263 4198 3586 4269 clariﬁcavit
3623 4199 3789 4257 Chri-

2185 4303 2351 4357 stum,
2395 4308 2516 4351 cum
2563 4291 2767 4361 impleti
2819 4291 2993 4359 gratia
3031 4290 3257 4359 spiritali
3304 4291 3558 4346 doctores
3603 4293 3786 4346 sancti

2186 4395 2266 4440 tot
2297 4366 2363 4439 ὀι
2412 4392 2561 4439 tanta
2598 4382 2860 4438 miracula
2900 4383 2956 4436 in
3000 4382 3219 4436 nomine
3265 4379 3469 4436 Christi
3509 4381 3780 4440 fecerunt.

2187 4478 2381 4546 quibus
2425 4477 2612 4531 orbem
2642 4483 2811 4529 totum
2838 4475 2903 4528 ad
2932 4472 3091 4529 ﬁdem
3121 4473 3322 4528 Christi
3371 4483 3785 4540 converterent,

494 4563 584 4624 tis,
612 4558 813 4614 docebit
854 4576 943 4614 vos
967 4574 1170 4613 onmem
1197 4560 1486 4614 veritatem.
1531 4560 1751 4614 Certum
1780 4568 1868 4615 est
1901 4568 2080 4615 autem
2109 4589 2163 4647 Β
2185 4575 2271 4645 tot
2301 4582 2367 4620 ac
2398 4574 2545 4619 tanta
2592 4579 2691 4633 pro
2733 4562 2934 4639 Christi
2978 4560 3193 4619 nomine
3235 4564 3546 4633 passionum
3596 4575 3786 4619 certa-

497 4649 958 4727 quotltvenieute
996 4648 1225 4724 desuper
1264 4646 1492 4718 Spiritu,
1539 4649 1769 4721 apostoli
1817 4650 2078 4727 majorem

497 4739 675 4799 inulto.
718 4738 999 4795 scientiam
1055 4734 1513 4808 veritatisquam
1560 4731 1806 4794 carnales
1857 4749 2082 4794 eatenus

493 4836 725 4902 potuere
769 4828 1045 4885 consecuti
1089 4837 1244 4895 sum,
1298 4838 1351 4884 et
1395 4827 1599 4897 majore
1647 4816 1919 4885 desiderio
1965 4846 2085 4885 cer-

499 4920 644 4979 tondi
676 4938 773 4993 pro
796 4923 1025 4981 veritate
1069 4918 1317 4975 succensi
1346 4920 1492 4975 Sunt.
1543 4918 1659 4976 Non
1689 4908 1866 4977 tamen
1890 4908 2084 4992 putan-

502 5002 629 5066 dum
659 5020 744 5068 est
794 5010 849 5067 in
880 5011 998 5065 'hac
1038 5006 1149 5064 vita
1184 5010 1492 5080 quempiam
1534 5025 1751 5085 omnem
1780 5013 2083 5069 veritatem

494 5114 659 5175 posse
697 5100 1173 5174 comprehendere.
1225 5100 1376 5157 Unde
1416 5111 1471 5155 ut
1496 5096 1622 5171 ipse
1662 5102 1853 5159 beatus
1887 5102 2085 5159 Paulus

500 5184 799 5266 apostol’tts,‘
827 5195 919 5265 q'ui
949 5193 1019 5248 ad
1060 5192 1277 5249 lett-ium
1313 5191 1511 5247 caelum
1548 5201 1743 5261 raptus
1776 5202 1878 5255 est,
1915 5202 1968 5246 et
2012 5194 2082 5248 ibi

500 5291 707 5365 audivit
746 5304 947 5343 arcana
991 5286 1156 5343 verba
1188 5301 1309 5355 quas
1361 5298 1467 5341 non
1504 5285 1630 5340 licet
1674 5284 1877 5340 homini
1917 5286 2082 5355 loqui,

501 5383 577 5436 ait
602 5401 614 5436 :
650 5380 735 5435 Ea:
765 5390 913 5452 parte
936 5372 1327 5450 cognoscimus;
1351 5385 1397 5432 et
1428 5394 1492 5433 ea:
1514 5385 1661 5448 parte
1685 5376 2053 5447 prophetamus
2066 5397 2085 5441 ;

502 5490 623 5528 cum
662 5461 838 5528 autem
882 5472 1079 5527 uenerit
1111 5471 1251 5542 quod
1285 5469 1579 5541 perfectum
1624 5462 1720 5531 est,
1753 5469 2091 5523 craeuabitur

504 5565 644 5635 quod
682 5580 748 5619 ex-
788 5574 936 5635 parte
963 5574 1058 5619 est.
1108 5560 1518 5632 Intelligendum
1561 5557 1645 5615 est
1678 5572 1806 5631 ergo
1824 5560 1976 5629 quod
2016 5560 2091 5614 ait

506 5655 573 5711 de
594 5653 825 5726 Spiritu,
861 5654 1074 5709 Docebit
1103 5671 1190 5708 vos
1209 5670 1413 5732 omnem
1442 5653 1721 5715 veritatem,
1758 5652 1911 5721 quasi
1940 5653 2090 5707 dice-

510 5756 593 5824 ret
622 5742 935 5803 :Diﬂ‘undet
974 5747 1028 5802 in
1080 5746 1335 5824 cordibus
1362 5747 1560 5801 vestris
1589 5746 1906 5800 charitatem
1927 5788 1939 5805 .
1971 5762 2090 5815 quae

511 5822 609 5895 vos
630 5848 843 5894 omnem
872 5839 1155 5895 veritatem
1180 5822 1343 5893 faciat
1375 5854 1584 5892 amare:
1603 5836 1753 5907 cujus
1778 5838 2091 5907 magisterio

2191 4657 2334 4711 mina
2359 4648 2712 4727 pertulerunt.
2726 4650 3026 4718 CTariﬂeat,
3044 4652 3167 4709 dum
3182 4652 3502 4707 charitatem
3529 4653 3584 4706 in
3600 4653 3791 4708 cordi-

2185 4746 2289 4801 'bus
2316 4746 2517 4800 nostris
2538 4742 2805 4808 diffundit,
2826 4754 3046 4797 mternm
3060 4744 3251 4813 patriae
3266 4754 3506 4797 amorem
3524 4744 3787 4812 inspirat.

2248 4836 2400 4907 Quia
2430 4836 2493 4889 de
2533 4850 2644 4887 meo
2683 4834 2898 4900 accipiet
2932 4844 2977 4885 et
3021 4834 3353 4887 annuntiabit
3388 4832 3550 4898 vobis,
3587 4833 3641 4888 id
3672 4842 3790 4897 est,

2192 4928 2258 4982 de
2297 4932 2416 4981 meo
2450 4925 2631 4979 Patre.
2681 4925 2754 4978 De
2800 4925 2959 4979 Patre
3012 4927 3206 4993 accipit
3254 4924 3489 4994 Spiritus
3534 4935 3784 4983 sanctus.

2192 5021 2318 5089 quia
2347 5021 2411 5073 de
2437 5016 2598 5072 Patre
2624 5018 2890 5086 procedit,
2938 5018 3007 5071 de
3034 5032 3140 5086 quo
3179 5025 3233 5071 et
3271 5014 3445 5069 Filius
3486 5025 3645 5069 natus
3673 5026 3785 5070 est.

2190 5110 2290 5176 Qui
2318 5122 2446 5163 vero
2493 5108 2559 5161 de
2590 5106 2737 5161 nullo
2786 5115 2945 5161 natus
2973 5116 3074 5173 est,
3116 5114 3173 5161 et
3211 5107 3276 5161 de
3317 5106 3468 5160 nullo
3510 5106 3791 5175 procedit,

2191 5198 2349 5252 Pater
2373 5206 2457 5252 est
2482 5197 2647 5253 solus.

2262 5289 2451 5344 Omnia
2496 5306 2815 5359 qua-cunque
2868 5290 3021 5342 habet
3068 5288 3252 5355 Pater,
3299 5306 3411 5343 mea
3458 5296 3600 5343 sunt.
3642 5285 3793 5342 Prov

2191 5389 2373 5450 pterea
2413 5380 2521 5433 «fixi
2552 5398 2564 5432 :
2598 5377 2734 5444 Quia
2764 5380 2825 5434 de
2856 5396 2969 5433 meo
2997 5380 3213 5450 accipiet
3240 5390 3286 5433 et
3326 5382 3659 5447 annuntiabit
3692 5396 3791 5435 no-

2192 5473 2292 5527 bis.
2332 5472 2408 5527 De
2446 5472 2530 5527 his
2565 5472 2703 5525 dixit
2743 5486 2861 5539 quae
2900 5472 2967 5526 ad
3007 5471 3177 5541 ipsam
3218 5470 3395 5526 Patris
3438 5472 3789 5532 divinitatem

2194 5557 2488 5633 pertinent,
2528 5563 2582 5616 in
2620 5562 2823 5631 quibus
2853 5561 2944 5616 ille
2980 5568 3073 5617 est
3115 5562 3338 5631 zequalis
3371 5562 3539 5617 Patri.
3589 5566 3643 5618 in
3673 5581 3789 5636 qua

2196 5652 2432 5723 Spiritus
2459 5662 2681 5706 sanctus
2719 5650 2941 5720 :equalis
2981 5660 3064 5705 est
3102 5651 3247 5706 Patri
3274 5662 3329 5705 et
3357 5652 3519 5717 Filio,
3555 5654 3639 5721 qui
3672 5671 3789 5709 una

2196 5744 2517 5805 substantia,
2559 5759 2662 5796 una
2713 5752 2924 5805 natura,
2972 5758 3079 5795 una
3118 5741 3389 5811 majestas,
3437 5758 3543 5796 una
3587 5746 3785 5813 gloria,

2196 5855 2299 5893 una
2335 5838 2605 5892 aeternitas
2634 5846 2711 5889 est
2750 5835 2941 5899 Patris,
2978 5847 3029 5888 et
3054 5834 3199 5901 Filii,
3231 5845 3286 5890 et
3316 5834 3551 5903 Spiritus
3579 5840 3759 5893 sancti
