3946 6324
161 392 266 455 ςιδ

1260 395 1563 453 ιιῡωιιιιε
1606 396 1671 451 IN
1712 396 1960 453 EVANG.
2000 399 2087 453 ET
2128 397 2347 458 EPIST.

3320 389 3431 444 2H

163 518 225 568 e‘.
249 514 332 564 est
361 522 506 562 unus
543 506 687 561 Deus
719 507 1076 576 omnipotens,
1126 507 1409 567 invisibilis
1451 516 1505 562 et
1549 509 1750 563 incom-
1782 514 1826 571 Α
1855 518 1900 562 et
1926 510 2055 561 mori
2084 519 2298 577 paratus
2339 522 2462 559 sunt.
2483 507 2535 558 in
2562 502 2927 575 Hierosolyma
2967 518 3062 570 pro
3090 502 3296 555 nomine
3319 501 3427 554 Do-

172 597 555 668 preheusibilis
579 598 727 652 omni
750 606 1033 661 creaturae,
1059 596 1240 661 Pater,
1270 606 1325 652 et
1347 597 1531 661 Filius,
1557 606 1612 652 et
1630 597 1752 667 Spi-

173 690 314 744 ritus
360 697 605 743 sanctus.
655 688 713 741 ln
765 685 982 742 nomine
1023 685 1246 755 justitiae
1302 695 1357 742 et
1406 687 1458 740 in
1521 685 1752 757 Spiritus

173 779 348 836 sancti
384 778 525 833 dono
558 787 606 832 et
652 778 938 844 missione,
979 776 1204 832 istarum
1245 778 1467 831 duarum
1518 775 1577 832 lit
1625 793 1754 832 con-

171 872 359 928 cordia
390 870 704 925 lectionum.
752 870 946 925 Beatus
979 870 1070 939 qui
1111 869 1356 940 intelligit
1391 869 1671 923 veritatem
1701 879 1755 922 et

172 964 423 1031 sequitur
442 963 728 1032 justitiam,
755 960 880 1031 quia
904 963 946 1016 si
980 962 1029 1015 in
1055 961 1156 1016 hoc
1186 951 1566 1030 permanserit.
1596 956 1752 1015 simul

170 1067 301 1111 cum
332 1053 547 1109 Christo
574 1055 627 1109 in
657 1064 913 1109 teteruum
940 1053 1209 1124 gaudebit.

675 1156 957 1229 HOMILIA
1017 1156 1255 1212 XXXVI.

517 1263 567 1300 IN
605 1260 926 1301 INVENTIONE
962 1262 1177 1300 διαυγεῖ
1215 1263 1425 1303 CRUCIS.

429 1339 613 1393 Lectio
636 1338 886 1406 Epistolas
912 1336 970 1390 Β.
999 1332 1146 1391 Pauli
1178 1339 1243 1391 ad
1268 1338 1507 1392 Galatas.

257 1428 507 1496 Fratres,
556 1429 759 1497 conﬁdo
799 1431 854 1483 in
902 1430 1043 1485 vobis
1076 1431 1130 1483 in
1166 1430 1409 1493 Domino,
1454 1430 1589 1501 quod
1631 1429 1758 1483 nihil

174 1520 329 1575 aliud
360 1522 592 1590 sapictis,
624 1530 729 1575 etc.

250 1608 368 1663 Hac
394 1624 490 1676 spe
519 1609 649 1663 dicit
676 1624 735 1663 se
766 1607 1058 1673 confidere,
1086 1610 1150 1664 de
1178 1610 1261 1664 his
1288 1611 1412 1678 quia
1443 1624 1547 1663 non
1570 1619 1761 1678 sponte

172 1708 522 1755 erraverunt.

249 1786 358 1852 Qui
394 1798 567 1845 autem
599 1788 870 1841 conturbat
910 1805 1017 1851 vos,
1048 1790 1272 1857 portabit
1304 1790 1599 1858 judicium,
1645 1790 1761 1859 qui-

172 1895 382 1950 cunque
429 1890 499 1932 est
529 1878 635 1932 ille.
670 1878 949 1946 Quomodo
985 1881 1074 1949 qui
1105 1889 1375 1934 errantem
1410 1884 1647 1935 converti
1680 1884 1757 1934 l'a-
1790 1863 1833 1921 υ

172 1968 252 2024 cit
300 1968 727 2023 remunerandus
765 1977 879 2033 est,
931 1968 1144 2023 dicente
1181 1967 1383 2024 Iacobo
1430 1968 1670 2037 apostolo
1704 1968 1756 2020 in

172 2056 419 2127 Epistula
458 2073 554 2111 sua
588 2076 599 2111 :
627 2056 729 2123 Qui
760 2059 985 2112 converti
1013 2059 1189 2127 fecerit
1214 2068 1553 2127 peccatorem,
1589 2056 1761 2112 salva-

172 2147 247 2200 bit
285 2148 520 2202 animam
551 2148 664 2217 ejus
693 2158 741 2202 et
771 2149 959 2218 aperiet
992 2147 1375 2201 multitudinem
1395 2155 1759 2217 peccatorum;

174 2237 252 2291 ita
303 2247 356 2293 et
398 2238 489 2308 qui
539 2247 686 2293 recta
732 2239 1066 2295 incedentem
1118 2239 1169 2292 in
1216 2238 1320 2292 iter
1357 2238 1569 2292 devium
1616 2237 1759 2306 cogit

173 2326 417 2389 ﬂectere,
436 2326 837 2382 damnationem
864 2328 1231 2396 consequitur,
1249 2327 1555 2395 quicunque
1578 2325 1756 2380 fuerit.

174 2416 292 2472 Hoc
325 2425 544 2486 propter
585 2416 686 2470 hos
714 2416 952 2487 subjicit,
994 2431 1062 2470 ne
1100 2415 1220 2483 quis
1246 2415 1344 2469 sibi
1382 2416 1633 2468 meritum
1671 2414 1760 2467 de-

174 2505 426 2561 fenderet
449 2522 513 2561 eo
542 2507 684 2576 quod
715 2506 809 2559 lilii
838 2513 1019 2561 essent
1042 2504 1282 2558 Abrahae
1327 2504 1619 2559 secundum
1643 2519 1761 2558 car-

172 2609 327 2659 nem,
352 2596 582 2665 denique
601 2595 965 2651 exclamantes
985 2594 1259 2650 dicuntad
1281 2593 1462 2649 Iesum
1490 2612 1502 2647 :
1526 2593 1637 2648 Nos
1662 2593 1761 2662 ﬁlii

173 2686 405 2740 Abrahae
426 2704 627 2740 sumus.
1126 2752 1131 2757 π

252 2776 368 2846 Ego
417 2788 612 2841 autem,
658 2777 870 2845 fratres,
911 2777 957 2830 si
1003 2777 1448 2830 circumcisionem
1495 2775 1754 2845 prazdico,

173 2866 307 2937 quid
346 2866 519 2919 adhuc
543 2866 947 2935 persecutionem
968 2865 1142 2934 patior
1167 2865 1191 2918 7
1219 2865 1476 2933 Apertum
1505 2872 1589 2920 est
1618 2866 1760 2934 quod

176 2955 345 3019 dicit;
375 2954 494 3010 ideo
524 2955 668 3010 enim
697 2954 849 3024 quasi
889 2953 1139 3008 inimicus
1180 2968 1208 3007 a
1250 2951 1446 3008 Judaais
1480 2952 1763 3008 odiebatur

175 3055 235 3098 et
268 3059 376 3098 non
404 3044 719 3098 desinebant
743 3057 772 3095 a
802 3041 1177 3110 persecutione
1213 3041 1356 3109 ejus,
1386 3043 1510 3111 quia
1537 3043 1763 3096 circum-

178 3135 445 3191 cisionem
470 3148 583 3200 jam
607 3147 820 3187 cessare
849 3133 1095 3186 docebat.
1120 3131 1361 3200 Denique
1387 3127 1586 3185 Iudaeis
1621 3145 1762 3186 com-

1854 598 1982 651 mini
2010 600 2171 651 nostri
2191 598 2315 651 Jcsu
2338 595 2548 650 Christi.
2577 594 2756 663 Neque
2784 595 2920 649 enim
2939 593 3028 663 qui
3051 589 3429 646 circumcidun-

1853 698 1941 742 tur
1966 688 2123 758 legem
2150 688 2465 748 custodiunt,
2493 686 2581 741 sed
2632 686 2809 739 volunt
2840 702 2926 737 vos
2964 681 3265 737 circumcidi
3293 695 3345 735 ut
3374 682 3428 735 in

1855 797 2012 834 carne
2056 792 2223 833 vestra
2266 779 2569 849 glorientur.
2602 778 2728 831 Tale
2755 777 2857 832 hoc
2902 784 3003 841 est,
3030 774 3187 845 quale
3221 782 3275 827 et
3302 773 3429 828 illud

1855 872 2055 927 dictum
2086 873 2152 928 ad
2186 872 2483 940 apostolum
2514 870 2767 924 Petrum:
2798 868 2853 924 Si
2881 878 2937 922 tu
2969 886 3083 922 cum
3109 867 3332 921 Judcrus
3360 867 3431 920 sis

1856 960 2115 1033 gentiliter
2134 962 2280 1027 vivis,
2309 960 2566 1033 quomodo
2612 957 2872 1029 compellis
2903 969 3073 1035 gentes
3107 957 3387 1026 judaizarc
3413 955 3439 1008 ἲ

1860 1056 1934 1109 Ita
1964 1064 2017 1110 et
2046 1054 2134 1110 hic
2163 1070 2281 1110 cum
2313 1056 2409 1125 ipsi
2459 1053 2633 1124 legem
2684 1067 2790 1106 non
2834 1038 3165 1105 ctistodirent
3211 1062 3435 1104 conver-

1859 1134 2041 1202 santes
2090 1145 2305 1214 injuste,
2349 1144 2810 1200 circumcisionem
2841 1141 3203 1216 sectabantur,
3235 1146 3295 1191 ut
3341 1151 3433 1204 pe-

1862 1237 2013 1291 rinde
2038 1237 2251 1290 vincere
2282 1244 2335 1289 et
2354 1244 2622 1289 amatores
2646 1233 2778 1304 legis
2806 1232 3137 1293 viderentur,
3165 1243 3282 1282 cum
3307 1242 3435 1280 con-

1860 1336 1967 1382 stet
1995 1328 2137 1379 hunc
2166 1325 2336 1393 legem
2363 1323 2645 1379 defendere
2670 1331 2723 1376 et
2749 1320 3039 1383 custodire,
3066 1318 3155 1388 qui
3196 1314 3436 1385 justitias

1859 1418 1976 1485 ejus
1999 1415 2331 1485 exsequitur,
2357 1424 2411 1468 et
2446 1413 2754 1466 mandatum
2800 1409 2941 1480 quod
2973 1407 3039 1462 ad
3069 1407 3232 1460 vitam
3273 1408 3437 1474 perti-

1863 1523 1998 1563 nens
2029 1508 2209 1561 datum
2241 1514 2342 1571 est,
2394 1521 2495 1559 non
2538 1502 2918 1573 praetermittit.
2955 1499 3146 1553 Clades
3178 1512 3303 1567 ergo
3332 1495 3437 1551 Ga-

1861 1599 2093 1656 latarum
2119 1598 2392 1653 excusatio
2421 1604 2539 1650 erat
2569 1610 2757 1650 eorum
2787 1594 2922 1655 hinc,
2957 1600 3015 1644 ut
3044 1589 3123 1644 vel
3176 1590 3253 1643 sic
3280 1588 3436 1656 intel-

1861 1688 2030 1759 ligant
2054 1689 2177 1757 quia
2226 1688 2567 1749 ludebantur,
2616 1686 2763 1739 velut
2808 1682 2954 1738 stulti
3001 1692 3055 1735 et
3099 1682 3339 1746 hebetes,
3373 1681 3437 1733 de

1865 1762 2092 1847 quorum
2118 1777 2388 1831 doloribus
2422 1775 2809 1846 gloriﬁcantur.
3073 1837 3076 1839 Α

1939 1867 2067 1919 Mihi
2093 1876 2265 1918 autent
2297 1865 2427 1918 absit
2468 1863 2685 1933 gloriari
2715 1863 2813 1915 nisi
2843 1862 2895 1913 in
2922 1876 3070 1913 cruce
3102 1858 3309 1913 Domini
3341 1875 3437 1911 no-

1860 1958 2103 2014 striJesu
2130 1954 2345 2016 Christi,
2373 1971 2463 2023 per
2509 1970 2657 2023 quem
2708 1952 2829 2005 mihi
2882 1950 3107 2003 mundus
3154 1948 3436 2017 cruciﬁxus

1860 2059 1934 2103 est
1957 2058 2002 2101 ct
2030 2064 2122 2118 ego
2170 2045 2383 2099 mundo.
2427 2044 2703 2111 Quomodo
2757 2040 3185 2110 pseudoanostoli
3218 2039 3436 2093 tribula—

1862 2137 2039 2191 tiones
2061 2150 2158 2205 pro
2182 2135 2396 2189 nomine
2423 2133 2641 2197 Christi,
2677 2132 2828 2201 quasi
2864 2130 2995 2184 nihil
3019 2128 3326 2198 profuturas
3347 2145 3439 2198 per

1858 2228 2163 2299 hypocrisin
2224 2226 2555 2281 redimebant
2585 2226 2965 2279 erubescentes
3017 2224 3069 2277 in
3126 2224 3231 2285 his,
3265 2222 3335 2276 ita
3386 2234 3442 2278 et

1858 2318 2145 2388 Apostolus
2192 2316 2522 2387 gloriabatur
2553 2316 2618 2370 de
2671 2316 2772 2377 his,
2822 2315 2998 2368 sciens
3044 2329 3293 2383 magnam
3344 2330 3442 2383 pro

1861 2410 1979 2464 istis
2007 2411 2107 2463 sibi
2140 2409 2253 2463 fore
2283 2409 2628 2471 mercedem,-
2655 2407 3105 2475 quemadmodum
3150 2415 3203 2460 et
3234 2406 3442 2460 caeteris

1861 2500 2118 2569 apostolis
2156 2499 2375 2565 Christi,
2403 2498 2543 2553 sicut
2567 2499 2825 2568 scriptum
2863 2506 2945 2552 est
2984 2498 3037 2550 in
3065 2497 3288 2552 Actibus
3313 2513 3443 2566 apo.

1861 2589 2115 2642 stolorum
2152 2607 2162 2641 :
2194 2588 2355 2649 Tunc.
2408 2589 2608 2657 inquit,
2660 2588 2781 2642 ειτδὶ
2826 2571 3060 2641 exierunt
3113 2586 3333 2658 apostoli
3374 2586 3440 2641 de

1860 2678 2099 2740 concilio,
2121 2678 2402 2748 gaudentes
2432 2679 2556 2744 quia
2585 2678 2729 2747 digni
2763 2676 2926 2729 habiti
2972 2687 3091 2729 sunt
3116 2693 3210 2744 pro
3238 2677 3443 2730 nomine

1860 2767 2052 2823 Christi
2083 2767 2446 2821 contumeliam
2488 2770 2619 2839 pati.
2648 2766 2811 2837 Cujus
2852 2782 2978 2835 ergo
3009 2767 3186 2821 omnis
3232 2782 3354 2836 spes
3388 2768 3441 2820 in

1862 2860 2076 2915 Christo
2096 2860 2298 2923 est,hic
2314 2858 2571 2930 gloriatur
2592 2859 2643 2913 in
2666 2873 2827 2914 cruce
2846 2858 2980 2927 ejus,
3002 2858 3124 2912 huic
3138 2866 3192 2912 et
3216 2858 3444 2913 mundus

1864 2949 2154 3004 crucifixus
2174 2958 2278 3014 est,
2308 2958 2515 3003 certqu
2543 2946 2751 3003 habens
2772 2963 3008 3002 amorem
3036 2947 3213 3004 crucis
3241 2946 3442 3003 Christi

1864 3040 2027 3093 vitam
2048 3054 2189 3103 esse,
2215 3039 2399 3093 mundi
2422 3054 2551 3093 vero
2572 3054 2809 3093 amorem
2833 3052 3029 3107 parare
3047 3036 3443 3092 mortem.Bea-

1866 3130 2060 3197 tusille
2087 3130 2282 3198 estqui
2314 3127 2601 3183 mortiﬁcat
2623 3128 2886 3183 desideria
2916 3128 3095 3182 carnis
3120 3142 3252 3193 suae,
3274 3136 3330 3181 et
3349 3141 3447 3197 pa-

179 3223 507 3295 pellentibus
533 3232 587 3276 et
617 3235 985 3290 sazpcnumero
1020 3219 1184 3274 falsas
1220 3222 1594 3274 accusationes
1632 3235 1761 3275 eon-
1790 3207 1832 3270 C
1867 3222 2060 3274 ticntcr
2107 3219 2294 3275 sull‘ert
2323 3219 2697 3275 tribulationes
2744 3218 3025 3288 praesentis
3054 3218 3195 3281 vitia,
3228 3218 3351 3287 quia
3399 3218 3444 3272 si

180 3323 268 3367 tra
322 3328 442 3368 eum
498 3310 892 3373 deferentibus,
947 3309 1223 3379 obliquum
1272 3309 1511 3380 judicent
1556 3311 1760 3378 videns,

178 3415 405 3461 coactus
438 3403 724 3475 appellavit
752 3403 1040 3458 Caesarem.

260 3496 403 3565 Ergo
434 3503 739 3549 evacuatum
774 3502 848 3547 est
879 3492 1188 3547 scandalum
1215 3494 1404 3546 crucis.
1441 3491 1761 3547 Scandalum

179 3594 306 3640 erat
332 3582 533 3637 ludatis
552 3582 863 3651 praedicatio
890 3580 1085 3643 erucis,
1118 3582 1242 3649 quia
1272 3581 1551 3633 sabbatum
1576 3591 1630 3633 et
1658 3580 1759 3634 cir-

176 3673 572 3730 cumcisionem
624 3670 939 3725 evacuabat.
986 3668 1043 3724 Si
1081 3679 1260 3723 autem
1307 3670 1614 3724 admitteret
1660 3671 1764 3723 cir-

176 3762 591 3826 cumcisionem,
626 3778 731 3814 non
776 3770 920 3815 esset
956 3759 1289 3821 scandalum,
1320 3768 1374 3813 et
1428 3761 1634 3827 paciﬁci
1679 3776 1763 3815 es-

180 3863 310 3910 sent
341 3854 497 3907 nobis
534 3851 723 3907 Judaei.
753 3850 883 3905 Nam
915 3850 1168 3904 dicebant
1196 3850 1261 3905 de
1292 3848 1569 3905 Salvatore
1600 3865 1613 3903 :
1642 3844 1760 3903 Non

178 3954 254 3997 est
282 3944 368 3995 hic
393 3946 549 3995 Immo
575 3959 606 3994 a
630 3940 738 3994 Deo
765 3941 856 4011 qui
896 3939 1168 3993 sabbatum
1212 3955 1313 3992 non
1358 3939 1599 3993 custodit.
1626 3939 1764 4008 Ergo

178 4040 503 4088 evacuatum
534 4041 616 4085 est
638 4030 946 4085 scandalum
969 4028 1167 4083 crucis.

255 4121 471 4176 Utinam
494 4133 539 4175 et
572 4121 946 4175 abscinduntur
964 4121 1053 4192 qui
1089 4137 1175 4174 vos
1215 4120 1544 4187 conturbant,
1576 4121 1625 4175 id
1657 4133 1757 4187 est,

179 4212 391 4266 utinam
440 4212 823 4265 abscinduntur
865 4210 957 4278 qui
1001 4224 1095 4265 vos
1141 4211 1478 4264 subvertant.
1509 4210 1637 4265 Tale
1681 4222 1765 4267 est

180 4303 288 4358 hoc
317 4299 475 4369 quale
519 4308 574 4355 et
617 4299 746 4355 illud
788 4299 855 4354 ad
898 4298 1207 4354 Corinthios
1254 4299 1470 4369 prima:
1505 4300 1608 4365 Qui
1636 4312 1760 4367 non,

178 4393 376 4463 inquit,
409 4402 549 4447 amat
572 4391 858 4446 Dominum
883 4390 1085 4457 Iesum,
1114 4394 1393 4445 anathema
1419 4391 1504 4445 sit.
1536 4392 1614 4446 Ex
1648 4393 1761 4461 ipso

177 4499 343 4557 grege
374 4484 617 4540 morbido
650 4494 777 4538 sunt
804 4492 861 4538 et
888 4483 962 4549 hi,
998 4497 1133 4552 quos
1160 4483 1331 4537 sociat
1366 4476 1645 4538 sententiae
1670 4499 1758 4537 eo-

1868 3311 1920 3364 in
1955 3311 2063 3364 hoc
2086 3310 2262 3364 studio
2290 3310 2432 3362 bono
2457 3322 2627 3377 usque
2681 3309 2733 3361 iu
2785 3307 2945 3362 linem
2998 3306 3441 3375 perseveraverit.

1865 3413 2079 3457 :cternae
2110 3402 2233 3455 vita:
2261 3417 2381 3455 cum
2410 3400 2627 3455 Christo
2653 3409 2707 3454 et
2760 3400 2959 3453 sanctis
3006 3399 3121 3469 ejus
3177 3399 3446 3469 particeps

1867 3492 2056 3555 factus,
2091 3492 2207 3545 sine
2248 3491 2409 3544 dubio
2461 3490 2512 3543 in
2549 3498 2808 3543 aatcrnum
2839 3488 3107 3558 gaudebit.
3153 3487 3271 3557 lpso
3310 3502 3448 3557 prte-

1866 3591 2040 3635 stautc
2072 3581 2295 3634 Domino
2347 3589 2529 3635 nostro
2559 3579 2684 3633 Jesu
2736 3579 2969 3642 Christo,
3002 3579 3091 3647 qui
3124 3579 3254 3632 vivit
3282 3586 3336 3634 et
3360 3594 3449 3633 re-

1866 3682 1992 3746 gnat
2018 3674 2069 3726 in
2103 3670 2295 3726 saecula
2325 3672 2661 3725 szreulorum.
2690 3670 2881 3724 Amen.

2366 3778 2635 3834 llOlllLl'A
2680 3778 2938 3833 XXXVII.

2523 3865 2674 3902 FERlA
2715 3865 2787 3903 ιν.

1961 3941 2144 3997 Lectio
2168 3942 2420 4011 Epistolas
2442 3941 2501 3995 Β.
2530 3940 2680 3994 Pauli
2711 3940 2777 3993 ad
2810 3939 3339 3994 Thessalonicenses.

1937 4031 2173 4100 Fratres,
2197 4051 2372 4088 omnes
2392 4051 2479 4088 vos
2517 4034 2614 4101 ﬁlii
2642 4032 2772 4086 lucis
2816 4034 2936 4087 estis
2966 4043 3011 4086 et
3040 4032 3138 4099 ﬁlii
3180 4033 3313 4098 diei;
3342 4050 3445 4087 non

1864 4138 2043 4175 sumus
2070 4122 2255 4186 noctis,
2284 4138 2445 4193 neque
2466 4120 2815 4175 tenebrarum.

1935 4213 2213 4279 Quomodo
2234 4212 2387 4279 dixit,
2430 4212 2576 4268 Sicut
2615 4212 2778 4279 [ur'in
2805 4224 2972 4275 nocte,
3001 4215 3076 4266 sic
3114 4214 3298 4278 veniet,
3344 4215 3439 4268 hoe

1866 4306 1918 4358 in
1942 4304 2060 4358 loco
2084 4305 2232 4369 dicit,
2261 4305 2514 4373 quoniam
2561 4318 2665 4357 non
2711 4304 2839 4357 estis
2871 4302 2923 4356 in
2956 4302 3213 4366 tenebris,
3246 4318 3425 4373 cogito

1865 4394 2017 4448 vistis
2054 4395 2197 4447 enim
2226 4394 2528 4449 veritatem.
2580 4393 2764 4463 Itaque
2806 4403 2862 4446 et
2909 4394 2953 4447 si
2986 4401 3205 4463 repente
3229 4393 3342 4448 dies
3368 4394 3445 4448 in-

1866 4497 1991 4551 stat,
2021 4490 2114 4544 sed
2152 4505 2256 4543 non
2283 4504 2410 4559 erga
2438 4502 2535 4543 vos
2563 4487 2807 4542 ordinem
2857 4486 2955 4541 sibi
3004 4486 3241 4540 vindicat
3288 4484 3440 4548 furis,

179 4592 302 4631 rum
334 4583 394 4628 ut
428 4576 815 4629 abscinduntur
858 4591 888 4631 ι
923 4572 1287 4629 misericordia
1321 4574 1433 4635 Dei,
1484 4574 1573 4643 qui
1605 4574 1763 4629 Gala-
1788 4581 1840 4639 Β
1866 4579 2195 4650 quijuvandi
2220 4582 2352 4637 estis
2370 4597 2439 4636 ex
2459 4579 2576 4649 ejus
2599 4581 2852 4644 adventu,
2882 4580 2975 4634 sed
3005 4579 3111 4634 illis
3134 4579 3222 4649 qui
3248 4594 3439 4643 noxam

174 4672 263 4719 tas
304 4662 398 4717 Dei
450 4662 622 4732 gratia
668 4670 957 4727 exuerunt,
984 4670 1039 4717 et
1082 4677 1190 4716 non
1219 4661 1391 4717 solum
1431 4662 1773 4733 spiritaliter,

174 4754 273 4810 sed
307 4762 363 4808 et
388 4752 677 4808 carnaliter
705 4753 803 4807 hos
850 4752 1145 4815 maledicit,
1187 4750 1246 4806 ut
1299 4754 1425 4822 quia
1452 4753 1764 4809 circumcidi

174 4844 401 4901 Galatas
428 4846 690 4914 cogebant
714 4843 816 4913 ipsi
843 4844 1305 4910 abscinderentur,
1355 4854 1417 4899 ut
1442 4844 1763 4915 multiplica-

175 4947 327 4991 retur
352 4938 439 4992 bis
468 4937 618 4991 dolor
645 4935 902 5004 corporis.

250 5028 562 5099 Quicunque
595 5022 767 5080 volunt
804 5025 1092 5095 placerem
1124 5041 1311 5089 carne,
1349 5025 1403 5078 hi
1439 5037 1627 5095 cogunt
1667 5042 1755 5081 vos

174 5118 483 5173 circumcidi
528 5127 749 5183 tantum,
801 5128 855 5171 ut
899 5119 1068 5171 crucis
1114 5115 1307 5171 Christi
1352 5108 1755 5187 persecutionem

175 5226 281 5263 non
315 5209 607 5277 patiantur.
641 5207 696 5261 ln
746 5222 907 5262 carne
935 5208 1167 5277 placere,
1213 5208 1518 5263 hominibus
1545 5209 1757 5279 placere

174 5298 482 5370 signiﬁcat;
512 5308 570 5351 ut
598 5299 740 5353 enim
762 5297 961 5353 Judwis
998 5300 1241 5371 prepitiis
1276 5308 1368 5353 aut
1399 5317 1502 5354 non
1535 5300 1757 5355 infensis

172 5393 440 5453 viverent,
467 5404 605 5459 quos
648 5390 1119 5459 pseudoapostolos
1179 5391 1331 5455 dicit,
1359 5391 1465 5445 sic~
1485 5390 1756 5446 Christum

173 5480 566 5554 pradicabant,
589 5487 649 5533 ut
671 5489 725 5534 et
749 5480 917 5552 legem
945 5479 1262 5535 servandam
1302 5480 1577 5537 docerent.
1607 5480 1756 5549 Quod

173 5570 453 5643 apostolus
481 5584 753 5640 nunquam
801 5572 1009 5636 metuit,
1037 5572 1132 5627 sed
1160 5582 1472 5629 constanter
1499 5576 1640 5644 quod
1668 5590 1757 5629 vc-

177 5679 295 5720 rum
330 5673 418 5721 est
447 5679 558 5718 non
607 5664 796 5729 tacuit,
827 5672 883 5719 ct
926 5665 1027 5719 sibi
1064 5679 1130 5719 ex
1158 5665 1242 5720 his
1289 5666 1578 5735 providens
1625 5682 1759 5737 quos

176 5754 425 5812 docebat.
464 5754 700 5824 Denique
727 5770 840 5822 ego,
884 5756 1073 5824 inquit,
1122 5774 1222 5811 non
1253 5757 1422 5813 solum
1454 5756 1625 5827 ligari,
1664 5759 1759 5815 sed

1866 4681 2183 4743 exspectant
2209 4673 2494 4743 pmnalem.
2529 4672 2592 4726 Et
2623 4680 2681 4726 ut
2726 4670 3150 4741 recognitionem
3198 4670 3441 4726 sumcere

1865 4764 1965 4818 sibi
1993 4779 2099 4818 non
2129 4763 2455 4825 existiment,
2483 4762 2694 4832 adjicit.

1934 4852 2109 4923 Igitur
2128 4868 2239 4905 non
2254 4854 2575 4906 dormiamus
2603 4851 2737 4907 sicut
2763 4863 2809 4907 et
2831 4853 3028 4917 carteri,
3055 4850 3144 4905 sed
3175 4848 3438 4919 vigilemus

1860 4950 1908 4995 et
1935 4942 2097 4996 sobrii
2138 4944 2319 4997 simus.
2353 4941 2455 5007 Qui
2484 4944 2619 4996 enim
2649 4943 2937 5008 dormiunt,
2962 4952 3107 5010 nocte
3136 4940 3435 5000 dormiunt;

1858 5041 1907 5086 et
1936 5033 2031 5103 qui
2048 5033 2391 5097 inebriantur,
2433 5041 2578 5085 nocte
2616 5032 2957 5084 inebriantur.
2982 5030 3093 5085 Nos
3128 5040 3320 5092 autem,
3349 5030 3437 5098 qui

1857 5124 1959 5177 diei
1978 5140 2179 5189 sumus,
2206 5122 2362 5176 sobrii
2387 5122 2569 5185 simus,
2589 5130 2633 5174 et
2656 5120 2825 5174 induti
2852 5119 3070 5174 loricam
3089 5118 3214 5186 ﬁdei
3240 5128 3288 5171 et
3315 5118 3438 5170 cha-

1857 5214 2051 5278 ritatis,
2081 5223 2128 5266 et
2154 5211 2355 5281 galeam
2381 5228 2521 5281 spem
2563 5210 2767 5263 salutis.
2823 5209 3084 5274 Quoniam
3126 5224 3227 5261 non
3264 5207 3435 5277 posuit

1858 5322 1951 5361 nos
1972 5305 2111 5359 Deus
2137 5306 2190 5357 in
2214 5305 2370 5369 iram,
2397 5305 2487 5357 sed
2513 5306 2564 5355 in
2596 5302 2986 5371 acquisitionem
3012 5300 3196 5354 salutis
3224 5317 3314 5369 per
3330 5300 3436 5354 Do-

1858 5398 2054 5452 minam
2080 5407 2315 5451 nostrum
2343 5396 2521 5450 Jesum
2554 5394 2838 5457 Christum,
2862 5394 2950 5463 qui
2975 5402 3207 5445 mortuus
3230 5401 3304 5444 est
3342 5408 3435 5460 pro

1859 5487 2024 5551 nobis,
2058 5496 2112 5539 ut
2138 5488 2243 5541 sive
2270 5484 2557 5555 vigilemus,
2598 5484 2703 5539 sire
2745 5483 3090 5544 dormiamus,
3121 5480 3278 5535 simul
3320 5496 3438 5532 cum

1859 5576 1949 5631 illo
1986 5577 2234 5629 vivamus.
2268 5574 2531 5629 Convenit
2574 5572 2739 5644 igitur
2786 5584 2885 5626 nos
2920 5570 3013 5625 tali
3063 5576 3438 5623 remuneratus

1860 5666 2085 5721 scientia
2110 5665 2355 5737 vigilare,
2405 5674 2459 5718 et
2486 5663 2695 5719 sobrios
2737 5676 2859 5717 esse
2901 5675 3028 5730 erga
3080 5659 3295 5714 illorum
3320 5656 3436 5710 dili-

1861 5757 2096 5827 gentiam
2143 5772 2261 5827 qurc
2313 5754 2465 5809 nobis
2515 5753 2860 5817 conveniunt,
2916 5751 2981 5806 ad
3033 5748 3438 5807 eustodicndmn
