3946 6348
189 354 280 413 ll?

1284 346 1589 403 ilOMlLlI‘l
1626 345 1691 399 ΙΝ
1733 339 1982 403 EVANG.
2024 346 2112 400 ET
2150 344 2361 403 EPIST.

3342 347 3443 407 918

193 471 359 538 ipsum
392 478 592 520 nomen
620 467 1017 533 apostolorum,
1048 460 1189 529 quod
1214 458 1462 514 Gmncum
1487 469 1597 523 est,
1636 459 1765 513 nihil
1796 465 1843 521 Α
1870 461 1969 515 dus
1994 476 2124 515 vero
2166 475 2324 530 quem
2363 475 2462 531 per
2501 458 2774 514 Christum
2819 457 3122 513 conciliavit
3162 459 3296 524 sibi,
3340 477 3447 517 non

192 555 290 615 nisi
323 557 510 607 missos
539 550 811 621 signiﬁcat
837 551 890 603 in
920 548 1129 602 Latino.
1170 547 1314 602 Misit
1348 562 1476 618 ergo
1512 547 1769 602 Dominus

194 643 386 701 Filium
414 654 575 694 suum
620 641 821 707 absque
859 645 1082 706 peccato
1109 646 1425 706 conceptum
1453 643 1507 689 et
1550 644 1765 701 natum;

197 734 337 792 misit
375 732 547 788 Filius
587 729 877 801 discipulos
912 744 1039 784 suos
1064 744 1198 798 quos
1235 729 1349 800 ipse
1387 728 1765 794 sanctiﬁcavit,

196 827 275 881 vel
316 840 411 895 per
453 823 715 892 baptismi
758 831 1187 886 sacramentum,
1230 821 1313 875 vel
1353 834 1449 891 per
1493 820 1770 891 sanguinis

196 918 275 973 sui
301 912 758 986 redemptionem,
784 920 844 967 ut
870 912 1226 982 praedicarent
1246 911 1444 990 mundo
1468 909 1771 964 sanctiﬁca-

197 1006 392 1060 tionem
433 1013 495 1059 et
534 1002 891 1065 ablutionem,
931 1008 988 1054 et
1026 999 1397 1055 remissionem
1424 1006 1770 1069 peccatorum

196 1112 441 1153 suorum.
465 1094 623 1151 Unde
646 1103 701 1148 et
728 1090 956 1160 subjecit
979 1108 994 1146 :

268 1186 328 1240 Et
356 1202 450 1257 pro
478 1187 557 1239 eis
581 1202 673 1255 ego
695 1183 962 1253 sanctiﬁco
983 1184 1257 1252 meipsum,
1282 1181 1335 1236 id
1355 1190 1459 1246 est,
1488 1181 1541 1235 in
1562 1196 1628 1235 eo
1645 1180 1770 1250 quia

195 1292 299 1331 non
323 1276 445 1329 veni
490 1272 671 1330 facere
698 1272 1027 1328 voluntatem
1057 1286 1265 1335 meam,
1306 1270 1401 1327 sed
1443 1268 1770 1324 voluntatem

196 1363 311 1435 ejus
336 1365 427 1434 qui
469 1363 619 1418 misit
664 1378 768 1427 me,
794 1359 991 1416 Patris.
1023 1359 1393 1416 Sanctiﬁcatio
1422 1360 1656 1415 ﬁdelium
1690 1371 1773 1417 est

195 1438 493 1512 obedientia
515 1454 658 1518 Filii,
682 1454 771 1523 qui
796 1452 1035 1507 obediens
1061 1450 1163 1506 fuit
1182 1451 1329 1505 Patri
1358 1451 1607 1522 usquead
1632 1467 1773 1505 mor-

196 1555 323 1609 tem,
370 1552 590 1597 mortem
627 1552 801 1596 autem
844 1541 1048 1606 crucis,
1090 1550 1301 1611 propter
1346 1540 1484 1613 quod
1532 1550 1583 1595 et
1629 1537 1772 1596 Deus

196 1638 432 1693 exultavit
461 1636 637 1691 illum.
669 1634 821 1701 Quod
846 1650 975 1691 vero
1000 1635 1074 1689 ait
1102 1653 1114 1688 :

266 1723 329 1779 Ut
356 1726 460 1781 sint
502 1735 550 1779 et
588 1725 689 1795 ipsi
729 1723 1040 1791 sanctiﬁcati
1080 1724 1135 1777 in
1171 1724 1403 1777 veritate.
1434 1719 1549 1775 Hoc
1572 1727 1685 1785 est,
1715 1721 1771 1774 in

1871 556 2085 621 merito,
2114 556 2207 610 sed
2238 556 2410 624 gratia
2436 553 2706 623 cognovit.
2733 552 2975 622 Denique
2999 552 3280 620 sequitur:

1936 645 2050 716 Ego
2088 657 2262 699 autem
2306 656 2354 700 te
2388 644 2618 716 cognovi.
2654 643 2773 713 Ipse
2802 641 2922 699 fons
2964 644 3151 713 gratiae
3196 653 3279 699 est
3309 643 3448 700 Deus

1868 743 2093 800 natura;
2142 736 2301 789 homo
2334 742 2511 788 autem
2552 734 2618 788 de
2665 732 2866 803 Spiritu
2914 743 3101 789 sancto
3143 742 3210 788 et‘
3241 734 3451 805 virgine

1869 825 2121 880 ineffabili
2165 827 2338 895 gratia
2374 825 2427 879 in
2476 824 2734 879 unitatem
2770 840 3011 893 persona:
3053 824 3174 879 Filii
3220 824 3317 881 Dei
3364 839 3452 879 as-

1869 914 2115 981 sumptus
2141 922 2240 969 est.
2272 912 2375 967 Per
2405 912 2553 968 illum
2584 921 2955 984 cognoverunt
2981 913 3035 967 bi
3060 923 3113 968 et
3140 929 3327 970 omnes
3352 928 3451 978 per

1868 1020 1962 1079 eos
1989 1004 2266 1069 credituri.

1941 1095 2080 1159 Quia
2123 1104 2180 1149 tu
2220 1112 2301 1150 me
2330 1095 2540 1160 misisti,
2584 1093 2707 1149 ideo
2751 1101 3116 1163 cognoverunt,
3164 1091 3326 1163 igitur
3351 1106 3452 1162 per

1869 1183 2095 1254 gratiam
2116 1188 2504 1253 ‘eognoverunt.

1940 1274 2007 1328 Et
2037 1283 2215 1328 notum
2251 1274 2348 1343 feci
2373 1274 2467 1337 eis,
2506 1274 2707 1343 inquit,
2745 1290 2931 1327 nomen
2971 1285 3152 1339 tuum,
3185 1282 3233 1327 et
3272 1283 3448 1328 notum

1870 1368 2088 1439 faciam.
2125 1365 2318 1421 Notum
2364 1366 2465 1421 feci
2505 1380 2603 1435 per
2631 1365 2791 1421 ﬁdem
2825 1384 2839 1419 :
2884 1373 3071 1419 notum
3113 1364 3311 1419 faciam
3356 1379 3453 1434 per

1869 1458 2139 1530 speciem;
2168 1465 2351 1511 notum
2376 1455 2477 1511 feci
2505 1455 2557 1509 in
2586 1454 2781 1510 saeculo
2804 1455 3275 1526 peregrinantibus
3304 1472 3317 1507 :
3356 1468 3476 1508 nov

1869 1557 1980 1617 tum
2008 1546 2201 1605 faciam
2229 1547 2281 1601 in
2312 1545 2455 1602 cmlo
2480 1546 2848 1616 regnantibus.

1942 1635 2007 1691 Ut
2044 1636 2252 1691 dilectio
2285 1653 2388 1707 qua
2429 1634 2658 1689 dilexisti
2688 1651 2788 1699 me,
2819 1635 2873 1688 in
2912 1634 3037 1704 ipsis
3073 1635 3157 1693 sit.
3195 1643 3244 1689 et
3276 1648 3368 1704 ego
3396 1636 3453 1688 in

1871 1727 2014 1798 ipsis.
2049 1725 2324 1792 Quomodo
2359 1734 2537 1779 autem
2567 1722 2782 1778 dilectio
2808 1737 2912 1791 qua
2946 1722 3133 1777 dilexit
3167 1719 3328 1777 Pater
3364 1722 3447 1777 Fi-

198 1832 280 1871 me
313 1815 450 1886 ipso,
475 1815 623 1869 sicut
641 1822 697 1868 et
724 1828 824 1883 ego
846 1812 1210 1869 sanctiﬁcatus
1236 1828 1355 1868 sum
1384 1813 1439 1868 in
1465 1812 1630 1867 verbo
1654 1809 1767 1866 Dei.
1800 1796 1846 1855 Β
1874 1796 2003 1874 lium
2035 1826 2118 1879 est
2145 1825 2201 1874 et
2237 1818 2383 1872 inter
2407 1828 2523 1881 nos,
2561 1816 2662 1870 nisi
2693 1816 2817 1884 quia
2856 1816 3097 1869 membra
3124 1814 3240 1882 ejus
3266 1830 3453 1871 sumus

196 1906 354 1979 igitur
384 1904 616 1976 subjecit
642 1915 697 1961 et
724 1904 798 1959 ait
828 1920 842 1957 :

266 1995 384 2050 Non
411 2012 507 2067 pro
533 1997 615 2050 his
644 2012 767 2065 rogo
792 2003 1017 2060 tantum,
1045 1995 1099 2051 id
1126 2002 1229 2060 est,
1257 2010 1359 2066 pro
1385 1993 1662 2065 discipulis
1679 1992 1771 2063 qui

197 2103 311 2144 cum
348 2086 439 2141 illo
468 2095 598 2142 tunc
627 2096 802 2141 erant.

266 2175 368 2230 Sed
396 2191 489 2243 pro
520 2176 618 2241 eis,
658 2175 861 2244 inquit,
896 2175 985 2239 qui
1016 2174 1265 2228 credituri
1295 2183 1416 2228 sunt
1444 2190 1536 2244 per
1564 2177 1769 2229 verbum

198 2281 368 2318 eorum
410 2264 465 2317 in
496 2280 598 2317 me.
650 2262 750 2319 Ubi
777 2278 970 2319 omnes
1006 2279 1135 2319 suos
1176 2263 1397 2334 intelligi
1424 2263 1632 2318 voluit:
1662 2280 1769 2317 nou

198 2356 364 2410 solum
411 2356 514 2409 hos
553 2357 645 2423 qui
689 2363 815 2409 tunc
854 2362 1011 2408 erant
1054 2354 1108 2407 in
1153 2369 1335 2417 carne,
1366 2355 1460 2409 sed
1488 2354 1649 2408 etiam
1679 2355 1772 2423 qui

198 2445 354 2499 fumri
379 2451 555 2500 erant.
583 2443 855 2514 Quotquot
875 2455 1060 2515 postea
1086 2444 1431 2499 crediderunt
1457 2445 1511 2499 in
1530 2460 1652 2499 eum
1674 2460 1773 2516 per

196 2534 413 2587 verbum
442 2533 811 2602 apostolorum
829 2572 845 2599 ,
870 2535 990 2589 sine
1014 2533 1568 2597 dnbio‘crediderunt,
1598 2542 1653 2588 et
1673 2534 1771 2589 do-

200 2634 293 2676 nec
314 2622 491 2677 veniat
515 2623 772 2678 credituri
796 2633 953 2685 sunt;
982 2624 1113 2693 ipsis
1136 2623 1279 2678 enim
1301 2625 1513 2679 dixerat
1541 2643 1554 2677 :
1586 2623 1655 2677 Et
1684 2640 1769 2679 vos

196 2713 539 2766 testimonium
569 2713 842 2781 perhibetis
862 2714 985 2783 quia
1012 2714 1077 2767 ab
1101 2715 1252 2768 initio
1280 2730 1479 2768 mecum
1508 2716 1650 2768 estis.

266 2798 327 2853 Ut
348 2818 528 2857 omnes
558 2819 719 2856 unum
746 2804 865 2857 sint.
913 2803 1086 2860 Unum
1112 2803 1166 2859 in
1196 2805 1481 2869 eharitate,
1518 2820 1681 2860 unum
1716 2804 1768 2858 in

199 2889 317 2955 ﬁde,
359 2906 527 2946 unum
573 2892 628 2945 in
668 2906 834 2962 pace,
873 2894 997 2964 quia
1040 2893 1092 2947 in
1133 2909 1297 2947 unum
1340 2904 1563 2965 regnum
1602 2894 1769 2948 futuri

198 2987 334 3033 sunt.
375 2978 528 3035 Licet
557 2980 613 3034 in
640 2995 705 3036 eo
733 2996 898 3052 regno
925 2983 1231 3057 mansiones
1258 2982 1484 3037 diversa:
1520 2984 1629 3038 sint
1652 2998 1772 3054 pro-

1871 1915 1927 1961 et
1960 1907 2016 1961 in
2052 1906 2143 1962 illo
2175 1906 2466 1975 diligimnr,
2510 1920 2632 1960 cum
2664 1905 2754 1959 ille
2784 1904 3022 1975 diligitur
3052 1912 3213 1969 totus,
3258 1905 3309 1960 id
3345 1915 3450 1971 est,

1872 2007 2034 2068 caput
2066 2007 2123 2053 et
2146 2012 2359 2066 corpus.
2388 1996 2511 2051 Ideo
2539 1994 2815 2064 subiunxit
2832 2036 2846 2060 ,
2887 2004 2934 2049 et
2962 2012 3053 2065 ego
3083 1995 3137 2049 in
3165 1995 3311 2066 ipsis,
3336 2005 3455 2050 tan-

1870 2105 2031 2160 quam
2061 2090 2264 2145 diceret
2292 2103 2308 2143 :
2338 2088 2601 2156 Quoniam
2632 2102 2733 2155 ego
2756 2102 2873 2141 sum
2911 2087 2963 2139 in
3007 2087 3157 2156 ipsis,
3188 2086 3280 2157 qui
3317 2087 3359 2141 si
3398 2087 3449 2141 in

1871 2186 2018 2235 recte
2049 2178 2155 2235 ﬁde
2177 2187 2232 2234 et
2254 2178 2410 2233 bonis
2436 2178 2689 2248 Operibus
2718 2191 2887 2246 usque
2918 2176 2970 2230 in
2999 2175 3160 2231 ﬁnem
3201 2191 3454 2246 perseve-

1872 2269 2362 2339 raverint,paratus
2380 2283 2499 2322 sum
2530 2267 2677 2338 regni
2703 2266 2937 2322 ctelestis
2958 2266 3181 2336 gloriam
3203 2266 3335 2321 dare
3358 2266 3451 2322 ubi

1870 2360 2053 2412 vivant
2065 2368 2119 2413 et
2130 2358 2398 2427 gaudeant
2412 2371 2507 2427 per
2517 2356 2698 2412 omnia
2713 2355 2904 2411 saecula
2920 2355 3299 2411 saeculorumA
3308 2369 3452 2409 men.

2385 2464 2665 2521 HOMILIA
2702 2462 2943 2518 XXXIX.

2531 2550 2688 2589 ηιιυι
2724 2548 2797 2587 Vl;

2001 2622 2184 2681 Lectio
2213 2625 2384 2680 sancti
2414 2623 2689 2691 Evangelii
2719 2625 3011 2679 secundum
3043 2623 3323 2682 Joannem.

1941 2715 2009 2771 In
2043 2716 2135 2770 illo
2162 2727 2387 2787 tempore
2423 2716 2556 2770 dixit
2584 2713 2741 2769 Iesus
2778 2715 3047 2785 discipulis
3080 2716 3190 2769 suis
3219 2727 3238 2765 :
3273 2714 3453 2769 Adhuc

1868 2807 2129 2861 modicum
2159 2807 2418 2861 vobiscum
2445 2822 2558 2860 sum
2575 2845 2590 2869 ,
2618 2813 2723 2860 etc.

1943 2897 2221 2966 Tanquam
2251 2895 2488 2951 diceret:
2517 2896 2787 2950 Continuo
2808 2896 3023 2964 quidem
3055 2896 3452 2948 resurrectione

1869 2985 2231 3058 gloriﬁcabor,
2262 2998 2365 3040 non
2396 2993 2575 3039 tamen
2611 2985 2865 3040 continuo
2900 2996 3225 3039 ascensurus
3255 2982 3307 3036 in
3344 2997 3453 3038 cos-

196 3076 311 3140 pter
333 3070 529 3125 merita
553 3079 863 3126 sanctorum
894 3071 1123 3137 diversa,
1154 3080 1267 3128 tum
1290 3074 1595 3143 quicunque
1627 3075 1677 3129 in
1704 3089 1769 3128 eo
1819 3140 1839 3145 _
1871 3076 2004 3141 lum,
2034 3077 2128 3131 sed
2157 3076 2328 3130 adhuc
2362 3076 2621 3130 modicum
2653 3075 2948 3139 uobiscum,
2978 3072 3295 3145 signiﬁcans
3320 3082 3453 3142 qlia-

198 3174 356 3232 regno
378 3162 483 3217 erit
506 3162 695 3219 beatus
721 3163 845 3229 erit,
878 3170 932 3220 et
956 3166 1150 3220 sufﬁcit
1187 3165 1288 3221 sibi
1310 3140 1469 3234 quod
1508 3140 1689 3230 habet,
1715 3166 1769 3220 in
1796 3140 1841 3202 (ἶ
1872 3168 2114 3238 drsginta
2141 3168 2276 3233 dies,
2303 3168 2496 3242 quibus
2518 3168 2792 3222 eratcum
2820 3140 3095 3236 discipulis
3119 3140 3452 3235 temporibus

193 3264 257 3305 eo
289 3251 485 3321 gaudet
521 3253 665 3322 quod
698 3253 954 3323 possidet.

260 3336 403 3392 Sicut
425 3350 508 3404 tu,
534 3337 720 3407 Pater,
754 3342 810 3395 in
837 3357 918 3395 me
956 3352 1002 3395 et
1030 3359 1123 3412 ego
1153 3343 1207 3396 in
1245 3351 1312 3397 te.
1356 3342 1467 3398 Hoc
1505 3352 1587 3398 est
1627 3343 1770 3412 quod

195 3428 343 3498 paulo
382 3440 513 3486 ante
549 3431 685 3486 dixit
725 3450 739 3486 :
784 3432 897 3503 Ego
942 3433 996 3487 in
1036 3432 1226 3500 Patre,
1267 3444 1315 3488 et
1356 3433 1520 3488 Pater
1562 3436 1617 3488 in
1665 3451 1764 3487 ηιε.

195 3518 322 3574 Nam
369 3530 517 3578 totus
564 3522 723 3578 Pater
762 3524 816 3578 in
864 3521 1002 3579 Filio
1044 3534 1159 3590 est,
1211 3533 1279 3581 et
1313 3534 1456 3579 totus
1493 3524 1661 3580 Filius
1712 3523 1766 3578 in

194 3608 372 3675 Patre;
404 3621 462 3666 et
491 3614 585 3683 qui
618 3613 811 3668 Filium
844 3614 1029 3680 habet,
1063 3616 1225 3669 habet
1246 3624 1303 3670 et
1332 3614 1579 3679 Patrem;
1604 3614 1766 3684 etqui

194 3698 397 3757 Patrem
435 3701 625 3768 habet,
664 3703 827 3757 habet
867 3713 921 3758 et
960 3702 1174 3758 Filium.
1220 3703 1372 3759 Unde
1409 3700 1636 3771 subjecit
1679 3719 1693 3755 :

258 3789 325 3843 Ut
364 3802 411 3845 et
452 3793 556 3862 ipsi
596 3793 647 3846 in
689 3793 834 3847 nobis
874 3809 1031 3847 unum
1072 3793 1195 3847 sint.
1240 3791 1295 3847 ld
1331 3800 1596 3855 est,runa
1635 3789 1763 3843 cba-

195 3879 342 3934 ritate
378 3898 477 3935 nos
514 3881 758 3949 diligant,
792 3890 847 3937 et
885 3898 987 3936 una
1028 3882 1132 3936 ﬁde
1170 3897 1267 3936 nos
1296 3881 1534 3944 credant,
1570 3888 1625 3935 et
1660 3895 1765 3933 una

194 3984 280 4037 spe
320 3972 373 4025 in
414 3988 517 4026 nos
548 3972 824 4027 conﬁdant
856 3991 868 4026 :
904 3982 962 4027 ut
1000 3972 1073 4026 sit
1107 3973 1282 4026 unitas
1310 3971 1551 4039 corporis
1592 3970 1645 4024 in
1676 3985 1765 4025 ca-

192 4058 310 4125 pite,
347 4068 405 4114 et
443 4060 515 4114 sit
555 4076 690 4114 unus
724 4059 868 4115 Deus
903 4062 1080 4117 omnia
1118 4062 1174 4114 in
1213 4062 1466 4113 omnibus.

255 4147 365 4220 Ego
398 4150 457 4205 in
490 4153 592 4216 eis,
625 4152 766 4206 sicut
803 4161 966 4222 caput
997 4154 1050 4206 in
1089 4152 1376 4215 membris,
1407 4161 1454 4205 et
1482 4160 1538 4205 tu
1572 4151 1627 4205 in
1660 4166 1761 4215 me,

192 4236 321 4293 sicut
356 4247 514 4309 pater
551 4240 607 4293 in
647 4239 761 4295 ﬁlio
816 4250 871 4294 ut
905 4241 1009 4300 sint
1030 4241 1379 4295 consummati
1406 4242 1462 4294 in
1494 4256 1674 4305 unum,
1710 4240 1763 4295 id

192 4338 269 4383 est
302 4331 563 4401 perfecti,
618 4332 763 4403 quod
811 4332 1055 4403 perﬁciat
1105 4333 1199 4402 qui
1248 4347 1347 4388 nos
1384 4331 1551 4388 voluit
1595 4347 1759 4387 unum

190 4436 298 4476 esse
335 4422 390 4477 in
428 4438 488 4479 se
532 4432 590 4479 et
618 4439 725 4494 per
760 4439 840 4479 se.

255 4510 316 4566 Ut
338 4524 616 4584 cognoscat
650 4513 875 4569 mundus
898 4514 1022 4584 quia
1050 4522 1107 4573 tu
1133 4529 1214 4569 me
1243 4513 1432 4568 misisti
1456 4523 1505 4569 et
1531 4513 1760 4569 dilexisti

190 4619 266 4656 eos
288 4604 417 4658 sicut
438 4615 488 4657 et
513 4620 594 4657 me
619 4603 873 4658 dilexisti.
914 4603 1159 4659 Dilexisti
1188 4619 1281 4660 eos
1312 4613 1370 4659 ut
1400 4613 1581 4661 essent
1614 4606 1756 4674 quod

190 4707 285 4747 non
305 4704 497 4760 erant;
520 4692 758 4748 dilexisti
783 4708 871 4747 me
900 4701 961 4747 ut
982 4708 1157 4749 essem
1181 4694 1322 4763 quod
1351 4707 1561 4764 semper
1584 4693 1681 4748 fui.

250 4781 425 4848 Pater,
451 4800 591 4855 quos
611 4783 804 4837 dedisti
820 4774 971 4848 mihi,
998 4783 1113 4837 volo
1137 4793 1190 4838 ut
1215 4783 1305 4837 ubi
1326 4801 1441 4838 sum
1464 4801 1578 4855 ego,
1608 4794 1656 4838 et
1676 4784 1756 4838 illi

184 4873 279 4927 sint
305 4890 523 4927 mecum.
554 4871 708 4926 Nunc
735 4886 829 4941 per
854 4870 1038 4938 ﬁdem,
1064 4880 1191 4927 tunc
1219 4888 1346 4941 ergo
1368 4889 1466 4943 per
1496 4874 1751 4943 speciem,

187 4977 297 5017 cum
319 4963 570 5020 Christus
593 4964 900 5033 apparuerit
928 4964 1038 5018 vita
1068 4972 1271 5029 nostra,
1298 4975 1425 5018 tunc
1451 4976 1501 5018 et
1534 4980 1632 5020 nos
1659 4980 1751 5033 ap.

185 5055 480 5121 parebimus
505 5070 628 5109 cum
664 5054 777 5123 ipso
806 5053 859 5106 in
895 5052 1085 5120 gloria.
1126 5052 1274 5107 Tunc
1300 5062 1445 5122 patet
1481 5054 1621 5121 quod
1650 5052 1753 5107 eri-

187 5157 315 5208 mus,
345 5145 472 5213 quia
500 5154 629 5199 tunc
656 5143 933 5212 apparebit
962 5143 1010 5197 is
1035 5143 1127 5210 qui
1169 5151 1292 5196 ante
1319 5150 1439 5196 erat
1464 5157 1624 5211 quam
1655 5157 1753 5195 nos

189 5250 431 5289 CSSCID'JS.

249 5322 313 5376 Ut
338 5326 545 5379 videant
566 5364 580 5388 ,
616 5325 823 5393 inquit,
864 5322 1149 5376 claritatth
1182 5340 1347 5376 meam
1376 5338 1533 5393 quam
1561 5322 1750 5375 dedisti

188 5415 318 5467 mihi.
346 5416 505 5470 Pater
521 5416 688 5485 juste,
711 5416 937 5468 mundus
957 5425 1005 5467 te
1025 5406 1126 5467 non
1148 5414 1399 5483 cognovit.
1422 5413 1554 5480 Quia
1572 5415 1747 5483 justus

187 5516 259 5566 es,
284 5504 399 5558 ideo
435 5512 488 5559 te
544 5519 652 5557 non
685 5503 953 5573 cognovit.
998 5502 1222 5556 Mundus
1249 5518 1377 5556 vero
1405 5502 1619 5570 quidam
1652 5517 1747 5554 na-

191 5600 265 5646 tus
284 5603 361 5647 est
390 5610 484 5663 per
511 5593 813 5661 justitiam,
846 5602 897 5646 te
929 5608 1031 5645 non
1062 5593 1340 5663 cognovit;
1376 5592 1462 5645 ille
1498 5608 1624 5646 vero
1655 5593 1745 5661 qui

189 5684 456 5737 silvandus
475 5692 602 5738 erat
622 5699 714 5749 per
737 5682 1178 5747 miscricordiam,
1213 5690 1261 5736 te
1306 5683 1571 5747 cognovit.
1599 5682 1747 5734 Mun-

1785 4474 1836 4534 D

1868 3256 2184 3326 opportunis
2208 3270 2474 3326 apparens
2493 3255 2619 3311 illis.
2646 3255 2831 3311 Potest
2861 3264 3039 3311 tamen
3065 3254 3285 3325 intelligi
3308 3253 3451 3324 quod

1867 3361 2094 3415 parvum
2126 3354 2337 3416 tempus
2368 3344 2510 3400 illius
2564 3347 2931 3400 tantummodo
2978 3345 3152 3400 noctis
3183 3359 3355 3414 usque
3383 3344 3450 3398 ad

1865 3436 2131 3505 passionis
2151 3437 2340 3490 horam
2362 3451 2486 3490 cum
2515 3435 2790 3505 discipulis
2815 3451 2874 3491 se
2896 3430 3015 3491 esse
3042 3435 3446 3506 signiﬁcaverit.

1862 3526 1960 3581 Est
1995 3536 2048 3581 et
2083 3525 2185 3581 alia
2211 3525 2389 3581 divina
2420 3526 2722 3595 praesentia,
2758 3526 3002 3581 sensibus
3042 3526 3221 3597 ignota
3252 3535 3455 3580 morta-

1868 3615 2024 3679 libus,
2052 3616 2117 3669 de
2138 3631 2240 3684 qua
2266 3616 2391 3670 item
2417 3614 2546 3669 dicit
2570 3634 2583 3668 ;
2610 3614 2744 3668 Ecce
2768 3615 3028 3669 uobiscum
3051 3632 3167 3669 sum
3197 3632 3358 3687 usque
3381 3617 3450 3669 ad

1866 3704 2358 3756 consummationem
2406 3702 2608 3756 sa‘culi.
2658 3702 2769 3757 Hoc
2811 3711 2960 3757 certe
3000 3718 3104 3756 non
3148 3712 3233 3757 est
3277 3704 3450 3757 adhuc

1866 3793 2126 3845 modicum
2167 3791 2427 3845 nobiseum
2464 3806 2615 3854 sum;
2654 3791 2747 3847 scd
2777 3800 2859 3845 est
2890 3782 3158 3843 modicum
3191 3791 3446 3845 vobiscum

1864 3888 2003 3945 sum,
2033 3880 2116 3933 vel
2151 3888 2274 3933 ante
2309 3879 2577 3948 passionis
2603 3881 2789 3935 barum
2824 3878 2911 3934 vel
2937 3889 3056 3949 post
3094 3880 3446 3935 resurrectio-

1866 3984 2010 4023 nem.
2039 3970 2159 4023 Alio
2186 3970 2304 4024 loco
2324 3970 2471 4024 dixit
2498 3969 2775 4039 discipulis
2801 3970 2913 4025 suis
2938 3988 2952 4023 :
2986 3968 3116 4024 Hac
3145 3981 3267 4025 sunt
3294 3970 3447 4025 verba

1864 4075 1981 4130 quae
2018 4058 2221 4113 locutus
2262 4073 2378 4111 sum
2412 4057 2555 4111 vobis
2595 4072 2713 4111 eum
2752 4058 2925 4114 adhuc
2962 4075 3122 4112 essem
3161 4059 3444 4123 sabinum,

1864 4148 1969 4203 nisi
1997 4163 2116 4203 cum
2146 4146 2319 4201 adhuc
2353 4158 2527 4201 essem
2557 4146 2612 4201 in
2644 4161 2807 4201 carne
2838 4148 3050 4202 mortali
3094 4148 3149 4201 in
3178 4162 3281 4217 qua
3312 4147 3448 4204 estis

1863 4253 1919 4299 et
1943 4259 2056 4298 vos.
2088 4242 2236 4296 Tunc
2258 4242 2401 4295 enim
2439 4256 2561 4296 cum
2598 4241 2714 4295 haec
2736 4241 2936 4295 diceret
2973 4241 3025 4295 in
3061 4241 3247 4297 eadem
3280 4255 3450 4296 carne

1864 4335 2122 4389 suscitata
2156 4340 2305 4397 erat,
2348 4332 2447 4388 sed
2486 4345 2608 4387 cum
2653 4332 2759 4387 illis
2798 4332 2852 4387 in
2895 4332 3082 4388 eadem
3120 4332 3445 4387 mortalitate

1857 4427 1969 4497 jam
1995 4441 2098 4480 non
2126 4433 2263 4481 erat.

1936 4514 2191 4579 Qumretis
2215 4529 2299 4567 me
2320 4525 2339 4564 :
2366 4514 2498 4566 sicut
2524 4511 2635 4565 disi
2661 4512 2867 4565 Judteis
2892 4526 2912 4563 :
2940 4510 3170 4579 Quoego
3198 4510 3330 4563 vado
3355 4526 3441 4564 vos

1864 4621 1966 4658 non
1989 4604 2199 4674 potestis
2222 4604 2425 4666 venire;
2451 4610 2499 4655 et
2523 4601 2640 4654 diro
2661 4600 2801 4653 uobis
2821 4600 2997 4653 modo.
3024 4599 3137 4653 Hoc
3156 4608 3257 4660 est,
3283 4599 3441 4653 modo

1861 4710 1968 4749 non
2001 4694 2243 4764 potestis.
2290 4691 2487 4746 Judmis
2536 4701 2715 4744 autem
2744 4705 2864 4744 cum
2899 4686 3013 4745 huic
3057 4690 3288 4753 diceret,
3332 4704 3439 4742 non

1861 4781 2063 4835 addidit
2103 4781 2274 4834 modo.
2317 4780 2409 4834 isti
2450 4770 2632 4847 itaque
2670 4792 2775 4833 non
2812 4765 3071 4847 poterant
3092 4777 3275 4832 venire
3312 4787 3440 4833 tunc

1859 4889 1966 4943 quo
2004 4872 2094 4927 ille
2128 4871 2271 4936 ibat,
2306 4873 2397 4925 sed
2435 4877 2685 4939 poterant
2724 4876 2937 4936 postea;
2982 4866 3438 4921 ideodesiderans

1853 4978 1945 5017 eos
1987 4960 2253 5030 quomodo
2299 4957 2477 5013 idonei
2519 4971 2643 5011 esse
2684 4961 3163 5025 possent‘pergere
3204 4968 3312 5022 quo
3350 4954 3439 5009 llle

1852 5053 2200 5107 antecedebat
2224 5064 2243 5104 :

1923 5140 2235 5195 Mandatum
2266 5153 2476 5201 nouum,
2516 5137 2705 5205 inquit,
2733 5136 2802 5189 do
2829 5135 2986 5199 robis,
3015 5144 3069 5187 ut
3096 5132 3327 5202 diligatis
3357 5136 3438 5187 in-

1850 5231 2029 5285 vicem.
2066 5228 2127 5281 lii
2169 5234 2295 5282 sunt
2334 5241 2553 5297 gressus
2591 5227 2786 5295 quibus
2822 5224 3127 5293 sequendus
3164 5230 3251 5277 est
3280 5222 3436 5277 Chri-

1853 5327 1998 5384 stus;
2042 5318 2146 5371 boc
2187 5316 2495 5370 mandatum
2528 5316 2823 5369 cbaritatis.
2860 5314 3082 5368 innovat
3109 5315 3305 5383 quippe
3334 5329 3433 5365 au-

1855 5406 2087 5461 dientem
2118 5405 2202 5459 vel
2233 5408 2411 5475 potius
2441 5407 2777 5459 obedientem
2818 5420 2922 5457 non
2958 5405 3152 5466 omnis,
3194 5405 3286 5458 sed
3328 5404 3431 5458 ista

1853 5499 2087 5562 dilectio,
2130 5514 2290 5566 quam
2323 5498 2580 5550 Dominus
2606 5505 2665 5550 ut
2699 5512 2730 5549 a
2768 5497 2968 5551 carnali
3009 5495 3295 5550 dilectione
3326 5495 3435 5549 dis-

1852 5592 2139 5659 tingueret,
2169 5590 2245 5642 ait
2274 5608 2286 5641 :
2318 5587 2463 5643 Sicut
2502 5587 2661 5641 dilexi
2688 5604 2795 5641 vos.
2830 5587 3048 5641 Dilectio
3090 5587 3188 5639 ista
3217 5600 3321 5639 non
3350 5585 3430 5638 in»

1853 5688 2014 5735 navat
2038 5687 2095 5735 ut
2115 5681 2284 5737 simus
2312 5680 2557 5734 homines
2584 5680 2728 5745 novi,
2751 5680 2844 5734 sed
2866 5679 3107 5733 lucretius
3126 5673 3437 5733 testamenti
