3946 6378
441 397 552 458 119
1087 392 1150 448 Β.
1187 389 1443 447 RABANI
1484 389 1702 455 MAUR!
1741 386 2059 446 ARCHIEP.
2104 388 2415 445 MOGUNT.
2455 386 2736 445 OPERLTM
2776 386 2955 443 PARS
2994 387 3056 444 ll.
3618 387 3718 444 ξω

437 506 585 567 novi.
629 503 755 562 [hec
781 504 999 576 dilectio
1024 503 1280 574 populum
1311 518 1507 559 novum
1533 502 1748 572 collegit
1775 501 2028 566 Christo;
2061 510 2105 565 A
2139 503 2250 558 Mos
2280 503 2562 556 mulierum
2594 510 2677 557 est
2719 503 2962 570 aspicere
2992 518 3049 555 se
3096 501 3146 554 in
3183 500 3437 570 speculis,
3470 509 3527 554 ut
3563 500 3724 571 quid-

436 604 557 657 htec
576 598 831 668 antiquos
855 596 1045 651 Patres
1070 595 1361 650 innovabat
1388 604 1445 649 ut
1471 603 1653 650 essent
1683 595 1735 648 in
1758 593 2031 649 Christum
2135 595 2262 665 quid
2312 594 2365 648 in
2412 611 2470 650 se
2513 596 2789 649 sordidum
2832 596 3236 664 perspexerant,
3285 603 3377 648 aut
3426 610 3533 649 non
3588 596 3729 651 bene

437 689 723 746 credentes
754 684 847 756 qui
880 694 1142 740 venturus
1179 692 1297 738 erat
1341 684 1605 741 redimere
1644 698 1758 737 eos.
1800 683 2035 753 Audiant
2132 688 2514 755 compositum,
2546 686 2598 740 in
2624 686 3579 757 meliusemendatum.suissatagant
3603 687 3725 756 pla-

439 778 585 837 enim
614 787 774 847 atque
801 774 1129 840 custodiant,
1181 774 1495 829 Mandatum
1535 790 1733 839 novum
1780 774 1849 827 do
1893 773 2033 843 vobis

441 880 497 925 ut
540 868 773 939 diligatis
813 868 1050 931 invicem,
1098 881 1287 921 omnes
1320 866 1411 935 qui
1447 866 1633 918 volunt
1668 863 1875 929 fratres
1916 880 2036 933 esse

444 961 588 1015 unici
617 959 736 1013 Filii
764 959 882 1024 Dei,
910 960 1000 1027 qui
1029 958 1263 1027 seipsum
1296 958 1347 1010 in
1380 958 1482 1010 hac
1510 955 1795 1011 dilatione
1820 956 2038 1011 tradidit

444 1063 542 1120 pro
570 1048 742 1104 nobis.
778 1047 913 1102 Nam
942 1056 998 1102 et
1037 1049 1090 1102 in
1126 1048 1226 1101 hoc
1254 1047 1509 1099 mandato
1554 1044 1677 1098 illud
1722 1045 2034 1099 mandatum

442 1150 527 1196 ost
548 1141 691 1211 quod
705 1140 863 1212 prius
883 1139 1106 1210 ponitur
1129 1160 1140 1193 :
1170 1137 1367 1209 Diliges
1396 1137 1675 1192 Dominum
1703 1137 1865 1192 Deum
1889 1129 2037 1192 trium

440 1245 508 1284 ea:
545 1238 653 1282 toto
694 1229 850 1283 corde
886 1240 999 1294 tuo,
1041 1238 1089 1281 et
1124 1243 1189 1282 ea:
1224 1238 1333 1282 tota
1376 1229 1554 1281 anima
1597 1239 1710 1293 tua,
1741 1238 1788 1281 et
1830 1244 1893 1281 ex
1932 1238 2039 1281 tota

443 1330 613 1375 mente
643 1330 754 1373 tua.
796 1318 906 1375 Sed
932 1319 1068 1375 bene
1096 1320 1518 1391 intelligentibus
1548 1331 1847 1390 utrumque
1886 1320 2036 1374 inve-

444 1410 595 1465 nitur
613 1409 673 1464 in
702 1409 958 1479 singulis;
990 1425 1113 1463 nam
1152 1419 1206 1463 ct
1240 1410 1329 1479 qui
1369 1409 1541 1481 diligit
1574 1408 1742 1464 Deum
1777 1425 1881 1465 non
1915 1424 2037 1465 eum

443 1510 628 1575 potest
661 1502 918 1558 cohibere
943 1504 1354 1579 praecipientem
1390 1512 1449 1557 ut
1483 1504 1672 1573 diligat
1709 1505 2035 1574 proximum,

446 1607 503 1654 et
528 1598 619 1668 qui
645 1606 771 1653 ante
803 1607 967 1668 atque
1000 1598 1315 1669 spiritaliter
1338 1599 1523 1669 diligit.
1543 1599 1848 1668 proximum
1868 1639 1883 1664 ,
1912 1600 2039 1669 quid

447 1689 501 1743 in
555 1702 623 1744 eo
670 1687 843 1759 diligit
888 1688 991 1742 nisi
1042 1687 1367 1741 Dominum?
1419 1687 1533 1757 Ipsa
1576 1695 1661 1742 est
1703 1686 1919 1744 dilectio
1974 1688 2041 1741 ab

447 1779 593 1835 omni
620 1780 898 1834 mundana.
914 1778 1203 1834 dilectione
1223 1779 1457 1833 discreta
1482 1794 1642 1849 quam
1666 1778 2042 1850 distinguendo

2138 793 2261 833 cere
2292 778 2520 833 maritis.
2566 776 2717 845 Quod
2760 778 2937 831 facere
2980 779 3256 831 moraliter
3286 780 3572 833 animabus
3600 795 3728 834 con-

2138 873 2281 923 venit
2315 870 2533 924 nostris.
2567 869 2833 923 Debemus
2859 869 3060 922 etenim
3089 884 3187 923 nos
3220 869 3276 922 in
3312 870 3605 937 Evangelii,
3635 885 3723 923 seu

2128 962 2376 1015 .oumium
2399 962 2698 1015 divinarum
2723 962 3124 1032 Scripturarmn
3148 963 3460 1031 conspicere
3484 962 3722 1033 speculo.

2139 1060 2194 1106 ct
2226 1053 2484 1122 depositis
2513 1052 2778 1114 sordibus,
2810 1053 3126 1122 crustisque
3152 1052 3394 1107 moribus
3420 1053 3725 1107 anitnarmu

2141 1151 2477 1206 nostrarum,
2508 1140 2725 1196 Christo
2752 1157 2881 1196 vero
2931 1141 3143 1213 placere
3178 1143 3372 1198 merito
3400 1140 3590 1214 [Forte
3624 1144 3724 1214 leg.

2142 1229 2381 1303 marito}.

2214 1321 2317 1386 Qui
2345 1332 2520 1374 autem
2556 1324 2873 1393 perspexerit
2902 1325 2955 1376 in
2982 1323 3089 1394 lege
3118 1323 3343 1393 perfecta
3372 1322 3648 1388 libertatis,
3682 1334 3728 1379 et

2139 1414 2480 1483 permanserit
2511 1414 2564 1466 in
2602 1430 2683 1467 ea.
2729 1414 2923 1484 Legem
2967 1410 3259 1483 perlectam
3305 1414 3571 1468 lilertatis
3605 1426 3729 1484 gra-

2143 1505 2272 1558 tiam
2312 1505 2585 1575 Evangelii
2628 1506 2788 1570 dicit;
2834 1507 2965 1561 nihil
3005 1508 3148 1560 enim
3188 1506 3256 1560 ad
3298 1506 3600 1575 perlectum
3648 1508 3728 1561 lex

2145 1598 2384 1652 adduxit.
2416 1597 2485 1651 Et
2518 1598 2643 1651 alibi
2677 1615 2688 1651 :
2732 1597 2781 1650 Ν
2789 1614 2854 1651 οη
2884 1599 3021 1651 enim
3055 1599 3324 1666 accepistis
3349 1599 3593 1667 spiritum
3621 1614 3729 1651 ser-

2144 1688 2319 1743 vitutis
2352 1689 2540 1741 iterum
2578 1688 2633 1740 in
2662 1688 2865 1750 timore,
2898 1688 2987 1741 sed
3027 1688 3298 1757 accepistis
3338 1689 3588 1757 spiritum
3635 1687 3733 1741 ad-

2145 1780 2368 1849 optionis
2398 1778 2659 1848 ﬁliorum.
2692 1778 2759 1831 Et
2799 1779 2996 1831 iterum
3029 1795 3041 1831 :
3077 1775 3175 1831 Ubi
3213 1778 3351 1832 enim
3380 1778 3596 1847 spiritus
3617 1777 3735 1831 .Do—

448 1868 655 1925 addidit
676 1869 955 1933 Dominus,
980 1870 1113 1925 sicut
1131 1867 1293 1921 dilexi
1318 1885 1427 1931 vos,
1454 1884 1576 1923 cum
1604 1868 1864 1924 Dominus
1887 1866 2043 1923 Jesus
2074 1861 2116 1918 Β
2147 1869 2297 1933 mini,
2336 1868 2406 1922 ibi
2446 1868 2676 1922 libertas.
2720 1868 2783 1921 Et
2826 1869 2938 1938 ipse
2978 1867 3239 1921 Dominus
3265 1887 3277 1920 :
3309 1864 3367 1920 Si
3398 1882 3509 1931 vos,
3542 1866 3735 1936 inquit,

452 1966 696 2013 sanctam
726 1958 1089 2021 dilectionem,
1118 1974 1223 2028 qua
1257 1973 1315 2012 se
1353 1959 1583 2013 invicem
1616 1958 1921 2029 diligerent,
1963 1957 2043 2012 di-

452 2048 673 2117 scipulis
698 2048 1123 2103 commendaret.

524 2140 664 2194 Dicit
686 2141 731 2193 ei
758 2138 938 2195 Simon
964 2138 1154 2193 Petrus
1177 2154 1195 2191 .'
1219 2140 1465 2205 Domine,
1485 2158 1584 2210 quo
1619 2141 1803 2195 vadis?
1829 2140 1919 2195 Sic
1939 2141 2045 2195 uti-

454 2245 561 2301 que
600 2230 704 2285 boc
741 2230 878 2285 dixit
912 2229 1171 2301 magistro
1194 2229 1487 2300 discipulus
1517 2238 1574 2284 et
1606 2230 1833 2284 Domino
1859 2244 2048 2286 servus

458 2331 713 2389 tanquam
757 2321 906 2390 sequi
942 2332 1186 2390 paratus,
1225 2329 1511 2390 prepterea
1549 2321 1750 2390 quippe
1791 2321 2051 2378 Dominus

456 2412 548 2482 qui
577 2411 697 2481 ejus
726 2410 968 2465 animum
995 2409 1132 2465 vidit
1162 2424 1330 2479 quare
1360 2409 1463 2464 hoc
1493 2408 1939 2479 interrogaverit,
1972 2410 2053 2465 sic

458 2504 507 2558 ei
545 2503 817 2573 respondit
842 2520 856 2557 :

533 2593 649 2659 Quo
671 2610 764 2663 ego
787 2592 917 2646 vado
944 2607 1047 2646 non
1066 2601 1276 2661 potestis
1302 2607 1383 2644 me
1404 2590 1559 2643 modo
1582 2590 1743 2660 sequi.
1772 2588 2053 2659 Tanquam

461 2686 666 2740 diceret
695 2701 709 2739 :
740 2683 973 2753 Propter
1003 2682 1148 2753 quod
1189 2683 1491 2754 interrogas
1526 2698 1635 2736 non
1680 2691 1834 2751 potes
1871 2682 2049 2736 modo.

458 2774 582 2830 Non
620 2774 697 2829 ait
727 2791 739 2827 :
774 2772 892 2828 Non
928 2780 1112 2843 potes;
1156 2773 1248 2828 sed
1284 2788 1392 2826 non
1430 2782 1583 2842 potes
1612 2772 1765 2826 modo
1796 2789 1814 2825 :
1841 2773 2055 2827 dilatio-

463 2879 587 2918 nem
617 2862 822 2928 intulit,
860 2877 965 2916 non
997 2877 1147 2931 spem
1178 2862 1331 2928 tulit;
1365 2871 1419 2916 et
1446 2863 1689 2917 eamdem
1720 2877 1865 2932 spem
1893 2879 2053 2933 quam

466 2968 572 3008 non
599 2952 752 3018 tulit,
793 2951 887 3007 sed
932 2953 1112 3020 potius
1152 2951 1328 3018 dedit,
1363 2953 1610 3022 sequenti
1640 2968 1774 3007 voce
1822 2952 2059 3007 ﬁrmavit

465 3045 711 3101 addendo
740 3052 903 3114 atque
932 3042 1162 3099 dicendo
1189 3058 1204 3097 :

538 3133 782 3208 Sequeris
814 3144 988 3188 autem
1019 3145 1216 3203 postea.
1243 3132 1524 3203 Respondit
1556 3134 1779 3189 Petrus:
1806 3135 1981 3200 Quare
2010 3146 2058 3189 te

2146 1957 2195 2011 F
2200 1960 2321 2013 ilius
2349 1958 2662 2023 liberaverit,
2682 1974 2797 2012 vere
2825 1956 2974 2010 liberi
3000 1958 3167 2011 eritis.

2222 2049 2343 2104 Non
2372 2049 2585 2103 auditor
2622 2047 2900 2102 obliuiosus
2943 2048 3135 2111 factus,
3179 2048 3268 2101 sed
3313 2046 3483 2112 factor
3520 2048 3735 2116 operis:

2148 2140 2231 2192 hic
2258 2139 2437 2192 beatus
2466 2139 2519 2191 in
2553 2139 2692 2206 facta
2724 2155 2819 2192 suo
2848 2141 2965 2192 erit.
3006 2136 3119 2191 Non
3145 2138 3333 2192 auditu
3364 2137 3517 2192 verbi
3550 2154 3739 2207 super-

2150 2243 2341 2293 vacuo,
2370 2228 2463 2283 sed
2490 2229 2672 2297 operis
2700 2229 3047 2283 exsecutione
3070 2228 3350 2283 beatitudo
3381 2239 3736 2298 pricnaratur,

2150 2322 2289 2376 sicut
2312 2330 2370 2376 et
2407 2320 2665 2375 Dominus
2707 2320 2932 2390 loquens
2976 2322 3041 2375 ad
3089 2321 3427 2391 discipulos:
3467 2320 3529 2375 Si
3568 2331 3740 2374 autem

2150 2412 2314 2473 scitis,
2342 2410 2473 2464 beati
2500 2409 2664 2476 eritis,
2692 2410 2895 2479 inquit,
2927 2412 2971 2463 si
2998 2410 3221 2479 feceritis
3249 2421 3330 2463 ea.

2224 2500 2283 2553 Si
2306 2502 2421 2570 quis
2455 2509 2629 2553 autem
2666 2509 2813 2568 putat
2844 2516 2898 2554 se
2941 2497 3237 2568 religiosum
3279 2516 3408 2564 esse,
3450 2517 3555 2553 non
3585 2500 3743 2568 refre—

2156 2607 2286 2644 nans
2332 2590 2568 2659 linguam
2596 2606 2778 2654 suam,
2818 2589 2906 2643 sed
2950 2590 3200 2643 seducens
3243 2606 3332 2642 cor
3367 2606 3553 2654 suam,
3587 2589 3743 2658 hujus

2155 2697 2288 2735 vana
2314 2689 2387 2733 est
2418 2679 2619 2749 religio.
2651 2678 2932 2734 Monuerat
2957 2696 3118 2751 supra
3144 2680 3365 2735 verbum
3399 2680 3492 2733 Dei
3525 2695 3635 2733 non
3662 2694 3742 2733 so-

2154 2772 2265 2825 lum
2312 2772 2515 2834 audire,
2560 2771 2653 2825 sed
2698 2780 2752 2825 et
2798 2770 2994 2833 facere,
3040 2787 3182 2827 nunc
3224 2771 3397 2833 addit,
3441 2771 3568 2839 quia
3610 2780 3665 2825 et
3700 2772 3741 2825 si

2157 2864 2409 2916 mandata
2440 2863 2561 2932 quis
2592 2862 2800 2915 Domini
2833 2877 2952 2931 quae
2976 2862 3165 2916 didicrt
3197 2861 3354 2916 factis
3378 2876 3635 2916 exercere
3665 2860 3741 2914 vi-

2157 2954 2341 3017 detur,
2375 2954 2422 3006 si
2458 2967 2564 3007 non
2589 2954 2751 3007 etiam
2790 2952 3021 3019 linguam
3054 2967 3081 3004 a
3108 2953 3559 3015 detractionibus,
3592 2966 3740 3005 men-

2159 3042 2348 3107 daciis,
2382 3042 2751 3112 blasphemiis,
2785 3042 3151 3111 stultiloquiis,
3182 3045 3247 3097 ab
3271 3043 3386 3112 ipso
3413 3043 3581 3096 etiam
3609 3041 3742 3096 mul-

2160 3133 2404 3202 tiloquio,
2436 3133 2753 3202 exterisque
2783 3134 2975 3201 quibus
3003 3148 3228 3204 peccare
3273 3133 3410 3187 solet
3436 3133 3743 3189 refrenare—

467 3242 572 3281 non
590 3241 803 3297 possum
826 3222 972 3295 sequi
992 3222 1186 3277 modo?
1207 3221 1448 3275 Animam
1471 3239 1637 3275 meam
1660 3240 1753 3291 pro
1777 3232 1825 3277 te
1844 3240 2053 3291 ponam.
2087 3214 2129 3273 C
2164 3225 2253 3287 rit,
2302 3222 2505 3276 frustra
2549 3237 2606 3276 se
2649 3223 2713 3278 de
2753 3232 2979 3292 operum
3020 3224 3229 3291 justitia
3269 3222 3460 3290 jactat,
3508 3225 3651 3277 sicut
3696 3232 3747 3277 et

466 3316 607 3383 Quid
656 3315 713 3369 in
756 3315 937 3369 animo
973 3315 1090 3384 ejus
1127 3328 1246 3369 esse
1282 3313 1594 3383 cupiditatis
1633 3314 1879 3368 videbat?
1919 3314 2057 3379 Quid

465 3405 665 3459 virium
694 3420 799 3459 non
830 3404 1078 3458 videbat?
1107 3403 1450 3459 Voluptatem
1474 3418 1626 3458 suam
1646 3404 1885 3471 jactabat
1910 3406 2060 3461 inllr—

468 3510 615 3559 mus,
642 3496 736 3550 sed
764 3494 1106 3564 impendebat
1134 3493 1495 3549 valetudinem
1523 3496 1781 3549 medicus.
1812 3496 1917 3550 lste
1942 3511 2062 3565 pro-

469 3584 754 3648 mittebat,
786 3582 875 3638 ille
899 3583 1289 3653 praenoscebat.
1326 3583 1424 3650 Qui
1454 3584 1747 3650 nesciebat,
1776 3585 2055 3650 audiebat;

470 3685 529 3731 et
554 3676 646 3747 qui
673 3674 1019 3745 przesciebat,
1049 3674 1294 3732 docebat.

543 3764 827 3835 Respondit
870 3764 1027 3819 Iesus
1065 3778 1085 3817 :
1126 3765 1374 3819 Animam
1413 3775 1555 3819 tuam
1604 3782 1696 3835 pro
1756 3785 1837 3821 me
1880 3785 2059 3837 pones.

474 3856 628 3924 Quod
658 3854 963 3926 promittis,
995 3854 1155 3910 modo
1184 3869 1292 3909 non
1336 3862 1519 3925 potes;
1566 3856 1715 3924 prius
1760 3866 1842 3911 est
1884 3858 2063 3911 anima

476 3960 596 4000 mea
624 3961 721 4015 pro
753 3953 805 4000 te
832 3945 1077 4016 ponenda
1095 3985 1111 4011 ,
1139 3951 1202 4000 ut
1232 3944 1409 4015 possis
1436 3952 1621 4012 postea
1652 3948 1885 4001 animam
1916 3956 2063 4002 tuam

476 4050 574 4106 pro
612 4050 699 4088 me
742 4047 972 4104 ponere;
1019 4033 1205 4102 sicque
1250 4033 1660 4089 resurrectionis
1716 4049 1848 4088 mem
1895 4036 2064 4104 gloria

476 4122 837 4193 complebitur
856 4129 911 4175 et
938 4122 1207 4191 passionis
1225 4129 1330 4175 tua:
1357 4137 1566 4176 merces
1592 4122 1644 4175 in
1666 4122 1872 4177 caelesti
1904 4139 2067 4194 regno

481 4212 574 4267 tibi
615 4210 1011 4282 pneparabitur
1055 4218 1115 4264 ut
1163 4225 1285 4265 cum
1323 4209 1524 4265 sanctis
1567 4211 1771 4281 angelis
1820 4212 1968 4266 vivas
2015 4222 2069 4270 et

480 4305 717 4379 gaudeas
748 4320 845 4375 per
868 4305 1049 4359 omnia
1078 4303 1271 4359 saecula
1300 4303 1635 4359 seculorum.
1671 4304 1860 4359 Amen.

1062 4412 1344 4469 HOMILIA
1385 4414 1497 4468 XL.

633 4498 959 4540 DOIINICA
998 4499 1062 4537 IV
1097 4499 1255 4538 POST
1294 4499 1603 4541 OCTAVAM
1643 4501 1924 4541 PASCHE.

709 4571 895 4627 Lectio
923 4571 1178 4643 Epistolas
1206 4571 1346 4627 beati
1378 4571 1563 4628 Jacobi
1597 4575 1841 4643 apostoli.

562 4662 888 4726 (Iltarissimi,
928 4656 1085 4716 estote
1122 4662 1346 4732 factores
1376 4664 1547 4729 verbi,
1583 4672 1633 4716 et
1671 4681 1775 4718 non
1805 4665 2068 4719 auditores

489 4766 687 4809 tantum
700 4791 715 4817 ,
744 4759 851 4807 etc.

555 4840 647 4896 Sic
670 4849 724 4895 et
744 4839 945 4897 Paulus
972 4841 1038 4897 de
1064 4841 1200 4911 legis
1226 4841 1524 4898 cultoribus
1556 4842 1629 4896 ait
1662 4860 1675 4895 τ
1714 4842 1836 4896 Νοη
1864 4844 2069 4897 audito-

484 4946 567 4983 res
605 4940 809 4985 tantum
836 4929 964 5002 legis
989 4932 1426 5002 justiﬁcabuntur
1452 4934 1592 4996 apud
1622 4933 1818 4995 Deum,
1852 4932 1939 4986 sed
1987 4932 2072 5001 fa-

483 5034 647 5074 ctores
669 5023 796 5091 legis
816 5021 949 5091 justi
974 5032 1117 5077 sunt.
1150 5021 1217 5077 Et
1248 5023 1301 5076 in
1327 5023 1648 5093 Apocalypsi
1674 5022 1919 5086 Joannis,
1947 5038 2069 5077 cum

484 5110 710 5165 dixisset
736 5128 750 5163 :
778 5111 973 5165 Beatus
997 5112 1087 5183 qui
1116 5114 1237 5183 legit
1261 5123 1307 5166 et
1329 5115 1418 5179 qui
1441 5114 1588 5167 audit
1616 5114 1767 5167 verba
1791 5114 2072 5183 prop/retice

484 5200 605 5254 libri
645 5201 829 5270 hujus,
865 5204 1112 5273 protinus
1148 5204 1394 5275 adjunxit
1429 5221 1442 5257 :
1484 5205 1552 5257 Et
1593 5216 1761 5258 servat
1789 5220 1850 5258 ea
1873 5220 1989 5274 quae
2020 5204 2073 5258 in

484 5288 577 5340 illo
605 5290 800 5359 scripta
823 5300 964 5346 sunt.

560 5379 698 5445 Quia
736 5383 781 5436 si
808 5385 925 5453 quis
964 5384 1178 5437 auditor
1216 5394 1289 5438 est
1332 5385 1469 5438 verbi
1510 5394 1557 5438 et
1602 5400 1707 5438 non
1754 5386 1941 5451 factor,
1990 5384 2074 5436 llic

487 5471 881 5539 comparabitur
910 5474 1017 5525 viro
1040 5474 1393 5527 consideranti
1424 5474 1619 5526 vultum
1651 5474 1937 5525 nativitatis
1965 5487 2071 5523 stur

487 5563 543 5614 in
564 5564 801 5631 speculo;
823 5565 1169 5618 consideravit
1199 5567 1334 5618 enim
1356 5584 1410 5619 se
1434 5576 1479 5619 et
1508 5566 1654 5628 abiit,
1680 5574 1725 5615 et
1754 5567 1926 5617 statim
1949 5564 2077 5616 obli-

490 5660 572 5703 tus
601 5661 675 5705 est
705 5653 876 5722 qualis
912 5655 1093 5723 fuerit.
1126 5652 1338 5709 Vultum
1382 5656 1679 5709 nativitatis
1709 5656 1836 5709 dicit
1873 5654 2075 5708 vultum

490 5742 751 5810 infantiu‘,
773 5760 896 5816 quae
923 5747 1159 5802 nondum
1189 5746 1253 5801 ad
1280 5747 1575 5815 perlectum
1602 5746 1848 5815 pervenit
1880 5745 2073 5797 virum.

2158 3311 2356 3366 Paulus
2404 3313 2619 3383 gentilis
2666 3324 2835 3382 poetae
2888 3314 3209 3368 sententiam
3256 3314 3563 3383 approbatis
3608 3315 3682 3369 ait
3732 3327 3746 3367 ξ

2160 3400 2511 3471 Corrumpunt
2537 3402 2699 3455 bonos
2730 3417 2896 3455 mores
2926 3401 3187 3473 colloquia
3210 3401 3371 3455 mala.

2232 3489 2432 3562 Religio
2474 3491 2669 3545 munda
2706 3502 2754 3545 et
2796 3491 3131 3545 immaculata
3170 3491 3309 3556 apud
3347 3490 3516 3544 Deum
3556 3501 3603 3543 et
3647 3491 3744 3545 Pa-

2161 3592 2311 3647 trem,
2336 3583 2446 3635 limc
2469 3592 2566 3637 est.
2590 3582 2821 3638 Pulchre
2844 3583 3067 3645 addidit,
3088 3583 3228 3648 apud
3256 3582 3424 3636 De‘nm
3438 3593 3486 3636 et
3516 3580 3748 3649 Patrem,

2165 3676 2287 3743 quia
2316 3684 2440 3729 sunt
2466 3675 2559 3745 qui
2592 3675 2900 3731 hominibus
2946 3675 3179 3746 religiosi
3208 3676 3477 3740 videntur,
3510 3691 3637 3730 cum
3666 3690 3751 3732 co-

2162 3782 2277 3819 ram
2316 3765 2426 3820 Deo
2455 3767 2753 3821 habeantur
2789 3765 3025 3836 profani.
3070 3765 3221 3822 Unde
3251 3775 3305 3819 et
3346 3764 3602 3821 Salomon
3632 3766 3707 3819 ait
3736 3782 3748 3817 :

2166 3856 2262 3910 Est
2307 3858 2391 3911 via
2415 3874 2530 3927 qua!
2566 3859 2767 3911 videtur
2800 3858 2999 3912 homini
3033 3857 3214 3928 justo;
3250 3857 3531 3910 novissima
3580 3866 3753 3909 autem

2164 3947 2279 4016 ejus
2305 3946 2567 4000 deducunt
2593 3947 2660 3999 ad
2691 3956 2927 4006 mortem.

2246 4034 2472 4088 Visitare
2497 4034 2720 4105 pupillos
2749 4045 2796 4088 et
2826 4037 3011 4089 viduas
3039 4037 3093 4088 in
3121 4035 3453 4089 tribulatione
3481 4050 3686 4101 comm,
3710 4043 3757 4091 et

2167 4128 2561 4181 immaculatum
2579 4144 2633 4181 se
2654 4128 2915 4181 custodire
2936 4130 2999 4181 ab
3024 4130 3120 4181 hoc
3145 4129 3357 4183 smculo.
3390 4129 3524 4194 Quia
3548 4130 3759 4184 dixerat

2172 4216 2427 4271 factorem
2462 4216 2642 4286 operis
2671 4212 2884 4271 beatum
2924 4217 2976 4271 in
3008 4218 3150 4273 facto
3185 4234 3281 4273 suo
3309 4217 3581 4281 futurum,
3617 4233 3759 4272 nunc

2171 4320 2289 4376 quae
2316 4306 2453 4362 facta
2490 4306 2599 4361 Deo
2642 4307 2876 4362 maxime
2906 4308 3153 4377 placeant
3180 4308 3341 4371 dicit,
3386 4307 3757 4362 misericordia

2171 4399 2379 4455 scilicet
2401 4406 2455 4453 et
2483 4398 2805 4453 innocentia.
2840 4398 3079 4468 Namque
3109 4398 3161 4451 in
3184 4413 3250 4453 eo
3276 4399 3419 4468 quod
3442 4397 3676 4468 pupillos
3705 4406 3761 4453 et

2172 4492 2362 4546 viduas
2401 4490 2453 4543 in
2495 4489 2840 4544 tribulatione
2868 4503 3055 4543 eorum
3088 4489 3307 4543 visitare
3331 4487 3524 4557 jussit,
3565 4498 3759 4541 cuncta

2094 4580 2147 4638 D
2173 4597 2291 4651 quae
2328 4595 2454 4651 erga
2501 4581 2803 4649 proximum
2852 4580 3275 4635 misericorditer
3306 4594 3464 4651 agere
3498 4581 3763 4633 debemus

2173 4672 2429 4726 insinuat.
2462 4671 2615 4736 Quod
2641 4679 2900 4740 quantum
2929 4670 3127 4735 valeat,
3160 4671 3276 4740 ipso
3302 4669 3489 4740 judicii
3520 4677 3761 4738 tempore

2171 4761 2455 4829 pandetur,
2502 4759 2592 4813 ubi
2639 4760 2882 4814 dicturus
2919 4766 3001 4813 est
3036 4758 3197 4827 judex
3229 4776 3243 4812 :
3279 4757 3529 4823 Quandiu
3566 4757 3762 4824 fecistis

2173 4852 2264 4904 uni
2294 4851 2357 4904 de
2385 4852 2635 4919 fratribus
2671 4853 2796 4905 meis
2833 4852 3079 4916 minimis,
3116 4852 3245 4903 mihi
3270 4850 3481 4918 fecistis.
3510 4848 3679 4903 Porro
3706 4848 3762 4903 in

2174 4956 2239 4995 eo
2279 4939 2419 5008 quod
2460 4940 2832 4994 immaculatos
2875 4954 2975 4994 nos
3016 4940 3084 4994 ab
3124 4940 3223 4993 hoc
3270 4937 3468 4992 sacculo
3501 4934 3763 4991 custodiri

2173 5029 2431 5099 praecepit
2454 5029 2700 5083 universa
2727 5029 2778 5082 in
2810 5030 3005 5097 quibus
3033 5044 3131 5083 nos
3157 5030 3300 5098 ipsos
3328 5034 3508 5081 castos
3541 5040 3763 5081 servare

2174 5120 2329 5173 decet
2357 5119 2621 5183 ostendit;
2669 5119 2724 5172 in
2753 5120 2947 5187 quibus
2988 5126 3114 5173 sunt
3137 5133 3199 5173 ea
3228 5132 3348 5188 qua:
3377 5132 3539 5187 supra
3574 5116 3765 5171 obser-

2174 5224 2301 5263 vare
2347 5219 2657 5275 monuerat,
2704 5218 2761 5263 ut
2809 5210 2945 5263 tardi
2992 5212 3160 5264 simus
3204 5206 3270 5262 ad
3310 5207 3664 5277 loquendum.
3712 5212 3765 5261 et

2176 5298 2315 5351 tardi
2350 5299 2414 5352 ad
2445 5298 2614 5361 iram;
2644 5307 2698 5351 et
2728 5298 2777 5350 in
2806 5299 3064 5367 patientia
3094 5308 3145 5351 et
3177 5297 3229 5350 in
3258 5296 3604 5351 tribulatione
3624 5308 3765 5362 prte—

2181 5388 2348 5441 sentis
2376 5387 2499 5441 vitm
2539 5386 2707 5441 fortes
2742 5388 2909 5441 simus
2946 5388 3010 5442 ad
3047 5386 3415 5441 sustinendum
3448 5392 3639 5439 cuncta
3672 5384 3766 5437 ad-

2184 5490 2360 5535 versa,
2376 5476 2561 5544 sicque
2576 5484 2720 5530 recta
2743 5476 2845 5530 {ide
2860 5492 2923 5530 ac
2937 5478 3089 5531 bonis
3101 5477 3353 5544 operibus
3366 5476 3681 5530 Studeamus
3700 5474 3763 5527 ad

2184 5572 2441 5617 aeternam
2471 5566 2634 5617 vitam
2665 5568 2969 5634 pervenire,
2996 5575 3285 5633 prmstaute
3316 5566 3541 5619 Domino
3578 5575 3765 5618 nostro

2187 5654 2310 5709 Jesu
2341 5654 2577 5719 Christo,
2618 5657 2705 5725 qui
2735 5671 2854 5710 cum
2886 5656 3047 5710 Patre
3085 5665 3138 5709 et
3182 5655 3383 5725 Spiritu
3412 5662 3601 5708 saneto
3635 5654 3763 5709 vivit

2196 5758 2243 5799 rel
2273 5757 2456 5816 regnat
2482 5747 2643 5811 Deus,
2666 5764 2761 5816 per
2787 5748 2961 5802 omnia
2988 5748 3179 5803 szccula
3216 5748 3557 5804 seculorum.
3585 5749 3755 5802 Amen
