3946 6328
170 421 258 477 221
1230 407 1538 470 ιιοΜιιυε
1579 409 1645 465 IN
1683 407 1748 464 El

1857 403 1937 464 lt}.
1982 401 2070 463 ET
2108 406 2326 464 EPIST.

725 526 1002 584 HOMILIA
1038 525 1174 580 XLI.

719 635 773 674 ικ
813 633 986 674 EODEM
1025 629 1209 670 FESTO.

288 709 464 771 Lectio
499 709 674 766 sancti
703 706 976 779 Evangelii
1013 703 1307 761 secundum
1330 700 1613 758 Joannem.

237 825 300 879 In
325 823 413 877 ttlo
450 831 681 892 tempore
709 823 842 875 dixit
864 821 1019 875 Iesus
1051 817 1324 889 discipulis
1365 818 1479 872 suis
1502 831 1522 868 :
1561 817 1744 882 Amen,

175 929 314 970 auten
334 915 446 968 dico
477 915 640 978 vobis,
676 915 721 968 ei
741 914 867 984 quid
900 913 1150 983 petieritis
1181 911 1393 966 Patrem
1431 912 1510 969 in,
1543 911 1749 964 nomine

177 1023 296 1068 tneo,
332 1006 472 1058 dabit
493 1006 669 1060 vobis-
687 1003 858 1076 Usque
897 1003 1052 1058 modo
1083 1019 1185 1056 non
1223 999 1423 1072 petistis
1457 1001 1746 1072 quidquam

173 1097 223 1148 in
258 1097 455 1154 notitiae
491 1109 643 1149 meo:
683 1096 837 1164 petite
883 1103 931 1148 et
973 1091 1256 1163 accipietis,
1286 1101 1342 1146 ut
1375 1091 1630 1162 gaudium
1657 1107 1747 1154 veg-

174 1200 329 1239 cmutt
353 1186 415 1239 sit
448 1184 684 1251 plenum.

243 1276 387 1341 Quod
415 1277 625 1330 duobus
657 1276 834 1330 modis
865 1274 1083 1345 uitelligi
1113 1281 1297 1343 potest
1326 1290 1340 1326 :
1372 1272 1453 1328 vel
1479 1272 1608 1342 quia
1637 1288 1744 1330 non

171 1368 248 1422 ξι
268 1369 479 1422 nomine
522 1383 644 1422 meo
669 1368 907 1436 petistis,
932 1366 1072 1434 quod
1104 1379 1300 1418 nomen
1337 1379 1442 1420 non
1474 1363 1616 1419 sicut
1655 1377 1746 1418 co-

171 1458 524 1529 gnoscendum
549 1468 653 1523 est,
680 1458 1042 1528 oognovistis;
1087 1456 1170 1511 vel
1199 1473 1306 1511 non
1344 1457 1562 1527 petistis
1579 1456 1742 1526 quid-

172 1565 345 1619 quant,
369 1550 622 1620 quoniam
647 1550 699 1603 in
731 1547 1136 1618 comparatione
1165 1562 1348 1602 rerum
1373 1562 1537 1617 quam
1563 1559 1747 1618 petere

172 1641 454 1705 debuistis,
489 1655 589 1710 pro
619 1640 785 1695 nihilo
819 1639 1129 1694 habendum
1180 1647 1265 1694 est
1308 1640 1451 1714 quod
1493 1638 1746 1707 petistis;

170 1733 289 1802 quia
312 1731 402 1800 qui
425 1734 559 1802 petit
579 1732 722 1800 quod
750 1732 816 1786 ad
842 1745 1131 1799 supernam
1162 1729 1388 1784 salutem
1415 1738 1474 1784 et
1491 1728 1745 1800 gaudium

172 1832 418 1876 tuternum
448 1835 554 1875 non
586 1821 848 1888 pertinet,
900 1819 1250 1888 nihilpetere
1273 1819 1485 1890 videtur
1507 1819 1573 1872 ad
1600 1833 1746 1873 emn-

171 1912 492 1979 parationem
517 1911 659 1965 illius
675 1911 958 1981 petitionis
994 1925 1160 1980 quam
1187 1919 1370 1979 petere
1417 1909 1618 1966 debuit.
1646 1907 1748 1988 Pe-

173 2006 254 2056 tite
273 2013 317 2056 et
347 2004 633 2072 accipietis,
673 2012 730 2055 ut
767 2001 1021 2072 gaudium
1067 2011 1294 2056 vestrum
1326 2001 1395 2054 sit
1417 2000 1650 2072 plenum.
1673 1999 1749 2056 Ac

175 2092 216 2146 si
244 2101 485 2161 patenter
507 2093 694 2147 dicat:
727 2091 841 2147 Non
889 2090 1029 2145 fluxa
1076 2090 1256 2144 saeculi
1304 2091 1516 2160 gaudia,
1553 2107 1672 2159 qua)
1697 2100 1752 2145 et

174 2199 393 2240 mturare
423 2199 640 2254 semper
677 2184 841 2237 mixta
865 2193 922 2237 et
949 2182 1132 2237 dolore
1184 2181 1413 2238 liuieula
1463 2191 1618 2244 sunt;
1653 2183 1746 2235 sal

176 2274 292 2329 illud
322 2275 596 2345 singulare
622 2275 876 2344 gaudium
904 2289 934 2326 a
981 2273 1143 2341 Patre
1195 2273 1379 2341 petite,
1408 2271 1562 2340 cujus
1583 2272 1750 2342 pleni—

176 2364 290 2417 tudo
322 2365 466 2419 nullo
494 2364 780 2432 cujuslibet
812 2363 1202 2432 inquietudinis
1227 2371 1428 2416 attactu
1456 2361 1747 2415 mitmatur.

175 2453 458 2510 Eternltas
480 2456 627 2510 nullo
643 2470 876 2523 unquam
903 2453 1132 2507 termino
1153 2450 1491 2516 dissolvetur,
1519 2451 1566 2504 si
1593 2451 1643 2503 ei
1656 2465 1754 2517 per

175 2561 227 2600 ac
244 2546 737 2613 praestitetitistalia
753 2545 1006 2615 petendo,
1023 2542 1212 2613 procul
1231 2542 1392 2619 dubio
1412 2556 1532 2612 qua:
1546 2541 1749 2612 petitis,

176 2637 458 2706 accipietis,
475 2637 520 2691 si
540 2651 718 2691 mores
742 2636 908 2690 menti
924 2635 1262 2695 conconlant
1281 2633 1534 2702 petentis.
1554 2632 1752 2685 Parum

178 2711 310 2782 enim
335 2728 584 2782 utilitatis
613 2726 767 2781 εαξη
791 2727 929 2780 bene
963 2726 1175 2780 orando
1219 2740 1452 2792 superna
1475 2739 1746 2792 qumrere,

169 2815 259 2881 qui
296 2831 398 2869 non
431 2817 644 2870 destitit
679 2829 932 2884 perverse
946 2815 1190 2868 vivendo
1237 2814 1438 2868 intimis
1460 2813 1750 2887 implicari.

247 2904 368 2960 "ire
403 2909 458 2960 in
487 2907 771 2976 proverbiis
814 2906 1019 2960 locutus
1061 2923 1175 2959 sum
1217 2907 1380 2960 vobis.
1431 2903 1580 2958 Venit
1616 2911 1754 2958 liora

178 3012 285 3047 runt
321 2996 435 3064 jam
468 2998 522 3050 in
569 2998 852 3051 proverbiis
879 3013 982 3052 non
1021 2995 1209 3063 loquar
1248 2995 1406 3060 vobis,
1439 2994 1530 3048 sed
1551 2994 1754 3064 palam

176 3085 234 3140 de
260 3082 417 3141 Patre
443 3089 770 3142 annuntiaoo
801 3089 962 3140 vobis.
988 3087 1106 3141 1am
1130 3086 1343 3156 parvuli
1370 3085 1608 3154 fuerant,
1628 3101 1753 3140 nec-

175 3176 293 3229 dum
327 3177 625 3245 intelligere
675 3185 959 3245 potuerunt
1006 3176 1277 3246 quomodo
1321 3175 1479 3230 Pater
1508 3185 1654 3231 esset
1699 3177 1782 3229 in-

3323 402 3436 474 m

1773 523 1820 582 Α
1849 520 1976 582 suit,
2007 509 2222 590 rogabo,
2251 521 2405 590 quorl‘
2424 521 2624 578 sanctis
2651 522 2715 576 ad
2747 520 3014 577 lnternam
3041 538 3232 594 pacem
3286 541 3440 584 revo-

1849 611 1958 680 ptis
1993 627 2100 664 non
2131 611 2297 680 possit
2317 612 2428 682 jam
2452 612 2644 682 aliquis
2667 627 2860 682 rogare
2882 613 2948 666 de
2970 612 3096 677 illis,
3119 615 3244 683 quia
3274 616 3437 672 nimi-

1849 718 1969 757 rum
2002 709 2148 757 tanla
2188 702 2524 760 beatitudine
2555 705 2787 760 donandi
2827 714 2952 762 sunt
2978 746 2994 772 ,
3047 705 3168 776 quae
3214 708 3440 781 amplior

1845 797 1966 848 esse
1990 801 2100 847 'non
2128 792 2317 863 possit.

1920 881 2042 952 Ipse
2061 885 2198 937 enim
2236 884 2400 939 Pater
2437 895 2580 939 amat
2604 903 2708 950 vos,
2732 889 2855 958 quia
2907 906 2992 944 vos
3031 908 3113 945 me
3154 890 3369 946 amastis
3391 897 3442 948 et

1848 971 2145 1025 credidistis
2167 973 2294 1039 quia
2324 990 2414 1044 ego
2444 991 2473 1027 a
2491 974 2601 1029 Deo
2624 977 2778 1030 exivi.
2796 975 2910 1031 Non
2938 979 3010 1033 ita
3038 979 3440 1050 intelligendum

1847 1055 2094 1132 estquod
2125 1063 2280 1128 dixit,
2303 1065 2427 1134 quia
2456 1081 2546 1118 vos
2576 1077 2658 1120 me
2683 1065 2922 1133 amastis,
2951 1071 3102 1138 quasi
3130 1071 3337 1140 priores
3364 1070 3439 1126 illi

1845 1159 2096 1208 amarent
2121 1143 2436 1218 Christum;
2482 1157 2573 1210 sed
2615 1156 2690 1210 ita
2737 1158 2918 1228 potius
2945 1160 3071 1230 quia
3101 1159 3281 1215 Pater
3319 1146 3442 1219 illos

1849 1245 2084 1316 gratuito
2124 1261 2308 1300 amore
2341 1249 2684 1316 prmvoacrit,
2715 1257 2877 1317 atoue
2905 1251 2972 1304 ad
3001 1252 3288 1308 amandum
3319 1269 3441 1308 cre-

1848 1343 2191 1412 dendumque
2220 1342 2411 1397 Filium
2439 1344 2670 1398 amando
2705 1344 2998 1399 sustulerit.
3027 1345 3095 1400 Et
3126 1347 3250 1416 quia
3273 1348 3442 1418 ipsam

1849 1433 2086 1502 agnitam
2124 1431 2242 1488 Filii
2273 1433 2612 1488 dilectionem
2655 1450 2719 1490 ac
2761 1433 2918 1490 fidem
2972 1437 3061 1506 pio
3107 1446 3161 1491 et
3214 1437 3444 1494 sollicito

1851 1523 2014 1578 corde
2038 1523 2396 1586 servaverint,
2430 1522 2693 1590 majorum
2717 1538 2811 1579 eos
2833 1519 2988 1580 donis
3028 1532 3267 1594 paternis
3311 1528 3445 1582 dile-

1850 1611 2046 1667 ctionis
2095 1626 2214 1667 esse
2270 1623 2668 1678 remuneratos,
2697 1628 2803 1667 una
2833 1629 2955 1668 cum
2988 1612 3124 1670 Filio
3155 1625 3211 1671 et
3239 1615 3444 1688 Spiritu

1849 1711 2038 1757 sancto
2053 1701 2258 1768 amare,
2273 1719 2408 1772 quos
2424 1719 2609 1758 amore
2625 1704 2814 1774 dignos
2834 1704 3061 1772 judicat.
3083 1706 3246 1773 Quod
3258 1707 3445 1779 adjun-

1843 1795 1946 1854 xit,
1969 1795 2093 1866 quia
2119 1811 2206 1850 vos
2234 1811 2316 1849 me
2355 1797 2570 1849 ornastis
2589 1785 2609 1861 ,i
2645 1796 2832 1850 eadem
2861 1797 3072 1851 ratione
3104 1793 3442 1853 sentiendum

1775 1879 1820 1937 B
1850 1892 1952 1938 est.
1984 1876 2324 1954 Quapropter
2349 1885 2657 1954 quicunque
2684 1883 2889 1939 Filium
2925 1889 3071 1942 recte
3095 1887 3276 1952 habet,
3301 1889 3444 1944 hunc

1853 1983 1974 2029 cum
2017 1972 2179 2028 Patre
2218 1982 2273 2028 et
2324 1972 2528 2044 Spiritu
2567 1983 2754 2030 sancto
2796 1985 2980 2037 amat;
3033 1985 3087 2031 et
3134 1978 3257 2047 quia
3302 1993 3436 2050 quo-

1855 2081 1972 2119 rum
1995 2065 2364 2134 inScparahilis
2390 2076 2472 2120 est
2502 2072 2692 2121 natura
2735 2067 3062 2135 divinitatis,
3093 2062 3286 2128 horum
3334 2087 3441 2127 una

1851 2157 2147 2226 eademque
2171 2165 2296 2211 sunt
2326 2158 2461 2211 dona
2491 2159 2705 2213 virtutis
2727 2200 2741 2223 ,
2777 2159 2880 2215 hoc
2924 2169 3028 2226 est,
3078 2163 3218 2223 quod
3255 2149 3446 2219 amatio

1851 2259 1900 2300 et
1948 2248 2158 2302 creditis
2201 2250 2325 2318 quia
2365 2266 2396 2302 a
2430 2249 2534 2303 Deo
2589 2253 2742 2304 ervi.
2809 2233 2814 2238 ’

1924 2335 2086 2390 Exivi
2115 2352 2148 2390 a
2172 2330 2333 2392 Patre
2354 2347 2401 2392 et
2436 2337 2546 2392 veni
2577 2341 2632 2394 in
2658 2341 2951 2407 mundum;
2993 2344 3180 2398 iterum
3212 2345 3448 2417 relinquo

1852 2429 2102 2481 mundum
2131 2438 2181 2483 er
2219 2430 2352 2483 vado
2380 2431 2448 2482 ad
2485 2426 2723 2484 Patrem.
2751 2427 2932 2486 Eslvit
2957 2448 2984 2486 a
3030 2433 3192 2489 Patre
3221 2444 3276 2490 et
3302 2434 3448 2489 venit

1856 2521 1909 2574 in
1935 2523 2215 2586 mundum,
2237 2522 2371 2591 quia
2397 2521 2624 2576 visibilis
2654 2523 2854 2578 mundo
2894 2526 3144 2594 apparuit
3173 2526 3226 2579 in
3253 2520 3447 2579 huma-

1855 2612 2025 2666 nitate
2057 2612 2146 2680 qui
2177 2614 2295 2667 erat
2339 2612 2624 2668 invisibilis
2643 2613 2785 2683 apud
2813 2613 3026 2670 Patrem
3051 2617 3103 2669 in
3141 2616 3444 2672 divinitate.

1855 2701 2034 2756 Exivit
2061 2718 2091 2756 a
2121 2699 2285 2758 Patre
2313 2704 2438 2774 Quia
2477 2720 2582 2759 non
2607 2705 2660 2758 in
2688 2711 2750 2760 ea
2776 2705 2959 2760 'forma
2991 2722 3094 2776 qua
3120 2705 3340 2776 teqnalis
3363 2716 3445 2764 est

1845 2791 2028 2857 Patri,
2058 2793 2151 2848 sed
2183 2794 2238 2848 in
2265 2786 2542 2865 assumpta
2579 2805 2851 2860 creatura,
2881 2798 3059 2851 minor
3081 2788 3446 2868 apparuit.'Et

1856 2885 2003 2936 venit
2028 2879 2388 2949 inmundum,
2423 2887 2549 2955 quia
2579 2902 2682 2940 non
2720 2887 2776 2940 in
2800 2903 2862 2942 ea
2893 2887 3064 2941 lorma
3108 2890 3250 2942 servi
3279 2905 3440 2960 quam

1856 2973 2082 3044 accepit,
2119 2975 2283 3028 etiam
2317 2977 2498 3029 mundi
2522 2973 2682 3046 hujus
2707 2978 3040 3033 amatoribUS
3069 2992 3127 3033 se
3157 2979 3444 3035 vivendum

1857 3060 2064 3135 [Forte,
2093 3064 2403 3137 videndum]
2432 3065 2675 3134 praebuit.
2714 3067 2912 3121 lterum
2940 3067 3158 3136 reliquit
3187 3070 3444 3124 mundum

1856 3154 2174 3209 et‘re‘dlitad
2186 3153 2567 3226 Patrem,‘quia
2591 3157 2658 3211 ab
2679 3165 2896 3226 aspectu
2924 3164 3230 3216 amatorum
3257 3159 3444 3213 mundi

177 3263 322 3328 Filio,
353 3273 405 3319 ει
434 3233 604 3320 Fifius
633 3233 687 3319 εις
710 3265 890 3325 patre,
924 3277 978 3320 et
1024 3233 1220 3320 'cmem
1247 3280 1366 3335 qua,
1395 3264 1458 3318 ad
1489 3265 1751 3334 profunda
1781 3233 1824 3294 C
1849 3243 2008 3335 quod
2024 3242 2274 3298 viderant
2301 3244 2540 3309 abstulit,
2573 3253 2627 3298 et
2673 3256 2730 3300 se
2761 3247 3091 3302 amatoribus
3117 3248 3229 3302 suis
3255 3259 3440 3318 requa-

177 3358 544 3426 mysteriorum
577 3356 873 3412 divinitatis
915 3356 1288 3426 pertinebant;
1342 3357 1569 3411 necdum
1615 3357 1751 3410 scire

176 3453 472 3514 potuerunt,
503 3446 623 3502 ideo
670 3448 724 3500 in
752 3443 1052 3518 proverbiis
1080 3446 1234 3513 quasi
1271 3446 1558 3516 aenigmate
1604 3447 1748 3514 loqui

177 3536 271 3590 illis
301 3537 583 3592 videbatur
606 3536 884 3598 Dominus,
923 3537 1016 3589 sed
1059 3526 1444 3604 prornittit‘ille
1481 3535 1670 3610 horam
1698 3536 1748 3589 in

176 3641 269 3694 qua
298 3626 467 3696 palam
518 3627 846 3696 loqueretur.
890 3627 1035 3680 Illam
1081 3627 1554 3698 uitnirum'horam
1583 3626 1749 3697 signi-

179 3716 334 3771 licens
357 3733 463 3786 qua
493 3719 595 3779 eis,
613 3729 830 3786 peracta
859 3733 954 3770 sua
978 3718 1230 3786 passione
1247 3732 1310 3770 ac
1332 3719 1745 3775 resurrectione.

179 3803 396 3872 Spiritus
446 3806 620 3859 sancti
650 3813 769 3858 erat
813 3805 1038 3874 gratiam
1083 3806 1324 3858 daturus.
1351 3800 1501 3869 Tunc
1552 3806 1751 3858 etenim

177 3895 478 3962 spiritaliter
509 3895 655 3948 intus
685 3894 954 3958 instructi,
986 3893 1212 3963 spiritali
1241 3893 1602 3948 delectatione
1621 3908 1748 3950 suc-

178 3984 332 4048 ccusi,
366 3999 475 4052 quo
501 3982 792 4054 perfectius
820 3983 1001 4037 omnia
1028 3999 1148 4052 qua:
1188 3983 1465 4052 agnitione
1494 3972 1748 4037 divinita-

179 4074 239 4126 tis
265 4073 580 4141 mortalibus
613 4084 765 4128 erant
793 4073 1072 4143 capienda,
1103 4082 1525 4142 acceperunt,eo
1554 4073 1748 4128 arden-

179 4165 274 4220 tius
301 4165 408 4220 sola
433 4180 556 4236 qua:
590 4166 653 4220 ad
683 4166 799 4236 ejus
826 4165 1083 4219 visionem
1139 4159 1551 4234 promerendam
1595 4164 1750 4230 juva-

178 4268 289 4313 rent
325 4269 513 4329 petere
549 4273 612 4312 ac
640 4258 948 4312 desiderare
976 4265 1322 4311 curaverunt.

241 4345 304 4399 In
328 4346 420 4400 illo
439 4348 527 4400 die
547 4348 603 4400 in
629 4347 835 4400 nomine
855 4362 966 4399 meo
1002 4346 1200 4414 petetis.
1246 4344 1302 4399 ld
1343 4357 1465 4408 est,
1521 4360 1639 4416 qua:
1682 4347 1749 4400 ad

178 4434 392 4512 salutem
440 4435 815 4491 tantummodo
859 4420 1160 4490 animarum
1201 4442 1524 4500 vestrarum,
1553 4445 1607 4490 et
1631 4453 1751 4505 qua:

181 4527 240 4581 ad
273 4527 464 4596 gaudia
505 4535 706 4580 acterna
730 4518 1000 4595 pertinere
1023 4525 1273 4580 videntur
1311 4533 1494 4595 petere
1521 4525 1744 4594 incipie-

180 4616 260 4671 tis.
285 4616 348 4672 Et
373 4617 628 4680 maxime,
658 4625 719 4669 ut
763 4615 1071 4686 intelligatis
1112 4615 1240 4685 quid
1274 4609 1348 4672 sii
1387 4613 1528 4686 quod
1572 4615 1742 4670 dixit:

180 4710 283 4781 Ego
309 4723 352 4765 et
379 4709 544 4770 Pater
585 4727 745 4780 unum
788 4726 987 4774 sumus,
1016 4717 1068 4764 el
1093 4709 1346 4778 quoniam
1377 4709 1535 4768 Pater
1577 4709 1646 4762 sit
1697 4708 1747 4762 in

179 4817 259 4857 me
285 4812 337 4856 et
362 4817 463 4872 ego
485 4802 543 4857 in
577 4799 753 4854 Patre.
783 4798 935 4854 Tunc
959 4801 1018 4854 in
1041 4799 1259 4855 nomine
1287 4799 1404 4867 ejus
1431 4800 1747 4872 petunt,qui

179 4900 373 4958 petunt,
403 4891 535 4960 quia
561 4894 614 4945 in
650 4904 783 4944 sono
809 4890 925 4966 ejus
975 4890 1208 4944 nominis
1253 4906 1359 4944 non
1398 4888 1541 4943 aliud
1587 4903 1749 4957 quam

181 4993 284 5033 rem
311 4982 483 5050 ipsam
521 4996 670 5044 esse,
721 4994 839 5048 qua:
875 4979 975 5032 hoc
1008 4980 1226 5033 nomine
1270 4988 1514 5038 vocatur,
1547 4976 1746 5031 intelli-

181 5079 320 5138 gunt.
367 5071 431 5125 lli
462 5081 684 5141 possunt
732 5077 1001 5138 utcunque
1047 5071 1287 5138 cogitare
1331 5062 1614 5123 Dominum
1655 5082 1747 5121 no-

180 5168 362 5216 strum.
390 5162 574 5218 Jesum
605 5162 901 5223 Christum,
932 5161 984 5213 in
1031 5171 1292 5229 quantum
1325 5160 1484 5214 homo
1527 5150 1628 5222 est,
1654 5171 1751 5228 pro

182 5251 324 5308 nobis
375 5251 723 5321 interpellare
747 5249 997 5306 Patrem;
1037 5248 1088 5300 in
1125 5257 1385 5316 quantum
1441 5244 1580 5300 Deus
1635 5256 1748 5310 est,

183 5355 270 5396 nos
298 5345 486 5396 audire
516 5358 636 5397 cum
682 5341 862 5396 Patre.
908 5339 1060 5407 Quod
1088 5354 1210 5393 eum
1247 5337 1581 5409 signiﬁcasse
1608 5339 1751 5392 arbi-

183 5442 307 5497 tror,
338 5436 428 5488 ubi
463 5435 577 5501 ait:

247 5521 310 5578 Et
344 5542 450 5586 non
477 5525 593 5576 dico
624 5523 776 5591 vobis
804 5524 925 5594 quia
951 5539 1040 5594 ego
1087 5519 1278 5591 rogabo
1317 5518 1526 5572 Patrem
1571 5525 1634 5570 de
1665 5534 1747 5570 vo-

180 5616 271 5668 bis.
329 5613 512 5670 Potest
553 5615 696 5684 enim
741 5629 846 5667 non
901 5610 1336 5667 inconvenienter
1382 5608 1552 5677 accipi
1605 5607 1748 5675 quod

184 5705 273 5765 ait.
303 5705 364 5758 Et
390 5725 492 5760 non
515 5708 632 5760 dico
662 5705 961 5775 vobis,quia
995 5721 1087 5774 ego
1119 5703 1305 5772 rogabo
1335 5699 1543 5754 Patrem
1573 5701 1634 5753 de
1662 5717 1749 5753 vo-

187 5792 275 5852 bis.
301 5801 422 5864 quia
476 5815 580 5852 non
613 5800 678 5852 de
708 5797 953 5861 praesenti
1008 5811 1156 5863 rogo,
1189 5797 1280 5847 sed
1314 5793 1377 5845 de
1411 5792 1604 5846 futuro.
1645 5794 1742 5845 Po-

1779 4574 1826 4632 D

1853 3333 1959 3389 lem
1981 3334 2129 3389 Patri
2156 3346 2275 3391 eSse
2304 3337 2630 3392 credendum
2659 3337 2862 3392 d’ocuit.
2901 3335 3144 3408 Reliquit
3187 3338 3446 3393 mundum

1845 3417 1910 3480 et
1934 3418 2100 3480 rédllt
2140 3426 2208 3479 ad
2241 3423 2496 3493 Patrem,
2539 3428 2664 3497 quia
2725 3429 3139 3507 humanitatem,
3168 3441 3331 3502 quam
3364 3428 3448 3484 in-

1853 3515 2102 3586 'dult‘pel‘
2127 3518 2520 3583 ascensionem,
2551 3519 2616 3572 ad
2666 3519 2957 3574 invisibilia
2985 3528 3226 3589 paterna:
3281 3519 3447 3592 maje-

1853 3604 2277 3662 slatlsaddusﬂ.
2324 3608 2458 3663 Haec
2511 3607 2729 3679 quidem
2758 3607 2920 3664 verba
2954 3597 3442 3681 Domini-mystica.

1853 3705 1930 3763 et,
1957 3691 2100 3753 sicut
2135 3694 2249 3768 ipse
2278 3709 2529 3766 testatur,
2564 3702 2614 3754 in
2639 3701 2940 3770 proverbiis
2969 3709 3094 3757 sunt
3138 3697 3310 3767 dicta;
3350 3703 3444 3758 sed

1853 3788 2100 3858 discipuli
2152 3790 2347 3859 quibu$
2393 3790 2712 3844 dicebantur
2771 3793 2904 3846 adeo
2959 3791 3135 3846 adhuc
3190 3791 3442 3848 carnales

1852 3886 2027 3941 crant,
2058 3886 2117 3931 ut
2143 3887 2329 3932 comm
2357 3878 2776 3948 profunditatem
2826 3880 3050 3935 minime
3077 3891 3352 3950 caperent,
3389 3891 3448 3938 et

1853 3978 1958 4025 non
1990 3969 2163 4025 solum
2214 3974 2412 4025 arcana
2449 3969 2736 4030 dictorum,
2767 3973 2860 4028 sed
2924 3987 3023 4027 nec
3069 3973 3240 4044 ipsam
3283 3974 3441 4046 igno-

1853 4059 2085 4114 rantiam
2132 4064 2296 4114 suam
2330 4059 2712 4128 intelligerent.
2741 4057 2990 4132 putantes
3019 4062 3333 4132 simpliciter
3380 4073 3436 4120 et

1850 4151 2082 4206 dilucide
2107 4151 2335 4220 prolata,
2369 4165 2486 4220 qua:
2528 4167 2632 4206 non
2678 4151 3102 4222 intelligentibus
3144 4154 3439 4224 proverbia

1851 4246 2025 4297 erant.
2051 4241 2191 4296 Ecce
2213 4242 2468 4296 continuo
2496 4243 2915 4312 responderunt;

1921 4326 2056 4383 Ecce
2082 4342 2218 4382 nunc
2248 4328 2424 4400 palam
2455 4331 2682 4400 loqueris
2703 4371 2716 4395 ,
2771 4341 2820 4385 et
2864 4333 3195 4401 proverbium
3233 4333 3441 4390 nullum

1850 4423 2000 4475 άῑσὶε.
2028 4421 2212 4475 Palam
2234 4421 2406 4491 igitur
2435 4420 2577 4491 loqui
2607 4423 3144 4492 :estimabant,cnjus
3174 4425 3436 4496 mysteria

1852 4513 2118 4569 dictorum
2149 4513 2401 4568 'nec'dnm
2454 4513 2913 4582 comprehendere
2967 4514 3240 4569 valebant.
3286 4513 3440 4583 Quod

1852 4605 2356 4679 autem‘adju'ngont
2385 4604 2398 4660 ἐ

1926 4696 2081 4753 Nunc
2106 4701 2298 4753 scimus
2321 4701 2441 4770 quia
2466 4699 2567 4752 scis
2590 4697 2788 4763 omnia,
2811 4705 2857 4752 et
2880 4714 2984 4752 non
3006 4715 3134 4769 opus
3154 4707 3238 4753 est
3268 4698 3359 4752 tibi
3380 4708 3438 4754 ut

1850 4793 2028 4863 quisic
2053 4793 2329 4861 interrbget
2347 4831 2362 4854 ,
2405 4791 2578 4844 in-hoc
2608 4790 2870 4844 credimus
2900 4791 3025 4860 quia
3065 4809 3096 4845 a
3122 4787 3232 4844 Deo
3252 4789 3403 4844 existi
3421 4830 3440 4856 ,

1853 4895 2037 4956 aperte
2085 4887 2377 4942 ostendunt
2419 4886 2540 4955 quia
2577 4885 2803 4955 loquens
2850 4886 2916 4938 ad
2948 4900 3042 4939 eos
3075 4883 3334 4938 Dominus
3369 4883 3440 4938 de

1848 4980 1938 5033 his
1970 4978 2204 5032 maxime
2233 4977 2542 5047 disputabat
2567 4993 2685 5046 qua:
2716 4975 2833 5029 illos
2865 4973 3165 5028 delectabat
3213 4969 3435 5035 audire;

1853 5078 2050 5140 etquae
2075 5068 2147 5122 illi
2181 5069 2510 5137 interrogare
2528 5067 2798 5129 volebant,
2815 5066 2931 5120 haec
2949 5067 3061 5136 ipse
3081 5066 3433 5136 praeveniens,

1854 5163 1934 5217 eis
1966 5161 2108 5215 ultro
2160 5157 2495 5230 proferebat;
2541 5155 2683 5214 unde
2714 5158 2905 5212 merito
2957 5157 3106 5212 illum
3156 5158 3293 5211 scire
3321 5171 3438 5210 om-

1856 5253 1943 5306 nia
1968 5252 2120 5321 quasi
2146 5252 2336 5314 Deum,
2362 5259 2415 5304 et
2441 5251 2592 5320 quasi
2640 5249 2730 5302 Dei
2781 5248 2974 5302 Filium
3022 5263 3051 5300 a
3082 5246 3194 5302 Deo
3224 5246 3435 5300 venisse

1855 5344 2083 5398 credunt
2113 5352 2168 5396 et
2194 5340 2537 5396 conﬁtentur.
2595 5341 2852 5408 Apertum
2884 5353 3113 5408 namque
3139 5336 3434 5390 divinitatis

1857 5431 2115 5488 indicium
2165 5443 2249 5487 est
2279 5435 2661 5504 cogitationum
2714 5445 2872 5487 nosse
2926 5439 3151 5484 secreta.
3206 5427 3433 5482 lstarnm

1856 5525 2082 5578 duarum
2114 5525 2164 5577 in
2200 5523 2291 5578 Dei
2319 5533 2382 5577 et'
2398 5523 2573 5576 Patris
2599 5521 2813 5574 nomine
2847 5521 2903 5573 lit
2939 5516 3431 5573 concordialeClio-

1855 5629 2006 5677 num,
2034 5615 2158 5682 quia
2187 5611 2385 5676 Patris,
2413 5623 2465 5664 et
2495 5611 2637 5673 Filii,
2661 5617 2713 5663 et
2743 5608 2975 5678 Spiritus
3000 5607 3191 5670 sanati,
3225 5617 3327 5657 una
3347 5611 3434 5658 ’ρει

1854 5693 2173 5765 substantia,
2192 5719 2294 5756 una
2320 5703 2504 5771 gloria,
2523 5717 2624 5755 una
2651 5700 2900 5767 tnajcstas
2948 5712 3177 5766 regnans
3207 5707 3302 5764 per
3319 5706 3434 5750 om-

1859 5793 1945 5846 nia
1978 5792 2169 5844 srrrula
2201 5791 2512 5844 samnlnrnm
2569 5791 2751 5842 \nte‘n.
