3946 6340
1035 477 1318 536 ΗΟΜΠᾸΑ
1360 477 1514 536 XLII.

990 582 1043 625 ια
1080 588 1300 627 ιιτΑβιΑ
1338 587 1561 627 IAJORE.

704 658 895 721 Lectio
920 661 1175 735 Epistolas
1205 663 1349 720 beati
1377 662 1567 721 Jacobi
1600 661 1848 736 apostoli.

550 747 887 819 Charissimi,
917 755 1241 824 conﬁtemini
1267 756 1585 813 alterutrum
1620 764 1836 829 peccata
1881 764 2074 825 uestra,

474 856 530 905 et
558 856 709 904 orate
732 862 829 918 pro
851 847 1073 903 inuicem
1096 857 1155 902 ut
1176 848 1469 918 saluemt'ni.
1881 904 1888 913 ,

552 935 611 992 lu
638 935 745 993 hac
769 936 1040 994 sententia
1069 937 1162 994 illa
1204 932 1365 996 debet
1389 954 1511 996 esse
1547 935 1833 1005 discretio,
1849 947 1911 994 ut
1942 954 2079 1010 quo-

477 1024 686 1100 tidiana
732 1025 984 1097 levisque
1038 1035 1266 1099 peccata
1327 1025 1651 1086 alterutrum
1709 1016 2078 1101 eoaquali‘bus

477 1114 634 1193 μὴ..
661 1119 988 1191 coaequales]
1028 1122 1409 1189 conﬁteamur,
1433 1106 1733 1193 eorumque
1753 1108 2074 1194 quotidiana

474 1210 764 1266 credamus
800 1211 1048 1267 oratione
1096 1211 1316 1266 salvari.
1377 1212 1548 1268 Porro
1592 1210 1862 1285 gravia-is
1908 1213 2076 1285 lepra:

476 1299 883 1356 inmunditiam
922 1299 1074 1367 juxta
1101 1300 1271 1372 legem
1307 1303 1576 1357 sacerdoti
1608 1303 1943 1372 pandemus;
1984 1310 2073 1358 at-

472 1406 583 1463 que
605 1392 674 1448 ad
700 1391 818 1463 ejus
845 1391 1131 1448 arbitrium
1150 1434 1164 1458 ,
1196 1392 1451 1463 qualiter
1478 1402 1533 1449 et
1581 1401 1786 1465 quanto
1830 1401 2075 1469 tempore

464 1483 715 1558 jusserit,
745 1485 1022 1559 puriﬁcari
1050 1501 1325 1543 curemus.
1946 1472 1951 1478 ’

552 1578 778 1633 Multum
812 1579 951 1634 enim
979 1580 1113 1635 valet
1138 1579 1433 1651 deprecatio
1465 1579 1602 1651 justi
1630 1580 1869 1637 assidua.
1920 1581 2072 1639 Elius

469 1668 629 1725 homo
662 1677 777 1723 erat
800 1667 992 1723 similis
1025 1668 1174 1723 nobis
1204 1668 1505 1739 passibilis;
1538 1657 1606 1723 ‘et
1635 1671 1872 1726 oratione
1906 1673 2073 1727 oravit

470 1768 529 1815 stt
556 1774 661 1813 non
696 1757 897 1827 plueret
923 1774 1080 1829 super
1111 1769 1333 1825 terram,
1362 1769 1410 1814 et
1430 1777 1534 1814 non
1572 1760 1706 1831 pluit
1735 1780 1904 1817 annos
1941 1774 2069 1830 tres,

1121 365 1183 419 Β.
1225 363 1479 419 RABANI
1519 360 1739 419 MAURl
1777 356 2081 418 ARCHIEI’
2144 360 2456 420 IIOGUNT.
2498 360 2783 418 OPERUM
2820 361 2998 419 PARS
3039 364 3097 420 ll.

3669 365 3779 423 εει

2099 484 2153 540 Λ
2180 478 2403 534 tandum
2428 495 2557 534 sane
2588 482 2731 549 quod
2770 480 2862 549 qui
2887 481 2990 535 ’am
3018 480 3237 535 codices
3261 477 3463 534 habent
3492 496 3504 531 :
3535 478 3778 534 Salaalnt

2177 570 2412 626 animum
2446 588 2600 626 suam
2646 591 2679 626 a
2722 582 2919 641 morte;
2963 579 3020 627 et
3063 585 3130 626 ex
3177 571 3430 641 ambiguo
3462 569 3656 625 Grmco
3703 570 3777 627 ita

2174 659 2340 717 etiam
2362 669 2509 719 recte
2530 662 2871 730 interpretari
2902 669 3114 731 potest:
3147 648 3199 715 et
3246 675 3431 715 revera
3458 663 3548 730 qui
3578 676 3778 714 erran-

2176 749 2568 823 tem’corrigit,
2598 751 2923 821 sibimetipsi
2954 764 3051 820 per
3092 749 3194 805 hoc
3222 749 3345 803 vitae
3372 749 3614 805 caelestis
3642 764 3779 820 gau-

2176 841 2271 898 diu
2292 842 2554 912 ampliora
2599 842 2893 913 conquirit.
2922 839 3160 898 Salvabit
3190 882 3213 906 ,.
3260 841 3436 911 inquit
3470 882 3484 905 ,
3541 841 3776 895 animum

2166 931 2293 1007 ejus
2319 947 2351 987 α
2371 932 3247 1000 morte,staperietmultitudinem
3285 943 3643 1002 peccatorum.
3672 931 3775 1000 Qui

2172 1029 2520 1091 peccatorem
2545 1023 2613 1079 ab
2641 1036 2830 1078 errore
2865 1024 3135 1079 cenvertit
3162 1032 3215 1078 et
3255 1025 3374 1094 ejus
3400 1035 3626 1094 peccata
3677 1039 3778 1094 per

2174 1113 2318 1169 hanc
2341 1113 2751 1170 conversionem
2793 1115 2862 1170 ab
2890 1123 3110 1186 aspectu
3140 1115 3337 1170 interni
3363 1116 3563 1186 judicia
3590 1131 3778 1186 super-

2173 1204 2441 1275 positione
2488 1206 2612 1261 vitm
2664 1205 2904 1261 melioris
2949 1206 3269 1272 abscondit,
3326 1221 3422 1261 sua
3457 1222 3675 1277 quoque
3714 1206 3770 1260 in

2173 1282 2586 1367 quibuscunque
2610 1295 2836 1353 offendit
2860 1305 3043 1352 errata
3069 1296 3139 1352 ab
3164 1298 3363 1353 intuitu
3392 1297 3509 1367 ejus
3535 1299 3629 1369 qui
3653 1314 3771 1354 om-

2176 1386 2264 1441 nia
2293 1387 2441 1443 videt
2481 1386 2786 1458 proximum
2816 1388 3058 1443 curando
3108 1386 3366 1459 contegit.
3420 1386 3582 1443 Juxta
3639 1387 3774 1445 illud

2174 1475 2513 1534 Psalmistte:
2545 1477 2699 1533 Beati
2732 1492 2956 1549 quorum
2982 1478 3213 1533 remissis
3250 1487 3373 1533 sunt
3395 1478 3700 1549 iniquitates
3726 1488 3773 1533 et

2172 1582 2394 1641 quorum
2442 1577 2575 1623 tecta
2602 1578 2724 1623 sunt
2761 1577 3001 1637 peccata.
3051 1566 3164 1624 Nec
3204 1566 3543 1623 obliviscitur
3579 1567 3776 1623 beatus

2173 1660 2410 1718 Iacobus
2459 1662 2604 1733 quod
2632 1661 2883 1733 superius
2941 1662 3058 1717 ait:
3090 1661 3269 1717 Nolite
3307 1662 3483 1731 plures
3530 1663 3777 1732 magistri

2172 1754 2311 1823 ﬁeri,
2336 1753 2530 1824 fratres
2550 1754 2688 1821 mei;
2716 1754 2790 1809 ibi
2819 1768 3056 1823 namque
3088 1753 3440 1823 imperfectos
3469 1754 3524 1809 in
3552 1753 3773 1823 propria

470 1856 521 1905 et
554 1862 757 1904 menses
807 1865 920 1905 ses.
971 1848 1238 1909 Decenter
1283 1852 1477 1907 astruit
1509 1850 1758 1921 exemplo
1805 1862 2069 1924 quantum
2098 1837 2146 1897 Β
2174 1847 2386 1903 actione
2427 1862 2461 1902 a
2489 1846 2789 1919 magisterii
2830 1845 3044 1911 oﬁlcio,
3108 1847 3250 1915 quod
3298 1861 3397 1917 per
3444 1845 3769 1916 iactantiam

471 1939 787 2009 deprecatio
825 1939 959 2011 justi
988 1941 1166 1995 valeat
1195 1942 1433 2007 assidua,
1462 1959 1586 1998 cum
1624 1944 1770 2000 Elias
1814 1961 1922 2001 una
1950 1954 2072 2001 tan-

472 2040 587 2087 tum
613 2031 864 2089 oratione
887 2032 1095 2088 orando
1122 2041 1234 2088 tam
1262 2016 1433 2103 longe
1478 2040 1721 2105 tempore
1748 2035 1917 2091 caelos
1940 2051 2072 2091 eon-

471 2124 720 2190 tinuerit,
749 2124 913 2180 terris
938 2124 1143 2181 imbres
1168 2125 1463 2191 averterit,
1510 2124 1719 2181 fructus
1748 2127 2071 2185 mortalibus

470 2215 778 2288 negaverit;
818 2223 875 2270 et
916 2228 1107 2271 rursus
1145 2215 1236 2271 ubi
1267 2211 1479 2279 voluit,
1536 2214 1631 2271 ubi
1681 2223 1896 2289 tempus
1950 2233 2072 2275 esse

471 2307 768 2381 perspexit,
794 2307 881 2363 ubi
912 2307 1073 2380 longe
1098 2305 1291 2364 inedia!
1322 2304 1446 2379 tabe
1473 2323 1571 2365 cor
1595 2306 1742 2379 regis
1769 2311 1988 2380 superbi
2017 2318 2073 2366 et

469 2399 649 2471 gentis
673 2398 971 2455 idololatria
995 2399 1064 2455 ad
1091 2400 1465 2471 paenitentiam
1490 2400 1625 2456 vidit
1654 2399 1931 2469 inflexum,
1962 2417 2070 2457 una

470 2489 815 2547 solummodo
834 2490 1085 2563 oratione
1111 2491 1353 2547 oraverit
1380 2500 1448 2547 et
1474 2489 1687 2548 fructus
1713 2499 1877 2564 atque
1902 2509 2073 2565 aquas

470 2594 609 2651 quas
652 2589 946 2651 negaverat
974 2581 1158 2647 terris,
1181 2578 1501 2640 restituerit.
1519 2576 1613 2638 Sic
1625 2582 1772 2638 enim
1786 2585 2034 2656 sequitur
2054 2603 2068 2640 :

544 2669 615 2724 Et
668 2686 879 2726 rursum
917 2670 1087 2727 oravit
1111 2711 1129 2737 ,
1173 2678 1225 2726 et
1271 2671 1458 2728 caelum
1496 2671 1640 2728 dedit
1695 2672 1959 2745 pluviam,
2021 2686 2072 2731 et

468 2769 612 2817 terra
660 2760 805 2817 dedit
831 2762 1063 2833 fructum
1092 2778 1271 2818 suum.
1301 2761 1360 2818 Si
1382 2762 1559 2821 semel
1584 2778 1715 2837 ergo
1742 2773 1801 2820 et
1825 2765 1987 2836 prius
2015 2775 2073 2822 et

468 2852 816 2924 postmodum
842 2856 1044 2919 oravit,
1068 2862 1125 2909 et
1168 2853 1273 2909 hoc
1302 2869 1443 2909 unus
1480 2852 1627 2910 Elias
1657 2870 1721 2911 ac
1771 2863 1921 2911 tanta
1964 2855 2069 2911 im-

470 2943 724 3013 petravit,
759 2951 1023 3021 quantum
1068 2954 1251 3001 autem
1279 2945 1461 3001 valeat
1505 2944 1760 3016 frequens
1812 2946 2076 3016 plurimo-

469 3048 592 3090 rum
621 3035 798 3091 oratio
816 3035 1092 3106 justorum
1118 3036 1387 3101 ostendit;
1422 3037 1517 3092 sed
1550 3051 1623 3109 ne,
1651 3037 1951 3108 trepidaret
1974 3054 2087 3094 που.
2126 3082 2129 3083 ν

2093 3181 2140 3243 C

470 3132 586 3181 atra
610 3122 877 3198 fragilitas
902 3134 1161 3196 reputans
1187 3142 1247 3182 se
1281 3134 1433 3181 tanto
1457 3127 1759 3197 prophetas,
1782 3128 1872 3198 qui
1903 3144 2066 3186 curru

467 3214 628 3287 igneo
651 3216 769 3288 rapi
786 3210 996 3272 meruit
1026 3217 1093 3273 ad
1119 3217 1311 3285 oculos,
1328 3217 1525 3274 similia
1548 3216 1733 3281 facere
1752 3234 1860 3274 non
1882 3234 2061 3290 posse,

465 3306 716 3363 consulte
748 3306 944 3363 beatus
986 3304 1221 3365 Iacobus
1248 3308 1314 3364 de
1340 3304 1458 3378 ejus
1498 3308 1746 3365 oratione
1788 3310 2070 3370 locuturus

467 3398 546 3455 ita
573 3398 888 3455 inchoavit:
923 3398 1071 3454 Elius
1086 3399 1241 3454 homo
1255 3409 1366 3454 erat
1394 3398 1580 3457 similis
1607 3401 1756 3458 nobis
1781 3402 2065 3473 passibilis.

468 3486 644 3543 ιιυωο
670 3502 906 3559 namque
938 3497 1090 3555 erat,
1122 3490 1338 3546 tametsi
1370 3490 1505 3546 nulli
1547 3489 1827 3549 hominum
1868 3494 2070 3550 virtute
2116 3538 2121 3539 κ

469 3580 762 3647 secundus,
792 3581 988 3636 similis
1029 3580 1184 3637 nobis
1213 3581 1425 3653 origine
1468 3583 1675 3649 carnis,
1710 3585 1985 3655 passibilis
2008 3593 2071 3642 ut

470 3686 571 3726 nos
600 3680 656 3726 et
682 3671 881 3728 mentis
906 3670 1201 3745 fragilitate
1236 3683 1292 3728 et
1318 3674 1516 3730 carnis.
1563 3672 1702 3729 Nam
1732 3677 1878 3745 quod
1904 3691 2071 3733 carne

471 3759 680 3832 fragilis
700 3768 848 3816 esset
874 3761 1016 3832 apud
1032 3759 1431 3831 Sarepthanam
1462 3762 1679 3817 viduam
1703 3764 1905 3820 victum
1924 3781 2072 3835 quaa—

470 3851 642 3907 rendo
671 3852 1015 3907 monstravit.
1039 3851 1193 3920 Quod
1214 3862 1395 3908 mente
1415 3868 1633 3925 quoque
1653 3852 1926 3924 passibilis
1952 3853 2071 3911 fue-

469 3943 563 4009 rit,
591 3941 852 4008 ostendit,
880 3957 1003 3998 cum
1040 3952 1163 4014 post
1194 3943 1435 3999 redditas
1464 3946 1623 4000 terris
1663 3960 1835 4015 aquas
1860 3946 2071 4002 exstin—

472 4043 697 4105 ctosque
722 4035 1015 4104 prophetas
1042 4042 1096 4090 et
1115 4035 1425 4090 sacerdotes
1448 4034 1738 4101 idolorum,
1766 4037 1929 4092 unius
1953 4052 2073 4091 mu-

470 4125 708 4182 liercula:
735 4127 899 4181 minis
925 4128 1242 4194 exterritus,
1265 4142 1363 4198 per
1384 4128 1600 4183 deserta
1630 4127 2070 4199 diffugit.‘Quanti

470 4226 653 4273 autem
696 4218 769 4272 sit
800 4217 979 4273 meriti
1021 4219 1162 4287 apud
1200 4218 1489 4275 Dominum
1534 4234 1633 4290 pro
1671 4218 2073 4275 infirmantibus

470 4323 651 4373 orare,
680 4321 884 4378 eosque
904 4323 1001 4363 sua
1032 4318 1254 4380 peccata
1281 4308 1601 4367 conﬁtentes
1620 4310 1687 4366 ad
1705 4310 1961 4365 amissam
1986 4326 2073 4365 re-

474 4415 670 4456 vocare
696 4399 1013 4470 sospitatem
1036 4400 1315 4457 subdendo
1336 4399 1668 4457 manifestat.

2170 1940 2508 2009 quaerebant,
2539 1938 2852 2004 submovet;
2904 1939 2994 1994 hic
3033 1951 3162 1994 vero
3191 1937 3484 1991 instructos
3527 1952 3591 1991 ex
3625 1938 3772 1990 omni

2168 2038 2347 2101 parte,
2370 2030 2499 2101 quid
2529 2044 2656 2101 erga
2704 2029 2932 2085 salutem
2969 2030 3341 2098 proximorum
3384 2042 3484 2097 per
3529 2043 3772 2082 amorum

2170 2118 2531 2176 fraternitatis
2560 2135 2720 2191 agerc
2755 2119 3007 2182 debeant,
3038 2119 3246 2175 ειξορρι.
3292 2119 3445 2186 ρηοεί
3495 2120 3637 2173 enim
3672 2120 3772 2173 hoc

2169 2207 2362 2267 doctor
2388 2207 2571 2266 facere
2594 2210 2933 2280 perhibetur,
2962 2211 3065 2265 hoc
3108 2208 3217 2264 alio
3270 2197 3664 2264 loco-charitas
3694 2209 3770 2264 ia-

2170 2315 2299 2357 cere
2326 2310 2684 2366 memoratur,
2718 2301 2933 2357 dicente
2975 2301 3133 2357 beato
3159 2300 3325 2356 Petro
3367 2300 3612 2371 apostolo
3645 2301 3769 2370 quia

2171 2390 2409 2445 Charitas
2434 2392 2600 2461 operit
2626 2390 3018 2445 multitudinem
3041 2387 3395 2463 peccatorum.
3417 2389 3526 2444 Nec
3542 2398 3769 2459 prater.-

2170 2481 2414 2538 eundum
2452 2482 2594 2553 φιοά
2620 2482 2739 2536 hare
2760 2480 2997 2535 errantis
3037 2479 3325 2535 conversio
3345 2494 3451 2534 non
3481 2479 3658 2534 solum
3684 2479 3765 2533 lo-

2171 2572 2519 2643 quendo,sed
2534 2572 2855 2642 plerumque
2878 2568 3040 2627 etiam
3069 2570 3207 2625 bene
3230 2570 3439 2641 agendo
3460 2569 3763 2639 perficitur.

2171 2659 2309 2715 Nam
2336 2661 2383 2715 si
2403 2662 2527 2731 quis
2558 2660 2724 2716 etiam
2769 2659 2948 2730 lingua
2977 2666 3188 2714 tacente
3210 2659 3473 2728 proximis
3517 2657 3763 2728 exempla

2171 2749 2326 2806 bona
2355 2750 2584 2807 actionis
2611 2749 2870 2815 ostendit,
2896 2763 3097 2819 eosque
3122 2748 3189 2803 ad
3218 2748 3501 2815 imitanda,
3527 2763 3651 2822 qua:
3674 2758 3763 2802 ne-

2172 2841 2476 2912 glexerant,
2493 2842 2872 2909 cleemosynae,
2886 2839 2971 2897 vel
2993 2838 3401 2909 hospitalitatis,
3418 2837 3503 2894 vel
3532 2838 3637 2892 alia
3647 2852 3761 2892 rum

2173 2948 2339 3005 opera
2368 2936 2657 3001 virtutum,
2677 2932 2966 2997 convertit,
2989 2919 3224 2987 ofﬁcium
3255 2929 3497 3000 profecto
3529 2929 3764 2985 doctoris

2174 3025 2512 3095 exsequitur,
2541 3040 2607 3080 ac
2625 3038 2723 3095 pro
2750 3021 2883 3091 ejus,
2908 3037 3068 3092 quem
3097 3029 3435 3085 corr-exerat,
3469 3020 3763 3075 salvatione

2174 3114 2361 3172 fratris
2388 3122 2591 3172 certam
2624 3114 2780 3185 apio
2820 3113 3003 3184 judice
3048 3106 3352 3166 mercedem
3379 3116 3761 3179 consequetur.

2714 3221 2996 3281 HOMILIA
3030 3220 3211 3276 XLIII.

2723 3332 2777 3371 ιη
2809 3328 3209 3370 ΕΟΒΕΜ’ῈΕ8ῪΟ.

2332 3408 2520 3466 Lectio
2545 3407 2719 3465 sancti
2752 3405 3029 3477 Evangelii
3052 3403 3348 3460 secundum
3372 3402 3596 3457 Lucam.

2240 3497 2310 3555 In
2346 3497 2440 3553 illo
2492 3508 2720 3569 tempore
2775 3496 2910 3549 dixit
2935 3495 3091 3550 Jestts
3132 3492 3402 3563 discipulis
3444 3492 3596 3547 suis:
3639 3490 3763 3557 Quis

2170 3602 2397 3650 uestrum
2419 3592 2625 3647 habebit
2661 3592 2889 3646 amicum
2918 3601 2965 3644 et
2995 3592 3088 3645 ibit
3126 3592 3194 3643 ad
3219 3606 3337 3644 eam
3384 3589 3559 3644 media
3587 3600 3758 3651 nocte,

2170 3695 2221 3739 et
2258 3684 2395 3739 dicet
2429 3683 2507 3737 ills
2533 3698 2551 3734 :
2586 3682 2784 3745 Amice,
2812 3680 3084 3734 commoda
3124 3680 3253 3734 mihi
3285 3689 3389 3733 tres
3435 3696 3617 3749 panes,
3642 3695 3761 3751 quo-

2173 3775 2315 3829 niam
2346 3773 2547 3826 amicus
2594 3788 2741 3825 meus
2777 3772 2913 3825 venit
2941 3770 3005 3824 de
3044 3770 3126 3824 via
3152 3770 3221 3823 ad
3250 3785 3352 3834 me,
3386 3778 3435 3823 et
3469 3787 3573 3823 non
3605 3770 3764 3823 habeo

2170 3864 2311 3936 quod
2334 3878 2593 3934 apponam
2620 3872 2742 3916 ante
2760 3860 2933 3926 illum,
2960 3868 3063 3916 etc.

2242 3953 2483 4024 Rogatus
2510 3968 2540 4007 a
2564 3952 2843 4023 discipulis
2872 3950 3121 4007 Salvator
3164 3965 3272 4006 non
3327 3950 3489 4005 modo
3536 3948 3762 4004 formam

2172 4044 2458 4111 orationis,
2485 4044 2577 4099 sed
2623 4054 2679 4099 et
2704 4043 3015 4097 instantiam
3047 4041 3515 4112 frequentiamque
3544 4040 3764 4093 tradidit

2172 4136 2385 4192 orandi.
2416 4135 2635 4190 Amicus
2664 4149 2794 4204 ergo
2825 4133 2893 4187 ad
2922 4147 3082 4203 quem
3124 4132 3301 4186 media
3328 4142 3485 4187 nocte
3516 4131 3763 4194 venitur,

2176 4226 2295 4297 ipse”
2316 4226 2459 4279 Deus
2482 4223 2815 4294 intelligitur,
2844 4224 2930 4279 cui
2963 4223 3016 4277 in
3047 4222 3223 4278 media
3262 4221 3612 4277 tribulatione
3634 4236 3761 4290 sup--

2172 4318 2396 4389 plicare,
2424 4324 2479 4373 et
2506 4326 2619 4372 tres
2640 4330 2827 4387 panes,
2870 4316 2921 4371 id
2950 4323 3052 4380 est,
3084 4314 3493 4383 intelligentiam
3520 4311 3762 4367 Trinita-

2177 4409 2266 4475 tis,
2294 4422 2400 4478 qua
2431 4408 2712 4479 praesentis
2740 4408 2864 4461 vitae
2902 4405 3249 4461 consolentur
3298 4403 3530 4464 labores,
3563 4401 3762 4473 elllagi-

547 4489 606 4545 Si
645 4491 762 4561 quis
792 4499 970 4545 autem
998 4492 1248 4545 erraverit
1291 4508 1356 4546 ex
1383 4492 1525 4547 vobis
1551 4509 1585 4547 α
1608 4494 1842 4559 veritate,
1868 4503 1918 4549 et
1945 4510 2070 4549 con-
2094 4529 2148 4589 Β
2176 4493 2594 4569 ιλιιθςάεὺειηιιε.
2628 4496 2852 4551 Amicus
2883 4496 2974 4564 qui
3009 4493 3152 4548 venit
3190 4493 3255 4548 de
3284 4493 3389 4555 via,
3424 4484 3549 4563 ipse"
3578 4500 3764 4546 noster

474 4581 620 4637 vertit
645 4582 762 4653 quis
779 4596 920 4646 eum,
940 4581 1073 4635 scire
1100 4580 1249 4635 debet
1267 4582 1517 4653 quoniam
1544 4582 1636 4654 qui
1676 4584 1909 4638 converti
1932 4584 2067 4653 fece-

473 4674 541 4728 rit
567 4678 892 4744 peccatorem
918 4670 983 4725 ab
1021 4687 1199 4727 errore
1236 4672 1337 4727 uia:
1367 4688 1479 4727 suae
1500 4712 1517 4739 ,
1561 4671 1784 4727 salvabit
1831 4674 2065 4728 animam

473 4764 588 4835 ejus
614 4781 647 4817 a
671 4771 855 4818 morte.
889 4761 1026 4831 Quia
1054 4762 1200 4817 enim
1239 4762 1292 4817 in
1344 4763 1717 4834 superioribus
1746 4762 1907 4834 hujus
1936 4764 2068 4835 Epi-

475 4852 627 4911 stola:
654 4852 901 4924 partibus
929 4851 1168 4922 linguam
1190 4860 1431 4908 nostram
1457 4868 1489 4907 a
1519 4852 1756 4927 maligna
1784 4854 1869 4910 vel
1889 4855 2068 4911 otiosa

477 4945 749 5000 locutione
779 4942 1078 5015 restringit,
1110 4950 1413 5014 opportune
1459 4944 1513 4999 in
1544 4944 1651 5000 line
1678 4946 1809 5017 quid
1835 4948 2070 5002 maxime

476 5036 627 5107 loqui
656 5027 970 5105 debeamus,
1003 5035 1257 5115 ostendit.
1305 5033 1570 5091 Jubemur
1602 5036 1784 5107 itaque
1811 5053 1967 5093 orare
2014 5046 2073 5095 et

477 5129 709 5201 psallere
740 5127 966 5183 Domino
1008 5128 1221 5205 quoties
1249 5127 1519 5197 aliquibus
1545 5127 1825 5199 pulsamur
1875 5129 2070 5185 adver-

478 5219 573 5275 sis.
604 5219 762 5293 Item,
785 5216 1035 5275 confiteri
1056 5217 1376 5273 alterutrum
1408 5226 1631 5289 peccata
1658 5230 1842 5276 nostra
1871 5228 1928 5275 et
1946 5234 2070 5275 ora-

480 5326 541 5368 re
574 5326 671 5377 pro
698 5311 933 5367 invicem
959 5317 1024 5367 ut
1059 5296 1361 5375 salvemur;
1404 5326 1504 5381 pro
1527 5311 1760 5367 sanitate
1794 5312 2072 5382 prosilue-

480 5416 601 5458 rum
626 5414 732 5456 non
769 5400 944 5455 solum
976 5399 1295 5469 temporali,
1340 5400 1433 5455 sed
1458 5401 1637 5470 potius
1660 5400 1865 5457 teterna
1890 5416 2066 5472 quan-

482 5501 593 5548 tam
618 5508 904 5562 possumus
952 5489 1368 5547 sollicitudinem
1426 5492 1739 5561 impendere
1790 5507 2066 5549 curemus.

483 5583 542 5639 Si
581 5585 725 5639 enim
758 5581 1026 5639 mercedis
1051 5572 1134 5637 est
1166 5596 1195 5635 a
1229 5592 1403 5639 morte
1424 5582 1637 5652 eripere
1659 5598 1877 5639 carnem
1899 5590 2071 5654 quan-

484 5674 660 5742 doque
689 5675 1027 5737 morituram,
1060 5673 1244 5742 quanti
1273 5683 1357 5727 est
1383 5673 1559 5728 meriti
1580 5688 1613 5728 a
1637 5683 1808 5727 morte
1832 5675 2069 5729 animam

486 5762 742 5831 liberare,
771 5764 823 5820 in
855 5763 1062 5822 cmlesti
1112 5763 1287 5835 patria
1314 5763 1429 5819 sine
1455 5764 1560 5821 line
1605 5764 1910 5820 victuram?
1956 5764 2069 5822 No-

2172 4597 2257 4645 est
2282 4590 2517 4654 animus,
2544 4586 2757 4658 quoties
2784 4603 2814 4640 a
2840 4585 2996 4640 nobis
3022 4586 3243 4649 recedit,
3269 4584 3479 4653 quoties
3500 4584 3565 4639 ad
3594 4597 3756 4654 appe-

2170 4681 2333 4740 tenda
2355 4688 2570 4735 terrena
2593 4686 2648 4732 et
2675 4676 2992 4746 temporalia
3018 4662 3149 4730 loris
3175 4683 3419 4745 vagatur.
3452 4672 3613 4727 Redit
3635 4687 3760 4728 vero

2172 4771 2487 4841 cmlestique
2518 4768 2774 4829 alimonia
2828 4766 2974 4823 refici
3006 4763 3298 4828 desiderat,
3327 4777 3449 4817 cum
3499 4761 3553 4815 in
3581 4777 3642 4816 se
3670 4776 3755 4815 re-

2170 4876 2363 4918 versus
2411 4873 2645 4929 superna
2687 4856 2914 4927 cmperit
2961 4869 3025 4909 ac
3073 4852 3339 4923 spiritalia
3368 4849 3639 4903 meditari.
3688 4846 3761 4901 De

2173 4965 2283 5022 quo
2307 4948 2531 5019 pulchre
2557 4948 2647 5016 qui
2693 4946 2927 5014 petierat
2965 4942 3209 5014 adiungit
3238 4960 3251 4995 :
3281 4940 3398 4995 Non
3454 4954 3514 4994 se
3560 4938 3760 4993 habere

2170 5042 2312 5114 quod
2340 5048 2507 5111 ponat
2535 5046 2660 5094 ante
2686 5037 2872 5103 illum;
2918 5036 3171 5108 quoniam
3203 5034 3396 5088 anima:
3428 5040 3550 5103 post
3577 5029 3757 5087 saeculi

2173 5135 2426 5191 tenebras
2456 5133 2626 5190 Deum
2664 5130 2957 5202 suspiranti
2989 5171 3005 5194 ,
3054 5128 3189 5184 nihil
3226 5138 3426 5197 praeter
3460 5126 3585 5181 eum
3617 5125 3754 5195 cegi-

2172 5232 2310 5290 tare,
2337 5224 2413 5279 nil
2437 5223 2610 5291 loqui.
2638 5221 2714 5276 nil
2739 5221 2870 5276 libet
2902 5219 3132 5284 intueri;
3171 5218 3377 5283 solum,
3422 5217 3567 5287 quod
3613 5229 3757 5271 reco-

2152 5306 2377 5389 gnovit,
2406 5328 2630 5371 summm
2665 5310 2949 5365 Trinitatis
2989 5309 3241 5381 gaudium
3275 5300 3653 5376 contemplari,
3677 5317 3758 5361 at-

2169 5421 2275 5477 que
2298 5408 2365 5461 ad
2392 5406 2495 5461 hoc
2519 5401 2729 5475 plenius
2774 5402 3090 5457 intuendum
3122 5402 3406 5470 pervenire
3432 5400 3649 5469 satagit.

2242 5495 2311 5551 Et
2337 5496 2424 5551 ille
2446 5496 2653 5549 delatus
2677 5493 2992 5562 respondens
3019 5532 3034 5557 ,
3070 5491 3212 5546 dicat
3237 5509 3253 5546 :
3284 5489 3412 5545 Noli
3454 5492 3579 5546 mihi
3601 5490 3757 5546 mole-

2170 5597 2283 5645 stus
2305 5602 2436 5650 esse,
2457 5584 2575 5656 jam
2601 5585 2791 5638 ostium
2822 5598 2993 5637 meum
3022 5580 3387 5647 clausum‘est,
3408 5588 3460 5635 et
3480 5580 3634 5650 pueri
3659 5581 3756 5635 tari

2170 5692 2371 5732 mecum
2400 5676 2605 5729 suntin
2632 5674 2820 5737 cubili,
2876 5688 2979 5727 non
3013 5686 3222 5743 possum
3269 5686 3480 5742 surgere
3530 5680 3580 5724 et
3629 5667 3757 5725 dare

2171 5769 2280 5824 tibi.
2312 5764 2519 5820 Ostium
2554 5765 2713 5819 amici
2752 5762 2914 5818 divini
2942 5747 3411 5831 est'intelligcntia
3464 5759 3750 5826 semouis,
