3946 6326
160 372 269 434 225

1245 377 1553 434 ΗΟΜΙΗΑΞ
1597 378 1660 433 IN
1704 379 1954 436 EVA‘NG.
1994 382 2083 437 ET
2124 382 2346 440 EPIST.

3335 389 3447 451 226

165 492 305 565 quod
325 492 430 549 sibi
459 496 744 566 apostolus
779 500 894 547 orat
922 494 1116 563 aperiri
1162 494 1228 549 ad
1278 494 1599 570 loquendum
1646 510 1760 563 my-
1792 505 1831 556 Α
1866 497 2110 561 :inentia.
2134 508 2188 554 et
2209 501 2452 570 quisquis
2496 518 2556 556 ea
2591 503 2761 557 malus
2787 505 2895 561 dat.
2939 506 3139 563 nonde
3189 525 3285 564 suo
3329 518 3444 566 dat.

164 585 388 640 stcrium
404 585 644 649 Christi,
668 584 1010 653 clausumque
1030 591 1115 639 est
1138 593 1379 652 tempore
1404 569 1560 638 lamis
1588 585 1757 647 verbi,

166 693 285 733 cum
316 678 683 745 intelligentia
714 693 816 732 non
848 677 1028 742 datur,
1059 686 1114 732 et
1163 677 1235 730 illi
1267 678 1357 747 qui
1394 676 1760 746 evangelicum

165 766 491 837 sapientiam
522 776 773 836 tanquam
818 781 1013 835 panem
1055 774 1338 838 crogantes
1363 809 1377 832 ,
1431 782 1528 836 per
1575 766 1759 820 oritcm

168 861 322 909 terrm
348 857 806 925 pumilicaverunt.
823 855 979 910 Pueri
999 857 1401 926 patrisfamilias
1424 856 1532 925 iam
1559 870 1677 912 sunt
1710 858 1762 910 in

165 936 373 1000 secreta
405 947 595 1016 quiete
614 962 738 1001 cum
768 946 1013 1010 Domino,
1031 934 1089 1001 et.
1108 957 1287 1002 tamen
1305 950 1509 1003 orando
1530 947 1755 1003 efficitur

166 1046 222 1091 ut
262 1039 508 1107 accipiat
533 1038 846 1093 desiderans
890 1039 1225 1095 intellectum
1271 1041 1340 1095 ab
1364 1040 1481 1110 ipso
1510 1039 1758 1103 Domino,

166 1127 376 1182 etiamsi
416 1128 584 1182 homo
619 1129 759 1186 desit
792 1144 890 1198 per
938 1145 1098 1199 quem
1128 1131 1391 1201 sapientia
1414 1130 1758 1200 praedicetur.

234 1235 303 1290 Et
332 1235 422 1290 ille
450 1238 500 1290 si
527 1239 925 1307 perseveraverit
950 1240 1166 1311 pulsans
1192 1255 1209 1293 :
1252 1241 1370 1295 dico
1398 1241 1573 1307 vobis,
1619 1250 1668 1294 et
1717 1240 1762 1294 si

164 1340 266 1377 non
284 1324 433 1378 dabit
456 1324 538 1377 illi
567 1342 783 1395 surgens
810 1344 870 1381 eo
898 1329 1039 1398 quod
1067 1330 1268 1384 amicus
1297 1331 1414 1400 ejus
1443 1330 1532 1394 sit,
1555 1337 1765 1398 propter

160 1415 554 1484 improbitatem
579 1426 753 1471 tamen
774 1418 887 1487 ejus
910 1432 1086 1491 surget
1127 1430 1177 1475 et
1202 1422 1349 1475 dabit
1389 1421 1469 1475 illi
1514 1430 1760 1492 quotquot

159 1505 313 1559 habet
351 1509 697 1563 necessarios.
735 1508 801 1562 Et
828 1527 922 1579 ego
960 1511 1079 1564 dico
1127 1512 1307 1566 vobis:
1340 1509 1505 1567 Petita
1531 1524 1577 1567 et
1613 1516 1761 1579 dabi-

162 1604 248 1649 tur
271 1596 455 1662 vobis;
484 1599 705 1667 quaerite
752 1608 800 1654 et
833 1600 1137 1663 invenietis;
1169 1601 1376 1672 pulsizte
1410 1613 1458 1657 et
1498 1607 1765 1674 aperietur

164 1687 322 1741 rubis.
353 1686 707 1757 Compar-utin
744 1705 772 1743 a
804 1691 1011 1746 minore
1040 1710 1052 1744 :
1091 1693 1134 1747 si
1185 1694 1328 1748 enim
1361 1697 1567 1751 amicus
1599 1699 1758 1753 homo

162 1777 335 1847 surgit
365 1777 435 1830 de
480 1778 637 1837 lecto,
670 1787 721 1833 et
752 1779 844 1833 dat
881 1795 987 1835 non
1020 1782 1282 1849 amicitia,
1309 1786 1401 1839 sed
1430 1786 1585 1840 tmdio
1612 1802 1758 1842 com-
1792 1835 1829 1860 τ,

1810 1851 1829 1891 i
1861 1865 2012 1905 suam
2038 1859 2313 1913 naturam,
2339 1851 2431 1906 sed
2459 1867 2557 1920 per
2578 1853 2840 1907 creatoris
2865 1854 2943 1907 sui
2969 1856 3439 1924 participationem

164 1865 371 1935 pulsus,
405 1878 613 1937 quanto
640 1870 811 1940 magis
840 1871 933 1925 dat
979 1870 1142 1937 Deus,
1172 1874 1262 1943 qui
1301 1875 1418 1929 sine
1453 1876 1611 1931 taedio
1654 1876 1757 1931 lar-

163 1956 386 2025 gissime
416 1959 585 2011 donat
610 1960 751 2027 quod
771 1959 977 2029 petitur
1005 1978 1018 2013 :
1049 1961 1143 2015 sed
1170 1962 1273 2017 hoc
1304 1977 1361 2017 se
1397 1964 1506 2033 peti
1536 1965 1668 2029 vult,
1700 1974 1759 2028 ut

163 2062 391 2118 capaces
422 2049 691 2105 donorum
720 2050 837 2121 ejus
882 2051 1013 2107 (iant
1060 2053 1152 2123 qui
1213 2063 1439 2124 petunt,
1494 2071 1561 2111 ne
1586 2057 1663 2110 ita
1692 2058 1759 2111 de

163 2141 246 2194 via
286 2142 520 2197 veniens
549 2144 756 2199 amicus
807 2145 985 2200 inedia
1037 2124 1344 2217 dispercal,
1384 2148 1489 2203 hoc
1514 2157 1597 2204 est
1623 2189 1638 2214 ,
1690 2164 1758 2205 ne

162 2218 377 2288 animus
421 2248 599 2304 nuper
650 2236 721 2290 ab
746 2237 951 2291 erroris
997 2237 1077 2291 sui
1122 2238 1359 2292 vanitate
1412 2240 1755 2309 resipiscens,

162 2324 414 2379 desiderii
436 2325 698 2395 spiritalis
730 2326 931 2382 diutius
974 2327 1154 2400 inopia
1185 2329 1447 2385 tabescat.
1503 2329 1758 2386 Petamus

161 2416 349 2486 epulas
373 2417 555 2481 verbi,
575 2418 773 2487 quibus
801 2418 1040 2485 alamur;
1074 2434 1383 2489 quaeramus
1408 2420 1644 2475 amicum
1665 2420 1759 2490 qui

162 2507 279 2572 det;
336 2506 623 2578 pulsemus
683 2508 881 2562 ostium
910 2548 925 2573 ,
970 2524 1080 2579 quo
1123 2525 1405 2565 servemur
1453 2511 1755 2567 absconse:

164 2616 413 2671 magnam
440 2614 592 2671 spem
625 2601 773 2657 dedit
801 2609 858 2655 et
879 2603 971 2657 dat
1001 2602 1090 2658 ille
1130 2603 1219 2672 qui
1260 2603 1626 2673 promittendo
1652 2620 1758 2659 non

162 2691 380 2763 decipit.
425 2691 618 2748 Omnis
660 2694 806 2748 enim
839 2695 931 2765 qui
960 2698 1094 2764 petit
1121 2696 1332 2766 accipit,
1363 2705 1417 2750 et
1443 2697 1533 2766 qui
1565 2698 1760 2766 quaerit

162 2781 389 2849 invenit,
418 2794 475 2840 et
496 2785 730 2856 pulsanti
757 2788 1053 2857 aperietur.
1108 2789 1278 2860 Ergo,
1331 2788 1483 2859 juxta
1514 2792 1757 2861 praemis-

162 2889 275 2931 sam
298 2876 632 2945 postulantis
651 2878 810 2932 amici
832 2879 1168 2948 parabolam,
1190 2880 1606 2952 perseverantia:
1624 2896 1760 2950 opus

162 2973 243 3021 est
271 2975 331 3020 ut
362 2966 701 3041 accipiamus
723 2969 866 3038 quod
892 2970 1148 3040 petimus,
1175 2978 1230 3024 et
1254 2970 1594 3026 inveniamus
1616 2972 1759 3041 quod

162 3059 483 3129 quaerimus,
507 3062 730 3131 etquod
777 3061 1057 3132 pulsamus
1085 3063 1380 3134 aperiatur.
1412 3062 1546 3119 Nam
1580 3065 1627 3120 si

164 3149 297 3204 tcnti
336 3165 450 3204 non
487 3149 669 3215 datur,
688 3161 741 3206 et
764 3166 1010 3220 quaerens
1036 3167 1138 3207 non
1170 3153 1399 3219 invenit,
1433 3164 1489 3209 et
1517 3154 1752 3223 pulsanti
1782 3171 1828 3234 ο

163 3256 265 3296 non
294 3243 548 3313 aperitur
568 3283 583 3309 ,
624 3252 847 3313 apparet
871 3246 1013 3315 quod
1047 3261 1151 3301 non
1179 3246 1316 3302 bene
1348 3247 1584 3316 petierit,
1610 3262 1755 3318 quae-

162 3333 333 3395 sierit,
357 3334 685 3404 pulsaverit.

235 3445 368 3512 Quis
402 3456 583 3502 autem
613 3464 678 3502 ea:
715 3449 856 3504 vobis
880 3458 1081 3520 patrem
1119 3451 1244 3519 petit
1278 3467 1486 3520 panem,
1522 3450 1757 3521 nunquid

161 3534 392 3607 lapidem
416 3538 567 3591 dabit
591 3537 671 3591 illi
692 3538 890 3594 ’Panis
921 3541 1237 3611 intelligitur
1259 3541 1517 3605 Charitas,
1538 3551 1759 3612 propter

164 3626 429 3695 majorem
458 3630 781 3699 appetitum,
819 3639 875 3685 et
912 3640 1019 3686 tam
1059 3634 1387 3696 necessaria,
1418 3646 1476 3687 ut
1505 3635 1624 3689 sine
1669 3634 1757 3688 illa

160 3730 357 3773 cretera
373 3718 509 3774 nihil
538 3720 666 3784 sint,
683 3721 823 3775 sicut
844 3722 961 3777 sine
985 3737 1125 3792 pane
1148 3738 1332 3778 mensa
1358 3724 1510 3795 inteps
1534 3736 1649 3790 est;
1673 3726 1759 3781 eui

161 3810 441 3866 contraria
468 3819 553 3865 est
572 3814 753 3867 cordis
784 3813 1002 3878 duritia,
1024 3829 1185 3883 quam
1212 3815 1371 3885 lapidi
1401 3816 1755 3885 comparavit.

231 3921 337 3975 Aret
360 3923 407 3977 si
458 3923 675 3991 piscem,
698 3922 931 3992 nunquid
968 3938 1063 3991 pro
1100 3924 1239 3993 pisce
1284 3933 1568 3993 serpentem
1594 3924 1759 3977 dabit

161 4013 279 4069 illi?
306 4014 484 4070 Piscis
513 4022 599 4068 est
633 4014 766 4069 lich
798 4014 1167 4077 invisibilium,
1203 4014 1285 4069 vel
1306 4023 1529 4085 propter
1562 4031 1757 4085 aquam

166 4104 473 4175 baptismi,
522 4103 608 4157 vel
644 4103 772 4173 quia
817 4103 885 4159 de
937 4103 1299 4159 invisibilibus
1351 4103 1481 4159 locis
1527 4106 1757 4176 capitur.

166 4194 297 4262 Quia
337 4196 510 4250 etiam
551 4194 683 4248 fides
717 4194 877 4264 hujus
922 4194 1106 4249 mundi
1133 4192 1383 4250 ﬂuctibus
1428 4195 1761 4252 circumdata

166 4299 269 4339 non
309 4283 604 4353 frangitur,
634 4292 779 4338 recte
830 4284 967 4354 pisci
1012 4294 1396 4354 comparatur:
1428 4286 1515 4341 cui
1546 4295 1765 4342 contra-

168 4374 303 4429 rium
322 4375 511 4446 posuit
537 4383 846 4443 serpentem
880 4386 1100 4445 propter
1127 4388 1335 4430 venena
1367 4374 1616 4439 fallaciae,
1643 4390 1765 4447 qua

169 4466 327 4520 etiam
356 4466 537 4534 primo
574 4465 776 4519 homini
814 4465 954 4520 male
985 4464 1257 4521 suadendo
1284 4466 1683 4536 perseminavit.

234 4555 338 4609 Aut
366 4556 416 4608 si
451 4555 652 4624 petierit
672 4570 848 4615 orum.
883 4555 1120 4626 nunquid
1144 4558 1364 4627 porrigit
1408 4556 1487 4611 illi
1527 4558 1756 4627 scorpio-

169 4646 320 4700 nem?
345 4645 405 4700 in
434 4660 537 4700 ovo
565 4645 834 4705 indicatur
874 4661 1022 4716 spes,
1048 4661 1209 4701 ovum
1242 4647 1385 4703 enim
1413 4650 1646 4703 nondum
1670 4657 1753 4703 est

171 4734 311 4793 fctus
362 4735 658 4807 perlectus,
689 4736 782 4791 sed
825 4735 1053 4791 fovendo
1090 4747 1379 4807 speratur:
1409 4739 1494 4794 cui
1536 4748 1753 4793 contra-

173 4824 306 4879 rium
333 4824 520 4895 posuit
544 4824 902 4891 scorpionem,
929 4823 1082 4890 cujus
1111 4824 1332 4880 aculeus
1357 4835 1656 4880 venenatas
1669 4842 1753 4882 re-

172 4921 253 4968 tro
303 4913 583 4969 timendus
610 4922 725 4974 est,
756 4912 894 4966 sicut
932 4915 1047 4980 spei
1082 4914 1411 4967 contrarium
1457 4925 1540 4968 est
1574 4925 1749 4979 retro,

173 5027 289 5065 cum
318 5024 449 5080 spes
486 5008 788 5066 futurorum
821 5008 874 5061 in
901 5022 963 5061 ea
1004 5022 1124 5075 quae
1158 5018 1283 5062 ante
1322 5017 1447 5063 sunt
1477 5008 1671 5063 extend
1711 5018 1748 5062 t.

240 5103 297 5157 Si
324 5117 473 5171 ergo,
504 5117 594 5154 vos
628 5094 887 5153 cum-sitis
912 5100 1061 5163 mali,
1104 5101 1267 5153 nostis
1309 5100 1442 5153 bona
1482 5101 1608 5153 dare
1628 5099 1752 5168 ﬁliis

175 5193 353 5249 vestris
376 5210 395 5257 ;
416 5200 628 5260 quanto
655 5192 821 5261 magis
849 5190 1003 5244 Pater
1048 5200 1216 5244 vester
1240 5191 1304 5243 de
1331 5190 1457 5245 caelo
1483 5191 1626 5244 dabit
1652 5192 1755 5261 spi-

178 5283 330 5335 ritum
360 5286 554 5335 bonum
582 5283 867 5348 petentibus
896 5280 1281 5346 se.!Quomodo
1310 5280 1433 5333 mali
1474 5280 1637 5334 dant?
1662 5281 1753 5335 sed

178 5371 341 5429 malos
368 5370 658 5441 appellavit
703 5372 989 5428 dilectores
1034 5372 1208 5426 adhuc
1257 5372 1416 5441 hujus
1467 5373 1645 5428 stcculi
1703 5380 1759 5426 et

177 5477 530 5538 peccatores:
570 5463 707 5517 bona
734 5477 862 5517 vero
908 5480 1027 5532 quae
1056 5465 1205 5526 dant,
1231 5466 1527 5518 secundum
1569 5479 1754 5519 eorum

178 5571 397 5614 sensum
416 5566 559 5611 bona
590 5555 812 5608 dicenda
838 5566 959 5609 sunt
983 5559 1071 5624 qui
1095 5556 1210 5608 haec
1242 5568 1339 5623 pro
1368 5555 1523 5609 nobis
1554 5552 1754 5626 [bonis]

179 5648 397 5711 habent,
428 5660 742 5716 quanquam
778 5655 831 5698 et
883 5649 933 5700 in
986 5663 1165 5700 rerum
1224 5655 1420 5700 natura
1467 5648 1565 5701 ista
1614 5645 1756 5700 bona

174 5743 411 5804 sint,sed
443 5735 851 5806 tetnporalia.ct
869 5738 941 5790 ad
968 5736 1123 5791 istam
1147 5738 1310 5791 vitam
1337 5736 1604 5791 inﬁrmam
1632 5751 1756 5806 per-

1787 4509 1836 4567 It

1850 584 2073 669 Domini
2099 602 2174 643 est
2198 601 2333 644 terra
2355 602 2403 644 et
2430 593 2698 662 plenitudo
2726 596 2861 664 ejus,
2884 597 2973 666 qui
3016 596 3135 665 fecit
3178 600 3360 652 etclam
3393 607 3447 654 at

1861 685 2078 742 terram,
2108 694 2274 744 mare,
2320 692 2370 733 et
2418 683 2592 735 omnia
2630 700 2747 753 quae
2776 685 2830 738 in
2859 686 2933 738 eis
2987 696 3127 739 sunt.
3179 686 3450 752 Quantum'

1854 780 1989 837 ergo
2036 770 2358 838 sperandum
2390 780 2472 825 est
2507 771 2755 825 datm'um
2788 773 2949 827 Deum
3008 777 3089 827 nd
3116 777 3161 830 is
3190 777 3325 831 bona
3354 792 3449 846 pe-

1865 862 2121 926 tentibus,
2155 877 2256 915 nec
2300 877 2397 917 nos
2438 879 2593 933 posse
2618 864 2787 934 decipi
2832 875 2889 918 ut
2924 868 3251 935 accipiamus
3300 862 3448 924 aliud

1864 965 1960 1019 pro
1987 951 2093 1005 alio
2125 967 2247 1005 cum
2289 954 2354 1007 ab
2407 953 2521 1022 ipso
2568 952 2821 1023 petimus,
2869 955 3080 1023 quando
3122 972 3218 1010 nos
3253 956 3442 1024 etiam,

1863 1056 1984 1094 cum
2016 1041 2185 1095 simus
2215 1041 2361 1104 mali,
2384 1043 2631 1096 novimus
2658 1044 2708 1097 id
2740 1044 2868 1098 dare
2899 1047 3037 1113 quod
3060 1047 3310 1115 petimus.
3330 1046 3445 1102 Non

1863 1132 2005 1195 enim
2029 1132 2328 1201 decipimus
2361 1133 2495 1187 lilios
2520 1144 2765 1187 nostros:
2793 1145 2847 1189 ct
2880 1134 3274 1206 qualiacunque
3305 1137 3445 1191 bona

1861 1220 2073 1283 damus,
2106 1236 2211 1274 non
2242 1222 2307 1276 de
2351 1231 2534 1277 nostro
2577 1224 2667 1276 se:l
2709 1227 2772 1277 de
2822 1224 2988 1293 ipsius
3021 1226 3227 1280 damus.
3274 1227 3447 1281 Aliter

1861 1295 2110 1380 apostoli,
2134 1311 2225 1379 qui
2248 1311 2528 1391 electionis
2552 1312 2743 1365 merito
2787 1313 3079 1367 bonitatem
3102 1316 3314 1386 generis
3340 1315 3447 1368 hu-

1861 1404 2391 1463 maniexcesserant,
2418 1403 2669 1458 omnibus
2702 1404 2891 1464 modis.
2923 1406 3447 1474 superttcchonitatis

1862 1494 2077 1556 intuitu,
2116 1491 2240 1546 mali
2270 1500 2391 1547 esse
2435 1492 2705 1557 dicuntur,
2745 1494 2878 1563 quia
2901 1495 3031 1548 nihil
3082 1504 3167 1550 est
3213 1511 3309 1566 per
3352 1511 3443 1552 se-

1860 1582 2147 1651 metipsum
2178 1581 2369 1635 stabile
2404 1623 2417 1647 ,
2463 1582 2595 1636 nihil
2629 1583 2991 1647 immutabile,
3027 1586 3158 1639 nihil
3214 1587 3440 1653 bonum.

1859 1672 1960 1727 nisi
1987 1671 2161 1725 deitas
2188 1668 2534 1727 sola.0mnes
2558 1688 2685 1726 vero
2699 1684 2957 1730 creaturae
2982 1684 3038 1729 ut
3058 1676 3441 1732 beatitudinem

1858 1761 2177 1815 mternitatis
2203 1756 2283 1814 vel
2309 1762 2758 1835 immutabilitatis
2774 1762 3075 1828 obtineant,
3094 1780 3198 1819 non
3221 1765 3322 1820 hoc
3345 1781 3444 1835 per

1860 1950 1913 1995 et
1942 1942 2171 2012 gratiam
2204 1950 2629 2011 consequuntur.
2660 1942 2811 2009 Quod
2843 1944 2969 1999 vero
3001 1945 3216 2010 dicitur,
3244 1957 3442 2016 quanto

1860 2034 2026 2104 magis
2059 2030 2217 2086 Pater
2243 2042 2406 2088 vester
2431 2035 2495 2087 de
2523 2034 2648 2087 caelo
2678 2035 2819 2089 dabit
2850 2028 3091 2106 spiritum
3127 2038 3316 2092 bonum
3346 2056 3439 2109 pe-

1859 2125 2083 2179 tentibus
2109 2141 2184 2189 se,
2217 2138 2315 2194 pro
2340 2140 2446 2193 quo
2485 2124 2768 2181 Matthtnns
2791 2127 2988 2196 posuit,
3014 2127 3155 2181 dabit
3181 2128 3313 2181 bona
3347 2144 3441 2199 pe-

1859 2209 2082 2272 tentibus
2104 2234 2181 2283 se,
2222 2217 2457 2273 ostendit
2485 2215 2746 2288 Spiritum
2777 2229 3022 2273 sanctum
3052 2219 3439 2288 plenitudinem

1857 2322 1979 2363 esse
1999 2308 2261 2362 bonorum
2294 2306 2410 2370 Dei,
2442 2315 2497 2362 et
2534 2321 2599 2360 ea
2626 2322 2744 2375 qua:
2766 2306 3026 2361 divinitus
3056 2308 3443 2363 administran-

1859 2409 1967 2463 tur,
2001 2414 2103 2453 non
2133 2399 2234 2453 alia
2267 2399 2470 2467 absque
2489 2414 2551 2453 ca
2584 2396 2899 2467 subsistere,
2924 2400 3048 2471 quia
3079 2415 3268 2457 omnes
3295 2400 3443 2456 utili-

1860 2494 2000 2544 tates
2031 2504 2151 2559 qua:
2176 2505 2241 2543 ex
2285 2490 2548 2543 donorum
2580 2488 2674 2543 Dei
2711 2489 2883 2560 gratia
2921 2490 3288 2560 suscipiuntur
3308 2530 3322 2553 ,
3372 2505 3439 2546 ex

1862 2582 1965 2636 isto
1995 2579 2142 2635 fonte
2173 2587 2444 2634 emanant.
2479 2577 2536 2633 In
2581 2578 2842 2649 petitione
2866 2579 3128 2635 orationis
3152 2587 3207 2634 et
3247 2580 3303 2636 in
3351 2595 3443 2635 ac-

1859 2676 2110 2745 ceptione
2134 2674 2375 2728 muneris
2388 2672 2611 2728 istarum
2628 2672 2857 2727 duarum
2873 2671 2931 2725 ﬁt
2951 2672 3237 2727 concordia
3258 2672 3359 2728 lect
3369 2672 3445 2729 io-

1860 2783 2009 2830 num,
2034 2783 2155 2839 qua:
2177 2775 2405 2837 utraque
2427 2767 2481 2821 in
2509 2766 2677 2821 Deum
2708 2775 2850 2822 recte
2878 2767 3328 2832 credentibus,ac
3343 2766 3439 2821 ﬂr-

1859 2853 2100 2913 miter'in
2125 2857 2243 2926 ejus
2271 2857 2700 2913 misericordiam
2736 2842 3438 2926 sperantibus,perveniunt

1858 2948 1927 3002 ad
1986 2946 2212 3003 salutem
2271 2955 2631 3019 perpetuam:
2681 2954 2969 3016 prmstante
3003 2945 3230 3000 Domino
3253 2953 3439 3000 nostro

1857 3034 1985 3093 Jesu
2009 3035 2246 3101 Christo,
2261 3037 2351 3107 qui
2381 3051 2500 3091 cum
2524 3035 2685 3090 Patre
2704 3043 2759 3090 et
2787 3034 2990 3105 Spiritu
3017 3043 3207 3090 sancto
3230 3034 3361 3089 vivit
3385 3040 3441 3088 ct

1860 3133 2051 3197 regnat
2079 3124 2238 3189 Dens,
2265 3139 2364 3195 per
2391 3123 2573 3178 omnia
2618 3121 2811 3178 saecula
2865 3123 3205 3177 seculorum.
3249 3122 3438 3178 Amen.

2386 3235 2669 3293 ηοΜιιιΑ
2718 3233 2830 3289 XLI
2842 3233 2900 3287 ν.

2183 3366 2233 3404 IN
2273 3363 2472 3405 νιϐιιιΑ
2512 3363 2845 3403 ABG-211310le
2899 3363 3119 3413 DONINI,

2200 3464 2391 3518 Lectio
2420 3463 2675 3532 Epistolas
2712 3463 2778 3515 ad
2814 3461 3093 3531 Ephesios.

1931 3551 2168 3620 Fratres,
2202 3553 2480 3622 unicuique
2512 3560 2747 3605 nostrum
2788 3551 2913 3604 data
2952 3560 3026 3604 est
3052 3552 3225 3621 gratia
3257 3565 3469 3625 secuta

1850 3642 1982 3699 dum
2005 3657 2301 3696 mensuram
2323 3639 2621 3692 donationis
2645 3637 2857 3693 Christi.
2884 3637 3103 3707 Propter
3122 3640 3261 3709 quod
3282 3640 3441 3693 dicit:

1859 3739 2155 3793 Ascendens
2179 3738 2232 3790 in
2253 3735 2415 3791 altum
2443 3737 2699 3806 captivam
2722 3736 2870 3790 duxit
2894 3735 3277 3804 captivitatem:
3298 3731 3439 3788 dedit

1859 3831 2000 3884 dona
2029 3827 2349 3890 hominibus,
2376 3836 2482 3881 etc.
2564 3850 2567 3853 ν

1930 3920 2173 3975 Gratiam
2231 3927 2284 3972 et
2332 3914 2767 3970 miscricordiam
2811 3913 3022 3969 Domini
3088 3912 3258 3968 nostri
3314 3911 3441 3966 Iesu

1860 4009 2082 4072 Christi,
2115 4023 2276 4078 quam
2305 4006 2492 4076 generi
2531 4005 2757 4060 contulit
2791 4004 3046 4067 humano,
3080 4004 3318 4059 breviter
3353 4003 3443 4057 hic

1859 4104 2149 4176 Apostolus
2179 4106 2235 4158 in
2266 4102 2531 4158 electione
2580 4098 2862 4170 replicat-it
2889 4097 3167 4169 pratsenti,
3197 4105 3259 4150 ut
3290 4095 3444 4150 audi-

1862 4197 1991 4259 stis;
2039 4196 2114 4250 ait
2148 4195 2336 4251 enim:
2380 4191 2674 4259 Unicuique
2715 4198 2947 4245 nostrum
2993 4187 3120 4241 data
3157 4195 3231 4240 est
3269 4185 3442 4257 gratia

1860 4288 2145 4342 secundum
2184 4299 2483 4338 mensuram
2528 4280 2825 4336 donationis
2850 4277 3075 4340 Christi;
3095 4276 3248 4344 juxta
3290 4290 3441 4329 men-

1862 4362 2046 4431 Surain
2084 4385 2318 4444 namque
2370 4373 2710 4431 credentium
2756 4371 2917 4425 datur
2959 4367 3131 4439 gratia
3160 4365 3438 4435 spiritalis,

1866 4475 2069 4521 tantum
2101 4464 2340 4519 muneris
2367 4461 2738 4524 misericordia
2770 4475 2865 4524 sua
2894 4458 3149 4529 largiens,
3178 4463 3439 4526 quantum

1863 4565 2040 4628 potest
2074 4556 2167 4611 ille
2192 4556 2277 4610 cui
2308 4555 2539 4617 donatur
2564 4552 2843 4622 accipere:
2876 4548 3095 4619 Propter
3114 4546 3253 4616 quod
3278 4547 3439 4599 dicit:

1862 4649 2156 4704 Ascendens
2191 4648 2247 4701 in
2278 4645 2443 4699 altum
2476 4644 2731 4715 captiuam
2759 4640 2908 4694 duxit
2938 4640 3284 4709 captivitatem
3308 4653 3326 4691 :
3348 4636 3441 4689 de~

1860 4744 1937 4797 dit
1964 4741 2104 4795 dona
2128 4737 2445 4792 hominibus.
2478 4734 2584 4789 Nos
2606 4734 2694 4803 qui
2726 4746 2868 4786 nunc
2892 4730 3168 4786 credimus
3195 4729 3247 4783 in
3278 4728 3438 4782 Chri-

1858 4841 2002 4884 stum
2034 4829 2103 4882 de
2130 4827 2380 4898 gentibus
2405 4820 2737 4894 congregati,
2767 4834 2891 4876 eum
2919 4832 3164 4873 essemus
3189 4824 3439 4871 creatura

1863 4921 1980 4984 Dei,
2013 4919 2228 4973 diabolo
2256 4916 2397 4985 capti
2440 4928 2626 4969 sumus
2650 4919 2705 4967 ct
2733 4911 2852 4981 ejus
2890 4908 3208 4964 satellitibus
3252 4905 3437 4961 distri-

1862 5012 1973 5066 buti
1998 5028 2010 5062 :
2040 5011 2188 5064 venit
2232 5008 2393 5079 igitur
2432 5004 2689 5060 Dominus
2740 5011 2924 5056 noster
2968 4998 3125 5053 Jesus
3166 4996 3436 5062 Christus,

1859 5103 2093 5155 divinam
2123 5098 2454 5167 maiestatem
2484 5092 2819 5149 abscondens
2845 5092 2896 5145 in
2922 5089 3139 5144 homine
3168 5100 3236 5141 ne
3259 5100 3290 5139 a
3317 5085 3436 5143 dil-

1861 5193 1984 5247 lmiu
2024 5196 2457 5263 cognosceretur,
2499 5197 2552 5241 et
2583 5184 2897 5255 praedicavit
2937 5181 3110 5243 nobis,
3138 5179 3226 5263 qui
3258 5193 3290 5232 a
3321 5178 3439 5233 dia-

1861 5282 1985 5335 lzolo
2012 5254 2265 5357 captivati
2290 5272 2513 5339 fuimus,
2545 5254 2936 5333 remissionem,
2967 5278 3021 5325 et
3045 5269 3134 5338 qui
3160 5254 3219 5320 in
3246 5266 3436 5321 mortis

1862 5356 2088 5423 vinculis
2129 5367 2475 5426 tenebamur,
2505 5363 2827 5417 solutionem
2854 5379 2867 5413 :
2904 5360 3177 5414 sustinens
3209 5371 3308 5425 pro
3339 5356 3435 5409 ho-

1862 5459 2096 5513 minibus
2132 5463 2361 5509 mortem
2412 5454 2479 5506 in
2512 5452 2873 5514 humanitate,
2918 5450 3009 5519 qui
3068 5450 3120 5502 in
3153 5447 3434 5501 divinitate

1861 5551 1996 5605 mori
2051 5564 2154 5603 non
2205 5556 2409 5615 potest;
2464 5554 2518 5598 et
2564 5552 2820 5597 :eternam
2862 5551 3087 5595 mortem
3124 5554 3221 5594 sua
3260 5546 3434 5591 morte

1858 5641 2073 5703 devicit,
2118 5649 2170 5692 et
2206 5642 2271 5691 de
2306 5647 2446 5691 terra
2496 5651 2785 5707 resurgens
2834 5635 2885 5687 in
2924 5632 3132 5687 excelsa
3172 5628 3435 5684 caelorum

1861 5735 2156 5795 hominem,
2184 5744 2344 5798 quem
2386 5728 2697 5794 assumpsit,
2720 5726 2931 5784 evexit;
2970 5733 3279 5777 sanctorum
3309 5717 3429 5770 ani-
