3946 6360
216 353 331 407 ⁴219

1316 347 1620 405 ΠΟΜΙΙΛᾸΞ
1661 347 1724 401 1N
1766 345 2012 400 EVANG.
2054 347 2139 401 ET
2182 349 2398 403 EPIST.

3394 349 3506 408 259

231 468 521 528 summabo
547 468 818 539 passionis
846 481 976 521 meo
1005 474 1057 519 et
1090 464 1524 528 resurrectionis,
1549 463 1692 532 quod
1726 464 1818 517 de-
1847 466 1891 521 Α
1922 474 2072 513 meus
2114 476 2190 523 es,
2224 463 2366 531 quod
2398 477 2593 517 nomen
2626 459 2961 517 manifestari
3014 476 3118 517 non
3170 471 3348 533 potest
3391 467 3506 521 sine

232 560 361 617 disti
392 560 527 613 mihi
561 568 623 613 ut
654 558 867 612 faciam.

308 652 375 706 Et
405 669 542 705 nunc
568 667 701 705 vero
722 649 955 717 clari/ica
981 664 1059 701 me
1085 657 1161 711 tu,
1188 644 1366 700 Pater.
1394 644 1631 701 Dicendo
1656 645 1820 709 enim,

236 754 287 797 te
311 741 603 810 clariﬁcavi
632 756 789 809 super
812 750 1026 802 terram,
1059 753 1118 792 se
1152 754 1182 791 a
1214 736 1376 791 Patre
1406 736 1544 805 apud
1573 737 1822 789 eumdem

236 832 460 886 Patrem
506 829 785 899 postulans
826 827 1262 891 clariiieandum,
1320 829 1532 881 modum
1583 825 1823 896 profecto

238 908 545 992 utriusque
574 920 979 976 clarificationis
1028 919 1296 974 ostendit:
1324 916 1438 989 ipse
1483 918 1680 987 quippe
1725 918 1824 971 Pa-

240 1024 383 1068 trem
428 1010 751 1067 clariﬁcavit
798 1024 962 1080 super
988 1019 1209 1073 terram,
1247 1024 1367 1063 eum
1403 1008 1651 1078 gentibus
1689 1025 1823 1077 prtu-

240 1102 513 1167 dicando;
553 1100 717 1155 Pater
756 1114 888 1153 vero
939 1100 1113 1168 ipsum
1166 1098 1305 1167 apud
1360 1098 1706 1165 semetipsum
1757 1098 1822 1152 ad

240 1208 399 1248 suam
425 1193 700 1247 dexteram
724 1188 1053 1245 collocando.
1082 1187 1385 1257 Suhjtmxit,
1409 1188 1647 1243 claritate
1668 1206 1823 1259 quam

242 1284 411 1336 habui
444 1282 583 1352 apud
612 1290 661 1334 te
681 1280 982 1350 priusquam
1013 1282 1238 1332 mundus
1262 1279 1428 1346 ﬁeret.
1458 1277 1601 1333 Ordo
1631 1278 1823 1333 verbo—

243 1392 368 1431 rum
408 1385 511 1439 est,
554 1388 714 1443 quam
755 1371 917 1427 habui
960 1371 1099 1441 apud
1142 1380 1195 1425 te
1232 1370 1547 1441 priusquam
1594 1372 1826 1426 mundus

240 1474 409 1521 esset.
446 1463 506 1518 In
546 1464 649 1518 hoc
684 1462 823 1517 valet
862 1460 1006 1530 quod
1042 1459 1139 1523 ait,
1178 1470 1227 1513 et
1270 1476 1407 1512 nune
1448 1459 1683 1528 clari/ica
1722 1476 1822 1523 me,

244 1556 350 1610 hoc
374 1562 481 1618 est,
513 1552 652 1607 sicut
682 1560 828 1615 tunc,
865 1552 938 1605 ita
973 1558 1027 1603 et
1064 1566 1238 1614 nunc;
1281 1550 1420 1603 sicut
1461 1559 1587 1603 tunc
1614 1551 1824 1617 praede-

244 1646 559 1709 stinatione,
592 1644 665 1697 ita
698 1659 841 1698 nunc
867 1641 1199 1713 perfectione
1226 1658 1237 1694 ι
1267 1640 1348 1696 l‘ac
1378 1642 1430 1695 in
1462 1640 1659 1693 mundo
1684 1641 1824 1710 quod

245 1740 388 1809 apud
435 1748 487 1793 te
526 1738 702 1791 fuerat
745 1746 869 1789 ante
906 1734 1187 1799 mundum,
1232 1736 1315 1789 fac
1356 1736 1411 1787 in
1450 1746 1548 1787 suo
1588 1742 1826 1801 tempore

1927 548 2068 602 illius
2106 549 2227 603 Filii
2269 550 2721 606 manifestatione.
2772 551 2907 605 Nam
2957 567 3087 605 vero
3136 551 3265 606 illud
3313 568 3511 608 nomen

1926 642 2066 711 quod
2099 642 2240 695 Deus
2276 651 2379 704 est,
2410 642 2539 696 nulli
2583 652 2787 697 natura:
2821 643 3129 698 rationabili
3178 643 3509 714 incognitum

1925 736 2251 790 omnimodis
2277 751 2395 790 esse
2428 736 2652 804 putavit.
2707 735 2829 790 Haec
2857 746 2935 791 est
2974 737 3116 791 enim
3155 752 3280 791 vere
3308 738 3391 791 vis
3426 734 3509 789 di-

1924 826 2192 887 vinitatis,
2238 834 2295 878 ut
2342 834 2607 880 creatura:
2654 827 2900 880 rationali
2949 840 3052 880 non
3097 827 3316 882 omnino
3360 828 3510 881 inco-

1926 916 2110 987 gnitus
2149 920 2319 987 possit
2361 919 2640 982 abscondi,
2686 919 2923 987 exceptis
2963 921 3168 987 pumicis,
3220 922 3273 975 in
3314 922 3510 990 quibus

1929 1016 2118 1061 natura
2162 1008 2443 1062 rationalis
2485 1009 2709 1062 nimium
2748 1010 3036 1077 depravata
3067 1020 3165 1063 est.
3216 1010 3510 1080 Propemo-

1927 1098 2053 1152 dum
2084 1113 2274 1153 omnes
2297 1106 2486 1168 gentes
2510 1100 2676 1152 Deum
2705 1111 2823 1152 esse
2850 1096 3104 1158 fatentur,
3130 1098 3253 1152 licet
3283 1100 3509 1153 diversis

1926 1190 2201 1243 erroribus
2276 1198 2458 1244 verum
2516 1190 2681 1243 Deum
2749 1204 3043 1257 agnoscere
3124 1191 3504 1259 impediantur.

1924 1280 2079 1347 Quod
2105 1296 2236 1334 vero
2264 1281 2317 1335 in
2346 1280 2576 1336 Psalmis
2604 1282 2798 1350 legitur
2831 1300 2844 1337 :
2880 1281 3050 1336 Notus
3086 1282 3137 1336 in
3159 1283 3351 1337 [τιάαά
3392 1293 3509 1338 tan-

1929 1364 2231 1436 tum'Deus,
2264 1372 2387 1440 quia
2430 1368 2673 1442 legitimo
2724 1370 2869 1425 cultu
2917 1375 3293 1428 tantummodo
3341 1375 3509 1429 Deum

1925 1476 2112 1515 verum
2171 1471 2535 1532 cognoverunt
2585 1469 2641 1515 et
2698 1461 2993 1515 coluerunt.
3095 1462 3165 1516 Et
3220 1480 3511 1517 sermonem

1926 1563 2071 1606 tuum
2106 1552 2454 1606 servaverunt.
2483 1551 2536 1605 Ν
2541 1568 2639 1604 unc
2668 1550 3015 1621 cognoverunt
3044 1553 3165 1623 quia
3202 1556 3373 1607 omnia
3394 1568 3514 1624 qua!

1927 1642 2113 1697 dedisti
2154 1642 2302 1706 mihi,
2346 1641 2438 1696 abs
2486 1652 2536 1695 te
2570 1652 2712 1695 sunt.
2755 1641 2809 1697 Id
2849 1650 2950 1706 est,
2983 1652 3351 1713 cognoverunt
3381 1643 3509 1712 quia

1929 1732 2027 1786 alis
2074 1740 2125 1786 te
2174 1740 2350 1785 sunt:
2388 1726 2545 1785 simul
2595 1732 2737 1785 enim
2764 1731 2925 1786 Pater
2976 1731 3123 1786 dedit
3172 1733 3350 1787 omnia
3386 1747 3507 1787 cum

244 1831 393 1903 quod
438 1839 565 1883 ante
610 1828 788 1883 omnia
834 1835 1073 1897 tempora
1122 1827 1379 1881 statuisti.
1426 1825 1690 1879 Convenit
1728 1839 1827 1878 nos
1858 1830 1900 1887 Β
1929 1824 2113 1892 genuit
2154 1837 2276 1876 eum
2323 1822 2414 1891 qui
2455 1822 2680 1876 haberet
2724 1823 2925 1887 omnia,
2972 1822 3113 1876 sicut
3160 1822 3211 1876 in
3240 1823 3510 1891 prioribus

245 1920 550 1990 intelligere
598 1919 652 1971 in
693 1917 795 1971 ltoc
839 1918 955 1972 loco
990 1916 1516 1985 praedestinationem
1565 1914 1827 1968 claritatis

246 2012 521 2073 humanae,
548 2022 669 2078 quae
695 2008 749 2061 in
776 2005 867 2061 illo
894 2015 994 2078 est,
1030 2013 1237 2059 natura:
1267 2020 1333 2059 ex
1364 1998 1578 2061 mortali
1611 2004 1829 2064 immor-

251 2100 419 2155 talem
469 2076 610 2169 πρυ-(1
634 2097 851 2152 Patrem
902 2076 1121 2161 ἔρξαι-ω,
1164 2105 1219 2149 et
1253 2095 1355 2149 hoc
1396 2093 1508 2162 jam
1546 2093 1828 2163 praedesti-

252 2194 432 2248 nando
480 2191 684 2248 factum
716 2190 1214 2258 fuisse'antequam
1260 2188 1489 2242 mundus
1513 2194 1657 2241 esset
1685 2184 1827 2254 quod

243 2281 307 2336 in
334 2282 537 2336 mundo
579 2281 741 2335 etiam
782 2294 880 2335 suo
918 2288 1158 2347 tempore
1202 2276 1557 2351 fieret.qSicut
1584 2276 1648 2329 de
1675 2275 1829 2330 nobis

247 2370 383 2425 dixit
410 2370 735 2439 Apostolus:
771 2368 917 2424 Sicut
944 2367 1091 2437 elegit
1122 2368 1175 2421 in
1210 2367 1323 2433 ipso
1356 2375 1477 2420 ante
1495 2365 1678 2418 mundi
1706 2382 1830 2419 con—

244 2461 591 2512 stitutonem.

319 2547 656 2617 Manifestavi
698 2562 878 2601 vomeri
918 2557 1065 2600 tuum
1110 2546 1442 2611 hominibus,
1477 2561 1603 2617 quos
1639 2544 1831 2599 dedisti

245 2641 379 2714 mihi
410 2640 475 2692 de
498 2639 714 2692 mundo.
768 2638 922 2707 Quod
950 2653 1082 2709 ergo
1116 2636 1184 2691 fat
1204 2647 1354 2692 turus
1384 2646 1504 2691 erat
1528 2650 1625 2705 per
1649 2635 1831 2690 docto-

250 2744 340 2784 res
372 2738 586 2785 sanctos
619 2730 671 2785 in
702 2738 812 2785 toto
839 2730 968 2784 orbe
996 2737 1116 2799 post
1142 2728 1368 2796 gloriam
1412 2726 1829 2781 resurrectionis

246 2829 306 2873 et
354 2821 686 2875 ascensionis
733 2836 864 2885 sum,
915 2828 969 2873 et
1015 2827 1137 2889 post
1184 2818 1419 2887 Spiritus
1474 2816 1647 2872 sancti
1691 2817 1827 2869 dona

244 2926 372 2979 qua:
416 2912 467 2964 in
512 2908 802 2979 discipulos
851 2909 1023 2963 delata
1076 2917 1235 2972 sunt,
1282 2908 1384 2962 hoc
1424 2906 1580 2976 quasi
1627 2904 1828 2959 factum

245 3014 373 3055 esse
404 3001 557 3055 dixit.
589 2999 716 3055 Tale
756 3008 840 3055 est
879 3000 983 3054 hoc
1027 2998 1183 3069 quale
1229 3007 1284 3052 et
1321 2998 1449 3053 illud
1487 2996 1629 3066 quod
1671 2994 1829 3065 paulo

247 3098 378 3145 ante
414 3090 555 3145 dixit
595 3109 608 3143 :
652 3090 765 3161 Ego
814 3099 864 3143 te
906 3088 1195 3157 clariﬁcavi
1237 3082 1393 3158 super
1435 3097 1647 3141 terram.
1686 3092 1689 3093 ⁷
1728 3086 1830 3139 Pro

1930 1910 2090 1979 hujus
2118 1909 2392 1979 Evangelii
2424 1910 2536 1977 ipse
2566 1910 2823 1964 Dominus
2857 1910 2933 1962 ait
2962 1929 2973 1962 :
3008 1909 3155 1965 Sicut
3188 1912 3321 1964 enim
3348 1908 3512 1965 Pater

1927 2000 2078 2053 habet
2124 2000 2277 2052 vitam
2328 2000 2381 2052 in
2433 2000 2741 2067 semetipso,
2789 1999 2864 2051 sic
2908 1999 3050 2051 dedit
3089 2009 3136 2053 et
3163 1997 3304 2053 Filio
3351 2001 3511 2053 vitam

1927 2092 2115 2145 habere
2138 2092 2193 2144 in
2211 2090 2505 2159 semetipso.
2545 2089 2601 2144 l.l
2633 2100 2732 2153 est,
2766 2091 2953 2162 genuit
2981 2089 3176 2145 Filium
3207 2091 3371 2145 vitam
3409 2092 3508 2145 lia-

1926 2179 2143 2234 bentem
2172 2181 2223 2233 in
2245 2180 2554 2250 semetipso.
2576 2178 2714 2244 Quia
2729 2182 2879 2235 verba
2900 2197 3015 2251 quae
3040 2181 3228 2235 dedisti
3241 2182 3370 2235 mihi
3390 2182 3512 2235 dedi

1926 2270 2020 2331 eis,
2066 2270 2115 2323 ei
2155 2270 2255 2339 ipsi
2298 2280 2624 2339 acceperunt.
2670 2269 2727 2324 Id
2776 2279 2875 2331 est,
2915 2270 3292 2327 intellexerunt
3348 2278 3513 2341 atque

1926 2366 2235 2413 tenuerunt.
2292 2358 2444 2412 Tunc
2494 2360 2639 2413 enim
2690 2360 2919 2415 verbum
2974 2361 3241 2431 accipitur
3293 2363 3509 2431 quando

1928 2458 2110 2503 mente
2160 2448 2477 2519 percipitur,
2528 2457 2583 2503 et
2625 2459 2838 2506 tenetur
2878 2466 2945 2505 ne
2986 2451 3252 2507 oblivione
3298 2462 3507 2522 pereat.

1930 2537 2003 2591 Et
2043 2548 2414 2608 cegnorerunt,
2460 2541 2655 2609 inquit,
2682 2557 2795 2595 vere
2827 2542 2948 2611 quia
2988 2559 3020 2595 a
3060 2550 3108 2595 te
3133 2543 3290 2605 exivi,
3320 2551 3367 2595 et
3394 2558 3509 2596 cre-

1930 2632 2178 2685 diderunt
2217 2634 2340 2701 quia
2387 2642 2443 2685 tu
2484 2650 2563 2686 me
2605 2634 2813 2686 misisti.
2867 2633 2932 2687 Et
2963 2635 3051 2689 hic
3081 2632 3506 2687 subaudiendum

1929 2732 2012 2777 est
2047 2738 2196 2787 vere;
2230 2724 2369 2791 quod
2412 2724 2556 2777 enim
2594 2724 2745 2788 dixit,
2778 2734 3123 2794 cognoverunt
3160 2741 3294 2789 vere,
3337 2739 3504 2793 espo-

1930 2827 2058 2866 nere
2102 2812 2270 2866 noluit
2314 2810 2651 2883 adiungendo
2699 2822 2745 2866 et
2785 2813 3133 2867 crediderunt.
3190 2812 3300 2869 Hoc
3329 2814 3509 2883 itaque

1928 2903 2275 2959 crediderunt
2297 2917 2422 2957 vere
2444 2902 2584 2972 quod
2607 2911 2973 2973 cognoverunt
2996 2916 3125 2958 vere
3141 2920 3161 2965 ςο
3185 2903 3235 2957 id
3261 2903 3404 2957 eniin
3427 2910 3509 2957 est

1930 3009 1961 3045 a
1986 3002 2034 3046 te
2053 2993 2205 3055 exivi,
2231 2994 2371 3062 quod
2407 3001 2508 3056 est,
2541 3002 2597 3045 tu
2632 3008 2716 3045 me
2740 2993 2946 3047 misisti.
2990 2992 3105 3047 Sed
3128 3001 3303 3047 tamen
3337 2993 3511 3047 adhuc

1930 3092 2039 3139 non
2060 3094 2216 3145 erant
2239 3086 2481 3154 discipuli
2506 3087 2638 3140 tales
2662 3086 2846 3154 quales
2866 3101 2958 3141 eos
2987 3086 3196 3142 futuros
3214 3102 3336 3142 esse
3356 3086 3510 3152 dicit,

246 3191 493 3252 tempore
536 3182 715 3237 futuro
758 3191 812 3237 et
857 3182 964 3237 illic
1008 3190 1063 3236 et
1113 3183 1198 3236 hic
1245 3182 1578 3251 praeteritum
1620 3196 1825 3250 ponens
1853 3173 1897 3234 C
1927 3177 2109 3231 verbis
2163 3178 2417 3247 praeteriti
2476 3172 2734 3248 temporis
2786 3190 2916 3233 usus
2964 3180 3118 3249 quasi
3175 3174 3284 3249 jam
3342 3169 3507 3244 essél.

246 3281 481 3342 tempus,
514 3272 652 3327 sicut
688 3272 779 3340 qui
821 3272 986 3327 sciret
1022 3272 1461 3339 przedcstinatum
1503 3286 1623 3325 esse
1671 3278 1727 3323 ut
1774 3272 1825 3324 id

246 3360 425 3426 ﬁeret,
457 3370 510 3415 et
550 3362 666 3414 ideo
706 3359 897 3415 fecisse
926 3376 984 3414 se
1012 3361 1197 3415 dicens
1226 3361 1366 3429 quod
1397 3368 1516 3413 erat
1560 3360 1675 3414 sine
1716 3360 1823 3415 ulla

241 3448 862 3507 dubitatione'facturus.
892 3448 1145 3520 Sequitur
1170 3467 1181 3501 :

238 3538 239 3541 “
321 3538 419 3593 Tui
453 3548 601 3595 erant
640 3550 686 3594 et
727 3539 850 3593 mihi
894 3556 979 3594 eos
1018 3540 1241 3605 dedisti;
1279 3548 1325 3592 et
1361 3554 1646 3593 sermonem
1679 3552 1824 3593 tuum

242 3642 596 3685 servaverunt.
646 3630 801 3684 Num:
837 3640 1182 3700 cognoverunt
1213 3629 1334 3698 quia
1371 3631 1545 3683 o-nnia
1576 3645 1691 3700 qua:
1730 3629 1822 3682 de-

242 3721 377 3774 disti
406 3722 553 3783 mihi,
578 3722 669 3775 abs
696 3728 744 3775 te
780 3728 900 3775 sunt
931 3737 948 3775 :
978 3722 1101 3791 quia
1129 3722 1277 3774 verba
1304 3738 1422 3793 qua:
1445 3721 1634 3775 dedisti
1672 3721 1821 3784 mihi,

242 3810 369 3862 dedi
402 3811 507 3873 eis;
538 3820 585 3863 et
627 3810 724 3879 ipsi
762 3820 1069 3879 acceperunt
1102 3820 1147 3864 et
1182 3820 1530 3881 cognoverunt
1565 3828 1676 3864 vere
1700 3811 1823 3879 quia

242 3915 277 3950 η
314 3910 361 3952 te
388 3900 537 3961 exivi,
575 3908 621 3952 et
655 3899 983 3953 crediderunt
1018 3900 1141 3969 quia
1174 3909 1231 3952 tu
1264 3916 1344 3953 me
1384 3901 1590 3953 misisti.
1637 3900 1820 3965 Quan-

241 4005 408 4059 quam
447 3998 501 4043 et
544 3989 659 4045 haec
702 3991 880 4044 omnia
926 3990 992 4045 de
1038 3992 1289 4046 omnibus
1334 3990 1529 4045 futuris
1574 3990 1822 4045 ﬁdelibus

244 4082 349 4134 dici
380 4089 671 4151 potuerunt
690 4095 781 4149 spe
807 4080 1039 4151 perfecta
1067 4098 1187 4137 cum
1217 4083 1389 4136 adhuc
1414 4089 1593 4137 essent
1614 4082 1817 4145 futura,

246 4183 428 4226 tamen
458 4181 512 4225 et
554 4172 666 4226 haec
700 4172 1002 4241 specialiter
1029 4174 1094 4227 dc
1125 4173 1400 4241 discipulis
1438 4167 1541 4227 dici
1578 4184 1814 4242 possunt,

244 4263 314 4318 ad
350 4277 487 4331 quos
528 4270 655 4317 tunc
694 4261 1105 4331 prmsentialiter
1152 4262 1489 4332 loquebatur.
1528 4262 1661 4330 Quia
1692 4262 1821 4319 illud

243 4351 391 4421 quod
416 4352 689 4419 sequ-itur:

1928 3265 2281 3333 pronuntians
2326 3266 2511 3335 quales
2554 3266 2718 3319 futuri
2767 3278 2978 3332 essent,
3030 3278 3251 3338 accepto
3299 3270 3507 3325 scilicet

1930 3349 2141 3420 Spiritu
2161 3361 2368 3416 saneto,
2388 3355 2476 3421 qui
2502 3369 2610 3416 eos,
2636 3354 2774 3409 sicut
2803 3357 3129 3425 promissum
3155 3365 3258 3422 est,
3286 3356 3507 3412 doceret

1926 3448 2103 3500 omnia
2139 3456 2193 3500 et
2222 3448 2499 3502 induceret
2527 3464 2620 3502 eos
2662 3449 2713 3502 in
2744 3464 2955 3505 omnem
2988 3451 3286 3504 veritatem.
3338 3451 3507 3506 Dedit.

1924 3539 2003 3593 eis
2046 3540 2251 3604 verba,
2310 3540 2448 3594 sicut
2500 3541 2673 3604 dixit,
2726 3556 2846 3611 qum
2899 3542 3044 3596 dedit
3098 3544 3145 3596 ei
3178 3544 3355 3607 Pater,
3412 3544 3505 3599 sed

1926 3631 2140 3697 quando
2171 3629 2257 3683 illa
2299 3642 2405 3683 non
2436 3629 2569 3685 foris
2608 3632 2659 3684 in
2689 3631 2907 3685 auribus
2948 3634 3038 3686 sed
3072 3632 3213 3686 intus
3250 3634 3303 3688 in
3331 3634 3512 3687 cordi-

1924 3719 2024 3773 bus
2061 3720 2375 3788 spiritaliter
2415 3729 2761 3790 acceperunt.
2799 3721 2950 3775 Tunc
2988 3738 3113 3775 vere
3155 3731 3501 3791 acceperunt,

1924 3808 2050 3877 quia
2088 3819 2369 3864 tuncvere
2411 3820 2806 3879 cognoverunt;
2852 3827 2977 3865 vere
3018 3810 3196 3865 autem
3239 3828 3505 3882 cognove-

1924 3907 2070 3963 runt,
2104 3900 2229 3968 quia
2270 3892 2803 3955 vere‘credidernnt.
2856 3902 2961 3957 Sed
3010 3904 3124 3957 lucc
3172 3905 3334 3958 verba
3386 3920 3506 3975 qua:

1921 3991 2053 4045 dicit
2094 3990 2262 4045 Filius
2307 3992 2406 4044 sibi
2461 3992 2673 4044 Patrem
2712 3992 2941 4057 dedisse,
2992 3993 3037 4047 si
3066 3995 3155 4048 ’ad
3201 3995 3507 4052 Divinitatis

1924 4083 2182 4135 unitatem
2214 4081 2523 4151 intelligitur
2552 4083 2845 4157 pertinere.
2871 4100 2936 4137 co
2968 4086 3125 4137 modo
3156 4085 3303 4139 dedit
3336 4088 3499 4141 verba

1920 4171 2083 4225 Pater
2108 4171 2263 4234 Filio,
2302 4186 2406 4239 quo
2435 4172 2618 4240 genuit
2651 4171 2879 4225 Verbum
2924 4183 3244 4226 coaeternutn
3289 4174 3423 4239 sibi;
3457 4175 3502 4229 si

1924 4278 2057 4316 vero
2104 4263 2170 4316 ad
2214 4262 2602 4315 humanitatem
2644 4262 2883 4330 respicit,
2921 4265 3043 4332 quis
3083 4265 3329 4341 intelligit
3370 4281 3504 4335 qur-

1926 4354 2086 4407 modo
2113 4353 2369 4417 dedisset,
2404 4351 2485 4407 vel
2510 4354 2799 4420 quomodo
2848 4355 3145 4422 accepisset
3172 4352 3312 4409 Deus
3341 4357 3501 4412 homo

270 4472 273 4475 λ
317 4440 449 4494 Cum
498 4457 660 4494 essent
708 4457 824 4494 cum
863 4442 961 4505 eis,
998 4457 1090 4511 ego
1122 4442 1387 4495 seruabam
1419 4458 1505 4495 eos
1527 4442 1587 4494 in
1615 4441 1821 4494 nomine
1850 4496 1863 4516 Δ
1924 4441 2097 4496 factus
2142 4456 2207 4495 ex
2257 4440 2492 4510 Virgine,
2546 4444 2757 4510 quando
2811 4443 2974 4497 etiam
3031 4445 3219 4513 ipsum,
3273 4462 3390 4516 qua:
3435 4446 3502 4502 de

245 4542 357 4583 tuo.
408 4528 550 4594 Quos
580 4529 769 4583 dedisti
808 4531 956 4594 mihi,
1001 4530 1293 4593 custodivi;
1346 4539 1393 4583 et
1438 4545 1587 4583 nemo
1633 4544 1697 4581 ex
1740 4529 1819 4582 Itis
1846 4514 1898 4571 Ι)
1929 4532 2144 4603 Virgine
2202 4530 2345 4585 facta
2391 4538 2508 4593 est,
2569 4533 2971 4601 generationem
3019 4536 3140 4603 quis
3188 4514 3505 4592 enarrabit?

243 4619 397 4687 periit
440 4620 547 4672 nisi
574 4618 717 4687 ﬁlius
763 4620 1086 4686 perditionis.
1135 4618 1326 4675 ludam
1364 4620 1695 4690 signiﬁcans,
1730 4621 1820 4688 qui

245 4708 468 4762 tradidit
494 4723 637 4771 eum,
668 4708 758 4776 qui
789 4724 928 4762 unus
954 4708 1054 4762 fuit
1080 4711 1145 4764 de
1173 4709 1472 4771 duodecim,
1502 4708 1674 4776 magis
1696 4709 1827 4763 huic

244 4799 425 4854 sensui
462 4800 729 4862 convenit,
762 4806 818 4852 ut
853 4800 1107 4867 apostolis
1150 4800 1452 4869 specialiter
1483 4801 1595 4854 lucc
1634 4798 1824 4868 loque-

247 4899 415 4948 retur.
447 4889 645 4943 Deinde
672 4889 970 4960 subjungit:

318 4981 476 5034 Nunc
503 4990 672 5033 autem
700 4980 766 5034 ad
793 4991 841 5033 te
864 4982 1026 5035 uenio.
1053 4980 1185 5034 Cum
1216 4980 1557 5036 manifestum
1586 4991 1669 5036 est
1695 4994 1818 5034 eum

241 5068 307 5121 de
335 5068 605 5137 corporali
640 5084 735 5123 sua
762 5068 959 5124 dixisse
989 5071 1293 5138 praesentia,
1339 5082 1455 5124 cum
1498 5086 1659 5124 essem
1701 5086 1816 5123 cum

240 5163 316 5216 eis
337 5176 431 5231 ego
454 5160 728 5213 servabam
750 5176 855 5223 eos,
879 5159 1042 5214 veluti
1061 5160 1171 5229 iam
1198 5175 1321 5214 cum
1344 5161 1424 5215 eis
1447 5176 1510 5216 ea
1538 5161 1819 5230 praesentia

242 5266 351 5308 non
378 5258 544 5313 esset,
572 5264 637 5304 eo
662 5250 821 5304 modo
847 5251 989 5325 gnim
1022 5250 1329 5319 signiﬁcare
1355 5249 1525 5303 voluit
1548 5250 1819 5304 ascensio-

243 5356 369 5397 nem
398 5354 541 5394 mox.
570 5336 828 5402 futuram,
860 5339 923 5393 de
952 5354 1054 5408 qua
1079 5339 1206 5393 dicit
1230 5354 1245 5392 :
1274 5337 1433 5393 Nunc
1463 5348 1638 5392 autem
1670 5340 1737 5392 ad
1769 5348 1815 5391 te

243 5431 413 5486 ratio.
454 5428 639 5483 lturus
666 5430 851 5496 utique
885 5430 957 5485 ad
982 5430 1259 5484 dexteram
1289 5429 1488 5489 Patris,
1523 5429 1662 5483 unde
1690 5443 1817 5482 ven-

249 5530 397 5575 turus
428 5528 515 5575 est
550 5520 620 5574 ad
653 5520 807 5573 vivos
841 5528 894 5574 et
930 5529 1169 5574 mortuos
1204 5519 1540 5586 iudicandos.
1590 5518 1820 5587 Manife-

242 5610 375 5666 staoi
405 5624 597 5663 nomen
631 5618 778 5658 tuum
802 5607 1115 5673 hominibus,
1143 5625 1271 5679 quos
1299 5608 1489 5663 dedisti
1518 5610 1667 5662 mihi.
1703 5607 1818 5662 Non

248 5702 368 5755 illud
405 5713 605 5753 nomen
632 5711 742 5767 quo
770 5695 903 5751 Deus
926 5713 1004 5763 es,
1035 5700 1125 5753 sed
1160 5700 1281 5755 illud
1312 5714 1501 5754 nomen
1530 5714 1637 5768 quo
1660 5698 1823 5754 Pater

1926 4620 2217 4689 Sequitur:

1996 4712 2107 4782 Ego
2152 4729 2244 4781 pro
2288 4713 2365 4766 eis
2405 4728 2561 4782 rogo,
2609 4729 2712 4766 non
2750 4729 2846 4783 pro
2883 4714 3098 4779 mundo,
3147 4717 3237 4769 sed
3281 4734 3375 4786 pro
3418 4722 3498 4773 his

1923 4818 2050 4871 quos
2077 4800 2267 4854 dedisti
2294 4801 2440 4854 mihi.
2493 4802 2621 4858 ΙΙωο
2670 4804 2819 4857 enim
2861 4806 2997 4859 dixit
3044 4806 3185 4861 inter
3211 4808 3335 4871 alia,
3371 4808 3499 4863 dum

1924 4900 2122 4947 oraret
2150 4906 2249 4961 pro
2297 4892 2377 4946 eis
2423 4898 2561 4962 q'uos
2602 4894 2749 4948 dedit
2784 4894 2831 4948 ei
2860 4894 3041 4948 Pater.
3096 4895 3347 4951 Mundum
3386 4896 3498 4953 vult

1926 4981 2084 5036 modo
2124 4981 2367 5051 intelligi,
2407 4982 2495 5051 qui
2540 4983 2729 5036 vivunt
2770 4985 3061 5038 secundum
3111 4987 3499 5056 concupiscen-

1926 5072 2054 5124 tiam
2082 5071 2284 5133 mundi,
2311 5078 2364 5125 et
2396 5087 2499 5125 non
2529 5081 2652 5125 sunt
2679 5072 2731 5125 in
2756 5087 2816 5126 ea
2851 5073 2985 5127 forte
3010 5077 3201 5143 gratia,
3231 5086 3290 5129 ut
3317 5077 3383 5131 ab
3410 5076 3501 5132 illo

1925 5163 2191 5231 eligantur
2226 5178 2291 5216 ex
2324 5164 2539 5217 mundo.
2603 5163 2718 5218 Non
2772 5168 2951 5235 itaque
2996 5184 3093 5236 pro
3134 5170 3349 5231 mundo,
3404 5171 3499 5227 sed

1924 5268 2023 5320 pro
2060 5254 2144 5308 eis
2186 5268 2319 5322 quos
2342 5254 2503 5307 Pater
2553 5256 2697 5310 dedit
2744 5272 2931 5328 rogare
2981 5274 3037 5313 se
3068 5260 3215 5313 dicit.
3266 5258 3369 5315 Per
3394 5260 3499 5316 hoc

1920 5342 2065 5397 enim
2091 5343 2231 5412 quod
2278 5357 2371 5397 eos
2418 5343 2491 5397 illi
2519 5343 2681 5399 Pater
2722 5345 2835 5413 jam
2886 5348 3053 5413 dedit,
3093 5348 3288 5403 factum
3321 5359 3405 5405 est
3436 5360 3499 5407 ut

1920 5446 2026 5485 non
2054 5432 2353 5499 pertineant
2384 5433 2450 5485 ad
2477 5448 2598 5488 eum
2639 5451 2765 5489 mun
2788 5437 2891 5488 lum
2923 5453 3022 5506 pro
3048 5454 3154 5507 quo
3184 5455 3287 5493 non
3316 5448 3499 5508 rogat-

1924 5525 2125 5579 Deinde
2170 5523 2462 5594 subiungit,
2488 5528 2610 5595 quia
2636 5529 2711 5579 tui
2756 5537 2895 5580 sunt.
2949 5528 3131 5597 Neque
3180 5530 3324 5590 enim
3366 5531 3497 5600 quia

1923 5616 2084 5669 Pater
2110 5630 2203 5669 eos
2238 5615 2376 5671 Filio
2406 5616 2564 5678 dedit,
2603 5618 2783 5671 amisit
2829 5620 2942 5688 ipse
2981 5636 3116 5689 quos
3162 5622 3327 5685 dedit,
3370 5636 3497 5677 cum

1925 5704 2099 5756 adhuc
2124 5702 2286 5757 Filius
2343 5714 2599 5772 sequatur
2644 5721 2707 5759 ac
2753 5707 2895 5761 dicat
2922 5724 2935 5762 :
2960 5708 3027 5761 Et
3061 5726 3173 5763 mea
3200 5710 3375 5763 omnia
3403 5716 3501 5764 tua
