3946 6324
501 356 604 420 ῧι

502 484 647 538 sunt,
682 481 730 527 et
767 486 861 527 tua
902 483 1049 541 mea;
1094 465 1187 533 ubi
1230 463 1368 537 satis
1402 468 1628 531 apparet
1654 458 1926 529 quomodo
1958 455 2103 510 unici

504 564 627 620 Filii
670 568 799 616 sunt
830 558 1013 613 omnia
1044 572 1164 627 qua:
1206 564 1334 609 sunt
1382 553 1594 614 Patris;
1632 566 1732 621 per
1763 550 1865 604 hoc
1910 549 2098 618 utique

503 659 648 725 quod
674 654 838 708 etiam
869 651 983 719 ipse
1006 650 1147 703 Deus
1172 656 1276 711 est,
1304 656 1360 700 et
1388 645 1455 701 de
1476 644 1634 697 Patre
1657 642 1803 696 Patri
1830 648 1914 694 est
1941 647 2101 694 natus

504 743 746 816 mqualis.
795 741 910 797 [loc
937 742 1083 795 enim
1112 740 1313 795 dictum
1345 747 1429 793 est
1453 738 1519 791 dc
1551 745 1733 791 sancta
1773 743 1827 788 et
1856 732 2099 787 ratione-

507 838 599 893 bili
640 844 914 899 creatura,
946 849 1107 903 quam
1138 833 1299 903 elegit
1329 832 1470 885 Deus
1512 839 1568 884 et
1604 843 1723 896 quae
1763 826 1977 880 subdita
2018 834 2101 879 est

507 929 655 986 Patri
684 938 737 985 et
764 928 922 990 Filio,
951 935 1007 982 et
1028 925 1315 996 mqualiter
1344 933 1468 978 sunt
1498 921 1671 975 Patris
1700 927 1757 987 et
1784 918 1937 972 Filii-
1976 916 2103 971 llrec

506 1014 638 1092 ergo
676 1006 799 1090 cum
831 1018 903 1075 sit
939 1017 1034 1072 Dei
1068 1016 1267 1079 Patris,
1313 1030 1421 1068 non
1475 1009 1633 1067 simul
1689 1018 1834 1063 esset
1868 1016 1921 1061 et
1952 1006 2097 1071 Filii,

508 1115 608 1169 nisi
638 1112 789 1168 Patri
820 1110 988 1166 Filius
1014 1117 1159 1165 esset
1185 1106 1427 1177 aequalis.
1485 1103 1593 1159 Nec
1623 1102 1705 1156 fas
1734 1110 1817 1181 est
1846 1110 1905 1155 ut
1931 1100 2104 1156 sancti

508 1205 573 1261 de
600 1204 798 1274 quibus
834 1202 951 1257 hmo
975 1201 1186 1255 locutus
1216 1207 1297 1252 est
1323 1194 1645 1264 cujusquam
1689 1192 1817 1269 Sili,
1853 1188 1957 1243 nisi
1987 1188 2105 1257 ejus

510 1313 537 1350 a
569 1312 676 1366 quo
701 1294 873 1351 creati
900 1301 956 1349 et
980 1288 1305 1347 sanctiﬁcati
1333 1296 1479 1347 Sunt.
1524 1286 1666 1357 Ergo
1695 1298 1817 1338 cum
1846 1290 1901 1335 et
1928 1279 2106 1333 Patris

509 1396 565 1440 ct
607 1385 728 1440 Filii
774 1391 931 1447 sunt,
982 1380 1221 1450 aequales
1262 1384 1384 1433 esse
1431 1378 1825 1435 demonstrant,
1871 1383 2105 1440 quorum

508 1476 791 1548 aequaliter
824 1481 972 1529 sunt.
1022 1471 1088 1525 Et
1122 1468 1443 1538 clariﬁcatus
1500 1480 1638 1528 sum,
1685 1461 1880 1532 inquit,
1921 1462 1975 1513 in
2009 1459 2105 1514 eis.

512 1565 665 1626 Nunc
691 1581 847 1620 suam
875 1561 1344 1623 clariﬁcationem,
1374 1567 1634 1626 tanquam
1666 1554 1805 1611 facta
1833 1553 1924 1617 sit,
1956 1551 2106 1617 dicit,

513 1674 635 1715 cum
679 1660 855 1715 adhuc
896 1666 1042 1713 esset
1076 1654 1275 1709 futura.
1308 1651 1375 1708 Et
1411 1649 1737 1718 clariﬁcatus
1764 1661 1879 1699 sum
1928 1645 1980 1697 in
2010 1643 2106 1697 eis.

513 1751 567 1805 Id
598 1761 701 1815 est,
729 1765 826 1820 per
852 1762 1041 1805 eorum
1069 1744 1507 1815 praedicationem
1540 1738 1872 1795 clariﬁcatus
1902 1750 2021 1791 sum
2052 1736 2107 1789 in

491 1834 627 1896 toto
672 1840 890 1895 mundo.
943 1839 1009 1893 Et
1056 1838 1183 1907 quia
1230 1833 1675 1905 przedcstinatum
1713 1836 1889 1885 estut
1932 1827 2107 1890 ﬁeret,

516 1946 725 1991 certum
753 1932 925 1988 voluit
955 1946 1079 1988 esse
1107 1931 1247 2000 quod
1270 1929 1510 1983 futurum
1534 1933 1652 1982 erat
1682 1941 1695 1978 :
1731 1923 1853 1977 ideo
1879 1931 2109 1992 praeter-

518 2023 574 2078 iti
622 2022 883 2092 temporis
924 2020 1092 2075 verbo
1143 2033 1276 2073 usus
1321 2024 1425 2071 est.
1472 2014 1539 2078 Et
1576 2014 1717 2083 jam,
1762 2010 1959 2080 inquit,
2008 2024 2113 2061 non

517 2132 632 2170 sum
662 2116 717 2168 in
744 2112 1034 2177 mundo,et
1070 2110 1125 2163 hi
1162 2109 1219 2162 in
1256 2105 1453 2163 mundo
1498 2112 1641 2159 sunt.
1696 2099 1981 2169 Signiﬁcat
2010 2098 2111 2151 lio—-

525 2222 641 2262 ram
688 2220 793 2275 qua
840 2203 1172 2261 transiturus
1204 2206 1322 2254 erat
1362 2212 1429 2253 ex
1470 2197 1572 2251 hoc
1602 2192 1833 2256 mundo;
1868 2199 1921 2246 et
1946 2189 2114 2244 verbo

519 2295 806 2370 prtesentis
829 2289 1088 2361 temporis
1105 2304 1237 2345 usus
1256 2295 1340 2343 est
1358 2300 1459 2356 pro
1481 2284 1686 2347 futuro,
1700 2282 1824 2352 quia
1841 2279 1985 2350 quod
2000 2278 2114 2333 cito

521 2369 642 2444 erat
681 2384 921 2438 futurum
959 2380 1115 2451 quasi
1150 2379 1350 2433 factum
1387 2390 1507 2434 esse
1549 2373 1706 2429 dixit.
1750 2369 1902 2439 Quod
1932 2378 2113 2424 autem

522 2478 620 2541 ait,
648 2488 694 2530 et
732 2477 785 2529 lii
823 2483 943 2529 sunt
984 2474 1039 2526 in
1075 2470 1294 2534 mundo,
1334 2466 1606 2541 signiﬁcat
1631 2479 1728 2521 eos
1756 2463 1826 2519 ad
1858 2476 1995 2531 quos
2032 2460 2115 2513 lo-

523 2568 813 2641 quebatur,
858 2561 1063 2617 tardius
1096 2559 1331 2615 transire
1358 2574 1425 2613 ex
1468 2557 1570 2611 hoc
1595 2553 1820 2618 mundo,
1850 2550 1979 2609 dum
2026 2548 2118 2610 illo

524 2660 759 2714 abeunte
795 2670 860 2709 ex
891 2655 996 2708 hoc
1037 2651 1259 2716 mundo,
1292 2662 1516 2705 necesse
1554 2653 1699 2701 esset
1728 2652 1789 2700 ut
1832 2643 1907 2698 illi
1944 2657 2120 2697 rema-

525 2754 739 2811 nerent,
769 2757 868 2815 per
892 2757 1028 2814 quos
1056 2741 1446 2811 pradicaretur
1483 2752 1681 2792 nomen
1716 2733 1833 2805 eius
1868 2740 2119 2789 sanctum

530 2842 584 2897 in
609 2829 831 2897 mundo.
856 2836 1274 2903 Praevidensquc
1294 2831 1424 2902 quid
1449 2845 1543 2884 eos
1564 2842 1781 2884 movere
1807 2833 1991 2897 posset
2026 2824 2121 2894 qui

529 2944 636 2985 non
662 2927 912 2985 audirent
942 2926 1059 2981 haec
1084 2938 1205 2992 qua)
1226 2922 1489 2991 legerent,
1504 2918 1734 2988 adiecit:
1768 2912 1924 2969 Nunc
1944 2923 2123 2970 autem

528 3022 598 3076 ad
626 3028 677 3075 te
703 3018 870 3073 venio.
899 3012 1249 3071 Ascensioais
1277 3011 1504 3083 gloriam
1531 3007 1802 3079 designat,
1830 3020 1927 3075 per
1954 3017 2120 3074 quam

529 3112 773 3179 elevatus
811 3117 895 3165 est
946 3109 1107 3163 homo
1155 3120 1317 3173 super
1366 3100 1708 3165 altitudinem
1754 3097 2019 3153 caelorum
2066 3103 2123 3149 et

530 3202 774 3259 omnium
818 3197 1184 3269 angelicarum
1236 3200 1563 3263 potestatum
1611 3189 1921 3260 dignitates,
1953 3186 2027 3240 ita
2066 3192 2127 3238 ut

533 3293 589 3353 in
620 3294 843 3349 dextera
868 3290 967 3346 Dci
991 3290 1170 3344 Patris
1215 3287 1595 3349 collocaretur,
1628 3282 1719 3337 ubi
1770 3288 1955 3335 manet
2000 3294 2124 3334 cum

534 3384 653 3454 ipso
700 3392 757 3439 et
787 3378 1169 3452 regnat‘simul
1215 3392 1339 3433 cum
1370 3384 1558 3431 saneto
1582 3372 1789 3445 Spiritu
1815 3387 1956 3427 unus
1987 3371 2128 3425 Deus

536 3490 633 3548 per
655 3472 838 3529 omnia
860 3470 1061 3526 amcitia
1091 3468 1438 3524 saeculorum.
1467 3466 1662 3520 Amen.

1083 3577 1365 3636 HOMILIA
1402 3575 1587 3630 XLVI.

934 3668 989 3707 IN
1028 3666 1115 3706 υιε
1154 3662 1489 3705 Αδοεμδιοκιε
1527 3659 1733 3701 DOIINI.

901 3741 1089 3795 Lectio
1114 3742 1344 3793 Actuum
1382 3733 1772 3804 apostolorum.

616 3837 851 3891 Primum
872 3833 1081 3904 quidem
1108 3844 1396 3885 sermonem
1419 3827 1517 3896 feci
1541 3825 1606 3879 de
1629 3822 1892 3886 omnibus,
1914 3838 1942 3876 ο
1969 3819 2133 3874 Theo-

539 3931 697 4004 phila,
722 3944 839 4002 qua:
868 3928 1017 3998 coepit
1038 3924 1197 3978 Iesus
1224 3922 1397 3991 facere
1423 3930 1471 3974 et
1497 3920 1682 3973 docere
1714 3933 1879 3987 usque
1907 3916 1963 3968 in
1995 3914 2132 3967 diem

540 4038 645 4095 qua
682 4018 992 4090 prtvcipiens
1031 4012 1280 4085 apostolis
1317 4027 1410 4081 per
1432 4008 1685 4081 Spiritum
1719 4019 1982 4072 sanctum,
2004 4022 2133 4076 quos

540 4112 714 4183 elegit,
743 4117 1043 4177 assumptus
1076 4116 1173 4169 est,
1199 4112 1304 4158 etc.

615 4202 789 4257 Lucas
816 4197 1167 4269 evangelista,
1204 4195 1403 4248 fratres
1432 4190 1559 4256 mei,
1583 4206 1673 4259 qui
1709 4205 1877 4244 unum
1907 4202 1975 4243 ex
2002 4201 2136 4256 qua-

547 4303 668 4349 tuor
691 4288 999 4361 Evangeliis
1048 4285 1291 4356 scripsit,
1338 4284 1452 4351 ipse
1497 4282 1693 4336 librum
1734 4280 1965 4333 Acutum
2004 4293 2137 4347 apo-

546 4383 829 4444 stolorum,
860 4379 1003 4435 unde
1042 4389 1187 4431 nunc
1224 4387 1463 4445 pncsens
1497 4371 1659 4427 lectio
1694 4370 1897 4433 sonuit,
1936 4367 2132 4424 edidit:

548 4474 639 4529 ubi
680 4480 735 4527 et
774 4468 1028 4540 primitus
1072 4467 1137 4522 de
1175 4465 1367 4520 ultimo
1416 4462 1667 4518 convivio
1706 4462 1849 4532 quod
1876 4460 2137 4516 Dominus

551 4571 673 4636 post
727 4558 1181 4617 resurrectionem
1237 4570 1391 4611 suam
1435 4569 1557 4609 cum
1584 4552 1861 4623 discipulis
1890 4552 2004 4607 suis
2034 4552 2134 4605 ha-

553 4657 687 4717 buit,
731 4652 889 4709 simul
928 4660 984 4707 et
1012 4651 1079 4705 de
1120 4648 1439 4705 ascensione
1475 4646 1591 4713 ejus
1624 4646 1691 4700 ad
1730 4645 1925 4717 coelum
1970 4658 2134 4713 quam

555 4746 713 4802 hodie
739 4743 1096 4805 celebramus,
1124 4740 1452 4796 mentionem
1488 4735 1638 4792 facit.
1670 4735 1961 4790 Exordium
1988 4734 2135 4790 enim

555 4835 723 4909 ipsius
748 4834 867 4889 libri
898 4832 972 4887 ita
997 4841 1099 4887 est.
1130 4827 1371 4883 Primum
1390 4827 1599 4898 quidem
1620 4817 1907 4881 sci-itionem
1933 4824 2053 4893 feci,
2084 4822 2135 4878 id

552 4933 659 4991 est,
690 4922 1057 4994 Evangelium,
1087 4921 1152 4974 de
1182 4936 1303 4973 omn
1327 4920 1441 4983 bus,
1483 4933 1511 4971 ο
1542 4910 1818 4985 Theophile
1862 4916 2135 4985 episeope,

560 5018 651 5090 qui
684 5018 823 5071 hunc
857 5030 941 5068 uie
977 5012 1171 5067 librum
1207 5010 1438 5064 Actuum
1488 5006 1851 5075 apostolorum
1902 5006 2142 5060 scribere

559 5105 728 5177 cogis,
779 5119 899 5174 quae
946 5103 1111 5172 erepit
1153 5100 1332 5163 Jcsus,
1376 5097 1551 5166 primo
1602 5097 1753 5167 signa
1795 5096 2143 5150 monstrando

560 5202 642 5256 vel
669 5215 731 5254 ea
760 5212 880 5267 quae
914 5194 979 5249 ad
1012 5194 1255 5263 exetnpia
1302 5193 1423 5247 vine
1462 5190 1839 5261 pertinebant,
1886 5189 2063 5243 facere
2089 5196 2146 5242 et

560 5300 745 5363 postea
789 5290 983 5357 docere
1020 5305 1032 5339 :
1062 5286 1186 5355 quia
1212 5283 1390 5347 Jesus,
1422 5283 1619 5335 bonum
1663 5281 1936 5335 doctorem
1987 5279 2143 5333 insti-

565 5390 742 5447 tuens,
784 5377 928 5438 nulla
977 5376 1079 5431 nisi
1127 5390 1247 5445 qua:
1291 5373 1477 5428 docuit
1524 5370 1670 5435 fecit,
1721 5388 1883 5441 usque
1918 5372 1972 5425 in
2006 5371 2144 5424 diem

564 5487 669 5542 qua
698 5470 1007 5539 prwcipiens
1037 5466 1285 5536 apostolis
1327 5480 1417 5534 per
1441 5462 1701 5533 Spiritum
1726 5472 1985 5525 sanctum,
2016 5478 2145 5531 quos

566 5562 737 5632 elegit,
765 5568 1064 5630 assumptus
1092 5567 1187 5620 est,
1210 5556 1345 5610 dans
1370 5562 1637 5623 praecepta
1663 5562 1789 5607 ante
1818 5552 2146 5623 assumptio—

568 5669 694 5710 nem
724 5655 1015 5709 observare
1056 5658 1112 5706 et
1147 5647 1443 5718 adimplere
1481 5659 1601 5716 qua:
1638 5645 1722 5701 vel
1772 5645 1827 5700 in
1867 5644 1972 5700 hoc
2011 5644 2148 5700 libro

572 5741 656 5801 vel
682 5742 738 5799 in
763 5740 1069 5813 Evangeliis
1102 5739 1369 5810 leguntur.

1132 354 1198 409 Β.
1242 349 1493 406 ΠΑΒΛΝῘ
1534 346 1755 404 MAURI
1796 344 2117 401 AliClllEP.

2161 292 2472 398 BlOGUN'l'.
2516 338 2800 394 OPEBUM
2843 336 3020 393 PARS
3057 337 3123 394 ll.
3693 334 3816 393 23'!

2141 459 2185 518 Α
2285 453 2571 531 ρυίὺιυιςηεε
2603 453 2821 523 prwbuit
2871 453 3094 522 seipsmn
3145 457 3312 506 vicum
3349 460 3463 519 post
3502 453 3817 522 passionem

2202 560 2353 599 suam
2398 544 2453 598 in
2496 543 2675 596 multis
2726 544 3088 613 argumentis,
3141 558 3232 613 per
3278 541 3392 595 dies
3444 542 3820 612 quadraginta

2202 652 2460 708 apparens
2482 636 2578 698 eis,
2612 645 2663 689 et
2690 635 2907 707 loquens
2932 635 2996 688 de
3023 652 3180 704 regno
3211 634 3323 687 Dei.
3360 633 3466 688 Per
3493 632 3633 687 hanc
3662 646 3818 705 qun-

2203 724 2456 797 draginta
2500 725 2713 780 dierum
2748 740 2871 779 cum
2895 722 3184 793 discipulis
3216 724 3694 782 conversationem
3730 723 3813 779 εἰς

2202 818 2426 889 gniﬁcat
2468 818 2651 872 omnia
2692 832 2770 882 se,
2823 826 2930 873 l:'-m
2975 828 3159 887 aperta
3206 832 3368 887 quam
3418 816 3652 876 occulta,
3685 829 3821 884 qur

2203 908 2532 980 promiserat
2567 906 2948 978 impleturum;
2987 908 3135 962 etde
3176 906 3361 961 multis
3395 905 3477 961 vel
3517 922 3687 961 unum
3724 906 3821 958 di-

2204 999 2567 1069 camusquod
2603 1000 2679 1052 ait
2717 1016 2729 1050 :
2786 996 2918 1051 Ecce
2964 1013 3057 1067 ego
3100 998 3364 1052 vobiscum
3404 1013 3520 1050 sum
3562 996 3821 1050 omnibus

2205 1089 2387 1151 diebus
2416 1105 2578 1160 usque
2602 1087 2672 1143 ad
2701 1088 3207 1142 consummationem
3238 1085 3441 1140 sa‘culi.

2281 1181 2349 1237 Et
2382 1183 2710 1245 canescens,
2731 1181 2977 1252 pra'cepit
3004 1181 3078 1234 eis
3101 1179 3165 1233 ab
3194 1177 3571 1247 Hierosolymis
3604 1194 3670 1230 ue
3701 1176 3791 1229 dis
3811 1200 3823 1208 -

2206 1272 2481 1336 cederent,
2549 1270 2642 1326 sed
2709 1278 3066 1341 exspectarent
3132 1268 3533 1339 promissionem
3598 1266 3813 1321 Patris.

2210 1364 2366 1433 Quod
2410 1364 2565 1419 cibos
2609 1377 2734 1419 cum
2784 1360 3066 1431 discipulis
3116 1360 3373 1435 sumpsit,
3400 1360 3503 1414 hoc
3530 1359 3654 1414 ideo
3682 1357 3822 1419 fecit

2211 1460 2270 1506 ut
2316 1452 2587 1520 eamdem,
2633 1465 2798 1522 quam
2846 1460 3094 1509 mortuus
3140 1450 3513 1513 suscitaverat,
3553 1464 3819 1514 carnem,

2210 1540 2481 1612 palpando
2531 1548 2699 1614 atque
2744 1542 3030 1597 tractando
3077 1554 3265 1595 veram
3309 1548 3664 1595 monstraret.
3716 1538 3823 1596 Se—

2211 1627 2432 1702 quitur}

2284 1718 2458 1788 Quam
2492 1720 2740 1783 audistis,
2781 1720 2978 1797 inquit,
3003 1738 3095 1791 per
3120 1737 3177 1775 os
3201 1736 3393 1782 meum,
3416 1719 3542 1791 quia
3569 1721 3821 1774 Joannes

2142 1803 2188 1862 Β
2216 1806 2427 1882 quidem
2477 1811 2759 1881 baptizavit
2805 1828 2974 1881 aqua,
3041 1827 3131 1864 vos
3189 1819 3364 1864 autem
3414 1806 3825 1879 baptisabimini

2218 1900 2423 1973 Spiritu
2460 1910 2677 1966 sancto,
2715 1918 2819 1956 non
2860 1912 2975 1973 post
3014 1901 3208 1957 multos
3253 1902 3348 1957 llos
3394 1901 3527 1956 dies.
3568 1901 3825 1956 Fuerunt

2216 2004 2395 2045 autem
2438 1991 2553 2061 jam
2604 1990 2834 2060 apostoli
2894 2004 3035 2060 aqua
3088 1976 3368 2059 baptizati,
3429 1989 3523 2043 sed
3570 1988 3823 2044 nondum

2217 2068 2423 2151 spiritu
2474 2089 2663 2155 sancto
2716 2080 2972 2152 plenitcr,
3026 2081 3115 2151 qui
3165 2081 3246 2135 eis
3307 2079 3642 2150 promittitur
3692 2088 3825 2149 post

2214 2170 2587 2225 ascensionem
2622 2167 2767 2223 illam
2808 2168 3041 2223 futurus.
3082 2166 3267 2237 Neque
3306 2176 3491 2222 autem
3531 2166 3631 2237 ipsi
3681 2180 3824 2236 apo«

2216 2257 2363 2324 stoli,
2395 2270 2572 2329 neque
2610 2271 2956 2313 successores
2983 2272 3189 2321 eorum,
3226 2256 3504 2325 hucusque
3544 2256 3598 2310 in
3627 2254 3827 2309 Eccle«

2217 2351 2297 2408 sia
2338 2350 2497 2406 aliter
2533 2364 2695 2421 quam
2728 2345 2964 2405 Joannes
2989 2348 3261 2418 Baptista,
3306 2347 3360 2403 id
3404 2355 3511 2411 est,
3551 2346 3607 2403 in
3648 2361 3820 2415 aqua,

2218 2443 2499 2514 baptizare
2544 2441 2829 2508 valebant,
2883 2442 2979 2497 sed
3031 2450 3233 2505 tamen,
3292 2440 3543 2495 invocato
3594 2438 3827 2493 nomine

2217 2532 2453 2600 Christi,
2513 2533 2671 2589 adest
2709 2534 2934 2590 interior
2965 2534 3138 2589 virtus
3176 2531 3413 2602 Spiritus
3448 2530 3653 2595 sancti,
3699 2543 3826 2599 quae

2221 2623 2493 2679 hominem
2541 2623 2597 2677 in
2642 2637 2783 2693 aqua
2838 2624 3134 2694 mergendo
3198 2623 3592 2693 baptizatorum
3654 2617 3825 2674 simul

2222 2714 2432 2770 animas
2458 2718 2516 2769 et
2540 2728 2767 2785 corpora
2796 2713 3067 2785 puriﬁcet,
3098 2716 3241 2785 quod
3276 2715 3331 2769 in
3358 2710 3582 2769 Joannis
3608 2711 3826 2781 baptis-

2222 2813 2369 2859 mate
2393 2818 2501 2859 non
2528 2802 2713 2859 ﬁebat.

2294 2894 2469 2965 Igitur
2494 2892 2586 2968 qui
2617 2903 2983 2959 convenerant,
3026 2892 3419 2965 interrogabant
3454 2908 3593 2959 eum,
3639 2893 3827 2948 dicen-

2225 2992 2299 3039 tes
2328 2999 2346 3036 :
2370 2982 2629 3051 Domine,
2676 2984 2723 3039 si
2770 2984 2835 3039 in
2881 2994 3109 3056 tempore
3162 2984 3260 3039 hoc
3313 2985 3549 3039 restitues
3602 3002 3826 3054 regnum

2178 3136 2183 3141 ,
2228 3074 2417 3130 Israel.
2454 3072 2863 3145 Consequenter
2912 3074 2977 3130 de
3024 3091 3192 3146 regno
3234 3075 3329 3130 Dei
3368 3084 3822 3146 percunctantur,

2152 3152 2196 3213 C
2228 3170 2407 3218 utrum
2434 3163 2686 3219 videlicet
2731 3178 2859 3219 tuo:
2892 3164 3211 3220 adveniente
3257 3164 3465 3234 Spiritu
3506 3173 3721 3230 sancto,
3767 3164 3821 3219 in

2230 3252 2485 3321 praesenti
2533 3261 2679 3308 esset
2716 3254 3135 3322 restituendum,
3180 3271 3249 3309 an
3290 3254 3346 3309 in
3391 3253 3574 3309 futuro
3612 3255 3825 3312 sanctis

2231 3339 2616 3398 reservandum
2646 3341 2889 3398 credere.
2928 3341 3077 3397 Dixit
3124 3353 3300 3396 autem
3334 3344 3406 3396 eis
3432 3357 3449 3395 :
3474 3342 3601 3402 Non
3632 3352 3709 3397 est
3739 3360 3824 3398 ve-

2229 3443 2395 3486 strum
2434 3447 2585 3488 nosse
2613 3442 2846 3503 tempora
2893 3444 2942 3487 et
2987 3442 3274 3497 momenta,
3300 3449 3419 3503 quae
3452 3431 3617 3487 Pater
3646 3434 3826 3503 posuit

2230 3522 2284 3575 in
2317 3538 2418 3576 sua
2469 3531 2741 3593 potestate.
2791 3522 3043 3579 Ostendit
3082 3524 3209 3592 quia
3248 3537 3358 3578 nun
3403 3522 3623 3592 expedit
3665 3522 3826 3579 nobis

2233 3628 2394 3668 nosse
2420 3613 2739 3670 mortalibus
2774 3614 2918 3675 diem
2939 3614 3243 3670 vocationis
3272 3625 3495 3678 nostrae,
3520 3625 3580 3670 ut
3604 3630 3827 3685 semper

2235 3703 2427 3759 incerti
2449 3705 2515 3759 de
2541 3705 2772 3760 adventu
2797 3704 3017 3773 judicia,
3050 3706 3123 3759 ita
3149 3705 3379 3761 sollicite
3399 3706 3641 3776 quotidie
3670 3707 3825 3761 viva-

2236 3809 2376 3858 mus,
2432 3796 2587 3865 qnasi
2644 3794 2732 3849 die
2788 3796 2887 3853 illa
2948 3795 3017 3850 ad
3064 3793 3328 3863 judicium
3390 3810 3682 3867 properare
3734 3797 3805 3852 de

2234 3885 2477 3939 beamus.

2309 3975 2415 4031 Sed
2449 3976 2737 4045 accipietis,
2764 3976 2961 4046 inquit,
3004 3978 3245 4032 virtutem
3270 3977 3673 4048 supervenientis
3700 3976 3825 4046 Spi-

2236 4068 2369 4121 ritus
2392 4070 2559 4121 sancti
2586 4068 2641 4120 in
2668 4084 2771 4131 vos,
2800 4077 2847 4121 et
2874 4068 3019 4121 eritis
3048 4068 3173 4121 mihi
3189 4078 3342 4122 testes
3372 4070 3428 4122 in
3466 4068 3821 4133 Hierusalem,

2236 4166 2283 4211 et
2312 4156 2368 4209 iu
2391 4155 2533 4210 omni
2556 4154 2774 4221 Iudico,
2806 4164 2857 4211 et
2891 4155 3161 4222 Samaria,
3201 4166 3249 4212 et
3283 4175 3445 4230 usque
3471 4159 3540 4213 ad
3578 4158 3822 4217 ultimum

2238 4257 2413 4301 teme.
2450 4245 2530 4301 Ac
2573 4244 2620 4301 si
2649 4247 2870 4310 diceret,
2906 4246 3021 4302 Non
3066 4247 3209 4302 enim
3256 4258 3449 4318 putare
3484 4248 3692 4304 debetis
3724 4263 3819 4303 ve-

2240 4337 2424 4393 niente
2457 4336 2511 4391 in
2556 4352 2655 4393 vos
2699 4336 2902 4409 Spiritu
2949 4348 3157 4405 sancto,
3206 4340 3394 4393 statim
3438 4338 3599 4410 hujus
3635 4338 3820 4393 mundi

2243 4425 2359 4484 ﬁeri
2401 4428 2942 4491 consummationem,
2979 4428 3076 4484 sed
3115 4428 3270 4485 vobis
3313 4437 3524 4486 tantum
3565 4428 3821 4483 virtutem

2163 4495 2213 4555 Β
2236 4520 2310 4574 de
2338 4532 2427 4574 me
2448 4517 2771 4574 testiﬁcandi
2795 4520 3061 4590 praebere.

2312 4629 2519 4686 Etcum
2549 4631 2662 4687 lucc
2697 4631 2938 4695 dixisset,
2967 4631 3253 4687 videntibus
3281 4630 3404 4696 illis,
3449 4631 3675 4687 eleuatus
3702 4638 3777 4686 est
3796 4668 3813 4685 .

2242 4732 2289 4777 et
2317 4722 2475 4781 nubes
2497 4722 2722 4793 suscepit
2747 4737 2865 4776 eum
2899 4721 2963 4775 ab
3002 4720 3167 4775 oculis
3206 4738 3407 4776 eorum.
3439 4720 3648 4790 Ubique
3670 4735 3823 4776 crea-

2243 4819 2367 4867 tura
2393 4812 2627 4868 creatori
2655 4824 2754 4867 suo
2775 4819 3001 4881 praestat
3029 4810 3348 4884 obsequium
3373 4828 3387 4865 :
3410 4817 3555 4865 astra
3584 4809 3822 4865 indicant

2243 4912 2589 4967 nascentem,
2644 4902 2940 4973 patientem
2977 4902 3291 4966 obnubunt,
3341 4900 3608 4969 recipiunt
3653 4898 3817 4955 nubes

2246 4995 2648 5058 ascendentem,
2680 4993 2992 5048 redeuntem
3015 4994 3082 5047 ad
3098 4991 3360 5060 judicium
3396 4989 3815 5047 comitabuntur.

2320 5103 2387 5157 Et
2414 5119 2529 5158 ecce
2569 5103 2674 5157 duo
2722 5104 2820 5158 viri
2858 5102 3132 5158 astiterunt
3150 5102 3307 5172 juxta
3350 5100 3468 5156 illos
3509 5101 3567 5156 in
3603 5102 3817 5158 vestibus

2249 5195 2402 5257 albis,
2437 5193 2528 5263 qui
2551 5192 2628 5246 eis
2647 5192 2891 5246 dixerunt
2915 5205 2935 5244 :
2963 5190 3077 5244 Viri
3103 5188 3333 5265 Gdilwi,
3353 5190 3480 5261 quid
3501 5192 3649 5245 statis
3674 5193 3814 5259 aspi-

2249 5286 2438 5338 cientes
2464 5283 2519 5337 ia
2538 5282 2723 5337 mlum
2738 5282 2764 5335 1
2787 5280 2887 5336 Hic
2914 5280 3070 5336 Iesus
3101 5282 3191 5352 qui
3215 5290 3511 5351 assumptus
3529 5288 3603 5334 est
3630 5296 3661 5332 a
3680 5280 3817 5334 vobis

2245 5376 2301 5429 in
2324 5372 2528 5437 caelum,
2558 5374 2633 5426 sic
2654 5371 2819 5426 renis!
2846 5370 3285 5441 quemadmodum
3317 5370 3521 5424 vidistis
3542 5385 3658 5423 eum
3692 5384 3815 5423 euu-

2245 5474 2345 5519 tem
2376 5464 2431 5517 in
2452 5462 2656 5516 rmlum.
2680 5460 2741 5516 Id
2766 5470 2869 5526 est,
2899 5460 2953 5515 in
2976 5476 3039 5516 ea
3084 5459 3258 5516 forma
3281 5460 3464 5516 carnis
3500 5467 3661 5529 atque
3693 5459 3816 5514 sub-

2248 5552 2462 5610 stantiae
2489 5550 2670 5605 veniet
2690 5549 3052 5619 iudicaturus,
3082 5548 3136 5603 in
3178 5563 3285 5618 qua
3309 5547 3809 5615 venitjudicandus.

2249 5642 2359 5697 Nos
2381 5656 2511 5711 ergo
2538 5640 2714 5711 dignis
2753 5639 2997 5694 moribus
3035 5653 3317 5695 ascensum
3360 5639 3415 5694 in
3445 5638 3641 5694 omium
3668 5638 3815 5697 nobis

2251 5746 2630 5806 praeparemus,
2655 5738 2710 5786 ct
2746 5728 3079 5801 peregrinari
3122 5743 3222 5787 nos
3248 5728 3302 5783 in
3346 5729 3453 5784 hac
3479 5728 3662 5783 mundi
3687 5728 3818 5785 valle
