3946 6350
170 352 282 413 833

1245 357 1550 414 HOMILL‘E
1593 358 1657 412 ΙΝ
1694 357 1950 416 EVANG.
1998 359 2083 413 ΕΤ
2127 359 2342 415 lLPiST.

3332 370 3440 425 230

168 493 595 549 cognoscamus,
652 479 704 534 in
741 493 847 548 qua
891 478 1057 533 etiam
1096 476 1140 532 si
1181 474 1426 546 quaedam
1474 473 1753 531 commoda
1784 483 1829 535 Λ
1859 482 2006 529 ctum
2055 474 2403 544 Evangelium
2455 476 2533 531 vel
2590 478 2876 532 insensatis
2920 478 3100 542 rebus,
3148 480 3228 533 vel
3270 483 3442 539 brutis

168 568 548 635 blandiuntur,
594 586 700 625 non
750 569 1117 640 amplectenda
1167 576 1293 623 sunt
1345 568 1613 637 nequiter,
1663 566 1757 621 sed

167 660 525 728 despicienda
559 666 681 715 sunt
718 658 946 733 fortiter.
991 658 1136 723 ideo,
1167 657 1501 713 dilectissimi
1532 654 1755 719 fratres,

166 748 218 801 si
247 748 547 802 ascendere
572 747 733 800 vultis
764 746 817 801 in
850 746 1072 809 etelum,
1105 746 1207 801 hoc
1248 745 1302 799 in
1333 760 1429 816 spe
1460 750 1646 798 nostra
1680 744 1759 797 in-

165 836 334 890 terim
366 836 721 899 roboremus;
756 835 807 889 in
832 835 936 890 hoc
980 834 1121 889 votis
1153 834 1405 889 omnibus
1442 841 1755 897 :estuemus,

160 924 277 981 hoc
306 926 629 980 meditemur
662 925 715 979 in
761 924 943 989 terris,
971 924 1115 994 quod
1146 931 1523 994 computamur
1562 923 1615 977 in
1644 936 1757 977 em-

159 1016 255 1073 lis.
298 1016 451 1071 Tunc
482 1016 695 1071 exuturi
726 1017 907 1071 carnis
935 1016 1287 1081 mortalitate,
1323 1031 1467 1069 nunc
1492 1028 1754 1070 exuamus

161 1110 413 1163 animum
443 1116 741 1173 vetustate;
790 1108 945 1163 facile
979 1109 1121 1162 enim
1152 1123 1350 1178 corpus
1394 1106 1660 1161 levabitnr
1697 1106 1750 1159 in

157 1197 276 1252 alta
305 1198 590 1262 cmiorum,
630 1198 675 1252 si
719 1213 824 1252 non
864 1206 1075 1267 premat
1104 1198 1356 1267 spiritum
1392 1195 1605 1251 sarcina
1629 1209 1753 1263 pec-

154 1299 435 1345 catorum.
468 1289 823 1360 Quapropter,
853 1288 1209 1351 dilectissimi,
1241 1288 1518 1356 erigamur
1540 1286 1605 1339 ad
1629 1298 1749 1338 cum

158 1383 258 1451 qui
287 1382 561 1451 pulverem
603 1389 803 1437 nostrae
838 1379 1157 1449 abjectiOnis
1182 1396 1378 1451 corpus
1404 1378 1532 1434 fecit
1566 1377 1750 1447 gloria:

154 1486 299 1536 sum,
329 1479 464 1526 etut
490 1472 821 1526 ascensionis
840 1472 958 1541 ejus
984 1485 1290 1526 mereamur
1316 1484 1435 1525 esse
1470 1476 1750 1524 consortes

154 1560 455 1615 humilitati
481 1568 535 1615 et
554 1561 824 1631 patientia:
852 1559 1022 1631 ipsius
1039 1577 1137 1632 per
1164 1561 1344 1617 omnia
1367 1574 1746 1631 congruamus.

153 1648 338 1722 “agni
379 1652 612 1707 nominis
655 1650 914 1706 malitiam
966 1650 1171 1723 [Forte,
1202 1649 1495 1721 militiam],
1537 1664 1745 1719 magna:

151 1742 533 1810 promissionis
598 1742 934 1812 suscepimus
997 1740 1355 1811 disciplinam.
1434 1739 1743 1795 Sectatores

1860 565 2187 620 animalibus
2220 563 2399 621 fuerat
2428 568 2828 638 pz‘mdicandum
2852 614 2866 637 ,
2918 579 2975 623 ιιι
3014 571 3133 624 ideo
3167 571 3443 643 discipulis

1859 652 2095 718 dicatur,
2127 655 2408 724 pradicate
2441 658 2582 709 omni
2612 658 2906 711 creatum?
2943 656 3049 711 Sed
3088 659 3265 714 omnis
3289 674 3442 714 crea-

1859 753 1996 799 turae
2040 745 2256 799 nomine
2283 755 2457 813 potest
2496 745 2671 801 omnis
2709 762 2835 801 caro
2868 746 3106 818 gentium
3149 747 3439 819 designari.

1857 834 1997 890 Ante
2020 835 2217 889 etenim
2250 836 2451 891 dictum
2480 836 2652 891 fuerat
2677 856 2690 890 :
2714 839 2768 890 in
2798 839 2932 891 viam
2954 839 3183 909 gentium
3215 857 3278 894 ne
3302 840 3442 895 abie-

1859 922 2003 990 ritis,
2066 941 2209 981 nunc
2260 936 2440 981 autem
2490 926 2717 990 dicitur,
2762 930 3049 997 pra'dicate
3096 929 3439 1001 Evangelium

1858 1017 1999 1068 omni
2028 1026 2318 1081 creatum;
2364 1026 2422 1071 ut
2460 1015 2665 1071 scilicet
2706 1017 2856 1086 prius
2883 1033 2911 1071 a
2941 1014 3123 1073 Judaaa
3169 1020 3440 1090 apostolo-

1858 1123 1975 1160 rum
2005 1107 2213 1176 repulsa
2240 1108 2568 1177 νιωόὶαιιὶο.
2594 1117 2721 1161 tunc
2752 1107 2905 1162 nobis
2922 1108 2973 1161 in
2992 1106 3315 1177 adjutoriutn
3342 1108 3436 1162 fleo

1854 1203 1957 1259 ret,
1988 1211 2109 1249 cum
2144 1196 2283 1251 hanc
2310 1197 2401 1251 illa
2429 1198 2495 1251 ad
2525 1197 2887 1251 damnationis
2921 1211 3033 1252 sua:
3069 1197 3434 1252 testimonium

1854 1288 2085 1355 superba
2118 1287 2421 1357 repulisset.
2447 1288 2550 1353 Qui
2570 1287 2844 1341 crediderit
2867 1296 2915 1341 et
2941 1286 3233 1358 baptizatus
3254 1287 3433 1356 fuerit,

1851 1376 2026 1431 salvus
2064 1378 2195 1432 erit:
2239 1380 2326 1449 qui
2368 1394 2485 1432 vero
2514 1395 2614 1431 non
2643 1378 2940 1443 crediderit,
2982 1376 3431 1431 condemnabitur.

1852 1471 2105 1525 Fortasse
2132 1472 2501 1541 unusquisque
2546 1471 2686 1541 apud
2732 1469 3078 1538 semetipsum
3103 1467 3287 1523 dicat:
3319 1468 3431 1538 Ego

1844 1561 1959 1631 jam
1988 1561 2211 1624 credidi,
2246 1557 2429 1615 salvus
2457 1574 2579 1623 ero;
2606 1573 2794 1613 verum
2819 1557 2968 1622 dicit,
2999 1556 3045 1609 si
3070 1556 3227 1611 fidem
3256 1556 3431 1626 operi-

1853 1652 1954 1705 bus
1990 1660 2172 1705 tenet:
2199 1665 2324 1705 vera
2364 1651 2564 1705 etenim
2596 1646 2727 1703 fides
2761 1657 2845 1703 est
2886 1662 3005 1717 quae
3052 1646 3108 1701 in
3156 1647 3258 1701 hoc
3286 1646 3430 1715 quod

1850 1742 2029 1797 verbis
2056 1742 2188 1796 dicit
2215 1739 2459 1797 moribus
2494 1755 2601 1794 non
2633 1738 2973 1795 contradicit.
3002 1737 3140 1791 Hinc
3171 1742 3255 1791 est
3281 1735 3425 1791 enim

148 1830 361 1887 Christi
389 1832 669 1888 discedere
690 1848 718 1887 a
758 1832 907 1902 regia
946 1847 1051 1887 non
1083 1831 1211 1886 licet
1240 1832 1351 1901 via,
1393 1845 1492 1885 nec
1519 1830 1739 1901 dignum
1770 1823 1817 1882 B
1844 1832 1987 1902 quod
2015 1832 2080 1885 de
2109 1826 2427 1901 quibusdam
2468 1829 2619 1885 falsis
2648 1828 2891 1884 fidelibus
2932 1826 3129 1881 Paulus
3154 1817 3304 1890 dicit,
3334 1825 3424 1893 qui

150 1930 241 1976 est
279 1920 663 1989 temporalibus
697 1921 952 1991 occupari
1001 1922 1068 1976 ad
1097 1929 1299 1975 aeterna
1330 1920 1630 1974 tendentes.
1673 1919 1741 1972 Et

146 2012 284 2080 quia
313 2010 555 2081 pretioso
582 2011 842 2078 sanguine
864 2008 1066 2065 Christi
1105 2008 1365 2079 redempti
1390 2024 1595 2074 sumus,
1626 2009 1741 2079 glo-

143 2102 428 2157 riﬁcemus
449 2110 505 2155 et
530 2109 809 2171 portemus
828 2101 997 2157 Deum
1024 2101 1074 2156 in
1104 2114 1331 2170 corpore
1353 2109 1560 2165 nostro,
1581 2110 1642 2153 ut
1669 2100 1736 2154 ad

140 2206 209 2247 ea
236 2206 361 2260 quae
392 2190 637 2245 ﬁdelibus
672 2205 768 2259 per
797 2190 981 2244 omnia
1032 2198 1160 2244 sunt
1194 2199 1498 2259 prazparata
1550 2204 1737 2258 perve-

141 2280 271 2334 nire
297 2294 625 2334 mereamur.
655 2278 757 2334 Per
788 2278 1074 2333 Dominum
1102 2285 1347 2332 nostrum
1368 2275 1552 2332 Iesum
1578 2276 1735 2332 Chri-

144 2378 318 2434 stum,
359 2370 599 2439 quicum
638 2369 749 2423 Deo
790 2368 948 2423 Patre
975 2376 1031 2422 et
1074 2366 1278 2437 Spiritu
1301 2376 1492 2422 sancto
1521 2367 1652 2421 vivit
1680 2375 1737 2422 et

143 2469 345 2533 regnat
374 2460 516 2515 Deus
545 2473 644 2529 per
667 2459 849 2512 omnia
876 2457 1071 2513 saecula
1095 2456 1435 2511 seculorum.
1464 2456 1657 2511 Amen.

673 2571 954 2628 HOMILIA
997 2570 1197 2626 XLVII.

696 2660 750 2698 IN
788 2658 964 2699 EODEI
1003 2657 1171 2697 FESTO

253 2736 444 2792 Lectio
480 2736 652 2791 sancti
690 2734 968 2804 Evangelii
1013 2734 1311 2789 secundum
1358 2732 1617 2789 Marcum.

213 2826 286 2881 In
327 2826 420 2880 illo
467 2836 691 2896 tempore
738 2826 1014 2880 novissime
1043 2825 1452 2880 recumbentibus
1487 2826 1727 2879 undecim

138 2914 444 2985 discipulis,
472 2914 713 2986 apparuit
747 2914 922 2980 Jews,
947 2922 995 2967 et
1023 2912 1350 2983 exprobravit
1380 2912 1725 2967 incredulita-

135 3016 245 3061 tem
282 3023 464 3060 eorum
502 3016 549 3059 et
578 3004 829 3059 duritiam
869 3004 1064 3069 cordis,
1091 3006 1214 3075 quia
1259 3004 1339 3058 Itis
1376 3006 1465 3070 qui
1492 3004 1727 3059 viderant

134 3112 262 3151 cum
294 3096 640 3150 resurrexiuc
671 3111 776 3149 non
806 3094 1162 3149 crediderunt.

1841 1921 2155 1988 conﬁtentur
2195 1937 2249 1974 se
2272 1935 2421 1972 nosse
2451 1918 2635 1981 Deum,
2660 1917 2812 1986 factis
2843 1925 3017 1970 autem
3051 1924 3257 1985 negant.
3284 1913 3425 1969 llinc

1839 2008 2075 2065 Joannes
2097 2010 2172 2063 ait
2198 2028 2209 2063 :
2240 2008 2342 2074 Qui
2367 2009 2493 2062 dicit
2517 2023 2742 2067 certasse
2762 2005 2929 2061 Deum
2954 2016 2999 2061 et
3031 2004 3281 2059 mandata
3306 2004 3421 2073 ejus

1840 2115 1942 2153 non
1980 2098 2226 2161 custodit,
2265 2097 2494 2151 mendax
2513 2106 2607 2150 est.
2648 2095 2783 2152 Cum
2834 2101 3012 2150 autem
3056 2094 3287 2160 dicatur,
3328 2094 3419 2164 qui

1836 2208 1954 2245 rero
1984 2208 2085 2245 non
2108 2190 2407 2253 crediderit,
2432 2187 2876 2251 condemnabitur,
2904 2186 3033 2255 quid
3060 2186 3147 2241 hic
3177 2185 3417 2241 dicemus

1838 2282 1902 2336 de
1929 2281 2188 2351 parvulis,
2220 2280 2310 2349 qui
2350 2294 2446 2349 per
2470 2286 2682 2332 aetatem
2721 2275 2897 2330 adhuc
2924 2275 3148 2331 credere
3185 2288 3291 2328 non
3321 2288 3416 2327 va-

1834 2372 1940 2428 lent
1959 2413 1976 2438 ,
1998 2387 2123 2427 nam
2155 2371 2219 2424 de
2247 2370 2541 2441 majoribus
2568 2366 2709 2421 nulla
2740 2366 2966 2437 quaestio
2994 2366 3113 2420 est?
3136 2365 3189 2419 in
3229 2362 3415 2419 Eccle-

1831 2464 1913 2519 sia
1936 2476 2063 2533 ergo
2087 2459 2383 2516 Salvatoris
2405 2474 2501 2531 per
2523 2460 2657 2514 alios
2678 2458 2889 2528 parvuli
2916 2457 3164 2522 credunt,
3180 2456 3321 2511 sicut
3343 2469 3411 2509 ex

1829 2556 1952 2612 aliis
1990 2570 2076 2625 ea,
2102 2570 2222 2627 quas
2251 2553 2356 2609 illis
2398 2553 2453 2607 in
2484 2552 2748 2623 baptismo
2788 2550 3153 2613 remittuntur,
3188 2552 3408 2616 peccata

1834 2655 2134 2705 traxerunt.

1901 2739 2069 2812 Signa
2112 2749 2285 2795 autent
2330 2755 2416 2793 eos
2457 2738 2547 2810 qui
2580 2735 2896 2792 crediderint
2946 2734 3058 2790 licet:
3093 2741 3408 2804 sequentur:

1826 2830 1883 2882 in
1924 2829 2131 2883 nomine
2178 2845 2291 2882 meo
2336 2828 2540 2897 ejicieut
2584 2827 2861 2888 dwmonia,
2896 2825 3088 2896 tinguis
3135 2823 3411 2892 loquentur

1829 2919 2010 2983 novis;
2047 2928 2304 2987 serpentes
2346 2917 2566 2972 tollent:
2590 2926 2637 2971 et
2680 2917 2727 2971 si
2751 2915 3077 2985 mortiferum
3109 2915 3235 2985 quid
3271 2913 3408 2968 bibe-

1829 3010 1951 3075 rint,
1983 3027 2086 3064 non
2111 3010 2183 3063 eis
2218 3010 2448 3074 nocebit;
2471 3026 2627 3078 super
2651 3025 2816 3078 (egros
2842 3022 3029 3060 manus
3051 3005 3334 3075 imponent,
3358 3013 3408 3058 et

1830 3099 1954 3153 bene
1978 3098 2257 3153 habebunt.
2289 3099 2538 3168 Nunquid
2562 3099 2815 3169 quoniam
2846 3096 2998 3168 signa
3020 3110 3127 3151 non
3157 3095 3404 3158 facimus,

214 3186 498 3253 Quomodo
534 3186 849 3241 novissime?
872 3186 1025 3255 quasi
1042 3184 1155 3254 jam
1193 3185 1332 3241 ultra
1356 3202 1480 3241 eum
1513 3201 1619 3242 non
1647 3184 1725 3240 vi-
1751 3168 1795 3231 C
1829 3188 2047 3243 minime
2079 3188 2383 3244 credimus?
2438 3187 2543 3242 Sed
2582 3168 2710 3242 haec
2744 3186 3051 3242 necessaria
3082 3185 3139 3240 in
3184 3184 3407 3239 exordio

134 3279 334 3333 tierent
358 3296 372 3329 :
396 3276 748 3332 novissimum
775 3276 972 3346 quippe
1005 3276 1135 3331 illud
1158 3285 1242 3333 est
1262 3278 1407 3347 quod
1438 3277 1722 3332 Dominum

133 3367 369 3437 ajuistoli
412 3367 465 3421 in
508 3374 655 3421 terra
684 3366 955 3431 viderunt,
979 3369 1195 3435 quando
1236 3368 1481 3423 ascendit
1519 3368 1573 3422 in
1613 3382 1725 3422 ete-

131 3458 275 3523 lum,
306 3460 449 3527 quod
473 3457 675 3513 factum
710 3466 793 3513 est
819 3458 1230 3529 quadragesima
1265 3460 1353 3515 die
1382 3469 1504 3531 post
1542 3476 1723 3516 resur-

133 3549 457 3603 rectionem.
516 3546 895 3616 Nunquidnam
940 3555 1069 3601 tunc
1129 3548 1555 3617 exprobraturus
1602 3558 1721 3604 erat

132 3639 285 3708 quod
314 3651 419 3692 non
460 3638 820 3693 credidissent
858 3637 937 3692 eis
959 3638 1049 3706 qui
1074 3651 1197 3692 eum
1242 3638 1497 3692 viderunt
1538 3654 1720 3693 resur-

134 3730 366 3794 rexisse,
395 3729 609 3798 quando
653 3729 817 3784 etiam
857 3737 911 3783 et
955 3728 1058 3798 ipsi
1096 3736 1221 3798 post
1268 3730 1718 3784 resurrectionem

133 3821 298 3874 toties
319 3835 442 3875 eum
477 3819 917 3874 viderant?lllud
946 3835 1075 3890 ergo
1111 3822 1406 3891 accipimus
1438 3831 1559 3892 post
1585 3822 1720 3876 mul-

133 3920 220 3965 tas
267 3912 754 3967 demonstrationes
802 3910 935 3978 eius,
970 3913 1167 3982 quibus
1211 3928 1307 3981 per
1335 3914 1451 3968 dies
1485 3915 1719 3983 quadra-

130 4005 282 4073 ginta
329 4002 603 4071 discipulis
630 4012 989 4072 pnesentatus
1033 4010 1136 4066 est,
1178 4017 1303 4056 cum
1343 4003 1507 4057 etiam
1541 4004 1718 4058 novis-

131 4095 273 4148 sime
317 4092 755 4148 recumbentibus
800 4093 907 4148 illis
957 4093 1208 4149 undecim
1262 4096 1607 4164 apparuisse,
1663 4094 1715 4149 id

128 4192 232 4244 est,
278 4184 395 4253 ipso
431 4183 845 4253 quadragesimo
884 4182 991 4251 die,
1054 4193 1112 4239 et
1140 4185 1410 4253 quomodo
1448 4185 1561 4255 jam
1596 4193 1717 4239 erat

128 4274 198 4327 ab
227 4272 309 4325 eis
339 4286 662 4325 ascensurus
683 4272 737 4325 in
769 4272 985 4337 caelum,
1015 4273 1115 4327 hoc
1135 4274 1215 4327 eis
1240 4273 1333 4328 illo
1364 4274 1450 4328 die
1482 4276 1714 4329 maxime

128 4362 465 4433 exprobrare
494 4362 749 4427 voluisse,
780 4362 922 4431 quod
956 4362 1041 4417 his
1070 4363 1160 4432 qui
1192 4364 1439 4418 viderant
1466 4379 1589 4418 eum
1631 4380 1715 4419 re-

128 4454 439 4509 surrexisse
468 4468 571 4507 non
597 4454 939 4508 crediderant
963 4462 1251 4523 antequam
1284 4454 1384 4523 ipsi
1413 4469 1535 4507 eum
1558 4455 1708 4509 vide-

1825 3278 2080 3333 Ecclesiaa
2109 3277 2326 3333 fuerunt
2352 3296 2366 3331 :
2389 3286 2449 3332 ut
2476 3278 2619 3332 enim
2647 3276 2781 3332 fides
2819 3275 3152 3332 credentium
3196 3288 3407 3329 cresce-

1823 3377 1928 3434 ret,
1951 3368 2227 3424 miraculis
2254 3367 2427 3423 iuerat
2456 3367 2761 3433 nutrienda,
2788 3366 2913 3438 quia
2939 3374 2996 3421 et
3031 3381 3130 3421 nos
3167 3379 3288 3421 cum
3317 3379 3405 3419 ar-

1821 3458 1976 3514 busta
2003 3459 2329 3529 plantamus,
2352 3459 2535 3513 tandiu
2559 3458 2640 3513 eis
2664 3473 2860 3527 aquam
2890 3456 3185 3523 fundimus,
3207 3469 3405 3525 quous.

1820 3564 1926 3618 que
1953 3565 2015 3603 ea
2040 3550 2093 3603 in
2125 3557 2269 3603 terra
2298 3548 2632 3604 convaluisse
2652 3549 2926 3614 videmus;
2953 3556 3011 3602 at
3038 3548 3084 3603 si
3118 3547 3284 3602 semel
3310 3561 3400 3601 ra-

1820 3639 1993 3693 dicem
2039 3640 2280 3706 iixerint,
2331 3639 2575 3709 irrigatio
2618 3637 2871 3694 cessabit.
2903 3637 3041 3694 Hinc
3080 3646 3165 3694 est
3202 3638 3400 3693 etenim

1821 3729 1962 3799 quod
1996 3728 2194 3784 Paulus
2223 3730 2391 3785 dicit:
2422 3728 2640 3799 Lingute
2664 3727 2721 3783 in
2756 3730 2908 3799 signa
2941 3737 3065 3783 sunt
3105 3744 3209 3783 non
3231 3728 3403 3797 ﬁdeli-

1820 3820 1936 3885 bus,
1964 3820 2054 3873 sed
2088 3819 2410 3888 inﬁdelibus.
2439 3819 2520 3872 An
2551 3818 2809 3873 habemus
2838 3819 2906 3873 de
2939 3818 3023 3873 his
3044 3817 3211 3889 signis
3238 3827 3402 3888 atque

1817 3912 2123 3976 virtutibus,
2162 3927 2281 3981 qua:
2322 3907 2496 3965 adhuc
2538 3908 2786 3965 subtilius
2834 3909 3179 3965 considerare
3203 3909 3400 3964 debea-

1818 4003 1973 4056 mus?
2019 4000 2217 4057 Sancta
2268 4001 2467 4071 quippe
2506 3996 2749 4055 Ecclesia
2798 3998 3040 4069 quotidie
3081 3999 3399 4069 spiritaliter

1817 4090 1945 4146 facit
1973 4092 2112 4160 quod
2146 4101 2273 4145 tunc
2313 4108 2409 4161 per
2438 4089 2707 4160 apostolos
2752 4089 3101 4160 corporaliter
3138 4086 3393 4145 faciebat.

1815 4182 1948 4237 Nam
1995 4184 2306 4237 sacerdotes
2343 4179 2459 4249 ejus
2508 4196 2629 4235 cum
2682 4195 2780 4253 per
2830 4181 3119 4238 exorcismi
3165 4182 3394 4254 gratiam

1817 4271 2034 4326 manum
2065 4272 2408 4327 credentibus
2439 4270 2737 4340 imponunt,
2770 4278 2826 4325 et
2858 4270 3104 4327 habitare
3129 4271 3395 4341 malignos

1816 4362 2035 4430 spiritus
2074 4362 2127 4414 in
2173 4374 2359 4415 eorum
2404 4370 2583 4415 mente
2638 4361 3033 4427 contradicunt,
3074 4361 3203 4430 quid
3243 4362 3392 4418 aliud

1818 4449 2021 4507 faciunt
2048 4451 2150 4506 nisi
2192 4452 2456 4506 daemonia
2494 4452 2747 4523 ejiciunt?
2773 4451 2839 4508 Et
2870 4452 3053 4508 fideles
3075 4455 3274 4525 quique
3299 4456 3393 4525 qui

130 4558 269 4611 rent,
294 4562 418 4601 cum
451 4546 633 4614 utique
672 4555 792 4615 post
820 4546 1194 4601 ascensionem
1237 4562 1388 4600 suam
1412 4546 1710 4615 praedican-
1737 4514 1789 4573 D
1809 4544 1921 4613 jam
1974 4541 2098 4595 vita:
2148 4541 2348 4595 veteris
2389 4541 2666 4596 szecularia
2713 4542 2965 4597 insonant
3014 4542 3198 4616 [Forte
3237 4534 3391 4600 mise-

130 4640 273 4695 tibus
317 4639 421 4692 illis
459 4638 833 4707 Evangelium,
881 4646 1069 4707 gentes
1108 4638 1251 4706 quod
1310 4653 1414 4691 non
1460 4637 1711 4691 viderunt

131 4729 333 4785 fuerint
372 4727 681 4783 crediturae.
734 4726 865 4781 Post
915 4727 1061 4781 illam
1099 4728 1296 4796 quippe
1342 4726 1710 4795 exprobratio-

130 4837 253 4878 υειιι
285 4828 505 4877 secutus
527 4820 603 4871 ait
629 4819 769 4873 idem
807 4818 1037 4872 Marcus.

199 4912 267 4967 Et
290 4913 424 4967 dixit
450 4913 561 4965 eis:
593 4910 784 4963 Eunles
813 4910 865 4962 in
906 4910 1156 4962 mundum
1187 4910 1483 4963 universum
1516 4909 1710 4979 pradi-

130 5012 241 5056 cate
279 5001 623 5070 Evangelium
652 5000 789 5053 omni
810 5010 1083 5053 creatum.
1118 5000 1220 5065 Qui
1246 4999 1519 5053 crediderit
1545 5009 1592 5053 et
1618 5000 1704 5052 ba-

127 5093 352 5162 ptizatus
382 5091 564 5160 fuerit,
601 5090 773 5143 saltus
812 5089 948 5142 erit:
985 5091 1073 5153 qui
1099 5107 1217 5142 vero
1261 5107 1363 5145 non
1410 5090 1703 5153 crediderit,

128 5185 579 5241 condemnabitur.
624 5184 733 5239 Hoc
760 5200 886 5254 ergo
927 5185 1290 5253 prdidieaturi,
1313 5187 1583 5255 quomodo
1612 5186 1702 5255 qui

129 5290 231 5333 non
266 5275 560 5330 crediderit
588 5274 1055 5337 condcmnabitur,
1106 5290 1227 5329 cum
1277 5277 1330 5329 id
1375 5277 1557 5346 utique
1595 5292 1701 5331 non

128 5363 419 5420 crediderit
445 5363 585 5430 quod
615 5379 719 5418 non
748 5364 912 5429 vidit;
958 5380 1136 5419 nonne
1175 5365 1273 5435 ipsi
1302 5366 1551 5435 primitus
1576 5367 1697 5422 fue-

131 5464 249 5511 rant
275 5454 593 5525 ubjurgandi
622 5455 764 5525 quod
791 5464 1076 5525 antequam
1105 5458 1388 5512 Dominum
1412 5459 1694 5523 vidissent,

129 5560 229 5600 non
284 5544 617 5599 crediderint
658 5545 738 5598 eis
788 5545 983 5615 quibus
1027 5546 1284 5601 Dominus
1326 5547 1699 5617 apparuisset?

129 5634 275 5701 Quod
315 5650 447 5691 vero
474 5634 612 5689 dixit
636 5636 714 5690 eis
739 5654 751 5688 ε
778 5636 972 5692 Euntet
1000 5639 1051 5691 in
1094 5639 1346 5693 mundum
1375 5640 1693 5705 universum,

130 5726 404 5791 pra‘dicate
428 5722 769 5789 Evangelium
793 5729 933 5779 ontni
970 5737 1240 5782 creatum.
1284 5729 1532 5798 Nunquid
1572 5743 1695 5783 san-

524 5815 799 5874 PsTnOL
851 5817 951 5875 CX
970 5864 982 5875 .

1813 4634 1978 4707 runt],
2010 4635 2307 4689 conditoris
2334 4636 2415 4690 sui
2451 4635 2660 4691 laudem
2690 4644 2743 4691 et
2784 4637 3101 4707 potentiam,
3128 4645 3391 4708 quantum

1809 4728 2119 4797 prtevalent,
2164 4737 2418 4799 narrant,
2466 4730 2593 4798 quid
2632 4730 2775 4787 aliud
2820 4729 3045 4789 faciunt.
3091 4730 3195 4785 nisi
3232 4731 3388 4784 novis

1809 4822 2003 4892 linguis
2032 4821 2356 4890 loquuntur?
2381 4824 2472 4892 qui
2502 4823 2627 4876 dum
2652 4821 2807 4877 bonis
2844 4822 2956 4877 suis
2996 4822 3387 4876 exhortationi-

1808 4913 1910 4967 bus
1940 4912 2199 4966 malitiam
2228 4913 2293 4967 de
2316 4914 2508 4968 alienis
2536 4914 2787 4968 cordibus
2812 4913 3077 4975 auferunt,
3107 4923 3388 4982 serpentes

1813 5002 2005 5056 tollunt
2030 5019 2044 5068 ;
2070 5011 2124 5057 et
2153 5002 2278 5057 dum
2309 5001 2595 5072 pestiferas
2618 5003 2900 5058 suasiones
2920 5003 3161 5068 audiunt,
3188 5004 3280 5057 sed
3308 5011 3388 5057 ta-

1810 5106 1933 5146 men
1989 5093 2056 5146 ad
2101 5094 2465 5162 Operationem
2510 5108 2727 5162 pravam
2769 5094 2989 5148 minime
3042 5095 3381 5163 pertrahunt,

1810 5180 2140 5235 mortiferum
2165 5182 2378 5251 quidem
2407 5192 2490 5236 est
2512 5182 2652 5251 quod
2681 5183 2890 5247 bibunt,
2919 5184 3010 5239 sed
3045 5200 3150 5239 non
3178 5185 3258 5240 eis
3288 5202 3381 5239 uo-

1806 5273 1968 5328 cebit.
1995 5273 2096 5339 Qui
2138 5274 2350 5341 quoties
2375 5276 2649 5343 proximos
2678 5291 2802 5329 suos
2834 5277 2884 5329 in
2934 5277 3073 5331 bono
3100 5292 3263 5347 opere
3304 5279 3383 5332 in-

1812 5363 2015 5417 firmari
2042 5364 2397 5433 conspiciunt,
2430 5365 2552 5419 dum
2580 5367 2657 5419 eis
2686 5374 2793 5419 tota
2810 5366 3008 5421 virtute
3030 5377 3381 5432 concurrunt,

1808 5462 1862 5509 et
1888 5452 2134 5522 exemplo
2163 5468 2273 5507 suae
2300 5454 2629 5523 operationis
2658 5455 2871 5511 illorum
2903 5457 3066 5511 vitam
3102 5458 3379 5523 roborant,

1806 5549 1895 5617 qui
1926 5548 1981 5602 in
2014 5548 2230 5617 propria
2260 5549 2470 5603 actione
2496 5548 2822 5615 titubabant,
2848 5551 2975 5620 quid
3002 5550 3147 5604 aliud
3178 5550 3380 5606 faciunt

1805 5639 1905 5693 nisi
1929 5652 2090 5707 super
2108 5645 2343 5709 aegrotos
2365 5654 2554 5693 manus
2573 5639 2853 5707 imponunt
2878 5649 2937 5694 ut
2952 5640 3087 5695 bene
3111 5640 3378 5696 habeant!

1804 5732 1933 5799 Qum
1970 5731 2222 5787 nimirum
2270 5734 2524 5788 miracula
2564 5743 2710 5789 tanto
2750 5739 2948 5807 majora
2993 5746 3137 5797 sunt,
3176 5744 3379 5807 quanto

2942 5828 2981 5887 8
