3946 6336
473 392 583 448 ⁸255

477 498 780 578 spiritalia:
814 502 965 554 tanto
991 489 1195 562 majora
1235 497 1384 556 sunt,

481 607 712 667 corpora
743 587 840 646 sed
863 587 1058 644 animm
1085 583 1433 641 suscitantur.

553 661 624 742 Iit
647 683 904 741 Dominus
921 677 1129 752 quidem
1155 675 1312 731 Iesus
1338 683 1613 745 postquam
1633 667 1838 723 locutus
1865 671 1939 752 est
1965 661 2060 725 eis,

481 788 779 850 assumptus
806 782 882 830 est
986 769 1171 827 celum
1193 777 1241 823 et
1261 765 1401 822 sedet
1426 782 1458 819 a
1492 761 1688 817 dextris
1719 757 1837 812 Dei.
1867 751 2062 811 Consi—

483 844 780 927 derandum
809 863 966 920 nobis
1003 868 1088 918 est
1111 857 1242 930 quid
1267 863 1351 913 est
1376 853 1520 926 quod
1559 850 1774 905 Marcus
1801 847 1896 914 ait,
1923 844 2065 900 sedet

482 982 514 1017 α
541 960 739 1016 ἄατιώ
763 956 860 1010 Dei
882 954 906 1007 ?
932 951 1240 1023 Stephanus
1272 946 1401 1003 dicit
1425 964 1437 998 :
1475 936 1638 997 Video
1679 937 1830 995 cretes
1860 944 2067 1008 apertos

484 1061 529 1104 et
569 1047 771 1103 Filium
819 1041 1044 1098 hominis
1074 1046 1296 1094 stantem
1337 1051 1371 1088 a
1404 1030 1602 1086 dextris
1639 1028 1755 1082 Dei.
1802 1023 1942 1093 Quid
1985 1026 2071 1077 est

483 1139 627 1213 quod
655 1138 800 1192 hunc
831 1132 1046 1189 Marcus
1093 1128 1392 1190 sedentem,
1429 1118 1737 1192 Stephanus
1764 1129 1894 1171 vero
1920 1120 2071 1168 stan-

485 1202 621 1295 tem,
646 1243 708 1283 se
726 1225 927 1281 vidisse
954 1217 1219 1277 testatur?
1254 1214 1363 1272 Sed
1397 1213 1600 1269 scimus
1626 1209 1751 1280 quia
1779 1205 1969 1263 sedere
1983 1202 2071 1276 ju-

484 1294 721 1376 tlicantis
772 1324 878 1381 est,
920 1321 1068 1369 stare
1102 1323 1230 1387 vero
1275 1303 1565 1378 pugnantis
1611 1299 1695 1356 vel
1729 1294 2068 1369 adjuvantis.

482 1410 623 1477 Quia
657 1407 822 1478 igitur
846 1402 1179 1472 Redemptor
1202 1384 1392 1453 noster
1423 1398 1731 1461 assumptus
1752 1387 1808 1442 in
1852 1384 2072 1452 omium,

481 1509 540 1557 et
582 1477 728 1555 nunc
767 1493 950 1552 omnia
969 1491 1198 1562 Iudicat,
1243 1496 1299 1543 et
1327 1486 1396 1541 ad
1431 1491 1734 1538 extremum
1756 1477 1923 1548 iudex
1953 1490 2071 1531 om-

484 1592 638 1649 nium
670 1588 876 1652 veniet,
901 1586 1047 1640 hunc
1065 1590 1187 1654 post
1210 1575 1634 1646 assumptionem
1650 1569 1866 1626 Marcus
1885 1566 2078 1623 sedere

485 1683 769 1748 describit,
807 1677 934 1751 quia
975 1681 1100 1748 post
1143 1668 1477 1728 ascensionis
1513 1680 1624 1724 sum
1664 1662 1890 1735 gloriam
1909 1657 2076 1728 judex

488 1777 543 1832 in
579 1775 687 1830 ﬁne
715 1769 1016 1834 videbitur;
1061 1763 1368 1835 Stephanus
1397 1771 1550 1822 vero,
1590 1755 1645 1811 in
1671 1751 1874 1809 laboris
1900 1757 2078 1805 certa-

489 1866 637 1924 mine
659 1862 888 1938 positus,
919 1865 1154 1929 stantem
1176 1851 1335 1918 vidit,
1355 1863 1515 1924 quem
1538 1845 1838 1918 adiutorem
1865 1838 2075 1905 habuit,

492 1957 617 2029 quia
728 1954 831 2009 iste
855 1926 1086 2007 interra
1108 1947 1521 2016 persecutorum
1548 1933 1923 1992 inﬁdelitatem
1959 1926 2079 1983 vin-

492 2022 672 2119 ceret,
685 2061 788 2121 pro
814 2044 908 2100 illo
929 2042 994 2097 de
1022 2037 1160 2100 cmlo
1178 2034 1323 2091 illius
1352 2030 1525 2103 gratia
1550 2022 1826 2096 pugnavit.

565 2107 856 2199 Illiautem
889 2129 1110 2202 profecti
1147 2123 1560 2197 prwdicaverunt
1600 2115 1807 2202 ubique,
1858 2107 2080 2202 Domino

495 2233 803 2298 coeperante
842 2229 888 2277 et
930 2196 1218 2275 sermonem
1257 2208 1599 2278 eonﬁrmante
1637 2197 1968 2272 sequentibus
2010 2196 2083 2250 si-

496 2284 631 2390 gni's.
663 2313 800 2381 Quid
835 2311 889 2367 in
925 2308 1013 2364 his
1041 2297 1493 2361 considerandum
1517 2289 1772 2362 est?quid
1809 2284 2084 2390 memoriae

495 2375 1028 2465 commendandum?
1070 2393 1175 2450 nisi
1201 2389 1348 2463 quod
1383 2391 1715 2460 praeceptum
1753 2375 2082 2440 obedientia,

497 2493 867 2558 obedientiam
907 2500 1040 2545 vero
1083 2484 1238 2556 signa
1287 2485 1475 2538 secuta
1526 2479 1670 2528 sunt.
1716 2467 1910 2523 Restat
1953 2476 2088 2520 sane

499 2589 725 2662 qutestio
753 2599 863 2640 non
891 2571 1427 2646 minima,quomodo
1449 2563 1732 2636 scripserit
1757 2559 1901 2617 idem
1919 2573 2089 2617 evan-

502 2647 690 2754 gelista
714 2675 915 2734 dixisse
945 2668 1193 2741 angelum
1224 2660 1540 2720 mulieribus
1567 2676 1581 2711 ε
1605 2656 1711 2723 Ite,
1743 2652 1902 2709 dicite
1930 2647 2090 2705 disci—

499 2742 638 2844 pulis
670 2770 784 2841 ejus
821 2775 870 2821 et
902 2761 1060 2819 Petro
1085 2759 1210 2833 quia
1248 2752 1500 2828 praecedet
1544 2764 1635 2805 vos
1666 2750 1720 2803 in
1762 2742 2040 2801 Galilts‘am
2068 2754 2085 2794 :

498 2831 570 2920 ibi
592 2831 712 2918 eum
737 2857 1000 2922 uidebitis,
1035 2831 1168 2907 sicut
1189 2848 1322 2904 dixit
1354 2845 1518 2909 vobis,
1548 2856 1651 2897 nec
1677 2847 1859 2894 tamen
1901 2833 1976 2891 ibi
2002 2831 2088 2889 vi-

502 2971 623 3012 sum
671 2969 703 3010 a
742 2948 1022 3020 discipulis
1052 2942 1342 2999 Dominum
1381 2937 1434 2992 in
1475 2934 1585 2990 ullo
1623 2930 1865 3004 posthinc
1917 2926 2093 2982 Evan-

503 3049 628 3122 gelii
659 3046 744 3102 sui
774 3017 895 3100 loco
925 3035 1190 3100 retulerit,
1232 3029 1327 3088 sed
1354 3027 1498 3100 quod
1532 3027 1607 3080 ita
1653 3023 1722 3078 ab
1747 3017 1940 3122 angelo
1974 3023 2031 3122 et
2061 3028 2094 3069 a

507 3105 735 3197 Domino
760 3134 962 3192 dictum
1004 3129 1095 3193 sit,
1126 3121 1439 3198 prophetice
1477 3116 1678 3172 dictum
1717 3105 2090 3181 accipiendum

1157 379 1217 434 Β.
1260 373 1515 432 MBAN
1551 367 1771 428 MAURI
1805 357 2123 422 ARCHIEP.
2167 352 2478 411 MOGUNT.
2519 347 2803 408 OPERUM
2841 343 3022 400 PARS
3059 342 3124 399 11.

1430 496 1634 558 quanto
1663 499 1759 554 per
1797 481 1913 536 haec
1951 491 2059 535 non
2088 479 2140 539 Α
2164 470 2335 528 sentis
2370 467 2575 533 saeculi,
2613 465 2828 537 quando
2870 463 3161 531 unicuique
3189 457 3377 513 reddet
3403 467 3630 526 prtemta
3659 465 3758 502 se-

3637 332 3748 392 ξω

2167 559 2402 616 cundum
2431 556 2650 628 propria
2677 553 2891 618 merita,
2923 552 3014 606 ubi
3041 547 3284 605 mansuri
3308 552 3470 602 erunt
3497 544 3617 600 sine
3645 539 3759 598 ﬁne

2158 664 2265 724 per
2287 648 2473 708 mania
2497 643 2695 704 sarcula
2729 642 3070 699 saeculorum.
3105 639 3300 694 Amen.

2682 753 2966 810 HOMILIA
3001 749 3232 806 XLVIII.

2415 843 2673 886 υοκικιει
2719 842 2848 881 POST
2885 835 3244 879 ASCENSIONEI
3292 832 3498 874 001181.

2451 919 2636 977 Lectio
2668 917 2922 989 Epistolas
2952 916 3011 970 B.
3039 913 3184 968 Petri
3223 909 3470 980 apostoli.

2237 1013 2575 1079 Charissimi,
2622 1019 2782 1065 estote
2823 1007 3104 1080 prudentes
3148 1013 3196 1056 et
3235 1001 3445 1072 vigilate
3469 999 3525 1054 in
3561 1002 3743 1054 oratio

2170 1106 2343 1170 nibus,
2371 1114 2478 1161 etc.

2240 1196 2310 1253 Et
2333 1195 2595 1251 Dominus
2633 1193 2686 1248 in
2717 1189 3012 1262 Evangelia
3049 1205 3149 1245 nos
3176 1188 3368 1244 incerti
3409 1186 3534 1241 linis
3557 1183 3762 1240 intuitu

2172 1300 2389 1357 semper
2412 1299 2571 1341 orare
2611 1298 2676 1337 ac
2707 1281 2930 1351 vigilare
2957 1279 3238 1351 praecepit.
3269 1277 3361 1332 Ait
3406 1289 3642 1345 namque
3683 1272 3764 1327 lo-

2173 1388 2346 1444 quens
2365 1372 2436 1428 de
2458 1371 2545 1427 die
2564 1370 2753 1442 iudicii
2778 1385 2792 1423 :
2824 1368 3069 1440 Vigilate,
3098 1367 3239 1421 omni
3271 1374 3500 1433 tempore
3529 1371 3765 1427 orantes,

2173 1473 2229 1519 ut
2255 1461 2401 1535 digni
2426 1461 2724 1516 habeamlni
2752 1457 2928 1530 fugere
2949 1459 3051 1513 ista
3074 1456 3250 1511 omnia
3269 1471 3386 1526 quo:
3408 1454 3592 1523 futura
3616 1461 3766 1514 sunt,

2175 1563 2223 1608 et
2249 1562 2388 1607 stare
2417 1559 2537 1605 ante
2562 1549 2732 1620 ﬁlium
2765 1548 3012 1604 hominis.
3043 1546 3188 1602 Bene
3218 1553 3397 1600 autem
3426 1545 3478 1599 in
3505 1542 3770 1599 orationi-

2175 1640 2279 1697 bus
2301 1639 2526 1711 vigilare
2546 1636 2821 1708 iubemur,
2859 1644 2921 1692 ut
2947 1651 3071 1692 cum
3098 1643 3306 1690 stamus
3345 1634 3412 1688 ad
3439 1633 3771 1696 orationem,

2176 1732 2434 1804 cogitatio
2461 1730 2640 1787 omnis
2675 1728 2910 1785 carnalis
2955 1736 3011 1784 et
3037 1727 3316 1783 saecularis
3352 1725 3628 1790 abscedat,
3666 1737 3772 1778 nec

2105 1839 2152 1899 Β
2180 1826 2476 1899 quidquam
2497 1832 2612 1879 tum
2638 1822 2851 1877 animus
2881 1827 3080 1893 prater
3105 1818 3161 1874 id
3195 1817 3366 1874 solum
3398 1815 3601 1888 cogitet
3621 1813 3775 1886 quod

2181 1925 2454 1990 precatur.
2486 1913 2743 1986 Subrepit
2766 1913 2913 1969 enim
2947 1910 3266 1982 frequenter
3295 1909 3488 1974 hostis,
3516 1915 3572 1964 et
3597 1906 3776 1962 subti-

2181 2009 2306 2064 liter
2341 2006 2557 2073 l'allens,
2594 2019 2786 2077 preces
2813 2011 3029 2058 nostras
3059 2017 3090 2057 a
3133 2001 3246 2058 Deo
3287 2007 3496 2064 avocat,
3525 2008 3587 2054 ut
3622 1997 3778 2054 aliud

2182 2097 2479 2152 habeamus
2505 2095 2559 2150 in
2585 2095 2752 2151 corde
2772 2102 2827 2148 et
2851 2093 2995 2148 aliud
3019 2089 3358 2163 proferamus
3383 2089 3435 2144 in
3465 2103 3615 2153 voce,
3645 2103 3780 2143 eum

2184 2183 2484 2240 intentione
2509 2183 2719 2239 sincera
2743 2181 2913 2236 Deum
2940 2181 3135 2235 debeat
3161 2194 3267 2235 non
3291 2194 3456 2234 sonus
3478 2178 3649 2244 vocis,
3675 2177 3784 2232 sed.

2185 2276 2348 2332 animi
2378 2289 2571 2332 sensus
2597 2287 2759 2329 orare

2253 2366 2386 2421 Ante
2413 2363 2589 2421 omnia
2618 2373 2794 2418 autem
2824 2371 3065 2418 mutuam
3093 2360 3149 2414 in
3187 2359 3571 2430 nobismetipsis
3595 2358 3773 2411 cliens

2185 2468 2345 2514 tatem
2388 2457 2693 2512 continuam
2737 2454 3002 2508 habentes.
3061 2452 3205 2507 Bene
3248 2451 3399 2507 addit
3443 2451 3776 2512 continuam,

2186 2547 2313 2618 quia
2351 2560 2567 2617 semper
2587 2544 2810 2616 diligere
2857 2542 3124 2608 valemus,
3156 2555 3370 2612 semper
3412 2546 3592 2594 autem
3631 2535 3776 2608 vigi-

2187 2633 2300 2690 lare
2338 2633 2395 2689 in
2426 2632 2784 2697 orationibus,
2815 2627 3108 2702 fragilitate
3151 2629 3330 2684 carnis
3364 2626 3632 2691 obstante,
3679 2639 3780 2681 ne-

2189 2725 2425 2796 quimus,
2465 2734 2680 2794 semper
2723 2721 2831 2786 his,
2865 2734 3003 2792 quas
3031 2718 3330 2789 subiungit,
3371 2715 3660 2771 virtutibus
3699 2715 3780 2770 in.

2189 2817 2380 2871 sistere
2408 2812 2633 2870 minlme
2656 2811 2916 2878 valemus,
2953 2809 3006 2865 id
3027 2817 3132 2877 est,
3161 2806 3539 2880 h05pitalitati,
3567 2803 3778 2860 doctri-

2191 2923 2294 2973 nae,
2323 2902 2779 2961 administrationi
2804 2901 3126 2971 gratiarum,
3168 2899 3254 2953 vel
3294 2896 3664 2953 communium
3687 2892 3780 2948 vel

2192 2994 2514 3070 spiritalium
2572 2994 2627 3048 in
2680 2992 2980 3062 proximos,
3046 2990 3363 3059 exterisque
3428 2983 3780 3054 huiusmodi;

2193 3087 2320 3159 quia
2349 3087 2468 3141 hme
2499 3085 2755 3140 nimirum
2793 3093 2849 3140 et
2888 3097 2987 3153 per
3010 3080 3245 3138 ofﬁcium
3279 3078 3548 3150 corporis,
3592 3086 3649 3132 et
3680 3089 3783 3147 per

607 3168 735 3194 υιιιυ
760 3168 962 3192 unsoqu
1004 3168 1076 3185 υ..
1165 3168 1222 3179 ,ν
1265 3168 1437 3177 ..-πη
1836 3168 1855 3181 ,

503 3168 610 3288 (1;:
635 3227 858 3286 Galilaia
899 3168 1567 3290 namqtierinlierpretatur
1590 3205 1675 3261 vel
1701 3197 2093 3290 transmigratio
2124 3181 2169 3245 C
2483 3181 2796 3290 ῗρὲνξιιῒιῗ.
2830 3172 2992 3290 ﬁ'erik
3281 3176 3366 3224 est
3389 3168 3550 3290 qipsa
3592 3174 3783 3268 autem

508 3413 596 3468 nis
639 3404 1109 3484 signiﬁcationem,
1159 3396 1289 3469 quid
1333 3391 1480 3450 aliud
1513 3387 1754 3447 occurrit
1794 3382 2097 3484 intelligen-

512 3505 662 3568 dum,
688 3469 960 3571 vprtrcedet
999 3508 1085 3548 vos
1125 3490 1180 3544 in
1222 3483 1521 3547 Galilwam,
1569 3479 1639 3533 ibi
1673 3491 1793 3532 eum
1835 3469 2095 3534 videbitis,

512 3563 657 3654 sicut-
684 3563 819 3650 dixit
856 3590 1016 3656 vobis,
1063 3585 1168 3641 nisi
1197 3580 1342 3654 quod
1375 3574 1578 3635 Christi
1604 3571 1776 3645 gratia
1806 3566 1873 3623 de
1903 3563 2099 3656 populo

517 3653 680 3745 Israel
715 3653 1163 3751 transmigratura
1186 3653 1304 3729 erat
1323 3671 1389 3725 ad
1416 3674 1624 3740 gentes,
1653 3659 1848 3733 quibus
1871 3653 2099 3728 apostoli

516 3781 872 3854 praedicantes
921 3768 1272 3840 Evangelium
1322 3762 1469 3820 nullo
1513 3758 1674 3814 modo
1716 3753 2099 3815 crederentur,

517 3840 622 3932 nisi
649 3871 730 3928 eis
768 3869 883 3939 ipse
930 3863 1191 3920 Dominus
1229 3859 1374 3913 viam
1420 3854 1475 3908 in
1525 3848 1779 3907 cordibus
1824 3840 2103 3900 hominum

519 3927 872 4035 priepararet,
900 3962 957 4010 et
987 3953 1092 4008 hoc
1132 3945 1481 4016 intelligimus
1509 3937 1760 4012 praecedet
1781 3949 1871 3988 vos
1906 3932 1961 3985 in
1998 3927 2107 3984 Ga-

518 4017 736 4107 lrt'laeam.
761 4017 917 4115 Quod
945 4050 1124 4100 autem
1149 4039 1478 4094 mirarentur
1497 4027 1816 4102 gaudentes,
1847 4017 2106 4090 disruptis

519 4152 574 4198 ct
600 4109 809 4195 ενίειίξ
831 4128 1251 4191 dilllcultatibus,
1293 4120 1494 4195 aperiri
1530 4117 1632 4174 sibi
1677 4114 1875 4171 ostium
1906 4110 1960 4164 in
2003 4109 2110 4164 Do-

523 4235 671 4288 mino
712 4243 809 4300 per
838 4221 1285 4280 illuminationem
1329 4211 1587 4273 ﬁdelium,
1617 4206 1722 4262 hoc
1771 4199 2109 4270 intelligitur,

523 4327 596 4381 ibi
630 4289 749 4378 tm}:
771 4317 1029 4380 videbitis,
1057 4313 1109 4368 id
1138 4319 1243 4376 est,
1275 4305 1347 4361 ibi
1377 4301 1620 4359 membra
1648 4296 1765 4367 ejus
1800 4289 2109 4356 invenietis,

527 4414 601 4470 ibi
643 4413 825 4468 vivum
855 4420 1051 4481 corpus
1097 4400 1212 4470 ejus
1261 4399 1314 4452 in
1361 4394 1441 4450 eis
1485 4390 1580 4463 qui
1627 4401 1721 4443 vos
1757 4380 2111 4451 susceperint,

529 4499 855 4575 agnoscetis.
885 4470 1196 4550 Secundum
1242 4485 1372 4541 illud
1401 4487 1581 4538 autem
1607 4476 1752 4551 quod
1781 4472 1999 4529 Galilma
2033 4470 2111 4575 in-

533 4560 861 4666 tdrpretatur
891 4586 1156 4648 revelatio,
1185 4596 1292 4635 non
1316 4578 1428 4648 jam
1461 4575 1512 4629 in
1559 4568 1735 4626 forma
1778 4564 1922 4621 servi
1951 4560 2108 4616 intel-

538 4955 629 5009 llla
656 4953 760 5008 erit
790 4923 1042 5005 revelatio
1069 4923 1320 5010 tanquam
1347 4949 1476 4990 vera
1503 4931 1740 4994 Galilma,
1765 4943 1885 4982 cum
1913 4923 2115 4979 similes

2196 3267 2456 3331 eharitas,
2482 3263 2635 3334 cujus
2671 3263 2930 3319 instinctu
2959 3261 3077 3316 hate
3109 3258 3241 3315 foris
3266 3265 3524 3330 aguntur,
3550 3269 3670 3326 qua
3695 3254 3787 3309 in-

2199 3358 2384 3416 teriori
2431 3356 2640 3414 homini
2672 3353 2947 3427 praesidet,
2980 3366 3195 3423 semper
3233 3349 3435 3405 ibidem
3476 3347 3661 3404 haberi
3685 3359 3789 3416 po-

2198 3458 2346 3518 test,
2385 3446 2636 3521 quamvis
2701 3446 2757 3501 in
2813 3444 3088 3517 publicum
3141 3456 3249 3498 non
3306 3454 3520 3512 semper
3569 3436 3786 3496 ostendi

2200 3549 2396 3613 potest.

2273 3631 2412 3699 Quia
2435 3631 2666 3687 eharitas
2688 3630 2849 3700 operit
2880 3625 3267 3682 multitudinem
3290 3631 3646 3695 peccatorum,
3671 3628 3786 3676 etc.

2201 3725 2260 3781 in
2297 3739 2364 3781 eo
2405 3724 2640 3780 maxime
2673 3738 2797 3776 cum
2828 3721 2940 3776 Deo
2969 3719 3164 3775 dicitur
3189 3716 3481 3781 veraciter,
3510 3724 3557 3770 et
3582 3712 3791 3766 dimitte

2204 3816 2351 3871 nobis
2385 3815 2561 3870 debita
2589 3823 2788 3878 nostra,
2822 3812 2955 3866 sicut
2984 3819 3031 3865 et
3067 3823 3159 3863 nos
3182 3807 3494 3862 dimittimus
3533 3803 3792 3858 debitori.-

2207 3905 2301 3960 bus
2324 3904 2542 3960 nostris.
2573 3903 2640 3958 Et
2661 3901 2924 3972 siquidem
2945 3909 3138 3955 cuncta
3164 3913 3325 3969 opera
3352 3897 3492 3952 bona
3516 3909 3636 3966 quin
3663 3892 3793 3948 faei-

2174 4006 2179 4017 ‘
2209 4009 2352 4062 mus,
2375 3994 2564 4067 culpas
2589 4010 2725 4067 quas
2762 3993 2988 4048 iecimus
3015 3991 3223 4046 diluere
3267 3998 3321 4044 et
3349 3987 3630 4057 cooperire
3663 3999 3792 4039 cer-

2210 4097 2321 4143 tum
2345 4094 2456 4152 est;
2490 4086 2585 4141 sed
2611 4086 2725 4141 huic
2755 4083 2876 4139 ideo
2908 4081 3214 4153 specialiter
3238 4080 3307 4136 de
3344 4079 3608 4134 charitate
3633 4077 3792 4134 dicit.

2209 4197 2308 4253 per
2335 4195 2497 4253 quam
2526 4177 2786 4250 proximis
2815 4176 3018 4231 nostris
3038 4190 3102 4229 ea
3125 4188 3243 4243 quae
3271 4171 3426 4226 nobis
3451 4171 3647 4226 debent
3690 4169 3791 4223 do-

2213 4288 2426 4338 namus,
2468 4271 2595 4341 quia
2636 4268 2995 4340 justissimum
3045 4275 3126 4321 est
3157 4265 3298 4335 apud
3343 4264 3509 4318 Deum
3551 4259 3794 4329 utjuxta

2213 4371 2522 4417 mensuram
2556 4359 2774 4431 pietatis
2803 4372 2908 4427 qua
2947 4355 3118 4410 mensi
3155 4353 3437 4417 fuerimus,
3476 4353 3796 4407 remetiatur

2214 4453 2387 4508 nobis.
2421 4449 2574 4506 Sicut
2601 4465 2632 4504 e
2655 4447 2843 4504 contra
2880 4445 3194 4501 terribiliter
3231 4443 3348 4498 duri
3378 4442 3560 4497 cordis
3593 4442 3678 4495 vir
3706 4455 3795 4497 sn-

2137 4522 2187 4581 Ῑ)
2212 4542 2365 4612 piens
2400 4540 2577 4610 arguit
2602 4539 2786 4592 dicens
2815 4555 2826 4590 :
2855 4535 3026 4589 Homo
3055 4532 3254 4588 homini
3297 4540 3467 4587 servat
3504 4533 3639 4584 iram
3670 4542 3716 4584 et
3763 4548 3798 4584 ο

2217 4634 2321 4687 Deo
2364 4631 2546 4701 quierit
2586 4630 2860 4683 medelam.
2903 4626 3013 4682 Nec
3056 4626 3408 4681 dubitandum
3446 4623 3588 4693 quod
3633 4624 3689 4677 in
3729 4638 3797 4678 eo

2219 4904 2412 4975 gando,
2456 4910 2732 4972 operatur,
2784 4902 3020 4956 cltaritas
3070 4900 3185 4969 ipsa
3226 4893 3466 4968 eooperit
3503 4895 3797 4950 multitudi-

539 5047 588 5099 ci
635 5043 838 5098 erimus
874 5037 966 5092 ubi
1005 5049 1128 5089 eum
1176 5029 1476 5083 videbimus
1520 5021 1675 5078 sicuti
1719 5028 1822 5074 est.
1855 5018 1974 5087 Ipsa
2016 5015 2092 5069 eri

2221 5009 2341 5048 nem
2379 5003 2743 5065 peccatorum.

540 5136 705 5191 etiam
740 5131 947 5186 beatior
978 5119 1380 5190 transmigratio
1421 5131 1486 5170 ex
1516 5115 1620 5168 iSto
1649 5109 1845 5166 saeculo
1878 5108 1932 5161 in
1975 5104 2116 5159 illam

543 5223 921 5282 aeternitatem,
943 5217 986 5271 si
1009 5213 1125 5282 ejus
1146 5218 1413 5282 praecepta
1437 5207 1515 5259 sic
1536 5202 1942 5273 amplectamur,
1970 5205 2031 5251 ut
2051 5195 2118 5248 ad

545 5314 820 5369 dexteram
882 5309 999 5379 ejus
1053 5299 1324 5370 segregari
1395 5309 1699 5350 mereamur
1743 5299 1915 5344 :tunc
1971 5287 2116 5342 enim

549 5401 702 5461 ibunt
737 5375 943 5456 sinistri
990 5395 1043 5447 in
1077 5387 1504 5444 combustioncm
1533 5389 1812 5443 aeternam,
1837 5375 1966 5446 justi
2019 5388 2117 5426 aud

548 5505 657 5548 tem
688 5490 744 5545 in
772 5487 934 5542 vitam
976 5491 1252 5536 aeternam.
1281 5478 1340 5531 In
1379 5472 1693 5528 ascensione
1739 5465 1948 5522 Domini
1989 5464 2120 5517 ista-

554 5591 670 5637 rum
696 5577 918 5632 dnarum
944 5573 1003 5626 iit
1025 5559 1310 5626 concordia
1338 5564 1649 5622 lectionum,
1675 5559 1762 5612 ubi
1791 5558 2124 5611 demonstra-

2294 5093 2354 5148 Si
2382 5094 2498 5163 quis
2528 5092 2757 5162 loquitur
2784 5096 2932 5160 quasi
2954 5103 3213 5143 sermones
3244 5085 3359 5140 Dei.
3395 5085 3613 5141 Timone
3642 5084 3793 5139 vide-

2219 5186 2347 5242 licet
2377 5202 2443 5241 ne
2467 5194 2665 5254 praeter
2696 5183 3023 5237 voluntatem
3060 5181 3174 5244 Dei,
3223 5178 3308 5232 vel
3341 5187 3535 5247 praeter
3565 5176 3709 5246 quod
3739 5174 3795 5230 in

2227 5275 2424 5331 sanctis
2449 5273 2743 5343 Scripturis
2771 5272 3047 5326 evidenter
3070 5268 3399 5339 praecipitur,
3423 5267 3512 5321 vel
3526 5266 3675 5321 dicat
3700 5263 3797 5319 ati-

2224 5365 2350 5436 quid
2387 5364 2471 5420 vel
2509 5365 2756 5434 imperet,
2801 5369 2856 5415 et
2889 5359 3196 5417 inveniatur
3230 5366 3488 5426 tanquam
3527 5354 3696 5410 falsus
3722 5363 3802 5411 te-

2225 5459 2346 5524 stis,
2378 5465 2471 5511 aut
2499 5453 2813 5523 sacrilegus,
2843 5452 2929 5505 vel
2959 5450 3304 5504 introducens
3332 5446 3533 5516 aliquid
3563 5445 3798 5500 alienam

2228 5549 2292 5603 ad
2337 5545 2639 5602 doctrinam
2688 5541 2940 5607 Domini;
2990 5540 3075 5594 vel
3117 5548 3264 5594 certe
3292 5536 3709 5606 subrelinquens
3745 5543 3804 5590 et

555 5681 643 5726 tur
675 5664 790 5736 ejus
837 5658 1248 5719 resurrectionis
1286 5666 1445 5724 atque
1492 5651 1819 5707 ascensionis
1858 5647 2025 5718 gloria
2057 5643 2125 5697 de
2225 5638 2539 5709 prmteriens
2568 5634 2770 5704 aliquid
2793 5647 2980 5689 eorum
3007 5646 3125 5700 quae
3155 5630 3266 5683 Deo
3283 5629 3480 5697 placita
3504 5635 3649 5688 sunt.
3676 5639 3800 5680 cum

558 5759 661 5816 hoc
683 5755 894 5819 saeculo,
919 5765 970 5808 et
1014 5760 1297 5805 venturum
1326 5745 1438 5814 ejus
1471 5742 1729 5814 judicium
1757 5740 1808 5792 in
1857 5739 1959 5789 tine
1985 5748 2123 5805 prae-

2230 5732 2344 5799 ipse
2386 5725 2824 5781 manifestissime
2859 5722 3299 5791 praedicatoribus
3340 5718 3582 5772 veritatis
3610 5717 3675 5771 de
3717 5716 3802 5772 liis
