3946 6372
176 396 268 453 257

1226 388 1531 448 llOMILlAi
1567 386 1633 446 ΙΝ
1674 387 1905 444 ΕγΑΝο
1972 384 2056 441 ET
2102 386 2321 443 El’lST.

3322 382 3430 441 238

176 524 299 579 quos
326 509 449 562 vitia
468 504 1091 575 imbucrcnt,pr;ecipiat
1119 504 1305 559 dit-cus
1330 522 1341 557 :
1376 503 1628 557 Docentes
1655 520 1741 557 eos
1772 509 1818 569 Α
1846 500 2066 559 aequatis
2092 510 2176 555 est
2202 498 2351 553 Patri
2381 510 2434 554 et
2461 498 2619 564 Filio,
2648 507 2707 553 ut
2734 506 3091 568 cognoscatur
3117 513 3276 551 unam
3312 511 3435 553 esse

176 618 365 656 scrvare
385 600 565 654 omnia
589 615 912 670 quiscunque
944 598 1191 653 mandari
1224 598 1381 652 vobis.
1421 595 1489 650 Et
1508 610 1573 659 ea
1599 596 1744 651 enim

176 706 283 761 qua:
310 691 422 762 ipse
465 690 897 750 mandavitmon
924 689 1052 755 alia,
1084 698 1135 745 et
1185 690 1318 757 haec,
1340 703 1446 742 non
1483 702 1547 741 ex
1592 694 1765 759 parte,

177 784 262 839 sed
284 782 464 838 omnia
488 782 605 837 suis
632 782 970 861 auditoribus
991 784 1059 837 ad
1079 781 1403 838 servandum
1425 779 1747 834 contradere

171 872 328 942 jubet.

242 960 296 1017 Si
313 961 426 1032 quis
452 962 720 1016 ministrat
744 971 992 1032 tanquam
1017 978 1083 1016 ea:
1101 969 1310 1027 virtute,
1334 976 1491 1031 quam
1522 959 1750 1013 admini-

178 1064 297 1110 strat
323 1054 457 1108 Deus
487 1071 506 1108 :
539 1054 713 1108 Tanto
744 1052 999 1108 humilius
1024 1051 1296 1122 impendat
1318 1050 1548 1119 quisque
1569 1049 1751 1120 proxi-

179 1164 257 1201 mo
278 1148 477 1202 bonum
507 1161 669 1202 omne
693 1146 834 1216 quod
861 1153 1056 1216 potest,
1089 1151 1290 1215 quanto
1324 1142 1625 1198 certissime
1650 1158 1749 1198 no-

177 1241 246 1293 vit
268 1237 521 1308 quoniam
554 1253 583 1290 a
610 1237 899 1307 semetipso
924 1253 1029 1293 non
1057 1243 1237 1305 potest
1262 1235 1462 1289 habere
1486 1232 1628 1304 quod
1650 1233 1751 1287 im-

177 1327 385 1398 pendat,
409 1328 549 1381 utin
576 1325 827 1382 omnibus
849 1326 1238 1382 honoriﬁcetur
1266 1325 1406 1387 Deus
1433 1340 1529 1396 per
1564 1322 1750 1380 Jesum

174 1419 461 1484 Christum,
482 1417 641 1487 juxta
682 1418 853 1489 ipsius
878 1417 1005 1473 Jesu
1041 1417 1243 1473 Christi
1281 1423 1611 1487 przeceptum
1645 1430 1752 1486 quo

176 1510 245 1563 ait
272 1526 285 1562 :
321 1507 543 1562 Videant
575 1518 740 1562 vestra
766 1506 902 1562 bona
937 1523 1114 1577 opera,
1141 1516 1191 1559 et
1219 1504 1511 1576 gloriﬁcent
1537 1504 1751 1559 Patrem

175 1609 391 1655 vestrum
414 1600 506 1669 qui
545 1600 599 1652 in
623 1598 762 1652 caelis
806 1607 902 1652 est.
949 1597 1349 1653 llonoriﬁcatur
1372 1612 1501 1667 ergo
1528 1598 1670 1653 Deus
1698 1597 1753 1651 in

176 1691 383 1745 actibus
428 1688 651 1753 nostris,
674 1702 797 1743 cum
823 1702 983 1743 omne
1009 1688 1153 1759 quod
1197 1688 1334 1742 bene
1361 1702 1426 1742 ac
1457 1686 1756 1741 secundum

178 1781 503 1836 voluntatem
528 1780 620 1834 Dei
646 1778 895 1844 facimus,
923 1792 1027 1833 non
1056 1778 1158 1834 hoc
1178 1777 1378 1833 nostris
1403 1777 1636 1842 meritis,
1660 1776 1754 1831 sed

1845 592 2175 648 voluntatem
2210 600 2371 662 atque
2395 593 2763 662 operationem
2793 599 2994 646 sancta:
3023 589 3322 645 Trinitatis.

1917 682 2039 747 Ille,
2071 682 2265 752 inquit,
2314 682 2665 736 testimonium
2708 680 2993 752 perliibebit
3039 680 3104 735 tie
3138 689 3434 745 mactans

1847 775 2198 830 testimonium
2228 772 2577 844 perlzibebitis.
2596 772 2731 838 Quia
2762 771 2903 840 quod
2925 771 3131 840 Spiritu
3163 771 3310 845 intus
3332 771 3433 825 do-

1849 877 2005 923 cente
2029 874 2407 938 perceperunt,
2434 865 2568 930 hate,
2592 863 2800 931 abiecto
2822 866 3032 927 timore,
3064 864 3439 934 praestiterunt

1847 956 1984 1011 foris
2036 955 2302 1026 loquendo
2346 963 2401 1009 et
2435 954 2555 1009 aliis
2604 954 2978 1008 ministrando.
3029 954 3148 1024 Ipse
3202 966 3436 1022 namque

1850 1046 2085 1117 Spiritus
2098 1048 2263 1103 corda
2278 1062 2466 1103 eorum
2484 1046 2549 1100 ad
2569 1045 2848 1101 scientiam
2866 1045 3108 1099 veritatis
3126 1045 3434 1108 illustravit,

1850 1146 1906 1193 et
1927 1140 1994 1194 ad
2014 1138 2254 1194 docenda
2286 1152 2408 1206 quas
2437 1145 2662 1191 noscent
2690 1135 2928 1190 culmina
2973 1134 3219 1190 veritatis
3241 1135 3433 1189 erexit.

1851 1231 1983 1286 Cum
2010 1238 2185 1283 autem
2210 1228 2427 1293 uenerit,
2458 1229 2556 1293 ait,
2602 1226 2934 1290 Paracletus,
2967 1224 3056 1279 ille
3089 1226 3438 1279 testimonium

1850 1319 2133 1393 perhibebit
2163 1319 2226 1372 de
2250 1335 2350 1373 me.
2384 1318 2664 1388 Tanquam
2693 1319 2915 1382 diceret,
2948 1316 3082 1372 Odio
3111 1332 3199 1371 me
3238 1317 3438 1371 habue-

1854 1420 1983 1468 runt
2000 1410 2395 1467 et.occiderunt
2422 1410 2697 1474 videntes,
2727 1410 2820 1464 sed
2848 1410 2953 1463 tale
2976 1410 3043 1464 de
3074 1424 3161 1464 me
3192 1408 3441 1463 Paracle-

1853 1514 1941 1562 tus
1964 1500 2331 1561 testimonium
2360 1486 2691 1574 perhibebit,
2725 1510 2782 1556 ut
2809 1516 2904 1557 eos
2933 1501 3097 1555 faciat
3117 1502 3169 1555 in
3204 1516 3288 1555 me
3318 1516 3440 1556 cre-

1855 1598 1983 1653 dere
2014 1612 2120 1652 non
2152 1595 2415 1649 videntes.
2454 1592 2522 1646 Et
2546 1609 2653 1656 vos,
2705 1592 2903 1661 inquit,
2929 1592 3281 1645 testimonium
3327 1607 3444 1661 per-

1854 1688 2108 1753 hibebitis,
2142 1686 2265 1757 quia
2291 1685 2353 1740 ab
2378 1684 2529 1739 initio
2554 1700 2755 1737 mecum
2776 1684 2920 1738 estis.
2948 1681 3256 1737 Perhibebit
3278 1680 3446 1752 Spiri-

1859 1791 1946 1836 tus
1973 1788 2209 1842 sanctus,
2238 1777 2593 1849 perhibebitis
2611 1784 2669 1831 et
2690 1790 2805 1842 vos,
2839 1776 2929 1846 qui
2952 1777 3021 1830 ab
3056 1775 3209 1831 initio
3230 1791 3440 1831 meeum

176 1872 286 1941 eius
312 1872 503 1943 statim
531 1871 847 1935 ll'ibUimUS;
878 1884 910 1925 θ
938 1877 1125 1925 εοηιΐε
1152 1878 1328 1923 amem
1358 1868 1497 1922 mala
1525 1883 1645 1937 (1υὲιέ
1666 1882 1755 1939 se“
1782 1874 1830 1934 B
1856 1876 2019 1941 esus,
2045 1874 2271 1945 potestis
2298 1872 2591 1942 prmdicare
2619 1872 2763 1941 quod
2785 1871 2958 1925 nostis
2979 1869 3123 1939 quod
3157 1871 3316 1925 modo
3337 1884 3443 1924 non

178 1963 342 2016 rimus
369 1970 571 2015 nostra:
602 1959 774 2014 solum
825 1958 1065 2023 malitias,
1096 1957 1182 2012 vel
1218 1957 1446 2023 inertiae,
1478 1957 1563 2011 vel
1600 1957 1754 2027 igno-

179 2053 360 2107 rantia:
404 2052 765 2122 deputamus:
792 2050 917 2104 ideo
957 2062 1179 2104 necesse
1216 2055 1299 2102 est
1342 2055 1402 2100 ut
1447 2047 1615 2101 vitam
1661 2062 1757 2101 ηοε-

178 2152 339 2198 stram
374 2144 427 2196 in
454 2142 711 2197 omnibus
734 2141 1031 2197 secundum
1059 2140 1389 2195 voluntatem
1418 2138 1514 2194 Dei
1542 2138 1757 2193 ordine-

180 2251 314 2299 mus,
344 2243 399 2287 et
423 2248 488 2287 ea
516 2248 636 2302 qua:
667 2231 734 2285 ab
762 2245 827 2286 eo
846 2228 998 2299 jussa
1028 2238 1154 2285 sunt
1189 2228 1427 2284 studiose
1454 2226 1753 2292 faciamus;

180 2342 293 2397 qua:
320 2335 503 2381 autem
545 2325 613 2378 ab
640 2339 704 2379 eo
746 2322 1015 2393 prohibita
1058 2330 1184 2376 sunt
1222 2319 1367 2374 nullo
1402 2319 1561 2373 modo
1594 2332 1758 2387 agan-

180 2429 280 2485 tur,
312 2418 405 2472 sed
438 2420 494 2471 in
526 2425 671 2471 recta
712 2415 817 2469 ﬁde
845 2423 900 2469 et
927 2413 1084 2469 bonis
1112 2411 1390 2481 operibus,
1420 2424 1590 2478 usque
1620 2410 1673 2462 in
1698 2407 1759 2461 fi-

182 2526 298 2565 nem
326 2510 453 2564 vitm
484 2522 836 2579 perseverare
864 2503 1293 2561 contendamus:
1322 2510 1618 2572 praestante
1648 2499 1757 2554 Do-

181 2600 321 2655 mino
346 2609 539 2655 nostro
579 2598 705 2653 Jesu
733 2596 971 2659 Christo,
999 2596 1090 2665 qui
1120 2609 1241 2649 cum
1271 2593 1433 2648 Patre
1464 2601 1519 2647 et
1554 2591 1759 2661 Spiritu

182 2701 363 2747 sancto
390 2692 528 2754 vivit
554 2698 608 2744 et
635 2697 820 2753 regnat
848 2687 988 2743 Deus
1013 2702 1112 2757 per
1147 2685 1329 2740 omnia
1361 2684 1556 2739 sarcula
1594 2698 1758 2739 saecu-

181 2782 369 2838 lorum.
398 2782 597 2837 Amen.

717 2887 995 2944 HOMILIA
1036 2885 1222 2941 XLIX.

722 3018 773 3055 IN
813 3015 989 3057 EODE!
1027 3014 1212 3054 FESTO.

284 3114 472 3171 Lectio
513 3113 685 3168 sancti
727 3111 1001 3181 Evangelii
1043 3108 1339 3164 secundum
1369 3106 1654 3162 Joannem.

252 3230 314 3284 In
344 3231 436 3284 illo
466 3240 698 3299 tempore
726 3228 859 3281 dixit
886 3228 1042 3281 Jesus
1063 3225 1333 3297 discipulis
1356 3226 1501 3280 suis:
1526 3224 1657 3279 Cum
1684 3241 1765 3279 ve-

184 3327 309 3379 nerit
347 3325 587 3394 Spiritus
637 3324 952 3388 paraclettts,
978 3336 1125 3388 quem
1164 3336 1257 3391 ego
1303 3322 1505 3373 mittam
1550 3318 1694 3373 vobis
1732 3336 1765 3372 a

184 3416 341 3472 Patre
388 3433 531 3483 meo,
576 3416 817 3487 spiritum
856 3415 1110 3478 veritatis,
1152 3412 1251 3483 qui
1295 3429 1329 3465 a
1376 3410 1539 3465 Patre
1586 3424 1768 3482 proce-

184 3508 277 3571 dit,
310 3516 418 3562 etc.

250 3598 326 3652 Ex
366 3596 557 3652 multis
601 3594 777 3649 sancti
823 3592 1099 3665 Evangelii
1141 3591 1273 3646 locis
1311 3590 1612 3645 invenimus
1638 3587 1767 3658 quia

184 3688 426 3758 discipuli
456 3694 587 3741 ante
612 3686 899 3740 adventum
932 3684 1104 3738 sancti
1137 3682 1370 3751 Spiritus
1405 3682 1585 3735 minus
1607 3694 1769 3749 capa-

183 3795 268 3835 ces
296 3787 457 3834 erant
484 3778 555 3831 ad
585 3776 985 3847 intelligendum
1019 3789 1216 3829 arcana
1245 3773 1439 3828 divina:
1469 3772 1769 3827 sublimita-

186 3873 268 3936 tis,
297 3872 482 3925 minus
514 3870 685 3923 fortes
711 3869 778 3921 ad
801 3866 1079 3922 toleranda
1110 3866 1341 3920 adversa
1362 3865 1611 3918 humanm
1642 3878 1769 3932 pra—

183 3962 379 4025 vitatis,
432 3960 533 4015 sed
560 3959 659 4023 eis,
707 3957 1026 4012 adveniente
1064 3954 1286 4025 Spiritu,
1319 3969 1442 4008 eum
1485 3960 1770 4023 augmento

185 4050 375 4105 divina:
415 4048 714 4121 agnitionis
745 4048 867 4101 data
899 4055 985 4102 est
1032 4046 1195 4099 etiam
1235 4045 1536 4099 constantia
1567 4044 1635 4097 ad
1659 4044 1771 4097 vin-

184 4144 352 4197 cenda
397 4142 657 4196 humana:
694 4136 1087 4208 persecutionis
1112 4142 1439 4189 tentamenta
1464 4151 1477 4186 :
1504 4132 1647 4187 unde
1676 4146 1770 4186 eos

188 4231 418 4302 Spiritus
462 4228 642 4286 sancti
686 4229 917 4282 adventu
965 4226 1211 4297 promisit
1256 4224 1587 4279 roborandos
1626 4236 1767 4286 esse,

184 4324 265 4378 vel
304 4325 371 4379 ad
420 4322 682 4377 ﬁduciam
725 4318 1144 4390 prmdicationis,
1171 4317 1256 4371 vel
1302 4316 1369 4370 ad
1409 4314 1770 4371 constantiam

187 4415 471 4484 passionis,
499 4415 643 4469 sicut
679 4412 732 4467 in
762 4412 877 4480 ipso
906 4409 1146 4480 principe
1168 4406 1532 4476 apostolorum
1568 4404 1769 4459 factum

187 4522 300 4562 esse
329 4506 709 4577 cognovimus,
747 4504 836 4573 qui
868 4502 1017 4572 prius
1055 4501 1122 4554 ad
1156 4501 1325 4554 *unius
1351 4498 1558 4553 ancilla:
1585 4511 1769 4551 vocem

1861 1967 2062 2032 facitis,
2092 1966 2220 2031 quia
2259 1963 2401 2019 illius
2450 1961 2685 2033 Spiritus
2715 1960 2994 2033 plenitudo
3025 1962 3263 2016 nomium
3293 1960 3448 2015 adest

1858 2058 2032 2114 vobis.

1931 2149 2063 2204 th'c
2113 2148 2318 2203 locutus
2367 2162 2484 2201 sum
2527 2144 2668 2207 vobis
2718 2154 2777 2198 ut
2827 2159 2935 2198 non
2987 2140 3442 2197 scandalizemini.

1859 2243 2063 2314 Absque
2088 2241 2365 2312 synagogis
2412 2238 2607 2308 facient
2632 2255 2740 2293 vos.
2775 2237 2996 2293 Curavit
3044 2252 3278 2307 namque
3324 2237 3446 2309 pius

1858 2333 2117 2404 magister
2142 2331 2321 2387 futura
2343 2330 2620 2401 discipulis
2647 2344 2939 2401 pravorum
2966 2327 3105 2385 bella
3129 2330 3445 2399 prmdicere,

1860 2436 1968 2491 quo
1994 2422 2172 2477 minus
2199 2422 2315 2477 haec
2340 2420 2729 2476 eosvenientia
2747 2428 2968 2489 possent
2997 2419 3243 2485 turbare;
3277 2418 3450 2473 solent

1859 2512 2006 2567 enim
2056 2511 2227 2567 levius
2277 2510 2406 2567 ferri
2440 2512 2664 2565 adversa
2713 2524 2833 2579 quas
2877 2510 3257 2579 praasciuntur,
3284 2524 3449 2579 quam

1860 2618 1981 2672 quae
2009 2602 2190 2658 subito
2217 2617 2283 2657 ex
2332 2604 2616 2672 desperato
2644 2600 3048 2670 superveniunt.
3079 2600 3231 2655 Sicut
3269 2600 3321 2653 in
3349 2616 3450 2654 sm-

1860 2695 2031 2750 culari
2078 2694 2383 2750 litteratura
2428 2694 2651 2765 legitur,
2681 2706 2825 2762 smpe
2880 2692 3146 2763 repentini
3196 2706 3357 2747 casus
3395 2702 3453 2747 et

1864 2784 2295 2856 perturbationes
2343 2783 2667 2839 fortissimos
2714 2797 2961 2853 quosque
2987 2782 3043 2836 in
3080 2780 3222 2837 bello
3249 2772 3451 2837 milites

1865 2875 2040 2931 solent
2075 2875 2325 2946 fatigare.

1934 2964 2037 3031 Sed
2060 2967 2192 3021 venit
2219 2966 2349 3020 hora
2372 2976 2427 3019 ut
2446 2968 2614 3021 omnis
2639 2967 2727 3037 qui
2755 2964 3001 3034 interﬁcit
3031 2982 3137 3031 vos,
3169 2966 3453 3020 arbitretur

1864 3056 2163 3129 obsequium
2193 3072 2248 3111 se
2276 3067 2527 3125 prmstare
2555 3057 2684 3111 Deo.
2714 3056 3136 3111 Arbitrabantur
3171 3057 3317 3112 enim
3348 3061 3451 3113 oh-

1864 3146 2111 3215 sequium
2149 3160 2209 3201 se
2252 3145 2363 3200 Deo
2392 3153 2656 3216 praestare
2700 3144 2895 3211 ludasi,
2926 3146 2979 3199 in
3008 3160 3074 3201 eo
3102 3146 3246 3215 quad
3294 3147 3456 3201 mini-

1792 3230 1838 3293 C
1869 3245 2012 3292 stros
2032 3235 2168 3291 Novi
2195 3234 2528 3291 Testamenti
2555 3236 2695 3292 odiis
2714 3237 3140 3306 insequebantur
3167 3246 3222 3291 et
3244 3244 3454 3303 morte;

1868 3325 1983 3391 sed,
2001 3326 2142 3381 sicut
2156 3325 2260 3380 illis
2289 3325 2658 3381 testimonium
2685 3327 2935 3396 perhibet
2953 3325 3265 3396 Apostolus,
3284 3340 3455 3381 atum-

1868 3416 2123 3471 lationem
2165 3415 2366 3469 habent
2403 3414 2500 3469 sed
2526 3428 2635 3471 non
2664 3415 2965 3469 secundum
3008 3414 3310 3470 scientiam.
3353 3419 3457 3469 Ar-

1868 3507 2136 3562 bitrantur
2163 3521 2292 3576 ergo
2319 3505 2453 3575 legis
2488 3505 2834 3561 aemulatores
2863 3506 3184 3576 obsequium
3212 3520 3271 3561 se
3312 3518 3455 3577 prat-

1868 3607 2015 3654 stsre
2061 3598 2194 3661 Deo,
2223 3596 2349 3650 dum
2387 3596 2728 3667 prteconibus
2773 3597 2961 3667 gratiae
3000 3612 3160 3651 neces
3192 3596 3452 3663 inferunt,

1869 3689 1962 3745 sed
1988 3686 2104 3757 ejus
2128 3687 2299 3756 legem
2323 3702 2442 3756 quae
2468 3702 2565 3756 per
2591 3685 2850 3739 fanuilum
2877 3684 3001 3739 dat‘a
3029 3694 3113 3740 est
3139 3685 3451 3749 defendunt,

1870 3783 1962 3850 qui
1987 3781 2216 3851 gratiam
2243 3795 2405 3849 quam
2431 3779 2545 3848 ipse
2568 3778 2736 3834 Filius
2757 3776 2911 3834 oll‘ert
2930 3780 3175 3849 accipere
3200 3788 3452 3835 renuunt.

1872 3870 1978 3926 Sed
2010 3872 2279 3926 incassum
2327 3870 2473 3923 Patri
2522 3870 2737 3940 placere
2784 3870 3075 3935 testimant,
3106 3871 3197 3939 qui
3233 3869 3339 3924 Dei
3367 3868 3449 3923 Fi.
3530 3853 3537 3859 ’

1870 3962 2000 4017 lium
2040 3972 2415 4025 contemnere,
2464 3962 2573 4015 imo
2621 3961 2787 4014 etiam
2816 3961 3068 4031 persequi
3100 3976 3163 4014 ac
3210 3960 3459 4032 blasphe-

1872 4069 2023 4109 mare
2054 4054 2320 4108 laborant.
2343 4054 2459 4107 Duo
2482 4051 2619 4107 dixit
2645 4052 2748 4107 illis
2769 4068 2890 4108 esse
2915 4062 3141 4107 ventura
3173 4068 3204 4105 a
3233 4050 3455 4117 Judmis,

1872 4147 1925 4201 id
1953 4155 2068 4211 est,
2102 4154 2162 4199 ut
2206 4154 2359 4200 extra
2390 4159 2717 4215 synagogam
2755 4159 2848 4200 eos
2878 4143 3139 4208 lacerent,
3185 4152 3237 4198 et
3267 4153 3326 4197 ut
3363 4158 3459 4198 eos

1874 4235 2266 4301 interficerent,
2313 4250 2433 4304 quae
2458 4234 2622 4289 etiam
2658 4235 2725 4287 ad
2772 4234 3044 4288 cumulum
3094 4233 3459 4288 damnationis

1876 4325 2016 4379 illius
2064 4318 2243 4394 popuii
2292 4325 2669 4395 pertinebant,
2720 4333 2779 4377 ut
2828 4324 2894 4378 ad
2934 4323 3161 4377 salutem
3214 4324 3456 4393 gentium

1873 4413 2157 4483 profutura
2189 4412 2433 4469 fuissent.
2488 4414 2640 4469 Sicut
2669 4414 2868 4469 Paulus
2896 4415 2950 4468 in
2978 4414 3203 4469 Actibus
3244 4422 3459 4483 aposto-

1876 4504 2049 4557 lorum
2099 4502 2202 4558 illis
2248 4502 2449 4559 Jndteis
2497 4504 2635 4558 dixit
2684 4518 2698 4557 :
2745 4504 2883 4569 Quia
2910 4505 3150 4573 indignos
3191 4520 3276 4557 vos
3306 4504 3459 4557 verba

188 4601 459 4655 Christum
511 4599 691 4653 timuit
739 4596 1009 4659 confiteri,
1050 4609 1207 4662 quem
1255 4600 1439 4661 postea
1484 4591 1681 4659 palam.
1716 4573 1849 4643 01D
1877 4599 1973 4653 Dei
2029 4600 2223 4668 fecistis
2251 4638 2264 4662 ,
2295 4615 2411 4652 ecce
2463 4600 2814 4652 convertimur
2860 4598 2928 4650 ad
2977 4607 3170 4667 gentes.
3203 4596 3289 4651 Sic
3318 4598 3454 4649 enim

187 4693 437 4747 omnibus
463 4690 682 4745 exteris
704 4685 1060 4748 constantius,
1093 4684 1295 4753 Spiritu
1325 4690 1513 4735 sancto
1550 4681 1771 4735 robora-

191 4794 270 4838 tus
302 4784 491 4837 multis
519 4780 827 4835 Judzeorum
869 4778 1104 4832 millibus
1131 4774 1470 4844 praedicavit;
1507 4774 1577 4827 ita
1613 4784 1670 4826 ut
1704 4772 1771 4825 ad

188 4874 298 4942 ejus
326 4869 771 4941 praedicationem
802 4865 905 4919 tria
934 4864 1098 4919 millia
1129 4865 1363 4917 virorum
1394 4862 1633 4931 legamus
1653 4876 1772 4915 cre-

190 4963 383 5016 didisse
409 4970 468 5013 et
514 4957 814 5026 baptizatos
839 4967 978 5018 esse,
1009 4962 1063 5007 et
1108 4969 1211 5007 non
1242 4961 1361 5021 post
1389 4951 1613 5005 multum
1644 4960 1773 5005 tem-

190 5055 329 5121 poris
374 5053 548 5106 etiam
578 5048 814 5118 quinque
867 5046 1027 5099 millia
1079 5045 1391 5099 credidisse.
1436 5042 1588 5109 Quod
1642 5058 1770 5097 vero

191 5144 281 5207 ait,
312 5143 401 5213 qui
430 5160 464 5193 α
516 5139 675 5192 Putre
700 5136 953 5207 procedit,
994 5144 1049 5189 et
1083 5134 1263 5187 statim
1303 5134 1596 5202 subjuuxit,
1620 5149 1770 5202 quem

190 5250 278 5302 ego
310 5233 546 5291 mittam,
576 5226 842 5297 signiticet
880 5226 1020 5294 quod
1058 5224 1334 5292 mqualiter
1364 5224 1501 5277 idem
1539 5222 1772 5291 Spiritus

192 5331 407 5373 sanctus
437 5334 468 5370 a
500 5317 662 5370 Patre
696 5324 751 5369 et
781 5315 914 5369 Filio
946 5313 1184 5383 procedit
1224 5328 1277 5365 et
1304 5312 1583 5379 aequaliter
1618 5328 1647 5364 a
1676 5313 1771 5365 Pa-

196 5420 268 5465 tre
295 5421 350 5465 et
378 5408 522 5464 Filio
562 5406 832 5463 mittitur:
860 5406 952 5461 sed
990 5412 1207 5474 pr0pter
1232 5403 1630 5456 distinctionem
1660 5419 1775 5471 per-

194 5517 446 5556 sonarum
503 5500 593 5554 hic
623 5498 821 5551 dicitur
861 5513 889 5550 a
932 5497 1093 5550 Patre
1136 5496 1426 5562 procedere
1475 5503 1529 5549 et
1560 5511 1588 5547 a
1639 5494 1773 5548 Filio

196 5594 349 5658 mitti,
382 5595 437 5647 in
461 5591 657 5646 eadem
702 5589 1044 5644 distinctione
1072 5602 1419 5655 personarum
1460 5602 1621 5640 unam
1652 5600 1771 5639 esse

196 5686 565 5753 operationem
594 5697 657 5737 ac
682 5680 1009 5734 voluntatem
1039 5694 1191 5734 suam
1218 5694 1337 5734 eum
1383 5677 1558 5731 Patris
1584 5678 1771 5731 volnu-

199 5781 304 5831 *διε
337 5774 649 5830 denuntiat.
684 5770 843 5825 Venit
879 5770 1039 5825 etiam
1066 5777 1120 5824 et
1150 5784 1244 5824 sua
1276 5776 1484 5836 sponte,
1514 5770 1767 5836 quoniam

1875 4691 2116 4759 prmcepit
2155 4690 2299 4743 nobis
2330 4689 2585 4743 Dominus
2616 4707 2633 4743 :
2663 4690 2797 4743 Ecce
2823 4690 2943 4743 dedi
2975 4699 3023 4741 te
3055 4691 3109 4742 in
3140 4688 3306 4742 lucem
3335 4705 3457 4758 gen-

1873 4782 2020 4840 tium,
2066 4790 2120 4833 ut
2150 4781 2224 4834 sis
2271 4780 2443 4833 salvus
2474 4780 2527 4833 in
2571 4797 2633 4834 ea
2671 4797 2831 4850 usque
2870 4780 2937 4833 ad
2968 4790 3253 4834 extremam
3280 4788 3453 4834 terrm.

1876 4871 2134 4939 Sequitur
2165 4888 2177 4923 :

1946 4961 2012 5029 Et
2042 4961 2153 5014 lucc
2182 4959 2374 5029 facient
2402 4959 2525 5031 quia
2557 4976 2659 5014 non
2711 4968 2958 5013 noverunt
3008 4976 3088 5013 me
3133 4973 3295 5030 neque
3339 4960 3458 5011 Pa-

1877 5060 2009 5102 trem
2045 5065 2238 5103 meum.
2274 5049 2406 5117 Quia
2458 5048 2618 5102 enim.
2654 5048 2821 5102 Filius
2870 5049 2922 5103 in
2973 5048 3153 5113 Patre,
3209 5058 3264 5102 et
3298 5049 3458 5104 Pater

1879 5148 1961 5193 est
2004 5139 2056 5192 in
2089 5139 2257 5202 Filio,
2287 5149 2341 5193 et
2370 5138 2461 5208 qui
2504 5138 2651 5191 videt
2688 5138 2881 5191 Filium
2932 5138 3076 5192 videt
3121 5148 3181 5192 et-
3220 5138 3451 5202 Patrem,

1878 5238 2027 5300 patet
2072 5229 2314 5298 profecto
2374 5228 2517 5297 quod
2568 5231 2875 5299 quicunque
2906 5229 3025 5282 Filii
3079 5229 3453 5283 credulitatem

1880 5319 2142 5373 obstinata
2184 5328 2363 5373 mente
2406 5318 2687 5388 rcjicinnt,
2736 5332 2833 5371 nec
2883 5317 3096 5372 Patrem
3143 5332 3300 5373 nosse
3328 5334 3455 5387 pro-

1878 5411 2090 5464 bantur.

1949 5497 2076 5551 Ha'c
2101 5499 2163 5551 ab
2193 5500 2341 5551 initio
2369 5499 2506 5553 vobis
2552 5514 2652 5550 non
2686 5498 2817 5561 dixi,
2840 5498 2961 5566 quia
2991 5507 3248 5551 vobiscum
3285 5511 3450 5549 nam.

1878 5587 2065 5656 Magna
2097 5588 2387 5643 consolatio
2432 5597 2514 5642 est
2541 5587 2921 5655 discipulorum
2954 5596 3011 5641 ut
3043 5587 3455 5641 reminisceren-

1878 5688 1967 5732 tur
1986 5686 2110 5733 ante
2135 5678 2387 5747 prtedicta
2402 5692 2521 5733 esse
2537 5694 2566 5731 a
2591 5678 2849 5746 magistro
2872 5693 2991 5746 quze
3012 5677 3222 5745 passuri
3249 5689 3449 5738 essent.

1874 5778 1928 5823 et
1949 5768 2194 5823 eumdem
2215 5783 2274 5824 se
2297 5769 2497 5823 scirent
2518 5767 2718 5823 habere
2745 5767 3040 5838 adiutorem
3062 5776 3117 5821 et
3140 5780 3422 5824 remunera
3438 5797 3452 5809 -
