3946 6348
459 368 588 422 “259

1111 366 1170 419 B.
1209 364 1460 419 RABAN
1497 364 1714 421 hAURt
1747 362 2066 421 ARCillEP.
2113 364 2422 422 MOGUNT.
2465 364 2749 423 ΟΠΞΙίοΜ
2792 364 2971 419 PARS
3010 365 3072 418 ll.

3650 359 3760 418 2‘50

459 491 657 535 'torem
681 520 694 545 ,
714 492 814 549 pro
841 479 993 546 cujus
1019 477 1235 532 nomine
1269 476 1394 530 talia
1422 490 1679 546 passuros
1701 491 1759 536 se
1782 490 1902 531 esse
1923 489 2062 544 prm-
2092 477 2140 536 Α
2169 489 2474 531 sermonem
2521 492 2681 530 suum
2730 486 2786 531 ct
2818 475 3108 530 ostendens
3145 473 3414 542 quomodo
3440 472 3506 529 dc
3555 468 3622 529 eo
3660 470 3760 543 qui

482 568 687 624 dictum
716 573 801 622 est
835 565 960 621 illis.

554 659 661 716 Sed
691 658 802 713 hac
829 657 1033 713 locutus
1064 675 1180 712 sum
1208 659 1364 724 vobis,
1423 669 1478 713 ut
1512 676 1630 713 cum
1668 659 1860 713 uenerit
1910 659 2062 723 liora,

479 766 660 806 eorum
692 750 1130 814 reminiscamini,‘
1148 751 1271 822 quia
1314 767 1407 821 ego
1439 752 1549 806 dixi
1576 752 1735 806 vobis.
1767 751 1897 819 Quae
1940 758 2065 805 sunt

479 856 599 910 qua:
621 841 689 896 ab
719 840 874 895 initio
915 840 1018 895 illis
1043 856 1151 896 non
1197 840 1368 896 dixit?
1395 841 1571 897 Etiam
1601 842 1666 897 de
1695 841 1899 913 Spiritu
1948 856 2066 896 san-

479 939 566 983 cto
604 945 767 1000 quem
795 931 1057 985 missurus
1086 939 1204 986 erat
1230 930 1336 986 illis
1365 946 1396 985 a
1425 932 1607 997 Patre,
1634 941 1688 986 et
1720 932 1786 987 de
1820 932 2066 987 consola-

478 1021 629 1076 tione
658 1031 712 1077 et
741 1021 1151 1078 conﬁrmatione
1175 1021 1417 1092 ejusdem
1451 1022 1710 1094 Spiritus,
1739 1039 1846 1092 quo
1872 1039 2066 1078 conso-

479 1112 619 1167 landi
652 1121 707 1168 et
728 1115 1015 1170 roborandi
1041 1115 1290 1181 fuissent,
1311 1122 1371 1169 ut
1395 1114 1575 1169 omnia
1603 1115 1785 1170 mundi
1817 1115 2062 1180 adversa,

479 1201 563 1256 vel
613 1202 919 1260 Iudaeorum
974 1204 1225 1260 scandala
1279 1213 1335 1260 et
1398 1204 1840 1275 persecutiones,
1893 1204 2064 1259 libero

479 1295 666 1352 animo
693 1297 990 1354 formidare
1023 1312 1129 1353 non
1158 1297 1490 1353 debuissent.

551 1387 684 1443 Hac
711 1390 776 1443 ab
814 1390 965 1444 initio
996 1407 1099 1444 non
1125 1389 1259 1454 dixi,
1286 1391 1410 1460 quia
1429 1390 1700 1453 uobiscum
1728 1406 1893 1443 erant.
1927 1387 2067 1456 Quo—

479 1479 626 1535 niam
651 1495 769 1535 mea
790 1481 1078 1550 praesentia
1107 1481 1488 1536 consolabatur
1514 1497 1630 1536 vos.
1667 1480 1897 1536 istarum
1934 1481 2066 1534 dua-

481 1585 599 1624 rum
644 1568 700 1625 in
736 1571 1018 1626 cbaritatis
1065 1569 1246 1626 ofﬁcio
1296 1571 1354 1625 ﬁt
1395 1572 1680 1627 concordia
1730 1572 2060 1634 lectimium,

477 1674 640 1730 quam
664 1659 756 1729 qui
784 1659 1024 1730 perfecte
1072 1660 1258 1725 habet,
1288 1667 1343 1713 et
1375 1667 1484 1712 tam
1523 1658 1686 1713 corde
1733 1673 1896 1728 quam
1940 1673 2064 1728 ope-

481 1749 628 1805 ribus
655 1749 886 1820 pleniter
914 1764 1084 1820 usque
1132 1750 1183 1804 in
1232 1748 1395 1804 ﬁnem
1423 1749 1547 1803 vita:
1592 1763 1809 1804 servare
1839 1757 2063 1804 conten-

2166 567 2464 622 secundum
2486 582 2708 622 carnem
2737 575 2819 622 est
2858 564 3122 635 dixit,qui
3148 565 3287 618 enim
3308 565 3618 633 sanctiﬁcat,
3649 565 3759 622 hoc

2165 665 2248 711 est
2275 656 2551 723 Christus;
2586 666 2633 711 et
2658 659 2747 728 qui
2788 655 3208 723 sanctiﬁcantur,
3240 654 3344 710 hoc
3368 663 3471 720 est,
3508 672 3627 721 nos,
3669 655 3752 712 in-

2165 747 2334 802 tueris
2360 753 2621 818 quantum
2653 747 2913 802 interest?
2940 745 3028 800 llle
3076 745 3395 812 sanctiﬁcat,
3423 761 3521 802 nos
3551 749 3759 803 sancti-

2166 835 2412 892 ﬁcamur.
2441 837 2679 902 Addidit,
2702 853 2766 890 ea:
2789 852 2892 889 uno
2917 853 3110 890 omnes.
3143 836 3291 892 Unus
3317 845 3400 891 est
3433 838 3578 894 enim
3608 838 3756 894 Deus

2165 944 2196 982 a
2227 945 2334 998 quo
2360 931 2578 995 omnia;
2607 930 2699 985 sed
2727 929 2814 984 ille
2837 929 3014 994 aliter,
3047 929 3204 985 aliter
3228 938 3284 984 et
3316 945 3444 994 nos;
3479 930 3567 985 ille
3594 933 3752 1001 quasi

2166 1020 2416 1089 proprius
2441 1019 2633 1085 Filius,
2680 1035 2780 1075 nos
2829 1035 2957 1076 vero
3003 1019 3155 1090 quasi
3212 1021 3467 1090 adeptivi.
3495 1022 3754 1078 Attamen

2168 1126 2331 1164 unum
2387 1112 2648 1166 habemus
2694 1111 2911 1166 Patrem
2946 1112 3145 1178 Deum;
3185 1111 3274 1166 ille
3300 1115 3453 1182 quasi
3502 1115 3758 1184 proprius

2166 1202 2334 1256 Filius
2378 1202 2714 1266 sanctiﬁcat,
2744 1217 2846 1258 nos
2889 1203 3031 1257 sicut
3060 1203 3296 1272 adoptivi
3327 1203 3756 1267 sanctiﬁcaniur,

2165 1303 2385 1362 propter
2427 1309 2588 1362 quam
2628 1308 2847 1349 causam
2881 1309 2984 1348 non
3033 1292 3378 1348 confunditur
3417 1292 3616 1350 fratres
3661 1309 3758 1351 eos

2163 1369 2362 1437 vocare
2390 1383 2577 1439 dicens
2605 1403 2615 1435 :

2242 1472 2511 1527 Nuntiabo
2544 1489 2732 1528 nomen
2759 1484 2905 1527 tuum
2937 1473 3186 1541 fratribus
3229 1474 3379 1528 meis.
3409 1475 3465 1529 In
3512 1490 3578 1531 eo
3611 1475 3754 1531 enim

2166 1564 2309 1633 quod
2334 1563 2489 1628 dixit,
2525 1579 2626 1617 non
2653 1564 2906 1618 erubescit
2933 1567 3125 1634 fratres
3168 1583 3256 1620 eos
3298 1583 3498 1630 uocare,
3530 1567 3757 1623 demon-

2166 1661 2305 1708 su'at
2347 1660 2548 1707 nostra:
2580 1662 2788 1707 naturae
2825 1668 2945 1708 esse
2978 1652 3370 1709 fraternitatem
3396 1697 3411 1721 ,
3467 1656 3560 1710 sed
3596 1658 3758 1712 misc-

2169 1743 2414 1797 ricordiae
2442 1741 2559 1811 ejus
2593 1751 2648 1797 et
2675 1742 2995 1798 humilitatis
3041 1744 3240 1807 multae,
3273 1745 3397 1814 quia
3429 1761 3527 1801 nos
3558 1745 3758 1800 fratres

477 1837 575 1903 dit,
603 1837 723 1893 sine
747 1838 910 1894 dubio
935 1847 1136 1892 aeterno
1168 1853 1334 1908 regno
1372 1846 1424 1892 et
1467 1837 1919 1906 contemplatione
1948 1837 2062 1892 vul-

2174 1831 2327 1903 elegit
2368 1833 2490 1888 sibi.
2540 1833 2606 1887 Et
2653 1834 2753 1888 hoc
2782 1834 3099 1904 pr0phetico
3141 1834 3374 1890 aliimiat
3420 1839 3754 1900 testimonio,

479 1934 566 1981 tus
597 1926 724 1992 Dei,
770 1936 826 1982 et
879 1927 1083 1981 sanctis
1119 1927 1326 1997 angelis
1356 1926 1566 1982 fruetur
1611 1928 1665 1982 in
1693 1935 2012 1997 perpetuum
2047 1945 2060 1980 :

475 2024 767 2084 praestante
795 2015 1022 2069 Domino
1061 2024 1270 2082 nostro,
1313 2016 1406 2086 qui
1441 2032 1562 2071 cum
1589 2016 1752 2071 Patre
1775 2025 1830 2072 et
1859 2015 2064 2088 Spiritu

476 2110 664 2160 sancto
687 2103 820 2158 vivit
862 2112 916 2158 et
948 2111 1137 2176 regnat
1165 2103 1306 2159 Deus
1335 2118 1433 2175 per
1459 2104 1643 2161 omnia
1669 2105 1867 2161 saecula
1893 2120 2062 2162 saecu-

460 2194 676 2250 lorum.
710 2195 903 2250 Amen.

1077 2282 1359 2340 HOMlLlA
1403 2283 1464 2339 L.

1127 2390 1299 2430 ἘΕΒΙΔ
1327 2390 1402 2428 ιν.

479 2470 662 2525 Lectio
713 2468 965 2539 Epistolm
1011 2469 1154 2524 beati
1206 2467 1359 2523 Pauli
1407 2467 1637 2538 apostoli
1675 2468 1745 2522 ad
1786 2467 2059 2522 Hebraeos.

556 2558 792 2624 Fratres,
828 2559 1048 2612 vidimus
1073 2558 1254 2612 Jesum
1287 2566 1510 2627 propter.
1545 2558 1837 2626 passionem
1880 2558 2062 2611 mortis

479 2652 648 2722 gloria
683 2660 730 2704 et
767 2651 965 2704 honore
1001 2658 1333 2714 coronatum,
1364 2658 1418 2702 ut
1457 2648 1640 2722 gratia,
1678 2648 1777 2702 Dei
1813 2666 1908 2717 pro
1954 2665 2064 2702 orn—

468 2741 628 2794 .nibus
658 2735 887 2812 gustaret
920 2750 1162 2794 mortem.

553 2831 648 2886 llic
677 2831 911 2886 ostendit
937 2832 1062 2900 quia
1090 2830 1259 2900 gloria
1284 2839 1339 2885 et
1363 2831 1538 2886 honor
1566 2846 1700 2885 crux
1725 2839 1809 2886 est
1836 2829 2061 2896 Christi.

478 2939 577 2992 pro
599 2937 702 2992 qua
719 2922 988 2977 modicum
1010 2921 1315 2976 minoratus
1343 2931 1424 2975 est
1455 2920 1524 2975 ab
1548 2920 1770 2990 angelis,
1784 2921 1921 2976 sicut
1951 2921 2065 2992 ipse

481 3013 737 3068 Dominus
771 3027 889 3066 eam
930 3027 1143 3081 semper
1172 3018 1331 3066 vocat
1352 3010 1538 3065 dicens
1587 3024 1601 3062 :
1637 3010 1707 3066 Ut
1736 3009 2066 3081 gloriﬁcetur

481 3103 621 3158 ﬁlius
669 3102 921 3158 hominis.
965 3101 1021 3158 Si
1054 3101 1141 3156 ille
1174 3115 1237 3155 ea
1266 3115 1386 3170 quas
1431 3115 1529 3170 pro
1564 3101 1736 3155 servis
1760 3116 1955 3171 passus
1981 3109 2066 3157 est

2166 1941 2234 1980 ne
2265 1925 2418 1995 quasi
2449 1939 2645 1979 novum
2674 1933 2972 1993 putaretur,
3008 1933 3062 1980 et
3093 1941 3198 1980 non
3238 1927 3407 1982 multo
3453 1935 3578 1982 ante
3612 1943 3760 1998 prm-

2167 2014 2388 2069 dictum.
2438 2012 2529 2067 Ait
2575 2013 2752 2078 enim,
2806 2015 3054 2068 nuntiabo
3109 2015 3362 2084 fratribus
3412 2018 3577 2081 meis;
3633 2029 3759 2086 post

2165 2118 2376 2160 sacram
2407 2104 2716 2176 passionem
2761 2113 2816 2158 et
2862 2105 3317 2160 resurrectionem
3365 2106 3494 2161 dicit
3520 2107 3752 2178 gloriam

2165 2194 2471 2250 Divinitatis
2536 2202 2647 2249 toto
2701 2195 2834 2249 orbe
2886 2195 3229 2265 vulgandam.
3290 2195 3558 2252 Nuntiabo
3609 2200 3754 2254 enim

2164 2286 2318 2351 dicit,
2346 2286 2399 2340 id
2425 2293 2527 2351 est,
2561 2299 2787 2340 narrare
2827 2285 2990 2350 facio,
3037 2285 3176 2341 sicut
3202 2288 3256 2340 in
3303 2287 3596 2360 Evangelio
3632 2305 3752 2345 mn-

2163 2379 2386 2434 lieribus
2414 2380 2552 2436 dixit
2598 2399 2610 2433 :
2655 2379 2754 2446 Ite,
2789 2381 3024 2434 nuntiate
3072 2380 3325 2450 fratribus
3358 2384 3520 2449 meis;
3551 2384 3758 2439 fratres

2165 2476 2345 2522 autem
2402 2468 2654 2523 dicuntur
2709 2457 2763 2521 et
2812 2467 2926 2536 qui
2952 2467 3180 2538 diligunt
3218 2477 3272 2524 et
3312 2471 3401 2538 qui
3433 2470 3755 2542 diliguntur.

2163 2557 2386 2612 Addidit
2419 2575 2430 2610 :

2235 2649 2302 2703 In
2319 2650 2488 2704 medio
2516 2649 2769 2704 Ecclesite
2799 2650 3026 2705 laudabo
3053 2662 3118 2705 te.
3149 2652 3205 2706 In
3233 2654 3410 2709 medio
3436 2663 3754 2711 sanctorum

2164 2740 2282 2795 laus
2308 2740 2521 2795 Domini
2550 2749 2772 2795 resonat
2804 2756 2901 2811 per
2927 2756 3051 2796 eum
3079 2743 3172 2812 qui
3207 2744 3282 2796 ait
3308 2762 3320 2797 :
3352 2742 3619 2814 Confiteor
3639 2743 3757 2810 tibi,

2165 2828 2347 2895 Pater,
2377 2828 2606 2908 Domine.
2629 2829 2742 2884 coeli
2767 2839 2814 2883 et
2840 2839 3012 2896 teme,
3056 2833 3183 2901 quia
3218 2832 3536 2888 abscondisti
3564 2836 3678 2889 Iure
3721 2854 3757 2888 α

2163 2919 2483 2990 sapientibus
2510 2929 2557 2974 et
2584 2920 2825 2975 revelasti
2848 2938 2909 2976 ea
2935 2923 3188 2992 parvulis.
3211 2922 3353 2978 Laus
3386 2923 3601 2979 Domini
3624 2941 3754 2981 vera

2165 3026 2273 3065 non
2312 3010 2485 3065 solum
2516 3025 2614 3066 ore
2645 3012 2738 3066 sed
2785 3012 2948 3066 etiam
2973 3013 3157 3078 corde,
3204 3015 3436 3070 amantis
3483 3025 3537 3071 et
3582 3017 3756 3088 perﬁ-

2168 3099 2362 3155 cientis
2391 3107 2666 3169 prmcepta
2689 3099 2902 3154 Domini
2953 3111 3228 3159 narratur.
3261 3102 3327 3157 Et
3363 3104 3559 3159 iterum
3590 3122 3604 3158 τ
3637 3105 3757 3175 Ego

479 3190 706 3262 gloriam
737 3199 911 3256 vocat,
935 3190 1104 3245 multo
1135 3166 1365 3260 amplius
1396 3166 1472 3253 tu,
1504 3189 1683 3253 homo,
1716 3166 1806 3260 qui
1831 3205 1930 3259 pro
1959 3192 2065 3246 Do-
2091 3166 2136 3229 C
2168 3206 2256 3244 ero
2285 3166 2452 3257 ﬁdens
2498 3191 2551 3243 in
2569 3166 2718 3244 eum.
2753 3189 2829 3245 De
2873 3201 3123 3261 suscepto
3159 3193 3376 3249 homine
3405 3195 3508 3251 hoc
3548 3166 3755 3252 dictu-tn

480 3284 624 3338 mino
657 3283 878 3353 pateris,
905 3283 1000 3336 tibi
1029 3282 1098 3337 ad
1130 3281 1354 3351 gloriam
1385 3279 1656 3349 pertinere
1680 3281 2064 3350 sempiternam

478 3374 726 3429 dubitare
775 3387 881 3426 non
936 3371 1122 3426 debes.
1181 3370 1436 3435 Addidit,
1483 3378 1539 3421 ut
1589 3369 1762 3438 gratia
1821 3369 1918 3423 Dei
1968 3386 2064 3440 pro

477 3465 714 3518 omnibus
736 3472 966 3534 gustaret
1000 3472 1239 3516 mortem.
1275 3461 1453 3531 Ipsum
1479 3474 1610 3515 vero
1637 3461 1868 3531 gratiam
1900 3459 2066 3514 nomi-

479 3564 573 3610 nat
601 3555 691 3624 qui
723 3569 821 3623 pro
848 3553 1087 3608 omnium
1119 3552 1295 3607 salute
1344 3551 1580 3622 gustavit
1631 3562 1899 3614 mortem;
1954 3567 2062 3606 non

477 3647 622 3702 enim
671 3644 965 3702 debebatur
1011 3644 1167 3700 nobis
1196 3653 1254 3698 ut
1281 3643 1452 3699 Filius
1500 3661 1598 3714 pro
1641 3645 1797 3700 nobis
1825 3654 2066 3714 gustaret

481 3746 741 3803 mortem,
795 3737 892 3793 sed
928 3737 1104 3808 gratia
1158 3738 1261 3792 hoc
1307 3736 1477 3804 fecit,
1534 3740 1646 3809 ipse
1695 3739 1914 3810 quidem
1967 3754 2066 3808 pro

478 3829 730 3884 omnibus
796 3839 1042 3883 mortuus
1095 3835 1197 3881 est.
1249 3827 1390 3893 Quid
1449 3837 1628 3883 autem
1675 3829 1717 3883 si
1781 3844 1890 3883 non
1945 3844 2064 3883 om-

481 3935 578 3975 nes
626 3919 886 3984 credunt,
938 3917 1025 3973 ille
1077 3927 1256 3973 tamen
1315 3921 1457 3988 quod
1503 3936 1660 3975 suum
1711 3929 1831 3975 erat
1877 3920 2066 3990 imple-

480 4010 582 4074 vit,
621 4015 904 4079 propterea
956 4008 1109 4072 dixit,
1162 4010 1400 4080 gustavit
1436 4021 1694 4076 mortem,
1740 4011 1866 4082 quia
1915 4012 2065 4066 brevi

481 4100 800 4169 temporein
849 4100 936 4154 illa
969 4099 1087 4164 fuit,
1122 4109 1179 4154 ut
1216 4115 1279 4156 ea
1310 4101 1518 4158 devicta
1545 4103 1830 4158 confestim
1880 4117 2064 4157 resur-

479 4198 652 4258 geret.

550 4283 772 4338 Decebat
800 4285 937 4337 enim
957 4300 1074 4337 eum
1098 4293 1306 4354 propter
1330 4301 1481 4354 quem
1509 4286 1706 4350 omnia,
1727 4295 1772 4338 et
1797 4302 1889 4355 per
1913 4302 2063 4354 quem

482 4376 776 4445 omnia,qui
799 4374 987 4429 multos
1006 4375 1143 4443 ﬁlios
1159 4375 1452 4429 adduxerat
1470 4377 1522 4429 in
1541 4374 1779 4445 gloriam,
1797 4385 2063 4428 auctorem

480 4464 665 4518 salutis
686 4480 864 4517 eorum
882 4480 974 4534 per
982 4453 1275 4530 passionem
1291 4480 1668 4517 consummare.
1686 4463 1908 4517 Decebat
1925 4464 2063 4516 enim

480 4572 571 4625 per
594 4555 885 4624 passionem
911 4570 1294 4608 consummare.
1324 4553 1379 4607 ld
1399 4563 1501 4619 est,
1535 4555 1792 4622 perlicere
1820 4553 2061 4607 omnium

482 4642 732 4708 salutem,
766 4659 858 4712 per
893 4658 1044 4712 quem
1073 4642 1271 4707 omnia,
1300 4641 1354 4695 id
1402 4649 1507 4705 est,
1536 4655 1634 4710 per
1667 4639 1784 4710 ejus
1807 4648 2058 4701 mortem,

483 4738 596 4791 sive
641 4750 761 4807 qua:
796 4735 850 4788 in
899 4734 1084 4797 cmlis,
1133 4733 1246 4788 sive
1291 4748 1412 4802 qum
1463 4734 1516 4787 in
1564 4732 1722 4786 terris
1759 4740 2062 4786 restaurata

482 4836 625 4893 sunt,
684 4841 781 4897 per
831 4841 995 4896 quem
1053 4826 1217 4879 etiam
1255 4826 1438 4879 omnia
1487 4834 1671 4880 creata
1722 4832 1863 4878 sunt.
1896 4822 2058 4879 Vides

482 4927 743 4987 quantum
775 4926 860 4972 est
880 4918 932 4971 in
955 4915 1132 4970 medio
1159 4925 1426 4979 nostrum,
1456 4923 1512 4969 et
1541 4915 1656 4983 ipse
1683 4913 1851 4968 Filius
1880 4921 1934 4968 et
1961 4929 2058 4968 nos

485 5011 598 5076 lilii,
629 5010 715 5064 ille
751 5008 1018 5080 preprius,
1054 5021 1153 5061 nos
1183 5007 1421 5076 adoptati
1473 5023 1485 5059 :
1541 5006 1634 5060 sed
1667 5005 1753 5059 ille
1785 5004 1956 5059 salvat
2003 5016 2058 5060 et

481 5117 582 5157 nos
629 5100 919 5157 salvamur.
968 5098 1130 5153 Vides
1178 5097 1446 5166 quomodo
1475 5112 1574 5151 nos
1603 5104 1657 5151 et
1685 5098 1958 5166 conjungit
2004 5106 2057 5152 et

482 5193 741 5250 discernit
766 5210 778 5246 :
810 5190 1006 5245 multos
1037 5189 1195 5254 ﬁlios,
1224 5188 1419 5257 inquit,
1439 5188 1693 5243 inducens
1723 5188 1777 5240 in
1806 5188 2053 5257 gloriam,

484 5286 570 5340 hic
609 5281 908 5351 conjunxit,
951 5292 1243 5345 auctorem,
1276 5280 1479 5349 inquit,
1516 5279 1702 5334 salutis
1729 5293 1932 5343 eorum,
1967 5279 2056 5333 hic

483 5375 752 5428 discrevit.

557 5465 658 5529 Qui
688 5464 823 5516 enim
857 5462 1174 5528 sanctiﬁcat,
1215 5471 1262 5514 et
1291 5460 1378 5530 qui
1422 5460 1835 5529 sanctiﬁcantur,
1858 5476 1922 5512 ea:
1951 5475 2053 5512 uno

485 5573 678 5610 0mm".
713 5555 850 5609 Ecce
881 5555 1076 5609 iterum
1115 5554 1382 5623 quomodo
1403 5550 1679 5621 coniungit
1704 5542 1974 5606 honoraris
2002 5559 2056 5604 et

483 5643 788 5708 consolans,
818 5653 872 5697 et
900 5643 1100 5699 Christi
1145 5641 1341 5699 fratres
1383 5657 1476 5697 eos
1524 5642 1826 5705 nominans,
1858 5657 2054 5696 secun-

484 5731 611 5806 dum
657 5733 800 5803 quod
844 5747 910 5788 ex
961 5748 1068 5787 uno
1095 5747 1188 5786 eos
1229 5747 1348 5786 esse
1389 5732 1534 5784 dicit.
1567 5731 1766 5784 Deinde
1815 5731 2059 5785 muniens

2167 3290 2269 3347 est,
2307 3281 2462 3350 cujus
2508 3282 2834 3337 conﬁdentia
2873 3291 2984 3338 tota
3034 3285 3088 3338 in
3119 3286 3230 3341 Deo
3281 3285 3441 3343 Patre
3470 3304 3591 3344 esse
3641 3306 3753 3345 non

2168 3371 2389 3427 dubium
2427 3380 2538 3439 est;
2573 3371 2713 3428 sicut
2761 3372 2814 3427 in
2842 3372 3134 3446 Evangelio
3166 3376 3281 3444 ipse
3322 3378 3399 3431 ait
3427 3393 3525 3448 pro
3555 3379 3755 3449 quibus

2166 3461 2570 3532 supplicabatur
2622 3463 2808 3519 dicens
2863 3482 2875 3517 :
2939 3461 3106 3529 Volo,
3154 3463 3356 3531 Pater,
3407 3479 3464 3520 ut
3517 3469 3605 3521 ubi
3658 3486 3758 3539 ego

2165 3569 2303 3616 sum,
2335 3562 2381 3606 et
2413 3553 2503 3608 isti
2527 3553 2632 3608 sint
2658 3570 2882 3609 mecum.
2913 3554 3058 3621 Quos
3086 3556 3251 3610 etiam
3282 3565 3340 3610 ut
3366 3555 3756 3613 conﬁdentiam

2167 3644 2431 3700 haberent
2470 3645 2863 3700 exhortabatur
2907 3645 3136 3701 dicendo
3165 3664 3177 3701 :
3210 3646 3490 3717 Conﬁdite,
3528 3661 3620 3719 ego
3651 3651 3760 3704 uici

2166 3736 2439 3789 mundum.
2469 3737 2535 3790 Et
2559 3737 2756 3791 iterum
2786 3755 2798 3789 :

2239 3827 2374 3882 Ecce
2394 3845 2486 3898 ego
2523 3837 2572 3882 et
2602 3828 2750 3898 pueri
2772 3844 2901 3898 quos
2941 3827 3069 3882 mihi
3097 3828 3236 3882 dedit
3271 3828 3428 3882 Deus.
3460 3828 3574 3885 Hoc
3604 3830 3759 3885 testi-

2168 3922 2407 3976 monium
2437 3923 2502 3975 de
2529 3922 2661 3976 lsaia
2688 3921 2913 3990 protulit
2940 3920 3230 3991 Apostolus
3253 3921 3320 3976 ad
3358 3918 3658 3985 Christum,
3696 3931 3759 3975 et

2167 4014 2233 4066 ad
2285 4012 2556 4082 apostolos
2600 4011 2843 4068 referens
2873 4053 2887 4079 ,
2925 4028 3062 4083 quos
3109 4021 3333 4082 propter
3384 4012 3758 4067 innocentiam

2166 4118 2360 4172 pueros
2413 4102 2725 4156 nominavit.
2779 4103 2854 4156 De
2904 4103 3099 4171 quibus
3154 4101 3268 4170 ipse
3312 4101 3573 4155 Dominus
3625 4100 3755 4154 ait:

2167 4193 2336 4247 Sinite
2363 4191 2603 4261 parvulos
2634 4193 2803 4247 venire
2832 4192 2900 4246 ad
2927 4209 3028 4257 me,
3061 4191 3245 4246 talium
3268 4201 3340 4246 est
3366 4193 3501 4246 enim
3532 4208 3756 4262 regnum

2165 4281 2430 4337 caelorum.

2236 4374 2375 4441 Quia
2413 4392 2534 4447 ergo
2585 4378 2733 4446 pueri
2789 4377 3298 4430 communicaverunt
3351 4376 3496 4428 carni
3541 4385 3589 4428 et
3624 4391 3749 4430 san-

2166 4465 2330 4536 guini,
2362 4475 2407 4519 et
2436 4467 2543 4535 ipse
2571 4466 2810 4520 similiter
2833 4466 3163 4535 participavit
3189 4465 3391 4519 iisdem.
3421 4464 3518 4519 Hic
3548 4467 3751 4521 astruit

2166 4556 2558 4611 fraternitatem
2583 4571 2766 4610 veram
2797 4565 2851 4610 et
2884 4556 3272 4610 humanitatem
3301 4556 3352 4609 in
3379 4554 3598 4610 Christo
3639 4570 3750 4612 non

2167 4646 2391 4700 ﬁctam:
2424 4647 2567 4701 sicut
2609 4647 2758 4716 pueri
2789 4660 2952 4700 carne
2991 4653 3047 4700 et
3090 4645 3348 4714 sanguine
3389 4653 3663 4710 constant,
3695 4656 3752 4700 et

2165 4735 2254 4790 ille
2282 4735 2627 4806 participavit
2654 4735 2804 4790 carni
2833 4742 2889 4789 et
2927 4734 3193 4804 sanguini,
3228 4743 3288 4786 ut
3337 4733 3562 4787 haberet
3603 4732 3750 4788 unde

2165 4834 2405 4896 gustaret
2442 4833 2670 4879 mortem
2694 4839 2792 4893 pro
2817 4839 3103 4892 puerorum
3133 4823 3325 4888 salute,
3356 4822 3506 4890 cujus
3529 4823 3751 4894 dispen-

2167 4915 2390 4970 sationis
2417 4912 2622 4968 aﬂ‘atim
2643 4927 2863 4967 causam
2889 4911 3217 4981 subjungens
3248 4930 3259 4964 :

2239 5003 2309 5058 Ut
2330 5020 2422 5072 per
2450 5011 2688 5069 mortem,
2713 5003 2908 5072 inquit,
2939 5003 3222 5056 destrueret
3251 5017 3367 5055 eum
3398 5001 3486 5071 qui
3519 5000 3744 5056 habebat

2166 5094 2349 5149 mortis
2394 5093 2687 5160 imperium.
2719 5091 2832 5146 Hoc
2867 5101 2951 5145 est
2979 5090 3269 5145 diabolum.
3298 5087 3394 5143 Hic
3421 5088 3745 5147 admirabile

2163 5184 2418 5262 quiddam
2442 5184 2801 5245 demonstrat,
2847 5183 2971 5252 quia
3002 5196 3099 5249 per
3119 5181 3258 5248 quod
3287 5185 3605 5248 potestatem
3644 5179 3745 5233 ha-

2160 5275 2280 5330 buit
2329 5272 2597 5336 diabolus,
2646 5286 2741 5340 per
2783 5271 2884 5325 hoc
2924 5271 3095 5324 victus
3124 5278 3206 5323 est
3235 5283 3250 5322 :
3282 5283 3428 5321 arma
3460 5282 3578 5334 quae
3627 5265 3746 5322 fue-

2172 5372 2289 5419 rant
2309 5362 2384 5416 illi
2410 5362 2570 5416 fortia
2598 5360 2877 5414 adversum
2903 5359 3178 5422 mundum,
3210 5359 3310 5412 b'oc
3340 5365 3422 5410 est
3452 5369 3614 5419 mors,
3641 5370 3747 5425 per

2158 5472 2280 5512 eam
2323 5454 2474 5508 illum
2524 5452 2770 5506 Christus
2823 5451 3117 5520 percussit;
3180 5449 3266 5504 hic
3313 5446 3742 5517 magnitudinem

2157 5545 2376 5601 virtutis
2405 5544 2520 5614 ejus
2548 5544 2636 5612 qui
2664 5543 2788 5596 vicit
2822 5542 3082 5604 insinuat,
3118 5538 3446 5595 ostendendo
3476 5545 3749 5605 quantum

2160 5637 2363 5692 bonum
2402 5642 2715 5701 operaretur
2762 5647 2924 5685 mors.

2238 5729 2307 5782 Er
2335 5729 2595 5791 liberaret,
2639 5727 2829 5793 inquit,
2874 5741 2958 5777 eos
3001 5726 3089 5793 qui
3114 5726 3294 5776 timore
3324 5721 3504 5775 mortis
3537 5736 3630 5790 per
3663 5733 3751 5779 to-
