3946 6324
147 394 241 456 ιιι

1192 389 1494 448 HOMILUE
1533 389 1600 444 IN
1642 389 1889 445 EVANC.
1935 390 2022 444 ET
2063 389 2279 446 EPIST.

3307 388 3422 445 262

160 522 258 566 tam
317 509 472 562 vitam
533 506 746 560 obnoxii
787 512 933 558 erant
981 503 1235 556 servituti.
1267 501 1444 568 Quare
1480 503 1730 568 tremitis,
1760 508 1809 566 Α
1837 511 1979 556 stras
2006 518 2112 557 non
2151 503 2323 558 solum
2352 503 2491 558 sicut
2523 503 2685 570 Deus,
2713 501 2807 558 sed
2827 499 2990 556 etiam
3017 498 3336 555 sicuthomo
3361 500 3415 553 in

157 616 320 669 quare
364 596 571 652 timetis
599 611 718 651 eam
764 609 882 663 quae
907 591 1016 662 iam
1069 593 1424 647 condemnata
1462 594 1579 646 est?
1618 590 1734 658 jam

160 688 410 744 terribilis
427 703 545 742 non
573 694 674 750 est,
703 685 796 740 sed
843 684 1114 754 optabilis,
1160 683 1312 753 quasi
1342 683 1582 737 laborum
1613 685 1734 738 linis

158 793 208 838 et
233 781 437 850 requiei
473 772 706 833 initium.
731 777 855 838 Cur,
888 777 995 840 ait,
1024 777 1209 830 timore
1251 776 1431 829 mortis
1459 791 1550 845 per
1571 783 1734 828 totam

159 873 308 926 vitam
353 871 566 924 obnoxii
589 879 734 922 erant
760 868 1037 922 servituti?
1063 867 1215 921 Servi
1245 867 1510 937 siquidem
1545 867 1735 920 mortis

157 977 336 1016 otnues
362 960 582 1013 fuerant
604 959 728 1029 quia
760 966 987 1012 mortem
1018 957 1548 1021 timebant,necdum
1578 965 1736 1011 erant

158 1052 308 1107 soluti
350 1067 379 1104 a
429 1052 624 1105 timore
672 1051 884 1112 mortis,
938 1050 1090 1120 cujus
1134 1049 1340 1119 legibus
1393 1049 1730 1103 tenebantur.

157 1141 303 1198 Nunc
334 1144 518 1211 itaque
546 1142 718 1196 sancti
747 1140 994 1195 derident
1026 1155 1170 1203 eam,
1195 1141 1309 1210 qui,
1343 1154 1513 1209 agone
1554 1149 1731 1194 trans-

159 1244 273 1289 acto
318 1243 372 1288 et
405 1242 578 1288 morte
625 1233 853 1297 devicta,
887 1235 954 1287 ad
1001 1249 1222 1303 regnum
1260 1233 1537 1286 transituri
1589 1244 1730 1287 sunt.

159 1324 306 1380 Unde
333 1334 388 1379 et
425 1325 539 1393 ipse
583 1323 782 1378 Paulus
809 1324 884 1377 ait
916 1342 927 1376 :
964 1324 1126 1395 Cupio
1154 1323 1365 1377 dissolvi
1396 1333 1443 1375 et
1484 1339 1592 1376 esse
1617 1340 1733 1376 cum

157 1416 378 1470 Christo.

227 1509 504 1578 Nusquam
539 1508 676 1561 enim
716 1505 926 1576 angelos
977 1507 1357 1576 apprehendit,
1415 1507 1506 1561 sed
1560 1524 1733 1562 semen

157 1599 375 1652 Abrahrc
397 1597 757 1667 apprehendit.
790 1594 938 1650 Unde
958 1596 1131 1650 debuit
1153 1613 1248 1665 per
1279 1598 1451 1652 omnia
1482 1597 1733 1666 fratribus

155 1688 394 1742 similari.
447 1687 690 1742 Honorat
733 1687 822 1742 hic
868 1686 1232 1756 patriarcham
1279 1703 1480 1758 eosque
1532 1689 1622 1759 qui
1667 1688 1733 1742 de

156 1778 267 1847 ejus
310 1786 436 1832 sunt
465 1792 684 1847 genere,
716 1777 784 1831 ad
816 1791 952 1846 quos
983 1777 1099 1830 haec
1129 1776 1365 1845 Epistula
1396 1778 1596 1847 scripta
1625 1784 1728 1832 est.

1834 595 2012 664 seipso
2062 609 2156 663 per
2201 595 2628 663 experimentum
2677 593 2962 666 cognovit;
3017 591 3142 646 licet
3187 590 3331 646 Deus
3359 589 3412 643 in

1834 699 1929 739 sua
1954 692 2142 737 natura
2167 685 2238 738 sit
2268 684 2631 754 impassibilis,
2650 694 2830 740 tamen
2852 685 2906 738 in
2931 691 3114 738 nostra
3146 697 3310 752 quam
3333 695 3417 735 as-

1834 773 2238 842 sumpsit,idem
2261 774 2354 826 Dei
2379 773 2548 828 Filius
2577 775 2848 844 passibilis
2869 774 2970 829 fuit
2997 781 3194 828 nostra:
3209 780 3417 826 natura

1835 865 2146 920 consimilis.
2189 866 2243 919 In
2274 880 2337 919 ea
2362 880 2490 920 vero
2539 881 2706 921 carne
2754 882 2915 936 quam
2958 865 3198 935 suscepit
3243 861 3414 917 multa

1835 969 1976 1008 saeva
2005 970 2196 1024 passus
2226 965 2332 1020 est,
2362 955 2512 1010 novit
2535 956 2663 1025 quid
2689 965 2773 1011 est
2803 957 3026 1011 tentatio
3051 956 3368 1021 patientium
3400 971 3414 1006 :

1835 1047 1949 1115 ipse
1973 1055 2206 1102 tentatus
2223 1057 2305 1102 est
2327 1049 2418 1102 sed
2435 1065 2539 1103 non
2555 1057 2861 1117 superatus.
2878 1047 3015 1115 Quid
3030 1057 3253 1117 estergo
3275 1044 3418 1115 quod

1835 1137 1993 1200 dicit,
2019 1147 2181 1206 potest
2220 1153 2306 1191 eos
2334 1140 2421 1208 qui
2449 1148 2717 1193 tentantur
2745 1139 3036 1208 adjuvare?
3064 1137 3343 1208 Tanquam
3372 1133 3416 1191 si

1835 1229 1956 1296 quis
1982 1229 2219 1283 diceret:
2257 1230 2389 1284 Cum
2420 1231 2586 1285 multa
2633 1231 2913 1286 alacritate
2938 1228 3264 1300 protendam
3303 1242 3419 1282 ma-

1836 1337 1966 1373 num
1994 1320 2060 1374 ad
2092 1322 2544 1391 compatiendum.

1911 1408 2078 1475 Unde,
2111 1410 2301 1480 fratres
2327 1413 2515 1477 sancti,
2541 1412 2827 1466 vocationis
2862 1411 3080 1466 caelestis
3117 1412 3417 1482 participes,

1834 1500 2158 1555 considerate
2181 1499 2474 1570 apostolum
2503 1511 2552 1555 et
2594 1502 2891 1571 pontiﬁcem
2938 1500 3279 1569 confessionis
3327 1516 3420 1552 no-

1833 1600 1957 1644 stra:
2003 1588 2186 1644 Iesum
2251 1589 2516 1646 Christum
2569 1591 2851 1646 Dominum
2918 1601 3174 1646 nostrum.
3230 1587 3421 1644 Adhuc

1833 1682 1999 1735 etiam
2040 1681 2106 1736 de
2156 1682 2544 1738 incarnationis
2589 1681 2793 1736 Christi
2849 1682 3087 1750 loquitur
3140 1678 3416 1751 mysterio,

1834 1787 1962 1827 nam
2005 1771 2059 1825 in
2089 1771 2377 1843 Evangelia
2403 1773 2518 1843 ipse
2546 1780 2773 1827 testatur
2815 1786 2874 1827 se
2902 1773 3125 1827 missum
3157 1785 3261 1824 non
3294 1784 3417 1823 esse

157 1867 553 1924 Commemorat
578 1881 706 1937 ergo
732 1868 798 1921 de
835 1866 1111 1922 beneficiis
1157 1867 1276 1932 Dei,
1304 1877 1358 1922 et
1395 1868 1462 1921 de
1513 1868 1730 1936 propin-
1763 1858 1808 1918 B
1836 1865 1939 1920 nisi
1965 1865 2034 1919 ad
2060 1879 2189 1920 oves
2206 1866 2468 1934 perditas,
2500 1867 2602 1921 hoc
2627 1874 2728 1932 est,
2754 1865 2946 1921 domus
2974 1863 3158 1920 Israel.
3187 1864 3413 1932 Aposto-

158 1961 356 2030 quitate
385 1959 592 2015 carnali
624 1959 690 2012 ad
733 1956 1027 2022 Christum,
1055 1966 1111 2011 et
1141 1957 1206 2012 de
1232 1957 1590 2027 promissione
1617 1972 1738 2027 qua:

159 2051 294 2107 dicta
322 2061 407 2106 est
431 2053 498 2106 ad
523 2051 793 2106 Abraham
824 2069 836 2104 :
867 2048 982 2104 Tibi
1010 2060 1057 2104 et
1097 2051 1282 2104 semini
1313 2058 1403 2102 tuo
1445 2048 1580 2103 dabo
1629 2058 1737 2102 ter-

162 2162 269 2198 ram
299 2145 455 2197 hanc.
510 2142 648 2208 Quia
697 2159 762 2197 ex
795 2157 901 2196 uno
953 2157 1151 2196 omnes.
1199 2141 1255 2196 Id
1289 2149 1393 2202 est,
1441 2140 1508 2196 ab
1557 2138 1736 2196 Abra-

162 2235 280 2291 ham
333 2233 586 2293 Christus
638 2233 934 2290 secundum
985 2246 1201 2288 carnem
1254 2238 1310 2285 et
1352 2231 1426 2285 illi
1478 2233 1543 2286 ad
1599 2244 1738 2300 quos

161 2325 268 2380 haec
297 2324 635 2394 loquebatur.
665 2322 818 2391 Quod
845 2339 975 2379 vero
1010 2323 1259 2393 superius
1288 2323 1391 2376 ait:
1413 2320 1552 2387 Quia
1586 2321 1738 2392 pueri

163 2417 666 2469 communicaverunt
696 2414 842 2467 carni
871 2423 918 2467 et
965 2414 1230 2484 sanguini,
1266 2422 1315 2466 et
1363 2414 1471 2482 ipse
1497 2413 1740 2468 similiter

162 2505 484 2575 participavit
537 2504 742 2558 iisdem.
802 2503 1128 2573 Exsequitur
1176 2503 1403 2572 amplius
1433 2503 1577 2559 hunc
1616 2519 1740 2559 sen-

164 2610 300 2660 sum,
330 2596 475 2651 unde
499 2595 848 2665 participaret
877 2609 1096 2649 carnem
1140 2602 1196 2648 et
1240 2594 1579 2664 sanguinem.
1609 2593 1735 2649 Ideo

163 2687 258 2750 ait,
288 2703 391 2741 non
432 2686 570 2740 enim
614 2701 924 2757 quemquam
950 2686 1254 2756 angelorum
1294 2685 1654 2755 apprehendit,
1685 2685 1738 2740 id

162 2787 258 2841 est,
273 2795 377 2833 non
401 2777 690 2848 cujuslibet
715 2777 890 2848 angeli
913 2785 1161 2832 naturam
1178 2776 1433 2846 suscepit,
1449 2777 1541 2832 sed
1554 2791 1737 2832 semen

162 2868 384 2922 Abrahze
413 2868 785 2938 apprehendit.
816 2865 934 2922 Non
971 2867 1114 2922 enim
1144 2866 1344 2936 angelis
1373 2883 1477 2920 una
1506 2867 1739 2938 dignitas

163 2957 349 3013 donata
378 2969 497 3023 est,
540 2966 599 3012 at
628 2959 681 3011 in
704 2973 867 3012 unam
907 2973 1196 3028 personam
1232 2957 1328 3012 Dei
1357 2956 1527 3013 Filius
1550 2973 1740 3014 eorum

165 3059 361 3104 natura:
403 3051 841 3119 conjungeretur,
873 3049 968 3103 sed
997 3048 1256 3103 honorem
1285 3057 1342 3102 et
1383 3048 1523 3103 hanc
1567 3048 1739 3118 digni-

166 3148 320 3194 tatem
349 3140 601 3194 humanre
627 3145 834 3192 natura:
861 3138 1001 3192 Deus
1027 3137 1122 3192 Dei
1151 3121 1320 3192 Filius
1341 3137 1653 3201 contribuit,
1678 3146 1739 3193 ut

165 3229 298 3284 Deus
326 3241 376 3283 et
405 3230 569 3283 homo
592 3243 696 3282 una
724 3235 867 3282 esset
900 3241 1152 3296 persona.
1184 3225 1362 3294 Quare
1391 3228 1526 3283 dixit
1553 3245 1738 3298 appreo
1765 3202 1812 3265 C

162 3323 370 3376 ltcndll?
401 3321 531 3390 quia
563 3335 660 3374 nos
686 3320 838 3388 quasi
864 3319 1178 3374 recedentes
1208 3320 1276 3373 ab
1301 3334 1365 3373 eo
1390 3327 1446 3374 et
1471 3320 1629 3390 longe
1655 3319 1739 3374 fu-

166 3412 362 3480 gientes
383 3411 661 3464 insecutus
685 3408 1058 3479 apprehendit,
1086 3417 1140 3464 et
1168 3409 1221 3463 in
1254 3424 1415 3463 unam
1453 3425 1737 3479 personam

166 3510 352 3555 nostra:
384 3500 698 3569 fragilitatis
725 3508 968 3553 naturam
996 3499 1098 3553 sibi
1126 3502 1566 3570 contemperavit.
1590 3499 1738 3556 Unde

165 3590 352 3654 debuit,
381 3591 577 3660 inquit,
599 3607 690 3660 per
710 3591 884 3643 omnia
915 3589 1169 3659 fratribus
1193 3590 1437 3645 similari.
1471 3591 1608 3658 Quid
1630 3602 1734 3659 est,

164 3679 437 3731 secundum
478 3679 694 3732 omnia?
727 3677 895 3733 Natus
924 3686 1030 3742 est,
1081 3679 1276 3747 inquit,
1322 3680 1584 3737 educatus
1621 3699 1738 3738 cre-

167 3767 253 3831 vit,
282 3783 477 3837 passus
515 3777 597 3823 est
630 3769 809 3823 omnia
832 3785 954 3838 qua:
981 3770 1236 3838 oportuit,
1274 3771 1326 3824 in
1357 3771 1464 3825 fine
1495 3781 1738 3828 mortuus

165 3869 284 3913 est:
326 3861 426 3915 hoc
479 3869 565 3916 est
609 3861 903 3915 secundum
951 3861 1133 3913 omnia
1185 3860 1444 3917 fratribus
1489 3864 1732 3919 similari.

166 3953 420 4016 Quoniam
470 3952 636 4005 multa
657 3953 853 4021 quippe
891 3952 1024 4006 dixit
1059 3954 1126 4007 de
1156 3953 1439 4023 majestate
1490 3956 1657 4026 ipsius
1683 3966 1738 4012 et

166 4043 432 4111 superiore
454 4043 644 4112 gloria,
666 4042 777 4110 jam
809 4043 873 4097 de
900 4043 1302 4111 dispensatione
1329 4053 1506 4099 movet
1531 4061 1736 4102 sermo-

166 4146 294 4193 nem,
339 4140 397 4185 ut
443 4132 874 4201 contemplemur
902 4148 1022 4187 cum
1063 4143 1263 4201 quanta
1298 4134 1558 4202 sapientia
1585 4136 1734 4190 illum

164 4221 387 4274 ostendit
414 4221 642 4275 multum
676 4223 912 4276 studium
937 4223 1226 4277 habentem
1251 4231 1309 4276 ut
1339 4225 1492 4279 nobis
1528 4225 1736 4280 simila-

167 4321 321 4375 retur,
347 4313 493 4382 quod
525 4313 623 4366 fuit
653 4329 840 4368 curam
872 4314 936 4368 de
966 4314 1121 4368 nobis
1162 4314 1448 4383 plurimam
1478 4317 1732 4386 gerentis.

169 4399 347 4455 Dicens
370 4403 514 4458 enim
543 4405 829 4471 superius:
867 4402 1004 4468 Quia
1039 4403 1186 4472 pueri
1228 4406 1735 4460 communicaverunt

165 4493 298 4544 carni
331 4501 379 4544 et
432 4493 697 4562 sanguini,
737 4503 782 4546 et
829 4493 937 4562 ipse
984 4493 1227 4547 similiter
1260 4495 1602 4564 participatus
1659 4507 1733 4550 est

165 4579 364 4645 iisdem;
401 4591 456 4635 et
489 4582 577 4635 hic
625 4581 762 4635 dixit
801 4584 1099 4639 secundum
1142 4583 1324 4638 omnia
1353 4584 1612 4640 fratribus
1658 4587 1730 4640 si-

166 4670 348 4737 milari,
377 4672 532 4741 quasi
581 4671 765 4727 dicens
794 4691 805 4725 :
839 4672 942 4740 Qui
981 4681 1090 4728 tam
1119 4689 1346 4745 magnus
1376 4683 1475 4738 est,
1522 4677 1613 4745 qui
1645 4688 1731 4734 est

165 4761 406 4830 splendor
433 4762 634 4833 glorize,
667 4763 758 4831 qui
803 4772 888 4817 est
938 4764 1224 4819 character
1268 4765 1603 4832 substantiae,
1635 4769 1728 4836 qui

164 4855 344 4908 uacula
384 4854 534 4917 fecit,
565 4853 657 4923 qui
687 4853 837 4907 sedet
865 4854 918 4907 in
959 4855 1182 4909 dextera
1208 4855 1407 4922 Patris,
1433 4857 1535 4912 iste
1562 4859 1729 4913 voluit

164 4948 212 4994 et
239 4943 440 4996 studuit
470 4942 639 4998 frater
664 4950 850 4996 noster
877 4941 931 4996 in
958 4943 1208 4998 omnibus
1236 4943 1371 4999 fieri.

226 5027 289 5082 Ut
319 5031 613 5084 misericors
663 5030 809 5098 fieret
857 5041 904 5084 et
954 5031 1124 5099 ﬁdelis
1162 5034 1398 5102 pontifex
1430 5037 1498 5089 ad
1543 5036 1724 5091 Domi-

164 5132 296 5180 num,
333 5129 386 5170 ut
415 5120 773 5188 repropitiaret
800 5120 989 5174 delicta
1015 5123 1213 5191 populi.
1252 5123 1361 5179 Nec
1400 5126 1581 5198 itaque
1625 5128 1726 5184 fuit

164 5203 255 5258 alia
281 5222 442 5260 causa
476 5208 551 5260 illi
579 5224 676 5278 per
705 5209 884 5264 omnia
911 5209 1171 5266 fratribus
1192 5214 1502 5282 assimilari,
1536 5219 1636 5272 nisi
1665 5229 1724 5274 ut

166 5296 324 5352 fidelis
348 5298 584 5368 pontifex
613 5312 754 5357 esset
784 5302 838 5356 in
869 5303 1044 5367 nobis,
1068 5307 1376 5374 nostrisque
1406 5311 1723 5379 propitiaret

165 5387 373 5442 delictis.

228 5482 288 5536 ln
325 5501 382 5536 eo
413 5486 550 5537 enim
580 5485 634 5538 in
659 5503 762 5556 quo
803 5504 986 5557 passus
1011 5498 1084 5542 est
1113 5491 1220 5558 ipse
1261 5500 1506 5555 tentatus,
1543 5503 1721 5562 potens

165 5578 228 5622 est
255 5572 322 5624 eis
345 5573 433 5641 qui
456 5584 746 5638 tentantur,
783 5577 1049 5631 auxiliari.
1080 5577 1144 5631 In
1168 5596 1248 5644 eo,
1278 5581 1330 5632 id
1373 5589 1455 5636 est
1482 5583 1717 5647 homine,

168 5658 214 5709 in
241 5675 338 5726 quo
361 5677 549 5730 passus
574 5673 678 5728 est,
711 5672 903 5733 potens
931 5674 1015 5720 est
1042 5665 1252 5721 vinctos
1277 5668 1716 5734 liberare,tenta-

175 5759 345 5822 tesque
387 5753 640 5822 adjuvare
673 5768 738 5810 ne
766 5757 1065 5824 vincantur,
1097 5759 1219 5827 quia
1269 5761 1587 5815 Ientatioues
1616 5777 1714 5817 no-

1837 1954 1922 2009 lus
1962 1954 2122 2024 igitur
2145 1953 2353 2020 Grece,
2387 1955 2578 2010 Latine
2606 1957 2805 2011 missus
2833 1956 3047 2013 dicitur.
3097 1954 3418 2028 Cognoscite

1836 2046 1966 2116 quid
2019 2055 2102 2101 cst
2147 2043 2306 2102 Jesus
2353 2047 2608 2103 sacerdos
2638 2057 2694 2105 et
2736 2047 2932 2118 qualis,
2960 2057 3136 2103 etnon
3153 2045 3418 2102 habebitis

1837 2150 1973 2206 opus
1993 2136 2362 2192 consolatione
2387 2136 2494 2192 alia
2519 2153 2694 2208 neque
2716 2137 3256 2194 solatio.Pontilicem
3273 2137 3417 2191 enim

1836 2241 1960 2283 eum
1987 2229 2124 2284 dixit
2166 2229 2523 2286 confessionis
2565 2239 2793 2295 nostrae,
2832 2230 2886 2285 id
2913 2237 2999 2286 est
3046 2228 3170 2285 ﬁdei
3197 2236 3414 2288 nostras

1836 2321 1922 2376 cui
1951 2322 2049 2377 iste
2076 2321 2304 2392 populus
2329 2336 2500 2377 novus
2519 2322 2840 2377 commissus
2869 2331 2971 2386 est,
2997 2321 3138 2377 sicut
3168 2327 3220 2374 et
3247 2318 3417 2390 Moysi

1837 2412 1987 2481 prior
2013 2411 2242 2481 populus
2271 2412 2325 2466 in
2360 2413 2596 2481 regimen
2625 2412 2781 2468 datus
2801 2411 3022 2466 estzsed
3053 2410 3176 2466 huic
3208 2409 3413 2478 majora

1837 2510 1894 2556 et
1923 2501 2078 2572 longe
2107 2501 2330 2556 meliora
2371 2502 2658 2558 commissa
2708 2509 2851 2557 sunt.
2884 2501 3012 2560 Vult
3058 2499 3203 2555 enim
3225 2499 3416 2553 beatus

1837 2593 2037 2649 Paulus
2071 2593 2279 2664 erigere
2306 2593 2514 2649 animos
2544 2593 2907 2649 lsraelitarum
2943 2589 3009 2646 ad
3044 2589 3414 2645 excellentiam

1839 2685 2255 2756 promissionum
2295 2683 2432 2750 Dei,
2485 2693 2545 2738 ut
2597 2683 2802 2742 intente
2854 2689 3044 2752 parcnt
3084 2695 3144 2735 se
3172 2678 3414 2748 accipere

1838 2778 1982 2848 quod
2013 2777 2155 2832 Deus
2178 2776 2410 2847 benigne
2437 2775 2544 2832 illis
2571 2776 2822 2846 promisit
2863 2774 3054 2831 afferre
3084 2789 3182 2845 per
3232 2770 3414 2829 Jesum

1839 2868 2114 2924 Christum
2141 2869 2427 2927 Dominum
2458 2881 2722 2934 nostrum,
2752 2869 2843 2938 qui
2873 2884 2994 2924 cum
3022 2866 3181 2922 Patre
3207 2876 3261 2921 et
3292 2866 3412 2934 Spi-

1841 2959 1949 3014 ritu
1977 2968 2166 3016 sancto
2194 2961 2326 3015 vivit
2362 2969 2416 3016 et
2445 2968 2632 3029 regnat
2680 2958 2822 3014 Deus
2869 2973 2964 3030 per
2992 2960 3174 3016 omnia
3223 2955 3415 3012 sarcula

1841 3051 2177 3108 saeculorum.
2211 3051 2399 3108 Amen.

2425 3141 2705 3199 HOMILIA
2742 3141 2826 3196 LI.

2362 3249 2412 3288 IN
2467 3249 2639 3288 EODEM
2695 3247 2878 3288 FESTO.

1947 3323 2133 3380 Lectio
2160 3324 2332 3380 sancti
2370 3324 2642 3392 Evangelii
2690 3323 2984 3378 secundum
3028 3321 3310 3378 Joannem.

1928 3413 1998 3467 In
2044 3413 2137 3468 illo
2179 3424 2405 3483 tempore
2447 3415 2581 3468 dixit
2632 3413 2788 3468 Iesus
2840 3412 3110 3483 discipulis
3159 3415 3270 3468 suis
3300 3429 3320 3469 .'
3355 3414 3416 3470 Si

1841 3505 2138 3559 manseritis
2169 3505 2222 3558 in
2257 3521 2338 3558 me
2380 3514 2427 3558 et
2462 3505 2611 3559 verba
2657 3523 2772 3560 mea
2809 3509 2862 3560 in
2901 3506 3042 3561 vobis
3094 3507 3416 3571 manserint;

1839 3594 2182 3665 quodcunque
2212 3594 2478 3649 volueritis
2506 3596 2710 3665 petetis,
2751 3607 2798 3650 et
2834 3597 2922 3665 ﬁet
2964 3597 3121 3651 vobis.
3354 3597 3359 3604 “

1911 3681 2173 3738 Manendo
2223 3684 2420 3754 quippe
2464 3685 2518 3739 in
2572 3685 2790 3741 Christo
2818 3687 2946 3756 quid
2989 3686 3126 3740 velle
3172 3695 3414 3756 possunt,

1840 3773 1941 3827 nisi
1971 3773 2114 3843 quod
2143 3776 2396 3828 convenit
2433 3774 2666 3830 Christo.
2694 3776 2830 3842 Quid
2863 3776 3000 3830 velle
3045 3787 3270 3847 possunt
3299 3794 3417 3833 ma-

1837 3860 2016 3916 uendo
2045 3863 2098 3916 in
2125 3861 2424 3928 Salvatore,
2452 3863 2553 3917 nisi
2583 3865 2722 3932 quod
2752 3863 2989 3919 alienum
3025 3882 3130 3920 non
3157 3876 3240 3922 est
3267 3882 3296 3920 a
3331 3883 3418 3921 sa-

1838 3951 1984 4005 lute?
2014 3950 2123 4007 Nec
2163 3953 2308 4006 enim
2342 3963 2528 4022 petere
2560 3953 2765 4020 volunt,
2799 3954 2902 4010 nisi
2934 3957 3075 4025 quod
3107 3957 3323 4026 expedit
3349 3959 3417 4011 ad

1838 4042 2088 4096 salutem.
2142 4042 2419 4098 Manentes
2447 4053 2626 4099 autem
2656 4045 2708 4100 in
2741 4059 2806 4100 eo
2844 4061 2966 4102 cum
2998 4048 3161 4102 verba
3193 4045 3312 4116 ejus
3362 4049 3415 4102 iu

1839 4132 1992 4186 nobis
2023 4142 2265 4199 manent,
2294 4133 2652 4203 quodcunque
2690 4135 3039 4202 voluerimus,
3081 4145 3331 4207 petamus
3359 4147 3415 4192 et

1840 4222 1929 4275 fiet
1967 4223 2141 4277 nobis.
2183 4224 2318 4290 Quia
2344 4223 2388 4278 si
2418 4225 2649 4294 petimus
2678 4235 2734 4280 et
2755 4242 2860 4281 non
2895 4226 3007 4291 fiet,
3039 4243 3146 4282 non
3194 4229 3296 4284 hoc
3321 4246 3414 4300 pe—

1837 4312 2001 4365 timus
2041 4313 2182 4380 quod
2211 4314 2279 4366 ad
2309 4313 2438 4366 illud
2469 4315 2704 4382 pertinet
2744 4323 2803 4368 ut
2834 4324 3052 4370 maneat
3097 4317 3150 4370 in
3185 4331 3282 4381 eo,
3312 4335 3415 4374 nec

1836 4403 1976 4471 quod
2018 4402 2244 4456 suadent
2271 4405 2432 4458 verba
2468 4403 2584 4472 ejus
2608 4422 2728 4476 qua:
2757 4406 2811 4461 in
2857 4407 3014 4468 nobis
3052 4418 3291 4476 manent,
3318 4411 3412 4467 sed

1836 4493 1977 4560 quod
2008 4492 2170 4548 habet
2217 4495 2482 4565 cupiditas
2508 4504 2564 4549 et
2612 4496 2898 4552 inﬁrmitas
2934 4499 3114 4552 carnis
3140 4514 3261 4568 qua:
3304 4515 3412 4554 non

1836 4590 1919 4636 est
1964 4583 2018 4636 in
2049 4598 2136 4649 eo,
2165 4591 2220 4639 et
2264 4585 2319 4638 in
2364 4599 2470 4653 qua
2518 4601 2625 4640 non
2652 4596 2872 4643 manent
2903 4588 3065 4645 verba
3094 4588 3231 4659 ejus.
3261 4588 3414 4646 Tunc

1834 4675 1977 4728 enim
2029 4675 2256 4729 dicenda
2309 4684 2440 4730 sunt
2484 4675 2651 4732 verba
2697 4677 2818 4748 ejus
2861 4677 2914 4731 in
2965 4679 3121 4734 nobis
3163 4694 3404 4746 manere,

1834 4765 2048 4835 quando
2077 4764 2303 4820 facimus
2331 4781 2448 4835 qum
2469 4767 2730 4837 praecepit.
2744 4775 2798 4822 et
2827 4767 3099 4840 diligimus
3135 4784 3254 4838 qua:
3283 4784 3410 4838 pro-

1834 4857 2000 4911 misit.
2045 4856 2212 4927 Magis
2243 4857 2519 4928 magisquc
2551 4858 2799 4915 Salvator
2827 4863 3055 4932 gratiam
3082 4877 3186 4931 qua
3233 4863 3407 4918 salva-

1834 4963 1956 5000 ntur
1988 4947 2266 5017 discipulis
2307 4949 2574 5018 loquendo
2609 4950 3028 5006 commendans:

1896 5036 1964 5091 In
2003 5038 2118 5104 hoc,
2141 5039 2335 5108 inquit,
2372 5039 2694 5107 clari/icatus
2723 5049 2796 5094 est
2821 5038 2979 5096 Pater
3014 5059 3179 5108 meus,
3207 5053 3263 5096 ut
3289 5043 3404 5112 fru-

1827 5137 1966 5181 ctum
2006 5128 2286 5196 plurimum
2327 5130 2562 5198 aﬂ’eratis
2590 5140 2637 5184 et
2667 5132 2963 5200 efﬁciamini
2988 5133 3088 5188 mei
3135 5134 3400 5202 discipuli.

1826 5215 1884 5271 Si
1930 5219 2074 5272 enim
2115 5219 2219 5273 hoc
2264 5218 2447 5288 gloria:
2500 5229 2583 5274 est
2621 5219 2800 5276 Patris
2852 5232 2910 5276 ut
2950 5222 3182 5277 fructum
3232 5224 3404 5294 pluri-

1827 5326 1970 5364 mum
2021 5309 2310 5365 aderamus
2359 5319 2413 5366 et
2465 5313 2632 5366 simus
2683 5314 2931 5383 discipuli
2987 5314 3230 5380 Christi,
3292 5331 3400 5371 non

1829 5403 1930 5456 hoc
1960 5410 2156 5456 nostrae
2205 5402 2389 5473 gloria:
2415 5403 2732 5466 tribuamus,
2778 5413 3034 5474 tanquam
3079 5405 3181 5461 hoc
3206 5421 3271 5459 ex
3302 5422 3399 5460 no-

1826 5492 1909 5545 bis
1939 5491 2068 5559 ipsis
2114 5492 2405 5547 habeamus
2440 5511 2452 5546 :
2484 5493 2598 5560 ejus
2626 5502 2710 5548 est
2751 5495 2894 5549 enim
2924 5495 3037 5549 haec
3079 5495 3249 5564 gratia
3276 5536 3291 5560 ,
3340 5510 3399 5555 et

1827 5583 1944 5636 ideo
1985 5583 2039 5636 in
2071 5584 2175 5638 hoc
2204 5599 2308 5638 non
2340 5592 2525 5639 nostra
2565 5586 2659 5640 sed
2696 5585 2811 5656 ejus
2839 5587 3028 5657 gloria.
3057 5588 3100 5640 Α
3132 5602 3237 5658 quo
3265 5603 3396 5659 ergo

1825 5671 2117 5726 efﬁciamur
2150 5681 2208 5726 ut
2233 5674 2400 5729 simus
2421 5673 2664 5745 discipuli
2693 5675 2922 5742 Christi,
2949 5676 3052 5730 nisi
3085 5677 3153 5732 ab
3178 5675 3272 5732 illo
3295 5692 3391 5732 cu-

1820 5763 1907 5830 jus
1954 5763 2320 5819 misericordia
2355 5766 2612 5835 pmvcnit
2654 5767 2806 5824 nobis
2858 5766 3008 5829 velle,
3048 5767 3393 5838 subsequitur
