3946 6368
505 460 611 522 143

1137 457 1197 512 Β.
1239 455 1492 512 RABANI
1533 453 1752 511 ιιΑυιυ
1794 450 2072 509 ΑΒΟωΕΙ

2179 440 2469 506 ιιΟΟυΝΤ.
2511 446 2793 509 OPERUM
2830 445 3013 503 PARS
3052 446 3117 504 ιι.

3668 448 3775 508 2M

498 598 689 657 posse,
720 592 841 651 quat
884 574 953 630 ad
993 572 1047 628 id
1093 556 1404 637 pertineani
1446 575 1512 623 ut
1536 563 1934 638 permananter
1978 577 2092 619 ma.
2118 574 2168 634 Α
2195 556 2449 657 gaudium
2480 556 2957 657 merito-nostrum
2985 555 3237 657 dicimus,
3274 570 3383 626 quo
3408 564 3462 611 et
3489 572 3589 611 uos
3633 555 3777 657 beati

497 681 748 726 nesmus.

2189 647 2357 705 futuri
2405 661 2611 702 sumus.
2672 645 2821 701 Illius
2863 660 2992 699 vero
3028 645 3280 715 gaudium
3338 661 3551 717 semper
3594 646 3775 717 perle-

571 757 718 814 Sicut
755 751 939 809 dilexit
976 766 1058 805 me
1090 748 1276 815 Pater,
1323 757 1371 802 et
1399 763 1493 819 ego
1521 747 1683 803 dilexi
1728 762 1857 814 vos,
1884 754 2092 801 manete
2189 749 2335 795 ctum
2359 748 2463 800 est,
2490 752 2589 792 nec
2615 736 2783 791 minui
2810 743 3003 806 potest,
3029 751 3127 792 nec
3146 735 3357 791 habere
3409 753 3515 807 quo
3543 746 3771 803 crescat.

491 852 552 909 ιη
568 848 847 909 dilectione
875 861 1013 900 mea.
1048 843 1185 900 Ecce
1217 842 1357 897 unde
1391 849 1517 896 sunt
1542 839 1698 896 nobis
1713 840 1856 895 bona
1885 837 2090 910 opera?
2190 830 2295 885 hoc
2340 844 2468 892 vero
2519 827 2771 899 gaudium
2832 835 3075 880 nostrum
3104 826 3390 881 inchoatur
3431 827 3482 880 in
3529 828 3637 882 tide
3689 842 3767 882 re-

492 956 621 997 nam
645 938 789 994 unde
807 936 966 992 nobis
988 936 1187 995 essent,
1205 932 1310 987 nisi
1330 934 1454 1002 quia
1478 931 1610 987 ﬁdes
1625 946 1722 1001 per
1742 929 2089 984 dilectionem
2188 920 2549 983 nascentium,
2607 916 2917 987 implebitur
2964 917 3019 971 in
3063 918 3285 986 praemio
3332 918 3747 990 resurgentium.

488 1026 789 1102 operatur?
812 1024 956 1080 unde
983 1032 1163 1078 autem
1204 1021 1496 1095 diligimus,
1528 1021 1629 1074 nisi
1652 1020 1803 1089 prius
1831 1018 2086 1089 diligere—

490 1124 647 1178 mur?
675 1114 742 1175 Et
764 1114 908 1187 unde
922 1117 1013 1173 illa
1035 1115 1252 1172 dilectio
1266 1115 1360 1170 Dei
1376 1114 1431 1168 in
1452 1112 1614 1168 nobis
1632 1120 1795 1175 esset,
1812 1111 1920 1168 nisi
1939 1112 2087 1181 prius

505 1232 586 1273 ius
606 1198 709 1271 sua
730 1209 1055 1285 praveniret
1083 1208 1279 1282 gratia,
1300 1208 1356 1261 in
1373 1221 1481 1276 qua
1511 1221 1608 1259 nos
1632 1204 1820 1259 dilexit
1844 1220 1968 1259 cum
1993 1219 2084 1259 es-

510 1312 675 1360 .einus
715 1304 771 1359 in
797 1301 1059 1374 peccatis,
1089 1307 1146 1356 et
1170 1296 1569 1354 eonvivitlcavit
1594 1312 1695 1351 nos
1737 1296 1791 1350 in
1822 1294 2084 1351 Christo?

509 1394 643 1463 Quod
666 1400 849 1448 autem
880 1391 988 1458 ait,
1013 1390 1147 1446 sicut
1180 1388 1363 1443 dilexit
1398 1404 1479 1442 me
1512 1384 1695 1453 Pater,
1717 1397 1765 1441 et
1794 1402 1889 1458 ego
1922 1386 2085 1441 dilexi

507 1502 599 1553 vos,
626 1498 735 1548 non
760 1485 1130 1556 aqmlitatem
1158 1491 1369 1536 naturae
1390 1480 1627 1536 ostendit
1650 1487 1853 1534 nostra:
1872 1488 1928 1533 et
1947 1494 2081 1543 suae,

496 1577 631 1637 sicut
653 1571 745 1640 est
768 1568 947 1631 Patris
974 1580 1032 1629 et
1056 1571 1247 1643 ipsius,
1272 1570 1368 1627 sed
1384 1570 1615 1642 gratiam
1639 1583 1751 1639 qua
1769 1575 1855 1625 est
1878 1569 2084 1624 media-

491 1674 577 1728 tor
726 1672 783 1720 et
818 1664 1122 1727 hominum,
1160 1663 1324 1717 homo
1350 1660 1599 1716 Christus
1622 1659 1799 1717 Jesus.
1825 1659 2081 1715 Mediato—

487 1774 608 1814 rem
633 1772 692 1814 se
715 1756 956 1814 ostendit
998 1770 1124 1812 cum
1153 1753 1327 1809 dixit:
1358 1751 1556 1806 Dilexit
1586 1767 1669 1805 me
1698 1749 1865 1805 Pater-
1898 1760 1947 1805 et
1987 1765 2080 1819 ego

487 1866 595 1915 vos,
643 1864 773 1904 nam
822 1846 988 1903 Pater
1016 1846 1205 1925 utique
1232 1842 1406 1915 diligit
1453 1850 1510 1898 et
1556 1856 1677 1907 nos,
1709 1840 1887 1897 sedin
1940 1840 2078 1911 ipso,

2259 1010 2376 1064 Hoc
2415 1020 2490 1064 est
2553 1018 2867 1079 praeceptum
2913 1024 3107 1073 meum,
3161 1018 3215 1062 ut
3258 1008 3491 1079 diligatis
3532 1010 3771 1076 invicem,

2184 1100 2317 1155 sicut
2357 1100 2518 1155 dilexi
2560 1116 2670 1154 vos.
2721 1098 2859 1153 Nam
2888 1100 2942 1153 in
2970 1099 3338 1169 superioribus
3367 1102 3503 1153 dixit
3551 1101 3677 1155 dum
3707 1102 3776 1155 de

2184 1191 2476 1247 dilectione
2518 1192 2792 1263 praecepit,
2859 1192 3167 1247 mandatum
3218 1207 3407 1245 novum
3461 1193 3551 1257 do,
3617 1192 3773 1246 modo

2184 1284 2343 1351 dixit,
2391 1294 2708 1355 praceptum
2748 1299 2940 1337 meum.
3000 1282 3204 1337 Novum
3244 1283 3382 1337 dixit
3429 1300 3495 1339 ne
3532 1284 3586 1338 in
3620 1294 3772 1338 vctu-

2183 1362 2328 1429 state
2354 1382 2539 1430 nostra
2597 1387 3028 1444 perseveremus,
3089 1375 3177 1429 hic
3209 1374 3409 1429 dictum
3448 1384 3532 1429 est
3568 1392 3772 1441 tnctuu,

2183 1480 2251 1519 ne
2296 1465 2750 1520 contemnendum
2795 1473 3067 1535 putemus,
3150 1466 3398 1536 repetitio
3448 1482 3577 1521 vero
3613 1467 3774 1535 hujus

2183 1554 2425 1609 mandati
2453 1555 2852 1611 commendatio
2880 1565 2984 1613 est.
3038 1557 3172 1625 Quia
3203 1558 3322 1614 sine
3352 1559 3621 1613 charitate
3654 1559 3772 1613 nul-

2181 1644 2291 1699 lum
2316 1653 2649 1717 praceptum
2700 1645 2811 1701 Deo
2839 1654 2923 1702 est
2964 1646 3317 1719 acceptabile,
3370 1648 3438 1702 de
3480 1664 3587 1718 qua
3632 1650 3773 1719 Apo-

2181 1736 2351 1792 stolus
2388 1736 2511 1792 ait:
2560 1736 2843 1794 Plenitudo
2876 1736 3002 1808 legis
3051 1748 3125 1793 est
3174 1738 3440 1814 charitas;
3497 1741 3589 1795 ubi
3642 1756 3774 1812 ergo

2182 1828 2424 1895 cbaritas
2447 1835 2553 1895 est,
2586 1828 2713 1898 quid
2758 1839 2846 1887 est
2873 1831 3017 1900 quod
3049 1831 3221 1900 possit
3262 1832 3493 1889 deesse?
3548 1832 3637 1885 ubi
3682 1847 3775 1886 au-

483 1941 613 2012 quia
639 1941 694 1997 in
721 1941 826 1995 hoc
862 1921 1194 1998 clariﬁcatur
1221 1936 1381 1993 Pater
1403 1944 1465 1991 ut
1500 1934 1740 1992 fructum
1785 1932 2072 1989 aderamus

2182 1930 2288 1976 tem
2336 1936 2445 1976 non
2469 1929 2554 1977 est
2602 1921 2731 1991 quid
2759 1930 2844 1978 est
2875 1923 3019 1993 quod
3060 1924 3231 1993 possit
3257 1924 3566 1995 .prodesse?
3602 1922 3773 1980 Nemo

484 2029 541 2085 in
566 2026 697 2098 vite,
723 2020 829 2084 hoc
862 2038 948 2085 est
986 2028 1040 2087 in
1067 2028 1238 2093 Filio,
1262 2036 1318 2082 et
1336 2025 1635 2083 elﬁclamur
1660 2024 1781 2093 ejus
1800 2024 2077 2097 discipuli.
2176 2017 2356 2089 diligit
2403 2016 2494 2087 qui
2522 2033 2628 2077 nou
2649 2017 2843 2083 credit,
2901 2032 3065 2073 nemo
3090 2018 3341 2086 desperat
3365 2018 3457 2095 qui
3482 2017 3680 2088 diligit,
3716 2024 3771 2071 et

482 2117 719 2186 Maneto,
751 2119 951 2190 inquit,
974 2120 1031 2174 in
1056 2118 1333 2174 dilectione
1349 2134 1507 2185 mea;
1536 2118 1813 2191 quomodo
1837 2117 2079 2174 manebi-
2179 2110 2296 2165 hinc
2329 2109 2432 2165 tria
2462 2125 2605 2180 spes,
2637 2108 2794 2177 fides,
2825 2108 3086 2175 Charitas,
3137 2109 3191 2167 in
3214 2108 3418 2183 auibus
3458 2109 3770 2181 Christiana

483 2208 556 2265 tis
589 2210 715 2265 audi
750 2211 897 2281 quod
925 2211 1210 2280 Sequitur:
2174 2201 2366 2272 religio
2403 2200 2693 2266 consistit;
2725 2200 2820 2255 sed
2855 2198 3030 2275 majus
3078 2198 3164 2254 bis
3214 2206 3300 2255 est
3333 2198 3593 2263 Charitas,
3641 2198 3769 2267 quia

555 2299 614 2355 Si
658 2311 916 2374 pracepta
942 2317 1082 2366 mea,
1121 2299 1313 2371 inquit,
1341 2299 1689 2366 seruaret-itis,
1720 2299 1996 2355 mactabilis
2020 2300 2078 2354 in
2170 2307 2283 2367 non
2328 2292 2590 2362 praeterit,
2643 2292 2738 2349 sed
2770 2299 3074 2360 permanet,
3128 2306 3251 2346 eum
3278 2290 3367 2345 hic
3392 2290 3601 2360 incipit,
3657 2290 3771 2344 illic

481 2394 759 2451 dilectione
799 2410 936 2449 mea.
984 2392 1042 2451 tu
1092 2395 1195 2451 hoc
1234 2395 1378 2451 enim
1413 2396 1694 2468 apparebit
1720 2395 1866 2466 quod
1907 2394 2075 2450 indi-
2167 2384 2487 2454 perﬁcietur
2515 2382 2613 2467 ubi,
2646 2390 2942 2452 permanet.
2986 2380 3104 2437 ,lioc
3131 2396 3259 2452 ergo
3289 2392 3616 2450 prmeeptum
3662 2380 3772 2434 Do-

482 2488 713 2543 Iectione
746 2503 867 2543 mea
898 2487 1211 2554 manebitis,
1240 2489 1287 2543 si
1311 2503 1429 2544 mea
1466 2497 1740 2561 praecepta
1766 2488 2071 2548 servabitis.
2176 2478 2308 2533 ωίηί
2353 2489 2633 2533 teneamus
2681 2485 2739 2531 ιιι
2765 2476 3115 2533 "mimice"!
3157 2475 3464 2547 diligamus.
3506 2483 3562 2531 ει
3602 2473 3767 2543 (ιυίά-

480 2579 652 2635 Nemo
698 2593 758 2636 se
808 2578 959 2634 fallat
987 2578 1218 2634 dicendo
1248 2580 1391 2650 quod
1433 2594 1558 2635 eum
1587 2579 1812 2650 diligat,
1859 2579 1905 2637 si
1957 2580 2076 2651 ejus
2168 2569 2305 2638 quid
2328 2569 2473 2627 aliud
2517 2569 2761 2638 praecipit
2790 2566 3043 2633 lacunas,
3083 2568 3351 2637 qumodo
3370 2566 3633 2636 quidquid
3679 2574 3769 2620 est

476 2676 753 2740 praecepta
784 2682 891 2723 non
916 2677 1118 2733 servet,
1140 2683 1265 2723 nam
1296 2668 1353 2723 in
1382 2676 1592 2725 tantum
1621 2682 1746 2724 eum
1778 2667 2068 2741 diligimus,

481 2758 538 2812 in
580 2766 841 2828 quantum
870 2756 986 2829 ejus
1024 2767 1297 2830 pnecepta
1344 2773 1657 2825 servamus;
1702 2758 1763 2813 in
1809 2768 2072 2829 quantum

479 2859 663 2905 autem
694 2849 874 2908 utilius
898 2866 1197 2916 servamus,
1233 2852 1288 2906 in
1328 2859 1535 2906 tantum
1562 2852 1744 2908 minus
1776 2851 2068 2927 diligimus.

480 2939 621 3007 Quid
646 2948 733 2994 est
770 2940 917 3012 quod
950 2939 1120 3005 dixit,
1165 2949 1368 2995 manete
1396 2941 1452 2994 in
1480 2941 1754 2997 dilectione
1798 2959 1934 3006 mea,
1962 2944 2071 2999 nisi

482 3037 697 3087 manete
725 3029 782 3087 in
810 3030 986 3100 gratia
1025 3031 1183 3085 mea?
1204 3030 1273 3085 Et
1291 3032 1424 3101 quid
1450 3041 1556 3098 est,
1580 3032 1628 3086 si
1658 3043 1915 3102 pracepta
1950 3050 2070 3087 mea

480 3120 834 3187 servaveritis,
858 3121 1135 3176 manebitis
1165 3121 1224 3179 in
1266 3121 1544 3177 dilectione
1572 3139 1709 3189 mea,
1735 3123 1842 3178 nisi
1864 3138 1934 3179 cx
1964 3125 2069 3180 huc

479 3209 663 3267 scietis
682 3210 823 3281 quod
854 3212 908 3265 in
938 3210 1229 3267 dilectione
1258 3226 1397 3278 mea,
1425 3227 1533 3282 qua
1576 3228 1671 3268 vos
1693 3214 1856 3284 diligo
1879 3230 2067 3271 mane-

480 3303 636 3369 bitis,
661 3269 717 3358 si
740 3318 859 3358 mea
884 3310 1157 3375 praecepta
1183 3269 1505 3361 servabitis?
1534 3303 1641 3359 Sed
1669 3269 1907 3376 quidvest
1926 3269 2140 3377 quac

476 3396 722 3469 adiungit
750 3413 763 3450 :
797 3395 946 3451 Sicut
973 3404 1023 3450 et
1043 3412 1136 3466 ego
1157 3406 1416 3467 prtecepta
1442 3394 1622 3453 Patris
1660 3397 1761 3453 mei
1792 3399 1993 3452 servavi
2024 3408 2072 3453 et

478 3501 665 3542 maneo
691 3486 748 3539 in
774 3484 891 3557 ejus
938 3482 1234 3539 dileca'one.
1263 3484 1392 3555 Quae
1426 3492 1552 3542 sunt
1581 3495 1845 3557 praecepta
1895 3486 2072 3543 Patris

480 3576 585 3633 nisi
611 3591 731 3648 qtae
755 3586 880 3633 ante
901 3576 1068 3641 dixit,
1095 3577 1227 3630 sicut
1249 3577 1557 3631 mandatum
1580 3576 1721 3632 dedit
1751 3580 1879 3631 malai
1910 3579 2074 3639 Pater

478 3667 555 3721 sic
584 3666 801 3738 faciam.
842 3667 997 3733 Quod
1023 3666 1315 3736 Apostolus
1341 3681 1617 3740 exponens
1656 3669 1772 3733 ait,
1821 3669 2072 3730 Christus

482 3758 659 3826 factus
685 3765 761 3812 est
789 3756 1032 3811 obediens
1065 3754 1219 3810 Patri
1251 3774 1415 3827 usque
1460 3758 1529 3813 ad
1578 3769 1819 3825 mortem,
1852 3771 2069 3815 mortem

480 3860 657 3904 autem
687 3849 879 3913 crucis,
924 3858 1137 3918 propter
1160 3850 1299 3921 quod
1349 3849 1488 3906 Deus
1524 3850 1675 3907 illum
1717 3851 1987 3917 exultavit,
2023 3864 2071 3907 et

480 3938 623 3995 dedit
654 3938 734 3995 illi
769 3954 954 3993 nomen
983 3939 1127 4008 quod
1155 3950 1228 3993 est
1256 3956 1411 4009 super
1453 3957 1603 3997 omne
1633 3958 1838 3999 nomen.
1870 3943 2073 4012 Adiun-

481 4029 673 4099 git:et
704 4045 890 4085 maneo
938 4030 993 4083 in
1041 4030 1155 4100 ejus
1186 4029 1482 4087 dilectione.
1517 4032 1597 4087 De
1640 4034 1740 4087 hac
1786 4034 2071 4090 dilectione

482 4120 642 4185 dixit,
675 4135 781 4190 qua
811 4120 990 4190 diligit
1012 4136 1138 4176 eum
1163 4122 1346 4187 Pater,
1368 4121 1465 4179 sed
1490 4124 1730 4197 nunquid
1749 4135 1804 4179 et
1830 4126 1917 4183 hic
1941 4142 2069 4196 gra-

484 4211 558 4265 tia
583 4209 932 4277 intelligenda
954 4218 1055 4275 est,
1073 4225 1179 4281 qua
1201 4211 1362 4267 Pater
1374 4212 1546 4283 diligit
1562 4212 2071 4287 Filium,sicutgra-

483 4303 557 4358 tia
574 4311 661 4357 est
677 4318 782 4373 qua
800 4317 900 4357 nos
912 4302 1087 4370 diligit
1106 4301 1292 4367 Filius,
1308 4319 1431 4359 cum
1441 4304 1618 4359 simus
1634 4319 1732 4359 nus
1754 4304 1846 4359 lilii
1862 4308 2069 4380 gratiae,

483 4408 589 4448 non
633 4402 843 4449 natura:
876 4409 889 4445 :
919 4392 1229 4463 unigenitus
1268 4403 1448 4451 autem
1502 4403 1691 4452 natura
1720 4411 1826 4453 non
1874 4397 2071 4469 gratis,

483 4491 667 4539 manet
693 4498 821 4552 ergo
848 4482 1017 4539 Filius
1043 4483 1329 4539 dilectione
1371 4500 1475 4554 qua
1507 4500 1629 4540 eum
1662 4486 1849 4541 dilexit
1890 4486 2068 4554 Pater,

2173 2658 2321 2715 aliud
2360 2660 2639 2715 habemus.
2699 2657 2871 2726 Hujus
2916 2656 3223 2715 dilectionis
3265 2657 3320 2711 in
3346 2658 3525 2727 seipso
3562 2671 3763 2714 exem-

2169 2748 2320 2818 plum
2346 2749 2585 2809 ostendit
2613 2760 2667 2802 et
2684 2749 2810 2804 ideo
2837 2745 3136 2815 subiunxit,
3173 2759 3227 2801 ut
3276 2748 3509 2817 diligatis
3540 2748 3760 2803 invicem

2164 2840 2306 2897 sicut
2332 2855 2430 2910 ego
2457 2838 2618 2891 dilexi
2644 2856 2746 2893 vos.
2796 2840 2863 2893 Lt
2894 2838 3022 2909 quid
3050 2838 3193 2893 enim
3240 2853 3337 2892 nos
3364 2838 3555 2917 dilexit
3605 2836 3767 2893 Citri-

2172 2941 2307 2996 stus,
2369 2932 2476 2987 nisi
2518 2939 2584 2995 ut
2628 2931 2897 3001 possimus
2936 2945 3161 3001 regnare
3196 2946 3318 2985 eum
3364 2930 3633 2993 Christo?
3677 2930 3768 2985 Ad

2166 3024 2277 3081 hoc
2297 3037 2397 3080 nos
2421 3022 2645 3094 diligere
2667 3022 2945 3087 debemus,
2976 3031 3036 3076 ut
3063 3021 3355 3076 habeamus
3376 3022 3541 3075 Deum
3564 3029 3618 3076 et
3642 3035 3763 3079 ma-

2158 3127 2398 3172 neamus
2422 3113 2475 3167 in
2501 3113 2639 3178 Deo,
2679 3121 2735 3167 et
2759 3113 2839 3167 sic
2864 3112 2955 3182 qui
2982 3126 3040 3169 se
3063 3112 3294 3184 diligunt
3316 3112 3485 3175 Deum
3510 3111 3766 3185 diligunt,

2164 3213 2226 3261 ει
2253 3205 2369 3261 haec
2398 3213 2481 3261 est
2505 3204 2735 3265 dilectio,
2774 3217 2880 3275 qua
2912 3204 2974 3256 tit
2996 3201 3140 3263 Deus
3184 3201 3375 3259 omnia
3402 3202 3462 3258 in
3487 3204 3765 3259 omnibus.

2171 3293 2431 3367 Sequitur
2460 3312 2472 3349 ι

2242 3385 2502 3456 Majorent
2549 3387 2647 3443 hac
2695 3386 3024 3444 dilectionem
3074 3404 3221 3451 uento
3252 3388 3428 3452 habet,
3501 3401 3658 3457 quant
3708 3396 3766 3440 ut

2170 3479 2402 3535 animum
2430 3494 2583 3533 suum
2623 3488 2781 3548 ponat
2818 3479 2934 3548 quis
2981 3494 3075 3549 pro
3094 3479 3281 3535 amicis
3305 3480 3435 3537 suis.
3486 3477 3628 3545 Quid
3678 3468 3767 3534 est

2171 3571 2313 3640 quod
2351 3569 2611 3623 Dominus
2639 3579 2823 3633 noster
2850 3567 3008 3625 iesus
3052 3569 3321 3635 Cbrisms,
3373 3571 3539 3626 toties
3572 3571 3757 3625 chari-

2175 3661 2300 3715 tatis
2334 3668 2602 3731 praecepta
2633 3660 2869 3724 iteravit,
2928 3661 3031 3715 nisi
3059 3665 3202 3731 quod
3240 3678 3401 3717 entire
3420 3672 3765 3735 praeceptum

2170 3764 2224 3807 et
2246 3768 2406 3807 omne
2431 3768 2563 3823 opus
2582 3754 2777 3808 bonum
2804 3754 2858 3808 in
2885 3754 2998 3807 sola
3025 3756 3289 3814 charitate
3310 3756 3595 3811 solidatur.
3616 3756 3770 3811 Prae-

2170 3854 2325 3917 cepta
2356 3858 2484 3915 ergo
2518 3843 2802 3901 ‘Dominica
2826 3853 2881 3899 et
2903 3844 3067 3902 multa
3093 3855 3221 3908 sunt
3257 3862 3352 3917 per
3389 3847 3763 3903 diversitatem

2169 3937 2370 4006 operis,
2426 3945 2479 3990 et
2506 3952 2672 3991 unum
2705 3938 2759 3990 in
2785 3936 2967 3996 radice
3008 3937 3331 3996 dilectionis.
3372 3937 3537 3993 Hanc
3578 3940 3767 4008 itaque

2169 4028 2491 4086 eharitatetn
2538 4026 2806 4086 veraciter
2856 4028 3039 4093 habet,
3095 4030 3275 4097 quiet
3310 4029 3542 4083 anticum
3585 4028 3769 4099 diligit

2171 4121 2224 4177 in
2266 4119 2399 4183 Deo,
2424 4125 2480 4175 et
2500 4118 2778 4173 inimicum
2814 4117 2987 4189 diligit
3010 4128 3234 4191 propter
3260 4120 3448 4173 Deum.
3473 4118 3600 4175 ideo
3629 4120 3764 4173 sub-

2164 4209 2345 4282 iunxit
2393 4208 2524 4265 sicut
2551 4225 2642 4283 ego
2667 4209 2828 4266 dilexi
2851 4225 2959 4274 vos,
3009 4210 3063 4263 id
3101 4219 3206 4274 est,
3258 4211 3327 4265 ad
3354 4211 3458 4271 hoc
3485 4220 3667 4266 amate
3695 4211 3767 4267 ad

2170 4301 2313 4372 quod
2349 4300 2528 4356 amavi
2556 4315 2675 4366 vos,
2703 4302 2845 4358 unde
2872 4310 2931 4357 ει
2958 4302 3011 4360 in
3042 4316 3204 4359 cruce
3224 4303 3433 4373 positus
3454 4302 3634 4358 oravit
3660 4318 3768 4375 pro

2172 4392 2405 4451 inimicis
2428 4394 2565 4457 suis,
2597 4392 2782 4447 dicens
2815 4409 2827 4445 :
2860 4392 3042 4456 Pater,
3093 4394 3300 4463 ignosce
3327 4393 3458 4457 illis,
3504 4392 3765 4463 majorem

2173 4484 2271 4537 hac
2300 4482 2630 4536 dilectionem
2670 4499 2818 4537 nemo
2847 4482 3019 4547 habet,
3048 4499 3211 4553 quam
3250 4493 3305 4535 ut
3341 4486 3574 4537 animum
3605 4501 3763 4538 suam

479 4585 537 4630 et
567 4575 688 4630 ideo
709 4574 947 4628 servavit
970 4583 1257 4646 praecepta.
1287 4574 1424 4643 Quid
1454 4584 1565 4642 est,
1586 4575 1673 4633 ille
1701 4576 1854 4630 homo
1877 4593 1941 4631 ea:
1970 4578 2073 4633 vir—
2099 4610 2147 4669 Β
2168 4584 2329 4646 ponat
2376 4573 2491 4644 quis
2537 4590 2631 4643 pro
2656 4575 2842 4627 amicis
2876 4575 3005 4627 suis.
3062 4574 3119 4629 In
3158 4576 3259 4629 hoc
3292 4574 3495 4630 Christi
3542 4575 3766 4631 dilectio

480 4666 601 4737 gine
627 4676 806 4731 natus,
836 4664 941 4722 nisi
981 4666 1124 4739 quod
1153 4666 1295 4722 Deus
1323 4678 1602 4737 susceptor
1628 4676 1710 4726 est
1735 4669 1884 4741 ejus?
1930 4670 2072 4727 Deus

481 4760 629 4815 enim
652 4769 769 4815 erat
791 4759 1100 4830 unigenitus
1125 4760 1220 4816 Dei
1243 4759 1422 4817 Patris
1448 4760 1638 4825 Filius,
1664 4761 1757 4816 sed
1785 4770 1843 4815 ut
1870 4761 2070 4817 media-

485 4858 571 4903 tor
614 4848 837 4904 daretur
866 4848 1023 4905 nobis
1056 4864 1151 4919 per
1196 4848 1518 4906 ineffabilem
1550 4851 1795 4925 gratiam,
1849 4848 2069 4911 Verbum

483 4958 610 4996 caro
633 4941 832 5011 factum
861 4954 961 5007 est,
997 4953 1046 4999 et
1084 4943 1336 4997 habitavit
1362 4944 1416 4996 in
1444 4945 1609 4999 nobis.

560 5033 692 5089 Hac
727 5033 929 5089 locutus
957 5050 1070 5091 sum
1093 5034 1230 5090 vobis
1279 5044 1332 5087 ut
1359 5035 1609 5106 gaudium
1631 5052 1802 5090 meum
1846 5036 1901 5093 in
1925 5036 2069 5092 vobis

482 5128 573 5191 sit,
608 5134 657 5178 et
682 5124 934 5195 gaudium
960 5134 1185 5180 vestrum
1232 5126 1528 5195 impleatur.
1593 5125 1662 5183 In
1683 5128 1823 5180 vobis
1848 5130 1913 5181 sit
1958 5144 2072 5181 rer-

486 5219 605 5271 bum
636 5230 808 5272 meum
846 5226 892 5269 et
925 5215 1224 5289 intpleautr.
1279 5216 1416 5283 Quid
1457 5227 1541 5277 est
1573 5220 1824 5290 gaudium
1871 5219 2072 5279 Christi

487 5308 541 5362 in
565 5306 741 5371 nobis,
789 5305 895 5363 nisi
924 5305 1075 5363 salua
1100 5316 1283 5362 nostra
1322 5317 1542 5382 propter
1568 5323 1730 5381 quam
1781 5309 1957 5365 lactus
1988 5321 2072 5368 εει

488 5397 684 5452 homo?
713 5397 778 5453 Et
808 5396 935 5467 quid
965 5406 1050 5452 cst
1092 5399 1341 5467 gaudium
1365 5407 1604 5455 vestrum
1648 5400 1787 5471 quod
1811 5402 1938 5457 dicit
1967 5403 2067 5457 itu-

488 5484 764 5555 plendum,
804 5486 903 5539 nisi
932 5485 1047 5554 ejus
1089 5488 1287 5542 habere
1333 5489 1683 5553 consortium,
1736 5491 1875 5545 sicut
1910 5491 1963 5545 in
1988 5508 2070 5546 sc-

486 5575 785 5647 quentibtts
822 5576 971 5632 dicit.
1006 5574 1131 5629 Volo
1170 5573 1331 5633 Pater
1381 5580 1549 5632 utubi
1584 5597 1697 5633 sum
1748 5596 1841 5654 ego
1891 5592 1937 5635 et
1986 5583 2074 5636 isti

488 5666 595 5722 sint
626 5682 849 5721 mecum.
900 5665 1167 5729 Caudium
1209 5667 1371 5737 igitur
1412 5668 1530 5738 ejus
1558 5669 1624 5724 de
1651 5670 1824 5727 salute
1860 5680 2067 5736 nostra,

491 5758 636 5822 quod
662 5753 733 5808 illi
764 5768 975 5825 semper
1003 5756 1101 5809 t'uit
1124 5757 1263 5825 quod
1292 5759 1563 5826 prtescivit
1588 5770 1643 5814 et
1671 5761 2072 5830 praedestinavit

492 5858 609 5909 uos,
642 5846 800 5917 comit
833 5862 950 5903 esse
982 5849 1035 5902 iu
1066 5850 1222 5903 nobis
1250 5850 1462 5919 quando
1494 5851 1699 5905 vocavit
1727 5868 1840 5904 ηοξ.
1879 5851 1943 5904 Et
1966 5851 2065 5903 hoc

2176 4666 2540 4735 supereminet
2573 4666 2626 4718 in
2656 4681 2774 4731 nos,
2813 4666 2937 4735 quia
2962 4666 3110 4720 venit
3132 4675 3189 4721 ut
3212 4668 3450 4723 animam
3483 4682 3637 4726 suam
3666 4684 3765 4741 po—

2176 4764 2332 4813 neret
2352 4771 2451 4829 pro
2480 4756 2670 4811 amicis
2696 4756 2829 4822 suis,
2876 4757 2946 4811 ad
2972 4758 3075 4812 hoc
3104 4765 3284 4812 tamen
3336 4767 3396 4814 ut
3422 4774 3489 4813 ex
3520 4759 3763 4821 inimicis

2175 4848 2378 4905 faceret
2407 4848 2632 4912 amicos,
2656 4846 2750 4902 sed
2780 4864 2887 4903 non
2917 4849 3155 4903 omnium
3178 4858 3265 4903 est
3292 4850 3635 4921 martyrium,
3674 4858 3760 4904 ta-

2175 4956 2298 4998 men
2319 4942 2558 4995 omnium
2589 4940 2909 4996 beneﬁcium
2938 4950 3022 4996 est
3048 4940 3306 4999 fratribus
3332 4944 3760 5003 misericordiam

2174 5032 2505 5100 impendere.
2560 5032 2661 5098 Qui
2704 5047 2836 5088 vero
2890 5034 3251 5090 substantiam
3296 5052 3454 5091 suam
3502 5034 3658 5091 fratri
3701 5039 3758 5093 in

2180 5125 2501 5183 necessitate
2542 5125 2717 5197 posito
2766 5141 2873 5180 non
2916 5126 3120 5189 tribuit,
3182 5128 3452 5197 quomodo
3518 5128 3759 5185 anitnant

2178 5228 2334 5269 suam
2383 5214 2437 5269 in
2482 5200 2856 5285 persecutione
2879 5216 3107 5271 daturus
3152 5226 3238 5273 est
3279 5232 3379 5288 pro
3400 5215 3576 5273 fratre
3604 5233 3704 5273 suo
3737 5220 3761 5275 i

2184 5306 2368 5364 Virtus
2395 5312 2522 5362 vero
2563 5306 2720 5374 hujus
2745 5308 3032 5366 charitatis
3068 5318 3152 5364 est
3202 5310 3257 5363 in
3288 5324 3421 5380 pace
3444 5325 3541 5365 sua
3567 5308 3760 5367 distri-

2178 5398 2345 5451 buere
2368 5411 2462 5470 pro
2491 5395 2691 5455 Christi
2722 5412 2925 5464 amore,
2974 5408 3033 5457 ut
3066 5401 3238 5471 possit
3268 5401 3323 5457 in
3346 5402 3761 5471 perturbatione

2178 5489 2413 5559 seipsum
2442 5488 2654 5553 tradere
2681 5504 2780 5561 pro
2806 5489 3023 5547 nomine
3053 5489 3189 5559 ejus.

2258 5577 2355 5637 Vos
2394 5578 2551 5635 amici
2595 5580 2696 5633 mei
2751 5581 2891 5644 estis,
2943 5580 2995 5635 si
3036 5580 3263 5648 feceritis
3301 5597 3420 5653 quite
3478 5598 3572 5653 ego
3620 5600 3761 5655 prce.

2172 5669 2308 5739 cipio
2352 5668 2513 5723 vobis.
2582 5669 2770 5743 Magna
2797 5680 2884 5725 est
2924 5671 3155 5739 dignitas
3209 5674 3443 5728 amicum
3481 5688 3604 5729 esse
3632 5675 3757 5739 Dei.

2172 5759 2263 5813 sed
2291 5759 2576 5814 videndum
2611 5770 2694 5815 est
2733 5760 2928 5830 quibus
2952 5761 3205 5832 gradibus
3256 5764 3322 5819 ad
3347 5764 3486 5820 hanc
3528 5766 3755 5821 celsin

2172 5851 2349 5905 dinem
2391 5852 2759 5921 perveniatur,
2800 5851 3093 5925 subiungit,
3134 5855 3177 5909 si
3230 5855 3455 5925 feceritis
3503 5872 3623 5926 qute
3654 5872 3756 5927 ego
