3946 6348
217 367 326 427 21.5

1332 357 1635 413 llOMlLL‘L
1668 357 1731 412 1N
1770 354 2021 411 EV'ANC.
2061 353 2147 408 ET
2183 353 2393 409 EPIST.

3397 358 3507 417 216

222 481 470 555 ρτίτεὶρίο
533 478 696 532 vobis.
759 475 836 530 Ac
889 474 935 528 si
974 480 1158 542 aperte
1218 469 1379 534 dicat,
1459 467 1700 542 gaudetis
1745 468 1812 521 de
1839 473 1890 529 Λ
1917 469 1969 521 in
1997 467 2286 537 Evangelio
2313 466 2533 522 Joannis
2563 467 2796 537 plenius,
2824 477 2880 524 et
2910 468 2996 524 hic
3024 485 3237 541 quoque
3266 472 3505 532 breviter

225 573 484 636 culmine,
561 575 784 638 pensate
830 565 1024 634 quibus
1062 561 1334 615 laboribus
1388 557 1698 628 pervenitur
1743 558 1812 612 ad

227 664 462 720 culmen.
519 660 705 730 Magna
744 664 827 712 est
877 653 1246 710 misericordia
1293 649 1564 720 largitoris
1617 647 1810 711 nostri,

226 752 370 809 servi
425 763 532 805 non
574 747 772 802 fuimus
824 745 990 816 digni,
1057 750 1111 796 et
1149 740 1308 795 amici
1362 753 1634 794 vocamur.
1689 736 1811 791 Ideo

226 840 504 912 subjungit
534 855 547 892 :

297 930 426 986 lam
468 943 571 981 non
598 925 712 978 dico
743 940 831 977 vos
865 937 1059 984 servos,
1099 921 1224 989 quia
1271 934 1446 972 seruus
1481 918 1639 972 nescit
1683 916 1808 986 quid

228 1021 390 1091 faciat
433 1017 684 1073 Dominus
720 1015 853 1084 ejus.
916 1012 1077 1065 Aliud
1117 1018 1200 1066 est
1250 1009 1530 1064 servitium
1579 1007 1806 1071 timoris,

226 1113 372 1165 aliud
397 1107 623 1171 amoris,
672 1119 790 1174 quze
813 1106 916 1158 duo
945 1102 1057 1171 ipsa
1097 1100 1313 1155 Veritas
1363 1099 1418 1152 in
1468 1099 1570 1153 hoc
1609 1098 1804 1153 eodem

225 1200 516 1271 Evangelia
579 1195 832 1264 exprimit
871 1193 1101 1249 dicens:
1151 1190 1340 1246 Servus
1385 1206 1488 1243 non
1522 1199 1694 1242 manet
1756 1189 1809 1241 in

221 1292 380 1345 domo
418 1291 474 1343 in
505 1297 778 1350 (sternam,
822 1283 964 1352 ﬁlius
992 1291 1165 1335 autem
1217 1288 1412 1344 manet,
1478 1278 1619 1332 [ilius
1645 1277 1810 1331 servit

221 1379 370 1436 Patri
425 1386 644 1450 propter
694 1388 954 1438 amorem,
998 1385 1186 1427 servus
1241 1378 1419 1425 autem
1459 1378 1681 1439 propter
1733 1368 1805 1422 ti-

224 1484 453 1524 morem.
503 1466 578 1520 De
607 1479 714 1534 quo
739 1461 961 1518 servitio
987 1459 1146 1514 modo
1174 1457 1433 1513 Dominus
1471 1457 1607 1510 dixit
1633 1472 1646 1509 :
1683 1456 1808 1510 Jam

223 1579 326 1615 non
355 1562 472 1613 dico
499 1575 580 1614 vos
626 1571 798 1610 seri-os
847 1557 936 1608 sed
961 1553 1178 1614 amicos,
1228 1549 1355 1620 quia
1385 1549 1476 1602 lilii
1505 1563 1610 1602 non
1641 1548 1805 1611 servi,

223 1651 344 1706 i.lco
367 1658 422 1703 et
447 1646 626 1711 amici,
673 1645 797 1716 quia
837 1658 1012 1697 servus
1053 1640 1212 1694 nescit
1256 1638 1381 1709 quid
1438 1637 1598 1707 faciat
1635 1637 1806 1690 domi-

224 1758 320 1795 nus
353 1741 489 1809 ejus.
542 1735 724 1792 Nescit
755 1735 900 1790 enim
931 1732 1259 1787 voluntatem
1301 1727 1515 1784 Domini
1566 1727 1671 1794 sui,
1710 1726 1803 1797 qui

1914 556 2196 610 intimatur
2223 569 2347 610 cum
2375 556 2619 626 sequitur
2648 571 2662 610 :

1992 646 2094 701 Vos
2133 656 2309 700 autem
2361 647 2529 701 sedete
2569 648 2624 701 in
2657 649 2882 713 civitate,
2937 652 3274 722 quoadusque
3311 653 3500 710 indum

1911 736 2040 790 mini
2082 737 2267 790 virtute
2289 753 2353 790 ea:
2378 736 2505 790 alto.
2551 737 2630 791 De
2665 755 2769 808 qua
2798 739 3011 804 uirtute,
3051 742 3103 796 id
3132 753 3237 808 est,
3294 743 3502 814 Spiritu

1911 837 2121 891 sancto,
2158 835 2215 881 et
2239 827 2420 881 Maria:
2442 827 2572 882 dicit
2599 827 2834 899 Angelus
2867 846 2880 882 ε
2939 829 3008 884 Et
3037 831 3202 886 virtus
3243 832 3501 888 Altissimi

1911 917 2238 971 obumbrabit
2269 918 2380 970 tibi.
2431 918 2497 971 Et
2521 918 2634 988 ipse
2661 918 2918 974 Dominus
2946 919 3073 976 alibi
3101 939 3114 975 :
3150 921 3292 977 Nam
3331 933 3378 977 et
3407 941 3502 995 ego

1911 1009 2029 1062 novi
2050 1008 2284 1061 virtutem
2310 1007 2374 1060 de
2410 1024 2492 1061 me
2531 1009 2718 1063 exisse.
2763 1007 2869 1064 Sed
2891 1015 2946 1064 et
2991 1010 3104 1080 ipse
3127 1009 3302 1067 Lucas
3345 1027 3502 1081 aper-

1912 1098 2019 1153 tius
2045 1099 2097 1152 in
2129 1099 2350 1153 Actibus
2383 1099 2750 1168 apostolorum
2781 1099 2938 1168 hujus
2979 1102 3260 1170 promissa:
3284 1103 3501 1159 virtutis

1910 1204 1974 1243 ex
2009 1189 2140 1254 alto,
2189 1197 2246 1243 et
2287 1198 2570 1258 przecepta:
2618 1189 2670 1244 in
2697 1189 2919 1246 civitate
2945 1191 3205 1249 sessionis
3230 1194 3499 1248 meminit.

1913 1281 2189 1352 Praecepit,
2205 1281 2467 1352 inquiens,
2481 1282 2575 1348 eis,
2591 1281 2654 1335 ab
2670 1280 3048 1353 Hierosolymis
3073 1297 3136 1338 ne
3155 1283 3497 1349 discederent,

1909 1370 1999 1425 sed
2020 1380 2374 1441 exspectarent
2401 1371 2794 1442 promissionem
2841 1369 3020 1426 Patris
3070 1389 3230 1444 quam
3254 1373 3497 1438 audistis,

1910 1456 2105 1530 inquit,
2144 1467 2236 1529 per
2265 1477 2322 1514 os
2355 1477 2544 1515 meum.
2593 1460 2728 1528 Quia
2754 1460 2990 1518 Joannes
3012 1463 3229 1534 quidem
3254 1464 3497 1534 baptiza-

1909 1552 1990 1606 vit
2037 1567 2197 1622 aqua,
2254 1569 2340 1608 vos
2379 1562 2551 1606 autem
2597 1553 2991 1624 baptizabimini
3053 1554 3258 1626 Spiritu
3311 1567 3496 1612 sancto

1911 1657 2014 1696 non
2035 1651 2149 1710 post
2173 1641 2362 1696 multos
2404 1643 2496 1696 hos
2526 1643 2658 1698 dies.
2697 1644 2764 1698 Et
2792 1645 2951 1714 paulo
2973 1654 3117 1716 post,
3161 1648 3252 1702 sed
3279 1649 3500 1718 accipie-

1909 1731 1976 1786 tis
2022 1732 2264 1786 virtutem
2294 1734 2703 1803 supervenientis
2734 1733 2963 1804 Spiritus
2992 1739 3163 1792 sancti
3216 1739 3270 1794 in
3293 1756 3403 1806 eos,
3451 1751 3499 1796 et

224 1845 318 1901 per
341 1829 551 1884 timoris
580 1825 994 1881 amaritudinem
1022 1822 1191 1878 servit
1217 1821 1462 1884 Domino,
1501 1828 1556 1874 et
1582 1833 1685 1874 non
1708 1833 1806 1889 per
1835 1811 1882 1871 B
1909 1823 2056 1879 eritis
2087 1824 2218 1878 mihi
2265 1832 2441 1880 τειχει,

224 1919 504 1976 charitatis
539 1914 872 1971 dulcedinem
899 1912 1051 1982 quasi
1102 1910 1250 1964 Patri
1288 1909 1514 1964 serviat.

303 2006 402 2061 Vos
463 2015 636 2060 autem
680 2003 791 2056 dixi
833 2002 1048 2065 amicos,
1098 2000 1224 2070 quia
1262 1998 1436 2052 omnia
1475 2012 1593 2067 qua:
1627 1996 1806 2050 audivi

221 2117 254 2153 a
283 2098 444 2152 Patre
476 2114 608 2161 meo,
660 2105 782 2148 nota
807 2093 908 2164 feci
935 2091 1093 2147 vobis.
1123 2090 1254 2156 Quze
1300 2098 1427 2145 sunt
1459 2089 1640 2143 omnia
1685 2102 1806 2157 quae

219 2189 426 2244 audivit
471 2203 503 2242 a
541 2187 702 2241 Patre
740 2201 857 2250 suo,
906 2198 1028 2254 qua:
1082 2191 1210 2235 nota
1259 2181 1374 2236 ﬁeri
1417 2179 1584 2234 voluit
1631 2181 1806 2236 servis

219 2283 350 2345 suis,
393 2289 455 2334 ut
481 2295 574 2334 eos
608 2277 891 2349 perliceret
935 2275 1139 2330 amicos
1165 2288 1310 2340 suos,
1340 2273 1444 2327 nisi
1491 2272 1685 2343 gaudia
1718 2276 1804 2328 in-

219 2383 385 2428 ternae
423 2370 723 2434 charitatis,
751 2368 856 2423 nisi
887 2366 975 2421 illa
1004 2364 1138 2420 festa
1169 2377 1416 2432 superna:
1437 2363 1644 2431 patriar,
1685 2377 1806 2434 qua:

217 2462 418 2517 nostris
444 2458 682 2529 quotidie
712 2455 983 2512 mentibus
1011 2469 1107 2525 per
1127 2452 1513 2523 aspirationem
1535 2455 1616 2507 sui
1653 2467 1804 2507 amo-

216 2552 294 2610 ris
322 2552 612 2622 imprimit?
657 2548 764 2604 Sed
795 2548 909 2602 haec
936 2546 1169 2618 cognitio
1203 2559 1325 2616 qua:
1355 2560 1497 2600 nunc
1540 2559 1606 2600 ex
1646 2543 1804 2601 Patre

216 2643 431 2716 prolicit
483 2644 538 2696 in
564 2640 654 2696 illa
692 2637 1022 2709 plenitudine
1059 2635 1306 2692 scientia:
1341 2634 1674 2706 perﬁcietur,
1739 2635 1801 2690 :le

213 2753 320 2808 qua
363 2731 652 2804 Apostolus
690 2731 783 2794 ait,
831 2744 950 2784 cum
981 2735 1161 2784 autem
1191 2728 1401 2783 venerit
1446 2728 1590 2797 quod
1619 2725 1800 2796 perfe-

215 2836 362 2881 ctum
383 2831 491 2888 est,
520 2821 871 2877 evacuabitur
917 2819 1060 2888 quod
1092 2833 1159 2872 ex
1188 2827 1342 2888 parte
1369 2827 1470 2872 est.
1517 2816 1630 2872 Hoc
1651 2820 1800 2874 enim

220 2915 479 2971 Dominus
527 2910 802 2980 discipulis
845 2925 904 2965 se
932 2907 1126 2964 fecisse
1148 2908 1311 2975 dixit,
1347 2907 1490 2977 quod
1534 2922 1594 2962 se
1626 2907 1807 2963 lactu-

215 3025 334 3065 rurn
369 3023 492 3064 esse
517 3007 744 3063 sciebat.

291 3101 414 3156 Non
453 3117 542 3154 vos
579 3115 660 3152 me
687 3097 909 3168 elegistis
953 3097 1043 3151 sed
1082 3110 1174 3166 ego
1211 3094 1343 3164 elegi
1377 3107 1489 3158 vos,
1543 3094 1659 3148 hac
1703 3100 1787 3148 est

1979 1913 2180 1969 Eduxit
2213 1925 2386 1970 autem
2413 1932 2499 1969 eos
2523 1916 2667 1985 foras
2710 1917 2765 1971 in
2791 1917 3124 1983 Bethaniam,
3183 1928 3235 1974 et
3288 1917 3501 1976 elevatis

1906 2005 2149 2060 manibus
2171 2006 2280 2058 suis
2308 2005 2565 2060 benedixit
2607 2006 2700 2061 eis.
2727 2005 2796 2060 Et
2844 2007 3042 2077 factum
3075 2017 3151 2062 est
3200 2009 3326 2063 dum
3347 2009 3498 2064 bene-

1907 2096 2100 2150 diceret
2137 2095 2268 2162 illis,
2325 2097 2534 2151 recessit
2558 2097 2622 2150 ab
2652 2098 2750 2164 eis,
2799 2107 2846 2152 et
2879 2098 3146 2168 ferebatur
3186 2101 3243 2154 in
3281 2102 3490 2158 caelum.

1906 2186 2293 2244 Praetermissis
2317 2188 2567 2244 omnibus
2613 2204 2733 2259 quae
2761 2206 2861 2261 per
2883 2191 3237 2263 quadraginta
3264 2194 3380 2249 dies
3407 2196 3495 2265 agi

1906 2279 1974 2336 ab
2001 2279 2090 2337 illo
2113 2290 2235 2335 cam
2266 2279 2543 2350 discipulis
2563 2289 2877 2350 potuerunt,
2920 2281 3098 2351 primo
3125 2283 3211 2340 die
3248 2299 3494 2340 resurre-

1905 2371 2098 2427 ctionis
2145 2370 2285 2441 ejus,
2325 2368 2602 2442 conjungit
2627 2370 2790 2426 tacite
2819 2371 3172 2426 novissimum
3201 2370 3341 2428 diem
3388 2388 3495 2443 quo

1904 2462 2146 2518 ascendit
2189 2463 2242 2517 in
2287 2459 2505 2516 coelum.
2560 2459 2790 2516 Pulchre
2838 2469 3018 2516 autem
3070 2477 3394 2520 ascensurus
3441 2465 3496 2519 in

1903 2551 2124 2616 coelum,
2187 2548 2480 2621 discipulos
2519 2548 2715 2619 quibus
2763 2550 3048 2606 benedicat
3102 2551 3248 2607 l'oras
3294 2553 3345 2606 in
3396 2551 3498 2608 Be-

1902 2642 2144 2697 thaniam
2190 2639 2386 2695 educit.
2442 2637 2624 2694 Primo
2667 2639 2883 2708 quidem
2937 2647 3156 2710 propter
3193 2655 3387 2695 nomen
3418 2641 3496 2696 ci-

1901 2733 2106 2798 vitatis,
2169 2747 2290 2802 qua:
2338 2731 2530 2787 domus
2575 2730 2896 2787 obedientiaa
2947 2731 3162 2798 dicitur,
3215 2735 3339 2803 quia
3401 2733 3494 2803 qui

1901 2833 2123 2894 propter
2160 2822 2580 2878 inobedientiam
2609 2835 2990 2890 perversorum
3018 2822 3316 2889 descendit,
3369 2840 3495 2894 pro-

1901 2925 2023 2986 pter
2062 2915 2424 2971 obedientiam
2477 2913 2732 2968 nimirum
2773 2928 3158 2970 conversorum
3226 2915 3488 2970 ascendit.

1903 3007 2142 3062 Mortuus
2176 3015 2261 3062 est
2291 3007 2435 3061 enim
2467 3007 2608 3061 sicut
2630 3005 2920 3075 Apostolus
2945 3005 3019 3060 ait
3048 3013 3267 3076 propter
3291 3006 3483 3062 delicta

1899 3105 2104 3163 nostra,
2166 3103 2221 3151 et
2270 3095 2567 3150 resurrexit
2641 3104 2865 3166 propter
2899 3094 3344 3164 justiﬁcationem
3388 3111 3489 3151 no-

214 3193 498 3254 Ineﬂabilis
537 3193 708 3263 gratia
732 3206 850 3263 quae
877 3189 1137 3260 praevenit
1171 3203 1290 3253 nos,
1336 3195 1398 3242 ut
1428 3187 1595 3242 simus
1633 3186 1795 3241 amici
1822 3153 1867 3219 (ἶ
1899 3198 2091 3244 stram.
2151 3187 2353 3243 Deinde
2386 3187 2548 3242 etiam
2586 3153 2807 3258 propter
2853 3153 3016 3242 silum
3064 3187 3305 3258 ejusdem
3350 3187 3491 3243 villa:

209 3301 275 3342 ex
304 3286 496 3350 servis,
555 3285 674 3338 ideo
725 3281 880 3338 nobis
906 3296 1013 3335 non
1051 3281 1308 3351 subrepat
1334 3277 1604 3350 superbia,
1641 3277 1795 3348 quasi

214 3392 308 3447 per
332 3392 430 3430 nos
463 3374 733 3446 possimus
768 3371 961 3437 facere,
989 3380 1048 3425 ut
1073 3369 1231 3440 paulo
1255 3378 1382 3425 ante
1427 3369 1544 3439 ipsa
1577 3367 1794 3424 Veritas

210 3471 290 3524 sit
317 3485 332 3522 :
363 3465 487 3522 Sine
525 3480 604 3519 me
652 3462 782 3519 nihil
812 3463 1022 3534 potestis
1065 3462 1257 3530 facere.

287 3558 353 3611 Et
377 3559 529 3628 posui
554 3573 642 3612 vos
697 3567 751 3609 ut
796 3555 921 3608 eatis
955 3564 1002 3608 et
1032 3553 1258 3623 fructum
1297 3551 1553 3622 offeratis.
1605 3549 1789 3610 Posui,

210 3650 276 3703 ad
317 3650 546 3721 gratiam
589 3647 850 3717 plantavi,
887 3644 1102 3702 uteatis
1134 3643 1383 3707 volendo,
1426 3641 1634 3696 fructus
1664 3639 1792 3694 alle-

208 3742 362 3805 ratis,
400 3741 690 3811 Operando.
731 3740 876 3794 Eatis
900 3739 1041 3793 enim
1072 3736 1298 3792 volcnilo
1327 3737 1455 3798 dixi,
1495 3735 1619 3805 quia
1656 3734 1790 3788 velle

206 3831 409 3900 aliquid
461 3831 638 3885 facere
675 3830 786 3900 jam
830 3828 1053 3882 multum
1100 3827 1177 3880 ire
1215 3834 1317 3881 est.
1387 3825 1607 3894 Qualem
1660 3841 1789 3879 vero

208 3921 443 3976 fructum
497 3919 689 3975 all'crre
729 3920 978 3984 debeant,
1039 3917 1358 3986 subjungit:

281 4013 348 4065 Et
385 4013 588 4080 fructus
630 4022 791 4066 vester
815 4019 1044 4075 maneat,
1093 4019 1148 4062 ut
1175 4010 1514 4080 quodcunque
1541 4010 1789 4079 petieritis

208 4101 424 4156 Patrem
448 4101 504 4154 in
535 4103 738 4154 nomine
759 4117 890 4165 meo,
936 4101 1020 4152 det
1058 4099 1218 4153 vobis.
1263 4097 1466 4153 Nomen
1496 4096 1589 4152 ﬁlii
1633 4097 1790 4153 Jesus

204 4203 309 4256 est,
349 4191 508 4246 Jesus
547 4201 723 4246 autem
761 4191 1007 4246 Salvator
1030 4191 1113 4244 vel
1149 4189 1312 4245 etiam
1358 4189 1612 4243 salutaris
1650 4189 1787 4242 dici-

207 4291 313 4335 tur.
368 4280 460 4335 Ille
505 4295 632 4350 ergo
673 4281 726 4335 in
764 4281 980 4334 nomine
1009 4279 1306 4334 Salvatoris
1352 4278 1490 4347 petit
1533 4279 1623 4346 qui
1659 4276 1787 4331 illud

205 4372 358 4441 petit,
398 4371 538 4440 quod
591 4371 658 4424 ad
688 4386 872 4424 veram
911 4369 1134 4424 salutem
1183 4367 1436 4436 pertinet,
1477 4383 1600 4421 nam
1645 4367 1689 4422 si
1735 4368 1787 4421 id

202 4463 347 4533 quod
371 4477 477 4516 non
509 4463 754 4532 expediat
782 4463 1000 4530 petitur,
1051 4477 1156 4515 non
1187 4461 1241 4515 in
1276 4460 1492 4516 nomine
1518 4459 1665 4526 Jesu,
1696 4474 1788 4529 pe-
1819 4491 1866 4549 Β

207 4555 392 4617 timus,
437 4561 764 4620 quapropter
806 4567 942 4621 opus
987 4559 1068 4606 est
1122 4559 1182 4604 ut
1233 4566 1329 4621 pro
1367 4559 1569 4604 :eterna
1611 4551 1784 4604 salute

203 4643 550 4714 adipiscenda
602 4658 770 4712 usque
800 4642 853 4695 in
886 4643 1046 4696 linem
1075 4651 1366 4708 certemus,
1410 4641 1594 4710 sicque
1623 4643 1787 4697 habe-

205 4735 385 4788 bimus
432 4733 521 4787 hic
565 4731 985 4788 consolationem
1033 4733 1086 4787 in
1129 4732 1381 4803 praesenti
1417 4731 1781 4800 tribulatione,

199 4837 254 4882 et
303 4827 358 4880 in
408 4824 589 4879 futura
642 4824 751 4877 vita
794 4824 1033 4891 requiem
1080 4824 1438 4893 percipiemus
1499 4831 1780 4889 aeternam,

201 4926 495 4988 praestante
541 4915 767 4970 Domino
812 4923 996 4969 nostro
1040 4911 1165 4970 Jesu
1216 4915 1454 4979 Christo,
1513 4914 1603 4983 qui
1659 4931 1784 4968 cum

201 5009 363 5067 Patre
404 5018 458 5063 ct
498 5007 698 5078 Spiritu
737 5016 944 5071 sancto,
987 5007 1120 5060 vivit
1148 5015 1200 5061 et
1227 5014 1414 5076 regnat
1464 5007 1628 5071 Deus,
1691 5022 1788 5077 per

196 5103 382 5160 omnia
427 5102 622 5158 sartula
664 5101 998 5156 srcculorum.
1055 5100 1225 5156 Amen

797 5234 1072 5291 HOMlLlA
1111 5235 1213 5290 LII.

864 5342 1018 5382 FEBIA
1046 5343 1122 5380 γι.

343 5441 530 5496 Lectio
567 5437 738 5492 sancti
770 5437 1038 5507 Evangelii
1077 5436 1368 5492 secundum
1409 5435 1631 5489 Lucam.

281 5553 348 5611 In
382 5554 478 5609 illo
520 5563 751 5621 tenipore
783 5553 914 5606 dixit
959 5551 1113 5606 Iesus
1145 5551 1413 5620 discipulis
1461 5554 1568 5606 suis
1607 5569 1624 5605 :
1666 5552 1776 5622 Ego

193 5652 342 5704 mitto
365 5644 689 5717 promissum
713 5642 886 5698 Patris
924 5645 1022 5698 mei
1056 5646 1107 5697 in
1136 5660 1241 5697 vos.

267 5737 602 5794 Promissum
632 5735 810 5790 Patris
855 5735 1086 5806 Spiritus
1116 5736 1285 5791 sancti
1319 5735 1544 5806 gratiam
1583 5737 1686 5792 dici
1725 5747 1777 5791 ct

1897 3280 2011 3334 sive
2049 3276 2358 3343 civitatulre,
2424 3291 2544 3346 qua:
2568 3275 2621 3331 in.
2646 3274 2814 3331 latere
2842 3276 3044 3330 montis
3072 3276 3335 3330 olivarum
3385 3291 3485 3346 po-

1895 3374 2000 3426 sita
2046 3382 2169 3426 esse
2225 3376 2499 3433 narratur,
2547 3368 2673 3437 quia
2714 3366 2965 3421 videlicet
3009 3367 3310 3422 obedientis
3377 3367 3481 3423 Ec-

1894 3467 2072 3524 clesiae
2099 3464 2288 3517 domus
2326 3459 2636 3531 Apostolico
2686 3459 2848 3530 digna
2895 3459 3151 3528 hospitio,
3209 3475 3316 3515 non
3355 3458 3485 3515 alibi

1892 3557 2128 3628 quamin
2157 3553 2325 3624 ipsius
2350 3550 2550 3606 montis
2598 3549 2818 3612 summi,
2854 3550 2906 3604 id
2939 3557 3042 3613 est,
3085 3548 3285 3604 Christi
3313 3549 3483 3605 latere

1894 3649 2037 3712 ﬁdei,
2085 3647 2221 3717 spei,
2267 3643 2672 3711 dilectionisque
2701 3657 2812 3696 sure
2851 3639 3202 3695 fundamenta
3261 3640 3479 3696 locavit.

1892 3741 1971 3796 De
1997 3753 2104 3809 quo
2140 3737 2394 3791 nimirum
2417 3733 2584 3788 latere
2623 3732 2805 3785 lancea
2847 3730 3120 3800 patefacto
3148 3741 3487 3786 sacramenta

1893 3833 1997 3888 sibi
2045 3828 2344 3897 sanguinis,
2381 3832 2436 3880 et
2473 3837 2627 3892 aqua:
2669 3821 2864 3891 quibus
2908 3828 3167 3876 nascatur
3209 3821 3388 3886 simul,
3429 3831 3484 3877 et

1891 3920 2166 3975 nutriatur
2205 3917 2401 3987 gaudet
2449 3925 2750 3974 emanasse,
2797 3910 2863 3966 de
2889 3910 3042 3980 cujus
3079 3911 3283 3966 vertice
3320 3912 3483 3966 uber-

1893 4015 2053 4077 rimo,
2114 4011 2166 4065 id
2201 4017 2302 4071 est,
2356 4006 2511 4077 apice
2554 4004 2854 4059 divinitatis
2892 4004 3166 4058 unctionis
3226 4004 3486 4074 spiritalis

1891 4119 2117 4160 munera
2160 4101 2451 4164 desiderat,
2506 4096 2750 4167 lucisque
2775 4111 2840 4150 ac
2867 4096 3013 4166 pacis
3041 4105 3316 4165 perpetua:
3353 4111 3484 4166 pro-

1891 4195 2053 4249 missa
2081 4191 2350 4247 inhianter
2375 4196 2670 4257 exspectat.

1963 4284 2032 4337 Et
2087 4283 2186 4350 ipsi
2241 4279 2520 4332 adorantes
2586 4278 2804 4347 regressi
2844 4286 2963 4330 sunt
3045 4276 3099 4330 in
3149 4276 3484 4332 Hierusalem

1891 4389 2010 4427 cum
2040 4371 2232 4442 gaudio
2265 4383 2493 4436 magno;
2521 4376 2568 4420 et
2598 4375 2746 4420 erant
2778 4382 2978 4436 semper
3019 4367 3072 4420 in
3117 4367 3308 4436 templo
3361 4368 3480 4424 lau-

1891 4465 2074 4517 dantes
2119 4469 2164 4515 et
2187 4459 2538 4512 benedicenles
2579 4456 2763 4510 Deum.
2813 4455 3155 4511 Ascendente
3203 4457 3256 4511 in
3283 4459 3482 4514 caelum

1886 4556 2114 4616 Domino
2158 4548 2402 4618 discipuli
2447 4549 2733 4603 adorantes
2806 4546 2858 4601 in
2907 4546 3026 4602 loco
3081 4548 3170 4601 ubi
3217 4557 3484 4604 steterunt

1886 4650 2180 4708 novissime
2226 4645 2389 4716 pedes
2415 4642 2531 4712 ejus
2576 4640 2861 4696 confestim
2912 4639 3345 4711 Hierosolymam
3391 4657 3484 4696 re-

1885 4745 2074 4805 deunt,
2127 4738 2252 4808 quia
2283 4736 2353 4790 ibi
2383 4733 2797 4804 promissionem
2825 4731 2999 4785 Patris
3049 4746 3214 4800 quam
3260 4733 3480 4789 audiere

1886 4848 1983 4903 per
2023 4847 2086 4886 os
2141 4827 2351 4882 Domini
2403 4833 2529 4880 sunt
2577 4832 2893 4892 exspectare
2945 4823 3222 4892 prtecepti,
3279 4826 3476 4895 gaudia

1886 4937 2077 4994 magna
2139 4919 2401 4980 referunt,
2471 4915 2597 4984 quia
2645 4914 2813 4968 Deu'm
2863 4927 2927 4968 ac
2975 4913 3266 4969 Dominum
3315 4931 3475 4970 suum

1888 5025 2009 5083 post
2048 5010 2377 5080 triumphum
2416 5006 2852 5070 resurrectionis,
2899 5007 3060 5060 etiam
3096 5007 3266 5064 cmlos
3307 5023 3477 5078 pene-

1889 5113 2061 5159 trasse
2087 5102 2353 5156 Iactantur.
2407 5097 2623 5151 Manent
2651 5111 2867 5165 semper
2889 5097 2942 5151 in
2974 5097 3171 5168 templo
3195 5098 3476 5154 laudantes

1885 5207 1939 5250 et
1988 5195 2364 5251 benedicentes
2393 5192 2586 5254 Deum,
2627 5198 2686 5243 ut
2711 5190 2762 5242 in
2793 5189 2913 5244 loco
2941 5190 3223 5255 orationis,
3254 5198 3309 5246 et
3335 5191 3476 5246 inter

1887 5287 2102 5340 laudum
2151 5283 2462 5340 devotiones
2505 5280 2829 5350 promissum
2880 5282 3052 5335 sancti
3102 5281 3335 5352 Spiritus
3379 5282 3476 5337 ad-

1885 5384 2105 5430 ventum
2162 5374 2428 5444 promptis
2474 5386 2569 5442 per
2617 5372 2796 5427 omnia
2852 5372 3165 5441 paratisque
3213 5372 3472 5427 cordibus

1884 5473 2220 5536 exspectent.
2290 5464 2357 5519 Et
2411 5478 2509 5517 nos
2556 5472 2734 5516 autem
2795 5463 3184 5534 discipulorum
3221 5463 3472 5534 exemplo

1885 5568 2006 5628 post
2060 5557 2332 5612 celebrata
2386 5554 2794 5625 Hierosolymis,
2851 5555 2956 5611 hoc
3012 5562 3117 5621 est,
3172 5553 3226 5614 in
3261 5555 3474 5612 visione

1886 5649 2033 5719 pacis
2061 5647 2351 5703 Dominicm
2380 5645 2647 5716 passionis
2674 5653 2730 5700 et
2766 5645 3180 5700 resurrectionis
3207 5643 3470 5701 solemnia

1887 5739 2158 5795 Bethania:
2204 5755 2326 5794 mox
2357 5752 2482 5792 arva
2515 5736 2733 5793 Christo
2772 5736 2906 5792 duce
2933 5745 3200 5807 petamus,
3257 5744 3316 5792 ut
3337 5750 3462 5792 cum
