3946 6348
476 327 586 388 ιω

1128 330 1188 384 n.
1230 328 1486 386 uanam
1525 288 1755 386 suum
1783 329 2100 388 ARCllIEP.
2143 325 2455 392 necum.
2498 336 2783 397 OPERUM
2825 341 3007 399 PARS
3047 342 3088 397 ιι

3648 349 3767 407 248

475 452 660 499 mente
689 445 869 514 quieta
897 450 948 497 et
976 441 1045 496 ab
1081 442 1228 497 omni
1255 441 1647 498 discordiarum
1680 443 1913 511 turbine,
1955 444 2068 515 jam
2096 452 2146 510 Α
2175 459 2393 504 sensata
2418 451 2646 507 stultitia
2677 452 3006 522 Judaeoruzn,
3067 459 3169 513 ista
3197 462 3470 518 insensata
3515 465 3759 523 stultitia

477 542 670 608 pacata
714 532 895 591 carnis
933 543 989 588 et
1025 533 1303 604 sanguinis
1340 533 1688 605 perceptione
1733 535 2061 602 imbuamur,

475 623 583 694 ipsi
610 625 804 682 domus
833 624 1152 680 obedientia:
1180 639 1436 680 curemus
1464 627 1751 692 exsistere,
1774 642 1872 697 per
1898 643 2061 698 quam

477 715 746 786 possimus
816 715 930 774 Deo
984 717 1280 772 miserante
1322 717 1548 789 gloriam
1597 719 1858 789 consequi
1921 736 2064 776 sem-

476 807 768 879 pitemam.

1036 897 1320 955 HOMILIA
1358 899 1488 954 LIII.

776 1007 830 1046 ΙΙ(
857 1006 1093 1048 ΒΔΒΒΑΤΟ
1119 1007 1333 1048 ῩΙΕΙιΙΔΕ
1365 1006 1756 1050 ΡεΝτεοοδτεε.

474 1082 703 1157 Require
747 1086 804 1140 in
843 1086 1062 1141 sabbato
1108 1095 1289 1140 sancto
1332 1083 1580 1140 Pascha.
1628 1086 1670 1140 ι.
1719 1085 1798 1142 De
1846 1087 2059 1150 Genesi,

545 1177 797 1232 Tentavit
845 1177 988 1232 Deus
1036 1177 1330 1232 Abraham.
1397 1177 1459 1230 ll.
1506 1176 1584 1232 De
1620 1178 2060 1244 Deuteronomio,

543 1267 775 1338 Scripsit
816 1268 1028 1339 Moyses
1055 1268 1350 1323 canticum.
1386 1266 1473 1322 IlI.
1500 1266 1579 1322 De
1614 1267 1785 1334 Isaia,
1844 1269 2059 1339 Appre-

540 1359 782 1417 hendent
806 1367 1014 1431 septem
1044 1359 1321 1415 mulieres.
1363 1360 1453 1415 IV.
1496 1359 1572 1415 De
1611 1359 1866 1427 Ieremia,
1893 1363 2056 1428 Audi,

539 1449 731 1508 Israel.
807 1448 887 1505 De
939 1446 1157 1505 Psalmo
1207 1466 1317 1505 xu.
1359 1448 1680 1505 Canticum.
1733 1448 1888 1508 Sicut
1933 1466 2056 1507 cer-

539 1560 661 1600 vus.
933 1613 1120 1670 Lectio
1145 1612 1268 1670 libri
1289 1611 1587 1670 Geneseos.

539 1704 609 1759 In
633 1703 814 1759 diebus
849 1703 955 1759 illis
991 1705 1203 1759 tentavit
1237 1702 1380 1758 Deus
1411 1701 1701 1772 Abraham,
1749 1715 1796 1760 et
1824 1705 1959 1759 dixit
1988 1706 2058 1759 ad

466 1812 585 1851 eum
629 1812 647 1851 .'
686 1795 979 1859 Abraham,
1033 1796 1319 1850 Abraham.
1352 1795 1453 1851 Ille
1503 1797 1805 1869 respondit:
1833 1798 2052 1852 Adsum.
2083 1810 2131 1869 Β

470 1887 555 1941 Ait
600 1887 721 1943 illi:
765 1885 908 1941 Tolle
933 1886 1107 1956 ﬁlium
1128 1896 1277 1943 tuum
1316 1888 1659 1959 unigenitum,
1682 1905 1833 1960 quem
1858 1889 2055 1959 diligis,

471 1977 648 2044 Isaac,
693 1988 740 2032 et
771 1977 898 2032 vade
923 1977 976 2031 in
1010 1985 1206 2034 terram
1243 1978 1484 2044 visionis,
1512 1989 1667 2050 atque
1700 1979 1832 2048 oﬂ‘er
1861 1980 1932 2033 ibi
1967 1981 2058 2034 Ito-

465 2068 761 2123 locaustum
800 2084 957 2139 super
998 2084 1161 2123 unum
1204 2070 1457 2123 montium
1501 2086 1655 2130 quem
1704 2081 2058 2126 monstravere

466 2159 580 2214 tibi.

538 2251 655 2321 Age
710 2265 859 2320 (nunc
911 2253 1197 2308 videamus
1231 2251 1360 2324 quid
1409 2251 1510 2308 sub
1536 2253 1696 2324 hujus
1733 2255 2058 2310 sacramenti

467 2340 632 2396 lateat
654 2341 931 2412 mysterio.
982 2340 1089 2408 Iste
1115 2342 1264 2396 enim
1311 2341 1588 2397 Abraham
1619 2342 1840 2412 quando
1890 2341 2057 2397 ﬁlium

466 2420 626 2484 suum
668 2430 887 2484 unicum
940 2430 1192 2501 perduxit
1239 2429 1307 2484 ad
1356 2430 1748 2487 immolandum
1815 2431 2060 2506 habebat

466 2516 768 2589 pcrsonam'
795 2518 889 2574 Dei
916 2517 1116 2575 Patris.
1158 2517 1264 2574 Sed
1286 2519 1416 2590 quid
1443 2529 1528 2576 est
1553 2521 1696 2590 quod
1719 2535 1845 2576 eum
1891 2537 2058 2577 senex

465 2609 736 2678 suscepit?
757 2607 875 2664 Non
903 2593 1302 2667 enim'senescit
1332 2608 1497 2676 Deus,
1542 2611 1638 2666 sed
1663 2612 1779 2681 ipsa
1812 2625 2056 2681 pronun-

469 2699 622 2754 tiatio
679 2699 746 2755 de
797 2698 1016 2754 Christo
1079 2697 1195 2768 jam
1249 2700 1484 2770 quodam
1551 2701 1711 2756 modo
1775 2709 2051 2768 senuerat,

465 2792 681 2862 quando
721 2799 879 2848 natus
911 2801 995 2848 est
1027 2792 1296 2848 Christus.
1353 2793 1612 2849 inchoata
1640 2801 1725 2850 cst
1775 2796 1845 2849 ab
1880 2794 2057 2850 Adam

467 2887 554 2940 ubi
581 2886 782 2942 dictum
813 2894 896 2939 est
922 2902 935 2938 :
988 2881 1056 2937 Et
1083 2893 1233 2939 erunt
1260 2884 1367 2940 duo
1393 2886 1449 2939 in
1486 2901 1644 2939 carne
1671 2902 1798 2952 una,
1839 2896 1886 2940 et
1914 2903 2056 2941 com-

463 2976 601 3047 pleta
640 2984 714 3030 est
745 2984 892 3031 sexta
922 2984 1076 3029 (etate
1119 2973 1299 3044 saeculi
1337 2991 1455 3045 quae
1495 2988 1700 3030 senecta
1724 2976 2056 3047 signiﬁcatur

463 3069 710 3123 Abra/ta'.
758 3065 895 3133 Quia
937 3067 1112 3136 ipsum
1143 3074 1541 3122 sacramentum
1572 3066 1669 3121 Dei
1711 3065 1824 3135 jam
1865 3066 2056 3139 longae-

463 3178 587 3215 vum
616 3168 754 3226 erat,
799 3169 854 3215 et
883 3167 1134 3216 senectus
1161 3174 1317 3215 sacra
1356 3159 1412 3213 in
1451 3159 1607 3229 plebe
1636 3159 1752 3225 Dei,
1800 3159 1904 3214 hoc
1944 3169 2050 3226 est,
2082 3150 2127 3215 C

465 3253 516 3307 in
555 3250 900 3306 multitudine
954 3249 1348 3322 Pmphetarum
1416 3250 1521 3305 hoc
1559 3249 1702 3305 idem
1761 3249 2050 3321 signiﬁcat,

462 3341 588 3410 quia
627 3340 682 3394 in
711 3339 821 3395 ﬁne
843 3349 1144 3411 temporum
1181 3355 1250 3396 ex
1277 3343 1389 3412 ipsa
1415 3340 1569 3411 plebe
1599 3352 1908 3396 sanctarum
1939 3344 2053 3396 ani-

465 3447 679 3486 murum
717 3438 877 3484 natus
929 3440 1014 3485 est
1057 3429 1325 3496 Christus,
1391 3431 1651 3486 sterilitas
1693 3440 1876 3486 autem
1937 3431 2054 3499 ejus

466 3523 700 3584 intimat,
739 3520 884 3589 quod
916 3521 970 3575 in
1002 3522 1102 3577 hoc
1129 3523 1325 3577 saeculo
1358 3536 1452 3592 spe
1484 3520 1617 3576 salvi
1662 3523 1785 3576 lacti
1845 3539 2051 3588 sumus,

462 3620 516 3667 ct
546 3612 600 3666 in
630 3611 848 3667 Christo
889 3619 1146 3682 tanquam
1177 3613 1231 3667 in
1256 3612 1426 3677 Isaac,
1467 3627 1658 3667 omnes
1694 3613 1806 3666 nati
1844 3629 2049 3680 sumus,

462 3724 623 3777 quem
665 3715 881 3777 partum
917 3706 1161 3761 Ecclesia
1211 3705 1263 3759 in
1315 3705 1421 3760 ﬁne
1472 3713 1771 3774 temporum
1817 3705 2052 3759 mirabili

468 3798 564 3853 Dei
615 3797 812 3867 gratia,
872 3811 979 3851 non
1025 3795 1258 3850 naturali
1326 3795 1660 3851 fecunditate
1719 3797 2047 3869 procreavit.

462 3886 583 3940 Jam
631 3887 826 3943 deinde
873 3886 1145 3957 sequentis
1190 3886 1429 3941 historia:
1464 3896 1881 3949 sacramentum,
1925 3888 2051 3957 quid

464 3977 787 4049 imaginarie
808 3976 1164 4047 portendebat
1190 3973 1579 4045 inspiciendum
1612 3987 1713 4030 est.
1759 3976 1893 4044 Quis
1919 3991 2052 4044 ergo

465 4073 518 4126 in
567 4070 840 4124 Abraham
882 4058 944 4122 ut
986 4067 1299 4139 prmdictum
1337 4079 1440 4135 est,
1492 4085 1588 4140 per
1621 4069 1764 4123 illam
1806 4070 2051 4123 immola-

466 4163 668 4217 tionem
723 4159 1059 4231 ﬁgurabatur
1124 4159 1226 4214 nisi
1266 4158 1427 4216 Pater
1491 4160 1780 4215 excelsus?
1821 4160 1953 4227 Quis
1997 4161 2048 4214 in

461 4253 613 4309 Isaac
677 4252 780 4308 nisi
825 4251 1114 4307 Christus?
1153 4249 1285 4306 Nam
1337 4253 1478 4307 sicut
1523 4249 1794 4307 Abraham
1833 4254 2048 4306 unicum

461 4357 518 4402 et
545 4346 798 4402 dilectum
823 4344 989 4399 lilium
1014 4345 1122 4398 Deo
1149 4344 1421 4399 victimam
1449 4344 1664 4410 obtulit,
1696 4346 1768 4399 ita
1793 4345 2052 4400 Dominus

465 4439 607 4492 Deus
658 4436 992 4507 unigenitum
1039 4433 1205 4488 ﬁlium
1246 4451 1403 4490 suum
1462 4453 1560 4509 pro
1595 4439 1752 4493 nobis
1797 4439 2048 4494 omnibus

466 4527 707 4581 tralidtt.
755 4525 823 4579 Et
857 4524 996 4579 sicut
1021 4525 1168 4579 Isaac
1201 4525 1313 4596 ipse
1345 4525 1446 4580 sibi
1474 4524 1618 4597 ligna
1651 4528 1886 4596 portavit
1929 4528 2049 4596 qui-
2078 4511 2130 4571 Ῑ)

464 4619 566 4672 bus
589 4623 707 4672 erat
737 4615 1109 4684 imponendus,
1148 4615 1222 4670 ita
1248 4625 1301 4672 et
1325 4614 1572 4674 Christus
1611 4618 1842 4688 gestavit
1865 4618 1919 4672 in
1948 4620 2050 4675 bu—

466 4707 638 4762 meris
668 4705 872 4778 lignum
893 4705 1072 4761 crucis
1095 4723 1226 4771 sum,
1279 4707 1333 4761 in
1358 4723 1465 4776 quo
1492 4717 1611 4762 erat
1634 4707 2048 4781 cruciﬁgendus,

464 4799 572 4854 duo
600 4804 782 4851 autem
825 4795 1022 4851 servuli
1047 4795 1257 4851 dimissi
1282 4804 1336 4850 et
1362 4812 1470 4852 non
1499 4798 1745 4866 perducti
1781 4799 1848 4853 ad
1873 4798 2050 4854 locum

465 4887 720 4944 sacriﬁcii
754 4884 969 4943 Judzeos
1021 4886 1413 4957 signiﬁcabant.
1467 4886 1569 4955 Qui
1621 4905 1744 4943 cum
1783 4890 2050 4945 serviliter

465 4982 714 5036 viverent
765 4985 821 5033 et
868 4975 1160 5032 carnaliter
1196 4987 1472 5046 saperent,
1535 4994 1644 5033 non
1687 4979 2055 5052 intelligebant

467 5071 829 5129 humilitatem
879 5067 1103 5132 Christi,
1183 5065 1299 5124 Ideo
1347 5070 1473 5137 quia
1533 5085 1638 5124 non
1691 5069 2058 5141 intelligebant

467 5165 777 5237 passionem
814 5160 1014 5216 Christi
1044 5176 1148 5217 non
1182 5171 1543 5231 pervenerunt
1586 5161 1651 5215 ad
1685 5162 1858 5217 locum
1884 5163 2052 5216 sacri-

464 5255 599 5314 ticii.
637 5255 749 5312 Cur
784 5263 964 5310 autem
1005 5255 1109 5309 duo
1153 5255 1330 5310 servi?
1357 5254 1467 5310 Nisi
1504 5257 1626 5325 quia
1674 5258 1898 5327 populus
1938 5258 2051 5326 ipse

469 5348 524 5404 In
555 5349 692 5406 duas
727 5355 911 5417 partes
967 5344 1287 5401 dividendus
1332 5355 1470 5411 erat,
1536 5349 1679 5418 quod
1717 5347 1918 5404 factum
1967 5360 2051 5405 est

470 5437 758 5494 Salomone
796 5425 1076 5505 peccante,
1132 5437 1347 5503 quando
1383 5436 1585 5491 divisus
1624 5446 1709 5493 est
1756 5438 1896 5492 idem
1951 5454 2051 5508 po-

469 5527 628 5599 pulus
673 5526 792 5580 loco
841 5525 1013 5596 regni,
1085 5539 1192 5579 non
1241 5541 1428 5582 errore
1472 5527 1783 5597 impietatis,
1859 5532 2054 5601 quibus

483 5617 649 5671 ttiam.
704 5629 847 5684 smpc
895 5631 992 5685 per
1037 5613 1337 5684 Prophetas
1392 5617 1635 5672 dicitur:
1692 5619 2050 5677 Adversatrix

480 5708 639 5763 nracl
681 5719 732 5765 ct
765 5709 1164 5777 prmvaricalrix
1190 5703 1341 5766 Juda.
1396 5712 1593 5768 Asinus
1625 5725 1804 5772 autem
1840 5717 1927 5773 ille
1975 5719 2054 5772 ine

2165 544 2417 609 portabat
2461 545 2641 599 omnia
2670 558 3032 612 sacramenta,
3064 559 3121 604 et
3143 553 3283 621 quod
3306 552 3516 609 ferebat
3551 559 3765 613 nescio.

2165 631 2278 686 bat.
2335 632 2453 687 Jam
2511 637 2654 704 quod
2705 638 2908 692 dictum
2935 649 3019 694 est
3069 642 3191 695 eis:

2237 726 2547 796 Exspectate
2592 730 2675 783 hic
2705 748 2822 784 cum
2853 734 3003 787 asino
3030 747 3048 784 .'
3070 745 3340 805 postquam
3365 749 3536 793 autent
3561 741 3760 796 adora-

2168 818 2409 882 serimus,
2443 829 2757 874 revertemur
2777 828 2845 876 ad
2876 840 2980 877 ros.
3000 825 3314 893 Apostolum
3339 830 3485 893 audi,
3512 833 3755 896 accitas,

2165 907 2357 977 inquit,
2389 925 2453 963 ex
2486 919 2641 979 parte
2685 913 2736 965 in
2781 913 2942 968 Israel
2975 914 3114 970 facta
3136 927 3244 981 est,
3279 918 3450 974 donec
3477 920 3757 991 plenitudo

2162 998 2415 1054 Gentium
2446 1003 2797 1068 subintrarct,
2824 1013 2879 1058 et
2910 1007 2986 1060 sic
3014 1007 3190 1062 omnis
3240 1007 3398 1064 Israel
3426 1011 3608 1066 salvus
3657 1012 3756 1068 ﬁe-

2161 1098 2265 1143 ret.
2299 1091 2389 1155 Ad.
2413 1101 2624 1162 tempus
2654 1109 2782 1164 ergo
2811 1097 3069 1152 caecitatis
3095 1100 3308 1154 obtusio
3355 1100 3477 1156 data
3524 1113 3607 1157 est
3657 1103 3756 1158 Ju-

2163 1180 2292 1235 dmis
2320 1182 2420 1243 his,
2471 1184 2560 1253 qui
2600 1186 2727 1242 dum
2776 1187 2953 1240 annuli
2981 1188 3114 1259 legis
3167 1199 3310 1255 sunt,
3351 1207 3459 1246 non
3497 1193 3754 1248 viderunt

2162 1272 2362 1329 donum
2394 1275 2604 1330 venisse
2629 1277 2954 1345 promissum
2984 1297 3013 1332 a
3045 1281 3154 1335 Deo
3181 1283 3322 1351 quod
3352 1285 3756 1353 przedicabatur

2163 1379 2192 1417 a
2227 1363 2465 1421 Christo.
2499 1367 2626 1421 Zelo
2653 1369 2796 1422 enim
2846 1372 3098 1425 διαπεραιὶ
3136 1381 3262 1426 sunt
3292 1382 3543 1444 putantes
3574 1376 3753 1448 legem

2164 1455 2428 1512 factorum
2468 1475 2742 1528 nunquam
2785 1459 2983 1516 debere
3011 1477 3248 1517 cessare.
3282 1464 3540 1519 Triduum
3568 1478 3753 1522 autem

2160 1549 2291 1603 illud
2329 1551 2384 1603 in
2418 1566 2524 1619 quo
2567 1563 2831 1606 venerunt
2862 1554 2930 1607 ad
2965 1553 3144 1608 locum
3182 1555 3586 1623 immolationis,
3641 1570 3756 1616 tres

2161 1640 2344 1695 mundi
2369 1649 2556 1696 aetates
2581 1643 2869 1714 signiﬁcat,
2899 1660 3058 1698 unam
3093 1655 3216 1700 ante
3244 1647 3438 1718 legem,
3467 1649 3627 1704 aliam
3649 1651 3757 1706 sub

2162 1732 2304 1802 lege,
2335 1734 2549 1787 tertiam
2581 1735 2683 1789 sub
2731 1735 2924 1804 gratia.
2958 1736 3098 1790 Ante
3147 1737 3319 1807 legem
3347 1739 3415 1793 ab
3439 1740 3610 1794 Adam
3660 1756 3757 1794 us-

2160 1841 2265 1896 que
2296 1826 2361 1881 ad
2387 1826 2629 1897 Moysen,
2655 1829 2752 1882 sub
2779 1827 2896 1899 lege
2928 1844 2956 1881 a
2979 1828 3158 1899 Moyse
3179 1845 3348 1899 usque
3374 1833 3440 1886 ad
3460 1832 3753 1896 Joannem,

2161 1916 2283 1972 inde
2308 1916 2420 1986 jam
2452 1931 2484 1970 a
2519 1917 2742 1971 Domino
2767 1925 2822 1970 et
2849 1918 3109 1987 quidquid
3158 1928 3348 1985 restat,
3394 1922 3586 1976 tertius
3632 1922 3756 1976 dies

2161 2016 2246 2064 est
2280 2008 2486 2079 gratiae,
2532 2009 2720 2077 inqua
2771 2010 2928 2064 tertia
2977 2019 3136 2064 mtate
3180 2012 3332 2080 quasi
3356 2018 3478 2082 post
3512 2013 3755 2067 triduum

2159 2105 2556 2152 sacramentum
2584 2098 2834 2152 sacriﬁcii
2864 2097 3058 2161 Christi
3078 2100 3401 2170 completum
3426 2109 3527 2163 est,
3555 2101 3756 2158 deinde

2159 2187 2310 2244 Isaac
2344 2188 2520 2259 l'gatis
2542 2189 2767 2259 pedibus
2793 2191 2953 2244 altari
2973 2193 3376 2261 superponitur,
3409 2202 3463 2247 et
3487 2193 3756 2250 Dominus

2159 2277 2214 2332 in
2259 2277 2406 2348 ligno
2452 2295 2748 2350 suspensus
2793 2282 2943 2336 cruci
2993 2280 3246 2352 aﬁigitur.
3291 2282 3555 2339 Sed’illud
3604 2283 3754 2354 quod

2159 2367 2448 2436 ﬁguratum
2481 2378 2565 2433 est
2597 2369 2650 2422 in
2687 2369 2839 2424 Isaac
2886 2379 3250 2442 transgestum
3275 2383 3355 2428 est
3389 2376 3456 2430 ad
3495 2375 3753 2429 arietem.

2157 2459 2304 2517 Cur?
2329 2454 2455 2531 quia
2483 2459 2731 2517 Christus
2761 2462 2899 2526 ovis,
2931 2463 3044 2533 ipse
3065 2465 3208 2520 enim
3243 2464 3404 2532 ﬁlius,
3437 2467 3551 2538 ipse
3577 2482 3756 2538 agnus

2159 2551 2301 2607 ﬁlius
2325 2553 2454 2622 quia
2484 2563 2645 2608 natus
2666 2562 2774 2620 est,
2809 2555 2955 2610 aries
2969 2556 3095 2625 quia
3123 2557 3452 2618 immolatus.
3483 2557 3588 2613 Sed
3618 2556 3755 2628 quid

2156 2651 2239 2697 est
2261 2643 2403 2712 quod
2429 2643 2482 2696 in
2515 2642 2769 2714 vepribus
2801 2643 3042 2699 hauebat
3070 2647 3213 2700 aries
3239 2647 3350 2710 ille,
3381 2662 3514 2700 crux
3543 2662 3754 2701 cornua

2157 2735 2339 2790 habet.
2368 2733 2460 2789 Sic
2485 2736 2632 2789 enim
2660 2736 2766 2791 duo
2815 2735 2956 2806 ligna
2998 2738 3416 2808 compinguntur
3467 2753 3649 2793 secum
3696 2748 3756 2793 et

2157 2827 2392 2896 speciem
2425 2828 2602 2883 crucis
2630 2829 2881 2893 reddunt,
2930 2831 3071 2884 unde
3115 2830 3374 2899 scriptum
3422 2839 3507 2884 est
3550 2832 3615 2886 de
3657 2847 3750 2885 eo.

2156 2914 2370 2971 Cornua
2399 2917 2455 2970 in
2478 2917 2716 2971 manibus
2745 2918 2858 2986 ejus
2889 2928 3032 2984 sunt,
3064 2920 3321 2975 cornibus
3361 2936 3488 2990 ergo
3535 2921 3754 2976 harrcns

2155 3005 2298 3061 aries
2329 3006 2648 3062 cruciﬁxum
2683 3006 2960 3063 Christum
3005 3009 3294 3081 signiﬁcat.
3329 3012 3529 3082 Vepres
3566 3021 3752 3065 autem

2156 3095 2325 3166 spina:
2346 3103 2492 3162 sunt,
2536 3097 2707 3166 spinae
2748 3098 2965 3167 iniquos
2998 3107 3052 3155 et
3076 3108 3388 3170 peccatores
3417 3101 3750 3172 signiﬁcant,

2164 3185 2254 3255 qui
2286 3186 2683 3256 suspenderunt
2736 3187 3024 3242 Dominum
3060 3189 3113 3243 in
3156 3206 3333 3251 cruce.
3389 3174 3532 3248 inter
3563 3193 3754 3263 spinas

2161 3276 2345 3345 itaque
2374 3284 2722 3343 peccatorum
2747 3276 3095 3334 Judaicorum
3122 3295 3416 3350 suspensus
3449 3295 3532 3337 est
3559 3285 3751 3337 Domi-

2161 3381 2280 3430 nus,
2320 3367 2462 3421 sicut
2490 3364 2604 3437 per
2631 3366 2958 3424 Hieremiam
2989 3369 3130 3424 idem
3162 3371 3312 3433 dicit,
3344 3373 3510 3441 Spinis
3557 3389 3747 3441 pecca-

2163 3467 2339 3512 torum
2369 3472 2590 3512 suorum
2617 3457 2977 3512 circumdedit
3006 3473 3090 3512 me
3103 3456 3448 3530 po’pulushic.
3475 3460 3575 3513 Alii
3602 3462 3754 3517 hunc

2160 3551 2387 3605 arietem
2446 3549 2702 3605 cornibus
2760 3550 2815 3604 in
2866 3551 3123 3620 vepribus
3146 3552 3440 3622 obligatum
3495 3555 3750 3607 eumdem

2159 3641 2432 3694 Christum
2473 3649 2789 3707 senserunt,
2818 3647 2945 3696 ante
2981 3658 3160 3712 quanr
3180 3643 3548 3698 immolaretur
3573 3646 3750 3714 spinis

2159 3746 2187 3784 a
2218 3729 2416 3786 Iudaeis
2439 3740 2777 3786 coronatum.
2803 3730 3033 3786 Peracto
3057 3732 3220 3804 igitur
3248 3733 3520 3787 sacriﬁcio
3545 3734 3750 3788 dicitur

2158 3818 2408 3883 Abrahtc,
2434 3822 2489 3874 in
2519 3821 2711 3875 semine
2756 3823 2859 3873 duo
2909 3821 3271 3875 benedicentur
3316 3841 3493 3878 omnes
3545 3836 3744 3894 gentes.

2160 3911 2385 3978 Quando
2407 3913 2552 3966 enim
2588 3913 2691 3966 hoc
2718 3911 2919 3965 factum
2965 3923 3069 3977 est,
3102 3914 3203 3968 nisi
3243 3917 3457 3982 quando
3485 3917 3615 3971 dicit
3653 3918 3750 3973 ille

2159 4001 2321 4064 aries,
2354 4001 2595 4070 foderunt
2619 4018 2805 4054 manus
2852 4019 2994 4055 meas
3021 4013 3068 4056 et
3093 4004 3244 4072 pedes
3294 4022 3455 4070 meos,
3485 4017 3532 4060 et
3580 4009 3745 4061 dinu-

2157 4099 2487 4144 meraverunt
2523 4091 2699 4144 omnia
2724 4107 2840 4144 ossa
2875 4091 3154 4147 mea?IIoc
3183 4094 3326 4148 enim
3369 4096 3584 4164 quando
3615 4113 3742 4166 per-

2159 4190 2338 4237 actum
2374 4191 2459 4236 est
2492 4182 2619 4236 illud
2652 4183 2703 4236 in
2733 4182 2962 4239 Psalmis
3007 4186 3352 4253 sacriﬁcium,
3385 4197 3513 4243 tunc
3543 4191 3593 4244 iu
3624 4192 3746 4260 ipso

2157 4272 2374 4327 Psalmo
2398 4272 2599 4326 dictum
2628 4282 2730 4336 est,
2764 4280 3305 4330 commemorabuntur
3349 4289 3394 4332 et
3438 4290 3740 4334 convertenv

2159 4375 2245 4418 tur
2269 4364 2337 4417 ad
2365 4362 2645 4418 Dominum
2671 4365 2893 4419 universi
2914 4366 3043 4434 ﬁnes
3084 4377 3255 4430 terrm,
3284 4378 3332 4421 et
3361 4369 3656 4423 adorabunt
3686 4372 3742 4426 in

2158 4469 2432 4530 conspectu
2474 4461 2587 4530 ejus
2617 4475 2789 4512 omnes
2819 4463 3005 4528 patria:
3034 4464 3284 4531 gentium,
3333 4468 3580 4534 quoniam
3631 4465 3736 4519 Do-

2156 4553 2282 4607 mini
2331 4562 2405 4607 est
2438 4567 2673 4622 regnum,
2709 4561 2756 4605 et
2803 4553 2911 4622 ipse
2947 4553 3304 4607 dominabitur
3346 4557 3598 4625 gemium.
3631 4557 3739 4611 lm-

2155 4644 2358 4700 molato
2406 4644 2572 4714 igitur
2603 4643 2879 4698 Abraham
2925 4661 3024 4715 pro
3070 4646 3216 4701 Isaac
3259 4647 3369 4701 ﬁlio
3398 4663 3495 4702 suo
3525 4650 3695 4704 ariete
3726 4691 3740 4712 ,

2153 4735 2367 4790 vocavit
2413 4749 2611 4789 nomen
2658 4735 2759 4790 loci
2814 4735 2979 4801 illius,
3027 4735 3287 4792 Dominus
3315 4737 3480 4803 videt,
3527 4755 3627 4809 pro
3669 4756 3737 4796 eo

2151 4827 2296 4896 quod
2343 4827 2602 4882 Dominus
2641 4827 2810 4881 videri
2853 4842 2911 4882 se
2940 4826 3068 4883 fecit
3109 4830 3294 4898 utique
3336 4846 3435 4899 per
3477 4832 3734 4886 incarna-

2152 4919 2377 4982 tionem,
2405 4932 2564 4986 quam
2597 4932 2695 4987 pro
2721 4917 3091 4986 redemptione
3124 4919 3338 4988 generis
3369 4921 3589 4974 humani
3616 4936 3740 4975 sus-

2157 5009 2318 5078 cepit,
2357 5017 2412 5062 et
2457 5023 2552 5076 per
2592 5024 2753 5077 quam
2797 5025 2986 5063 omnes
3033 5009 3232 5064 electos
3290 5026 3416 5064 suos
3457 5012 3524 5065 ad
3572 5013 3740 5066 vitam

2154 5097 2414 5168 perducet
2481 5098 2869 5166 sempiternam
2941 5097 3098 5154 Jesus
3164 5099 3413 5155 Christus
3479 5103 3742 5158 Dominus

2155 5195 2358 5249 noster,
2401 5187 2494 5256 qui
2535 5188 2667 5240 vivit
2710 5197 2765 5242 et
2803 5197 2991 5258 regnat
3033 5205 3156 5244 cum
3184 5192 3293 5244 Deo
3322 5191 3482 5246 Patre
3529 5195 3581 5248 in
3615 5209 3744 5249 unto

2156 5286 2267 5331 tate
2290 5275 2525 5345 Spiritus
2570 5279 2765 5339 sancti,
2797 5293 2893 5346 per
2921 5281 3102 5333 omnia
3132 5280 3328 5335 saecula
3373 5283 3697 5339 saeculorum
3723 5324 3742 5353 ,

2152 5368 2346 5421 Amen.

2551 5458 2734 5513 Lectio
2772 5460 2893 5515 libri
2917 5462 3338 5517 Deuteronomii.

2237 5547 2298 5600 In
2321 5548 2497 5602 diebus
2544 5549 2648 5602 illis
2694 5552 2897 5620 scripsit
2926 5551 3131 5622 Moyses
3177 5555 3459 5628 canticum,
3483 5563 3594 5612 etc.
3634 5555 3743 5610 Re-

2160 5639 2307 5708 quire
2333 5640 2384 5693 in
2405 5639 2580 5707 vigilia
2610 5639 2844 5695 Pasclur.
