3946 6338
170 366 272 423 εις

627 482 813 540 Lectio
839 484 989 539 lsaim
1008 486 1300 556 prophetm.

245 575 308 625 tu
353 574 541 630 diebus
566 575 673 630 illis
695 575 1074 645 auprehcndent
1098 586 1287 648 septem
1338 578 1606 643 mulieres,
1648 591 1753 635 etc.

173 665 395 736 chuire
426 667 484 719 in
508 666 683 736 vigilia
715 664 962 721 Paschat.

744 754 1021 810 HOMILIA
1065 755 1195 810 LIV.

721 863 772 900 IN
813 861 987 901 εουεκ
1030 861 1196 900 τεςτο

411 933 605 991 Lectio
639 935 885 991 Jeremia-
925 935 1183 1008 [Daruch]
1223 946 1515 1005 prophetat.

240 1024 399 1087 Audi,
445 1022 640 1088 Israel,
686 1037 943 1094 pra'cepta
992 1026 1151 1077 vitro:
1199 1027 1417 1079 auribus
1460 1028 1662 1095 percipe
1704 1036 1760 1080 ut

170 1118 302 1168 scias
360 1114 728 1183 prudentiam,
783 1123 887 1168 ctc.
938 1114 1062 1169 Ihec
1107 1115 1264 1170 lectio
1330 1124 1436 1169 tam
1490 1115 1761 1171 lsraelitas

170 1207 315 1269 :uxta
367 1205 655 1259 historiam
700 1218 864 1275 quam
916 1206 1078 1260 etiam
1110 1206 1363 1275 populum
1395 1206 1761 1261 Christianum

169 1296 467 1351 secundum
496 1296 808 1367 allegoriam
840 1298 998 1350 docet
1039 1305 1200 1365 atque
1235 1298 1555 1351 exhortatur
1581 1306 1638 1349 ut
1667 1312 1763 1351 au-

166 1387 332 1440 ditum
363 1387 547 1441 cordis
581 1387 837 1441 adhibeat
876 1386 941 1440 ad
985 1386 1241 1441 discenda
1276 1387 1529 1442 mandata
1577 1387 1669 1442 Dei
1708 1395 1762 1442 et

167 1470 551 1548 Evangelicam
601 1478 905 1533 doctrinam
959 1478 1361 1548 percipiendam
1432 1478 1761 1548 impleatque

165 1584 326 1637 opere
350 1570 497 1637 quod
529 1568 777 1639 intelligit
805 1569 987 1624 corde.

240 1659 380 1725 Quid
402 1670 497 1724 est,
528 1660 720 1725 Israel,
744 1662 883 1731 quod
905 1664 958 1716 in
979 1673 1117 1716 terra
1145 1664 1474 1717 inimicorum
1500 1681 1551 1718 es
1574 1665 1763 1719 invete-

166 1751 353 1804 ratus?
378 1752 748 1821 coinquinatus
771 1770 823 1808 es
848 1769 966 1805 cum
998 1754 1236 1818 mortuis,
1266 1753 1543 1823 deputatas
1568 1772 1620 1809 es
1642 1772 1758 1808 cum

1270 374 1573 432 llOMlleE
1612 375 1677 431 IN
1720 375 1973 433 EVANG.
2007 376 2096 432 ΕΤ
2127 379 2344 437 EPIST.

3334 388 3447 446 950

1782 499 1832 555 Α
1860 488 2223 544 intellexerunt
2247 494 2460 545 semitas
2485 494 2622 563 ejus,
2654 506 2818 565 neque
2842 509 3180 569 susceperunt
3202 517 3317 555 eam
3345 502 3446 571 filii

1859 598 2058 647 eorum,
2089 599 2122 635 α
2148 583 2283 651 [acie
2320 582 2532 637 illorum
2568 586 2717 655 longe
2759 587 2903 656 facta
2945 598 3040 642 est.
3083 589 3276 661 Argnit
3314 607 3445 664 pro-

1838 674 2021 743 ‘pbcta
2050 673 2333 727 stultitiam
2356 675 2615 743 gentium,
2642 692 2761 747 «pne
2782 677 2835 732 in
2868 679 3205 750 principibus
3227 682 3339 738 suis
3366 684 3447 738 vi-

1860 762 2128 816 debantur
2172 764 2437 817 dominari
2501 780 2662 833 super
2705 766 2905 822 bestias
2970 777 3129 824 terra:
3185 782 3240 825 et
3292 771 3447 829 ludos

1860 867 2117 909 exercere
2146 855 2392 908 manibus
2433 856 2581 919 cmli,
2610 866 2663 910 ct
2704 859 2755 911 in
2800 859 2899 914 hoc
2925 861 3249 931 voluptatem
3292 878 3446 919 suam

1860 944 2077 1013 explere
2108 960 2165 999 se
2189 961 2347 1015 posse
2381 948 2743 1013 mstimabant,
2790 959 2844 1003 et
2881 966 2979 1020 per
3023 956 3303 1010 avaritiam
3351 973 3443 1011 ar-

1861 1048 2077 1109 gentum
2107 1049 2160 1093 et
2190 1055 2377 1094 aurum
2403 1042 2627 1095 multum
2651 1043 3040 1112 exquisierant,
3073 1055 3127 1101 et
3149 1051 3445 1118 possessio-

1861 1143 1957 1182 nes
1991 1127 2129 1182 ultra
2161 1129 2375 1183 modum
2405 1130 2608 1185 habere
2638 1132 2941 1197 certabant,
2971 1131 3320 1206 feceruntque
3340 1140 3445 1194 sibi

1860 1217 2128 1287 sculptilia
2193 1226 2354 1287 atque
2399 1219 2688 1276 simulacra
2728 1236 2791 1275 ex
2841 1236 2975 1277 auro
3020 1231 3181 1292 atque
3224 1233 3445 1296 argento

1854 1308 2007 1377 juxta
2035 1308 2400 1365 inventionem
2429 1326 2590 1380 quam
2620 1312 2719 1381 ipsi
2747 1312 2849 1368 sibi
2879 1317 3343 1385 excogitaverunt.
3379 1318 3447 1374 Et

1859 1396 1986 1453 licet
2013 1398 2065 1452 in
2090 1398 2337 1469 plurimis
2364 1400 2566 1455 divitiis
2612 1410 2668 1456 et
2705 1402 2897 1473 opibus
2940 1407 3171 1460 terrenis
3198 1407 3300 1461 sibi
3344 1423 3441 1478 apo

1858 1487 2197 1556 plauderent,
2226 1489 2317 1559 qui
2344 1504 2492 1559 spem
2517 1504 2671 1545 suam
2704 1498 2871 1546 totam
2901 1492 2955 1546 in
2980 1492 3084 1547 illis
3116 1504 3437 1563 posuerunt,

1861 1584 2039 1632 tamen
2074 1587 2396 1648 praesentem
2427 1577 2595 1633 vitam
2638 1579 2694 1634 in
2738 1595 2902 1635 carne
2925 1581 3141 1635 mortali
3168 1582 3444 1639 ﬁnierunt.

1858 1667 2183 1739 lllorumque
2212 1669 2405 1724 anima:
2431 1684 2531 1739 pro
2568 1682 2755 1724 errore
2803 1681 2859 1725 et
2902 1669 3204 1726 malefactis
3256 1687 3443 1727 eorum

1861 1760 2075 1816 inferno
2098 1763 2357 1818 demersae
2380 1773 2524 1827 sunt,
2557 1771 2611 1818 et
2628 1762 2719 1817 alii
2751 1763 2808 1817 in
2834 1762 3011 1818 locum
3040 1752 3279 1834 ipsorum
3310 1781 3435 1820 sur-

166 1841 242 1889 his
282 1841 374 1908 qui
434 1842 490 1892 in
540 1840 746 1908 inferno
807 1851 962 1903 sunt,
1007 1857 1229 1896 causam
1288 1842 1539 1898 vindictae
1594 1858 1754 1913 quam
1785 1837 1832 1895 B
1862 1858 2118 1905 rexerunt
2152 1849 2398 1918 juvenes,
2431 1851 2685 1906 viderunt
2737 1850 2917 1907 lumen
2965 1860 3022 1907 et
3064 1853 3446 1907 habitaverunt

167 1930 310 1995 prior
366 1929 599 1999 populus
658 1945 948 2000 perpessus
992 1939 1077 1985 est
1142 1933 1195 1985 in
1243 1934 1556 2001 captivitate
1603 1942 1761 1987 teme

166 2022 349 2074 ahena:
379 2022 482 2074 sub
515 2021 934 2092 interrogatione
956 2023 1214 2091 exquirit,
1245 2024 1339 2077 sed
1365 2039 1488 2078 mox
1517 2024 1757 2093 exponit,

169 2111 299 2164 unde
324 2111 400 2164 eis
441 2121 591 2164 tanta
629 2112 767 2163 mala
812 2122 1081 2177 venerunt,
1125 2113 1333 2169 scilicet
1380 2115 1523 2183 quod
1567 2114 1762 2169 dereli-

168 2211 399 2269 quernnt
430 2201 630 2256 fontem
653 2202 932 2272 sapientia:
957 2202 1123 2257 Deum
1155 2218 1362 2270 verum,
1391 2212 1445 2260 et
1471 2203 1758 2259 Dominum

169 2299 409 2346 nostrum
439 2291 622 2347 Jesum
649 2291 943 2357 Christum,
975 2294 1229 2361 quoniam
1258 2294 1302 2348 si
1345 2294 1442 2348 Dei
1488 2294 1758 2350 mandatis

167 2383 473 2448 obedirent,
494 2398 618 2437 cum
662 2397 794 2451 pace
822 2382 878 2436 in
909 2393 1055 2437 terra
1087 2399 1181 2437 sua
1213 2383 1759 2453 habitarent;simili—

170 2481 248 2527 ter
270 2474 438 2527 etiam
474 2473 876 2528 ecclesiasticus
904 2472 1152 2542 populus,
1183 2475 1228 2528 si
1266 2472 1591 2545 Evangeliea
1619 2487 1752 2543 prm-

167 2572 318 2629 cepta
368 2571 519 2617 recte
557 2562 827 2618 credendo
876 2571 932 2618 et
959 2564 1097 2619 bene
1126 2564 1357 2619 vivendo
1384 2563 1685 2619 custodiret
1705 2572 1762 2626 et

166 2664 385 2726 peccata
410 2654 465 2707 in
494 2662 753 2723 quantum
783 2661 965 2723 posset
991 2654 1253 2710 devitaret
1282 2671 1295 2707 :
1328 2654 1383 2708 in
1402 2670 1535 2724 pace
1563 2656 1763 2726 sempi-

169 2756 313 2799 terna
348 2744 641 2808 habitaret,
660 2745 800 2798 unde
823 2743 1102 2815 Scriptura
1125 2746 1289 2800 dicit:
1311 2762 1413 2816 pax
1444 2747 1610 2801 multa
1634 2749 1756 2803 dili-

169 2837 414 2907 gentibus
456 2851 653 2890 nomen
698 2845 865 2891 tuum.
896 2835 1143 2900 Domine,
1188 2846 1243 2893 et
1286 2854 1393 2893 non
1441 2848 1525 2894 est
1568 2840 1623 2894 in
1652 2839 1759 2895 illis

175 2924 513 2988 scandalum,
560 2934 665 2979 etc.

239 3015 389 3069 Disce
416 3017 505 3069 ubi
532 3020 596 3069 sit
629 3019 905 3087 sapientia,
934 3021 1022 3073 ubi
1050 3025 1117 3074 sit
1143 3022 1424 3089 rirtus,ubi
1449 3022 1516 3075 sit
1533 3022 1757 3092 pruden-

170 3108 259 3170 tia,
289 3117 343 3158 ut
374 3109 515 3161 scias
550 3109 705 3160 simul
734 3108 819 3161 ubi
849 3111 915 3161 sit
951 3110 1323 3179 longimrnitas
1347 3111 1463 3165 vim
1486 3120 1534 3165 et
1562 3114 1751 3177 victus,

1860 1956 2024 2011 super
2064 1951 2290 1997 terram.
2337 1940 2571 1997 Iuvenes
2608 1943 2712 2005 hic
2762 1958 3052 2013 possumus
3099 1943 3448 2015 philosolihos

1860 2034 2100 2110 gentium
2126 2033 2446 2103 intelligere,
2478 2033 2569 2103 qui
2591 2033 2827 2103 aliquam
2858 2034 3150 2089 scintillam
3181 2036 3443 2101 scientias,

1860 2123 1912 2178 in
1938 2124 2165 2180 diversis
2192 2125 2401 2180 artibus
2443 2133 2498 2181 et
2528 2125 2982 2193 disputationibus
3009 2125 3225 2182 disertae
3250 2126 3448 2197 lingua:

1858 2219 2206 2281 acceperunt,
2235 2212 2327 2266 sed
2352 2219 2531 2267 tamen
2556 2214 2696 2267 hanc
2722 2214 2990 2268 veraciter
3007 2229 3104 2283 per
3128 2216 3308 2269 omnia
3335 2231 3442 2269 non

1860 2294 2209 2369 invenerunt,
2251 2304 2377 2374 quia
2421 2304 2487 2359 ad
2537 2313 2805 2359 terrenam
2843 2306 3167 2375 sapientiam
3211 2315 3263 2361 et
3290 2306 3443 2363 istius

1858 2393 2044 2447 mundi
2088 2388 2375 2448 stultitiam
2404 2394 2663 2464 quidquid
2709 2395 2762 2449 in
2803 2394 3143 2466 dogmatibus
3178 2396 3291 2451 suis
3318 2411 3443 2466 pro-

1860 2481 2107 2537 ferebant
2152 2491 2326 2537 totum
2368 2484 2705 2553 redigebant,
2749 2484 2889 2538 viam
2932 2492 3110 2540 autem
3149 2485 3447 2556 disciplina

1861 2575 2192 2639 nescierunt,
2234 2575 2361 2645 quia
2386 2575 2527 2630 viam
2555 2574 2854 2647 disciplime
2882 2591 3001 2646 qua:
3044 2575 3294 2631 Christus
3334 2583 3440 2641 est,

1860 2667 2127 2738 quomodo
2153 2667 2265 2736 ipse
2286 2674 2369 2721 est
2395 2674 2584 2721 auctor
2610 2667 2775 2722 totius
2818 2666 2945 2721 boni
2975 2666 3309 2732 nescierunt,
3347 2676 3443 2722 ne-

1860 2773 1964 2827 que
1985 2756 2369 2811 intellexerunt
2384 2756 2627 2811 semitam
2649 2756 3021 2812 mandatorum
3036 2756 3173 2825 eius,
3202 2771 3300 2811 nec
3316 2758 3445 2827 ipsi,

1859 2863 1960 2903 nec
1981 2846 2076 2901 ﬁlii
2104 2858 2314 2912 eorum,
2344 2846 2446 2901 hoc
2468 2856 2572 2911 est,
2598 2846 2897 2902 imitatores
2920 2846 3157 2917 perﬁdia:
3198 2847 3435 2911 illorum,

1856 2935 2013 3008 long:
2036 2936 2177 2990 eaim
2208 2950 2239 2989 a
2267 2935 2404 2991 facie
2433 2951 2620 2990 eorum
2651 2936 2790 2991 facta
2821 2945 2926 3000 est,
2966 2938 3092 3006 quia
3136 2940 3319 2992 veram
3362 2938 3425 2993 ﬁ-

1860 3026 1980 3080 dem
2009 3025 2209 3080 Christi
2237 3025 2514 3096 percipere
2540 3036 2853 3081 tenuerunt.
2883 3027 3036 3083 Unde
3063 3028 3129 3082 de
3153 3028 3255 3083 ἰιιὶ,
3281 3028 3437 3084 Psal-

1860 3119 2018 3173 mista
2049 3118 2121 3172 ait
2152 3136 2163 3169 :
2194 3116 2370 3189 Longe
2392 3125 2467 3172 est
2492 3135 2522 3171 a
2562 3118 2919 3188 peccatoribus
2944 3118 3111 3184 salus,
3137 3121 3260 3190 quia
3274 3120 3440 3190 justi-

170 3198 252 3249 ubi
290 3198 355 3250 sit
381 3197 559 3251 lumen
586 3196 854 3251 oculorum
881 3208 929 3252 et
957 3216 1082 3269 pum.
1116 3198 1379 3255 Provocat
1413 3215 1543 3273 ergo
1568 3202 1753 3256 admo—
1781 3180 1825 3240 Ο
1854 3210 2126 3279 ﬁcatio‘ues
2160 3208 2250 3261 Dei
2294 3180 2395 3262 non
2440 3180 2816 3278 exquisicrunt.
2862 3180 3155 3278 SeQuituri

190 3288 294 3339 uitio
317 3287 633 3356 prophetica
678 3288 953 3342 auditores
978 3304 1107 3343 suos
1133 3290 1200 3342 ad
1226 3290 1616 3358 exquirendam
1658 3306 1750 3345 sa-

173 3378 419 3444 pientiam
460 3379 721 3443 divinam,
765 3387 820 3434 et
864 3380 1118 3434 virtutem
1168 3391 1328 3450 atque
1388 3384 1747 3451 prudentium.

172 3465 233 3519 Et
265 3482 382 3535 qua:
410 3478 498 3522 est
524 3468 615 3522 illa
664 3470 764 3523 nisi
811 3471 1118 3541 redemptor
1161 3482 1367 3536 noster,
1415 3476 1505 3541 qni
1548 3484 1631 3527 est
1659 3490 1749 3528 sa-

170 3560 363 3627 pientia
389 3560 484 3614 Dei
514 3570 567 3613 et
593 3561 781 3623 virtus,
810 3570 866 3615 et
906 3561 1142 3615 salvator
1166 3564 1405 3616 omnium
1449 3565 1746 3629 hominum,

172 3652 396 3706 maxime
440 3652 699 3705 ﬁdelium.
746 3653 819 3708 De
857 3668 962 3722 quo
1006 3653 1295 3723 Apostolus
1328 3656 1446 3707 ait:
1481 3652 1748 3708 Christum

170 3741 276 3794 dico
304 3744 545 3795 virtutem
571 3754 617 3796 et
656 3743 752 3795 Dei
778 3744 1110 3813 sapientiam,
1142 3761 1234 3798 ncc
1270 3737 1343 3798 est
1375 3746 1521 3798 aliud
1564 3762 1748 3801 nomen

172 3834 343 3885 datum
390 3833 688 3885 hominibus
735 3834 828 3887 sub
873 3832 999 3887 calo
1040 3835 1095 3886 in
1124 3851 1226 3902 quo
1254 3845 1486 3903 oporteat
1530 3836 1742 3890 salvari.

172 3924 264 3988 Qui
290 3939 415 3993 ergo
442 3924 614 3977 credit
650 3925 702 3977 in
736 3924 881 3977 illum
920 3932 977 3978 et
1018 3926 1267 3978 mandata
1309 3924 1426 3993 ejus
1470 3935 1615 3981 recte
1655 3942 1747 3980 cu-

171 4016 323 4068 stodit
358 4033 465 4069 non
520 4016 877 4070 confundetur
922 4016 973 4069 in
1024 4018 1462 4087 mternuin,quia
1494 4018 1608 4087 ipse
1654 4017 1741 4070 lux

171 4115 245 4159 est
268 4121 392 4160 vera
422 4122 543 4175 qum
568 4106 832 4159 illuminat
864 4122 1079 4160 omnem
1122 4106 1393 4161 hominem
1439 4107 1742 4161 venientem

172 4200 219 4252 in
248 4199 383 4253 hunc
438 4199 723 4261 mundum,
755 4206 809 4250 ct
858 4213 960 4267 pax
1009 4197 1163 4251 ﬁrma
1195 4213 1312 4266 qua:
1345 4197 1474 4252 fecit
1518 4207 1745 4267 utraque

171 4304 340 4351 unum,
363 4298 415 4343 et
443 4289 676 4342 medium
703 4288 961 4358 parietem
990 4288 1288 4343 dissolvens
1330 4288 1603 4343 interfecit
1642 4292 1744 4345 ini-

172 4378 389 4431 micitias
420 4379 472 4430 iu
500 4392 662 4430 carne
708 4394 823 4430 sua.
870 4377 1042 4445 ipsius
1077 4392 1205 4447 ergo
1239 4377 1388 4432 locus
1417 4386 1500 4432 est
1525 4394 1739 4433 sacrum

172 4466 525 4536 Evangelium,
552 4474 779 4520 ctsacra
822 4467 1023 4536 scripta
1052 4468 1141 4522 ubi
1186 4476 1315 4522 sunt
1359 4468 1599 4523 thesauri
1644 4486 1734 4524 sa-

1928 3298 2048 3352 Non
2078 3307 2151 3352 est
2175 3298 2358 3352 auditu
2388 3299 2441 3351 in
2468 3297 2741 3361 Chanaan,
2789 3316 2951 3369 neque
2985 3301 3095 3353 visa
3124 3300 3274 3353 estin
3308 3299 3441 3354 The-

1853 3404 1995 3443 mon.
2031 3387 2159 3442 Filii
2206 3405 2409 3459 quoque
2445 3389 2604 3458 Agar,
2648 3388 2738 3458 qui
2778 3388 3056 3458 exquirunt
3106 3388 3439 3458 prudentium

1849 3497 1967 3550 qum
1994 3480 2057 3532 de
2082 3490 2222 3533 terra
2250 3489 2345 3543 est,
2372 3480 2691 3549 negotiantes
2730 3488 2883 3533 terrm
2914 3478 3186 3551 [Μαι-νικᾶν]
3217 3489 3265 3533 et
3306 3478 3349 3533 Τ
3350 3479 3439 3533 he-

1851 3588 1993 3635 man,
2017 3580 2063 3623 et
2107 3569 2447 3639 fabulatores.
2487 3578 2535 3622 et
2570 3570 2912 3639 exquisitores
2948 3570 3241 3639 prudentia'
3266 3579 3315 3624 et
3355 3569 3439 3623 in-

1851 3659 2191 3729 telligentia:
2229 3660 2365 3712 viam
2408 3666 2580 3712 autem
2620 3658 2892 3728 sapientiae
2936 3659 3247 3725 nescierunt,
3274 3675 3437 3729 neque

1850 3751 2192 3803 meminerunt
2219 3751 2520 3803 scmitarum
2557 3750 2689 3819 ejus.
2716 3750 2821 3805 Per
2851 3752 3065 3804 nomina
3109 3751 3349 3806 locorum
3379 3753 3433 3807 in

1848 3839 2043 3905 quibus
2087 3848 2274 3906 gentes
2320 3837 2446 3889 olim
2494 3837 2812 3891 habitabant
2860 3837 3183 3906 exprimitur
3227 3839 3434 3894 erroris

1846 3942 2031 3981 corum
2056 3926 2292 3995 nequitia
2332 3933 2386 3979 et
2410 3924 2654 3979 doctrina
2698 3926 2958 3980 stultitiae.
2986 3925 3123 3981 Nam
3172 3925 3432 3983 Chanaan

1848 4014 2229 4083 interpretatur
2256 4014 2581 4084 negotiator,
2621 4014 2862 4068 Theman
2894 4016 3285 4084 interpretatur
3311 4016 3423 4071 Au-

1846 4112 1975 4158 ster.
2006 4104 2148 4173 Agar
2186 4103 2572 4173 interpretatur
2610 4102 2817 4157 advena
2859 4103 2942 4157 vel
2982 4120 3262 4159 conversa.
3295 4106 3427 4174 Qui-

1845 4208 2055 4261 cunque
2076 4193 2218 4247 enim
2259 4193 2485 4263 negotiis
2512 4193 2744 4247 terrenis
2783 4195 3073 4249 indiscrete
3100 4195 3338 4250 abutitur
3377 4207 3432 4252 et

1845 4283 2037 4336 ardore
2068 4282 2377 4350 cupiditatis
2407 4282 2678 4337 inhianter
2716 4283 2998 4349 incumbit,
3028 4285 3371 4355 alienumque
3397 4303 3429 4341 a

1844 4372 2119 4440 disciplina
2152 4372 2362 4426 Domini
2404 4382 2459 4426 et
2493 4381 2693 4426 sancte
2726 4372 2978 4428 Ecclesia:
3021 4376 3427 4431 societalecﬁ'e-

1842 4465 1994 4523 cerit,
2024 4463 2323 4533 fabulisque
2347 4464 2535 4518 otiosis
2564 4473 2617 4518 et
2640 4466 2793 4519 vanis
2816 4465 3022 4521 lusibus
3044 4480 3100 4521 se
3124 4482 3425 4537 occupave-

172 4555 369 4622 pientite
391 4564 447 4609 et
470 4556 708 4608 scientia:
730 4555 1047 4617 a':scouditi,
1092 4557 1348 4626 mysteria
1373 4557 1623 4614 videlicet
1655 4559 1736 4612 di-
1765 4536 1813 4595 Ῑ)
1839 4555 1930 4617 rit,
1962 4554 2089 4609 lEcet
2108 4568 2166 4609 se
2196 4554 2511 4623 prudentem
2561 4556 2812 4619 :cstimet,
2860 4571 2957 4625 per
2978 4558 3158 4611 omnia
3196 4536 3423 4613 seistul-

173 4645 283 4697 vina
309 4663 338 4698 a
375 4645 590 4699 saeculis
630 4652 684 4699 ct
724 4645 1179 4715 generationibus,
1208 4648 1517 4703 revelantur
1556 4659 1733 4703 autem

172 4734 401 4791 ﬁdelibus
423 4745 480 4791 et
508 4736 641 4789 bene
682 4736 889 4789 devotis
934 4737 1243 4792 hominibus
1278 4754 1376 4809 per
1420 4740 1591 4808 ipsum
1619 4756 1735 4795 me-

171 4822 419 4877 diatorem
445 4824 539 4876 Dei
560 4831 617 4877 et
636 4823 938 4887 hominum,
960 4824 1053 4894 qui
1074 4825 1262 4880 dilexit
1285 4842 1384 4881 nos
1410 4836 1463 4882 et
1486 4826 1619 4881 lavit
1638 4844 1737 4883 nos

172 4930 196 4964 a
225 4916 452 4983 peccatis
476 4914 675 4967 nostris
696 4914 747 4966 in
776 4916 1037 4984 sanguine
1061 4932 1177 4970 suo.
1206 4916 1497 4987 Sequitur:

236 5002 329 5057 Ubi
350 5016 469 5058 sunt
491 5005 745 5074 principes
764 5008 991 5073 gentium
1014 5016 1062 5059 et
1095 5009 1183 5077 qui
1220 5009 1559 5063 dominantur
1585 5028 1740 5081 super

173 5096 345 5150 bestias
366 5114 485 5166 qua!
523 5107 643 5150 sunt
670 5098 723 5148 in
744 5098 924 5150 terra?
948 5097 1052 5173 Qui
1091 5100 1146 5152 in
1172 5101 1353 5154 avibus
1385 5102 1496 5154 caeli
1524 5101 1734 5167 ludunt,

172 5187 251 5255 qui
292 5197 561 5255 argentum
602 5188 953 5239 thesaurizant
995 5198 1042 5241 et
1070 5206 1278 5247 aurum.
1324 5192 1377 5243 in
1417 5208 1520 5260 quo
1565 5193 1733 5259 conﬁ-

173 5275 288 5326 dunt
314 5276 568 5341 homines,
617 5288 665 5331 et
712 5297 813 5333 non
849 5288 923 5334 est
963 5278 1082 5347 ﬁnis
1117 5280 1453 5349 possessionis
1503 5297 1681 5333 eorum
1709 5281 1735 5334 .7

175 5361 266 5427 Qui
290 5376 557 5434 argentum
597 5366 853 5433 fabricant
876 5379 922 5422 et
951 5367 1159 5421 solliciti
1178 5377 1315 5431 sunt,
1346 5385 1436 5420 nec
1460 5378 1533 5421 est
1558 5369 1732 5421 iuren-

170 5452 237 5504 tio
258 5468 461 5521 operum
481 5455 714 5510 illorum.
745 5456 811 5510 Et
840 5468 1010 5510 tamen
1050 5458 1377 5511 extet-minati
1419 5468 1559 5521 sunt,
1584 5469 1632 5511 et
1661 5458 1729 5511 ad

171 5540 347 5607 inferos
390 5546 789 5609 descenderunt,
835 5557 882 5600 et
916 5546 1008 5600 alii
1046 5548 1101 5599 in
1141 5547 1309 5600 locum
1356 5546 1565 5599 illorum
1606 5563 1725 5600 sur-

176 5644 411 5688 rexerunt.
438 5636 666 5690 Iuvenes
700 5638 935 5691 riderunt
962 5638 1131 5691 lumen
1172 5648 1218 5690 et
1243 5637 1602 5691 habitaverunt
1634 5654 1726 5691 su-

171 5729 254 5778 κν
284 5730 494 5787 terram,
529 5724 669 5778 ciant
695 5734 867 5779 niuem
903 5726 1189 5783 disciplina:
1226 5726 1541 5791 nescierunt,
1568 5743 1727 5793 neque

1839 4653 1950 4698 tum
1983 4659 2103 4699 esse
2140 4644 2363 4709 indicat,
2392 4643 2516 4712 quia
2551 4645 2689 4697 viam
2729 4646 3001 4713 veritatis,
3048 4655 3103 4701 et
3145 4648 3424 4717 sapientia:

1839 4750 2083 4789 normam
2106 4750 2214 4788 non
2239 4734 2388 4801 eligit
2414 4742 2469 4787 et
2503 4734 2704 4805 judicia
2736 4736 2827 4789 Dei
2874 4738 3085 4791 discere
3112 4744 3167 4791 et
3194 4752 3418 4794 servare

1837 4842 1933 4895 per
1958 4827 2135 4881 omnia
2174 4826 2399 4894 spernit.
2431 4824 2721 4896 Postquam
2761 4828 3020 4897 prapheta
3064 4830 3129 4883 de
3157 4828 3416 4899 reprobo-

1845 4931 1958 4969 rum
1988 4916 2329 4971 damnatione
2353 4932 2657 4973 sermonem
2683 4918 2938 4987 explevit,
2975 4920 3241 4974 convertit
3270 4935 3328 4975 se
3349 4918 3417 4973 ad

1838 5007 2230 5076 pnedicandam
2272 5007 2483 5062 laudem
2518 5009 2717 5063 domus
2760 5008 2853 5062 Dei
2881 5019 2937 5063 et
2970 5010 3185 5065 virtutis
3222 5009 3416 5065 divinae

1836 5099 2128 5164 pomntiam
2164 5098 2633 5153 demonstrandam
2668 5089 2854 5154 dicens
2885 5118 2900 5153 :

1906 5187 1951 5241 0
1978 5187 2186 5241 Israel!
2211 5204 2368 5255 quam
2391 5204 2581 5259 magna
2627 5189 2810 5242 domus
2835 5188 2951 5254 Dei,
2991 5199 3040 5243 et
3065 5191 3244 5259 iugem
3266 5189 3412 5246 locus

1834 5278 2171 5347 possessionis
2195 5276 2563 5348 ejusfblagnus
2575 5287 2706 5337 estet
2724 5294 2827 5331 non
2841 5280 2989 5332 habet
3010 5281 3413 5334 consummatio-

1836 5384 1986 5431 nem;
2017 5366 2247 5419 excelsus
2265 5375 2312 5418 et
2327 5366 2628 5421 immensus.
2648 5366 2731 5419 lbi
2757 5367 2967 5436 fuerunt
2988 5369 3221 5437 gigantes
3245 5371 3407 5423 nomi-

1837 5458 1947 5511 nati
1973 5456 2052 5509 illi
2076 5458 2165 5526 qui
2190 5458 2253 5510 ab
2283 5458 2433 5510 initio
2454 5457 2688 5526 fuerunt,
2713 5467 2913 5511 statura
2952 5474 3164 5529 magna,
3192 5460 3407 5515 scientes

1837 5548 2044 5603 bellum.
2070 5547 2192 5602 Non
2220 5550 2313 5602 hos
2333 5547 2482 5618 elegit
2501 5549 2778 5614 Dominus,
2796 5566 2956 5619 neque
2973 5551 3107 5603 ciam
3118 5550 3405 5619 disciplina

1833 5638 2135 5691 invenerunt
2158 5651 2176 5688 :
2204 5646 2476 5706 propterea
2503 5638 2786 5705 perierunt.
2825 5637 2890 5691 Et
2915 5638 3159 5707 quoniam
3185 5654 3286 5691 non
3312 5637 3405 5691 hac

1833 5727 2051 5780 buerunt
2080 5726 2409 5805 sapientiam,
2426 5726 2731 5780 interierunt
2756 5736 2966 5797 propter
2983 5743 3133 5781 suam
3162 5727 3396 5791 insipien-
