3946 6346
482 388 579 446 251

1114 374 1176 433 Β.
1216 370 1470 432 RABANI
1508 368 1727 427 HAURI
1765 360 2092 425 ARCHlEP.
2130 362 2440 429 MOGUNT.
2479 358 2765 421 OPERUM
2804 357 2983 415 PARS
3024 358 3087 413 ll.

3640 348 3756 408 253

484 506 633 557 tiam.
666 498 867 552 Domus
896 507 1021 565 ergo
1043 490 1139 546 Dei
1167 505 1273 544 non
1297 499 1408 543 tam
1435 484 1843 542 tabernaculum
1865 481 2061 537 Mosai-
2090 479 2139 541 Α
2166 485 2268 543 est,
2305 486 2361 533 et
2402 492 2525 533 cum
2572 473 2883 531 hominibus
2920 478 3272 528 conversatus
3324 477 3409 524 est
3450 464 3759 539 pmdicans

485 607 608 648 eum
656 588 741 643 vel
790 584 1049 653 templum
1097 580 1530 635 Salomoniacum
1580 575 1870 647 signiﬁcat,
1901 588 2065 644 quam

484 683 648 739 etiam
690 686 906 735 sanctos
954 672 1218 736 homines,
1267 670 1361 739 qui
1389 668 1607 723 fuerunt
1649 666 1749 721 sub
1789 663 1984 718 Vetere
2012 670 2067 717 et

486 773 635 828 Novo
660 770 1022 827 Testamento,
1066 763 1119 817 in
1151 760 1345 830 quibus
1388 759 1527 813 Deus
1569 756 1683 826 ipse
1709 754 1977 809 inhabitat
2012 760 2066 805 et

487 866 766 931 permanet
794 858 846 911 in
870 854 1276 923 sempiternum.
1323 848 1449 903 llaec
1491 862 1621 917 ergo
1666 846 1857 899 domus
1882 850 1937 896 et
1978 841 2066 895 hic

493 950 639 1006 locus
666 946 1021 1021 possessionis
1056 944 1149 998 Dei
1206 954 1430 1008 magnus
1477 947 1559 992 est
1606 944 1661 990 et
1708 948 1813 988 non
1862 932 2066 986 habens

489 1033 1295 1106 consummationem,excelsus
1318 1038 1373 1085 et
1402 1030 1715 1083 immensus.
1762 1024 1899 1089 Quia
1938 1036 2067 1076 san-

490 1142 576 1184 cta
607 1128 841 1183 Ecclesia
872 1142 967 1197 per
1007 1133 1173 1178 totum
1224 1120 1480 1174 mundum
1529 1116 1719 1173 diffusa
1761 1122 1815 1168 et
1844 1111 2067 1168 dilatata

488 1228 571 1273 est
596 1232 692 1272 nec
717 1216 877 1271 habet
906 1214 1213 1277 terminum,
1251 1209 1375 1279 quia
1409 1209 1461 1262 in
1497 1206 1635 1261 coelo
1660 1212 1714 1259 et
1756 1203 1808 1256 in
1838 1209 1983 1255 terra
2014 1200 2069 1253 in

489 1308 693 1362 sanctis
732 1305 936 1375 angelis
964 1311 1020 1356 et
1050 1301 1202 1356 bonis
1244 1296 1554 1353 hominibus
1598 1292 1865 1348 consistit.
1913 1287 2068 1355 Quod

490 1406 672 1451 autem
718 1395 849 1449 dicit
894 1393 1035 1462 quod
1078 1391 1323 1461 gigantes
1357 1388 1431 1441 ibi
1464 1392 1647 1441 essent
1691 1380 1953 1437 nominati
1993 1379 2069 1433 illi

488 1487 580 1557 qui
612 1485 858 1541 ab‘initio
885 1482 1104 1536 fuerunt
1129 1488 1334 1534 statura
1358 1490 1552 1547 magna
1587 1472 1823 1527 scientes
1846 1469 2068 1532 bellum,

490 1576 759 1647 significat
783 1576 1040 1645 superbos
1084 1571 1325 1626 homines
1368 1568 1459 1637 qui
1500 1574 1626 1621 ante
1654 1565 1941 1620 adventum
1970 1561 2074 1616 Do—

492 1667 625 1722 mini
656 1666 795 1719 fastu
838 1664 1169 1733 principatus
1196 1660 1277 1716 sui
1311 1668 1366 1713 et
1390 1657 1661 1713 mundana
1701 1652 1962 1722 sapientia
1983 1666 2071 1704 su-

491 1774 587 1830 per
612 1765 833 1829 caateros
865 1754 1108 1809 homines
1138 1753 1192 1807 in
1221 1762 1364 1807 terra
1403 1764 1461 1805 se
1487 1745 1817 1808 exaltabant,
1857 1752 1912 1797 et
1944 1756 2072 1810 pru—

2170 567 2516 637 Evangelium
2540 572 2596 620 et
2618 578 2816 619 sanans
2854 576 3068 617 omnem
3111 560 3425 631 languorem
3456 566 3512 613 et
3532 567 3759 612 omnem

2169 658 2544 714 infirmitatem
2592 658 2646 712 in
2694 653 2912 725 populo.

2731 742 3011 800 HOMILIA
3072 744 3180 799 LV.

2592 856 2647 895 IN
2691 854 2892 895 γιοιιιΑ
2938 851 3240 892 νεκτεοοετ
3248 849 3323 889 εδ.

2512 930 2697 986 Lectio
2733 931 2965 985 Acutum
3006 926 3396 997 apostolorum.

2240 1024 2308 1079 In
2336 1024 2514 1077 diebus
2540 1020 2669 1084 illis,
2691 1036 2807 1073 cum
2838 1017 3024 1087 Apollo
3048 1024 3175 1070 esset
3215 1013 3478 1081 Corinthi,
3521 1020 3571 1066 et
3610 1004 3770 1065 Pan-

2168 1114 2274 1180 lus,
2301 1112 2591 1183 peragratis
2613 1108 2967 1179 superioribus
2988 1105 3247 1176 partibus,
3272 1104 3461 1157 veniret
3493 1101 3763 1170 Ephesum

2168 1214 2216 1259 et
2236 1203 2483 1258 inveniret
2510 1200 2764 1270 quosdam
2792 1194 3097 1265 discipulos,
3128 1193 3259 1246 dixit
3290 1191 3358 1245 ad
3386 1203 3510 1244 eos:
3545 1188 3603 1243 Si
3636 1188 3765 1257 Spi—

2170 1294 2331 1345 ritum
2359 1298 2597 1343 sanctum
2622 1285 2893 1356 accepistis
2924 1281 3227 1337 credentes?
3256 1288 3363 1333 etc.

2238 1380 2556 1437 Plenissime
2585 1376 2801 1446 quidem
2828 1372 3003 1437 nobis,
3033 1368 3388 1433 dilectissimi,
3417 1379 3643 1421 causam
3671 1372 3761 1420 at-

2170 1486 2276 1541 que
2321 1470 2584 1523 rationem
2622 1463 2905 1535 praesentis
2942 1461 3250 1517 festivitatis
3286 1458 3594 1512 divinorum
3642 1453 3764 1507 elo-

2171 1562 2420 1631 quiorum
2468 1565 2647 1613 textus
2692 1553 2970 1618 ostendit,
3020 1565 3125 1619 quo
3178 1548 3441 1620 Spiritum
3511 1551 3767 1600 sanctum

2171 1647 2619 1720 quinquagesimo
2668 1651 2790 1715 post
2858 1640 3312 1697 resurrectionem
3371 1636 3478 1702 die,
3546 1631 3641 1704 qui
3688 1631 3764 1687 ab

2171 1740 2486 1796 ascensione
2513 1738 2630 1807 ejus
2656 1744 2741 1789 est
2776 1733 3017 1789 decimus
3040 1730 3276 1785 infusum
3304 1725 3505 1783 Christi
3527 1723 3765 1793 discipu-

490 1816 764 1901 ilcntinrés
787 1852 949 1913 atque
972 1842 1301 1912 potentiores
1328 1853 1387 1895 se
1427 1851 1547 1892 esse
1580 1834 1928 1904 iactitabant.
1964 1828 2067 1896 Qui
2100 1819 2145 1880 Β
2172 1835 2239 1889 [is
2266 1834 2406 1888 sicut
2441 1830 2737 1903 promissus
2767 1827 3111 1898 sperabatur,
3158 1822 3498 1894 agnovimus,
3547 1818 3643 1874 Sed
3690 1816 3765 1872 ad

491 1935 743 2005 quoniam
772 1932 1051 1986 veritatem
1083 1944 1222 1984 vera:
1266 1926 1541 1995 sapientia:
1583 1922 1973 1993 ignoraverunt
2017 1926 2073 1972 et

491 2024 831 2093 disciplinam
870 2021 1093 2091 justitize
1124 2034 1230 2072 non
1274 2017 1722 2076 observaverunt,
1768 2010 1889 2063 ideo
1925 2006 2073 2076 justo

494 2114 587 2168 Dei
605 2113 805 2183 judicio
826 2112 1141 2182 perierunt:
1180 2108 1321 2162 unde
1348 2113 1531 2160 autem
1559 2117 1687 2157 vera
1717 2098 1979 2171 sapientia
2019 2097 2073 2152 in

493 2203 753 2257 mundum
774 2200 983 2254 venerit
1011 2212 1241 2266 sequens
1265 2209 1443 2250 sermo
1467 2190 1720 2247 ostendit.

566 2290 695 2356 Quis
730 2289 982 2353 ascendit,
1028 2286 1221 2357 inquit,
1254 2286 1309 2338 in
1346 2283 1498 2338 ccelos
1523 2283 1547 2335 1’
1574 2279 1763 2336 Nullus
1792 2278 1930 2333 alius
1972 2275 2077 2331 nisi

495 2382 750 2436 Ilnntiuus
786 2380 939 2434 lesus
987 2375 1365 2453 Christuquui
1412 2374 1467 2428 in
1510 2370 1663 2427 caelis
1712 2377 1903 2440 regnat
1955 2382 2078 2423 cum

496 2474 655 2528 Patre
679 2482 734 2527 et
756 2470 959 2541 Spiritu
985 2477 1193 2524 sancto.
1223 2467 1342 2536 lpse
1378 2465 1525 2520 enim
1555 2464 1697 2518 sicut
1739 2477 1771 2516 a
1811 2461 1975 2516 Patre
1997 2464 2082 2513 est

495 2566 728 2637 genitus,
765 2565 837 2620 ita
875 2572 932 2617 et
961 2563 1029 2616 ab
1072 2561 1188 2632 ipso
1236 2559 1445 2628 accepit
1489 2554 1835 2627 sapientiam,
1882 2565 1988 2623 qua
2024 2550 2079 2604 in

496 2657 671 2713 servis
710 2655 846 2719 suis,
896 2654 999 2708 hoc
1051 2660 1135 2706 est
1183 2650 1236 2704 in
1282 2646 1562 2719 prophetis
1592 2654 1648 2702 et
1692 2642 1950 2715 apostolis
1989 2640 2084 2712 qui

496 2750 692 2805 merito
716 2748 885 2802 nubes
906 2750 1185 2807 vocantur,
1211 2756 1275 2795 eo
1298 2739 1440 2809 quod
1463 2736 1729 2793 occultum
1755 2733 1851 2788 Dei
1884 2732 2084 2787 donum

498 2842 552 2897 in
592 2855 650 2894 se
690 2837 994 2908 gestabant,
1047 2848 1300 2890 sanorum
1339 2831 1623 2886 verborum
1663 2824 1899 2897 pluviam
1929 2821 2085 2892 juxta

498 2927 949 2997 dispensationem
976 2923 1215 2978 divinam
1247 2922 1299 2974 in
1343 2928 1551 2974 mentes
1596 2915 1858 2974 fundebat
1898 2913 2089 2968 huma-

502 3032 620 3072 nas.
662 3015 797 3070 Hine
849 3027 1065 3084 quoque
1102 3027 1199 3083 per
1243 3008 1581 3065 Psalmistam
1612 3005 1847 3061 dicitur:
1894 3001 2089 3059 Omnia

497 3122 821 3175 qua'cunque
854 3105 1011 3159 voluit
1044 3104 1165 3172 fecit
1206 3103 1262 3155 in
1288 3098 1413 3154 ctelo
1440 3108 1487 3152 et
1513 3097 1569 3151 in
1604 3106 1766 3160 terra,
1796 3094 1852 3148 in
1878 3094 2014 3146 mari
2040 3100 2087 3146 et

501 3201 558 3253 in
589 3199 789 3268 abyssis
812 3214 830 3251 :
860 3197 975 3269 Ipse
1002 3196 1217 3266 perfecit
1268 3204 1463 3249 terram
1503 3192 1558 3246 in
1596 3190 1910 3260 sempiterno
1957 3196 2087 3242 tent-

500 3306 643 3361 pore.
674 3286 813 3352 Quia
834 3305 928 3359 per
968 3289 1137 3357 ipsum
1164 3284 1345 3340 caelum
1376 3292 1423 3336 et
1463 3290 1602 3335 terra
1634 3278 1845 3333 condita
1868 3285 1991 3332 sunt
2021 3275 2085 3331 ab

504 3382 675 3434 initio.
699 3379 756 3433 ln
801 3379 1069 3449 principio
1098 3378 1241 3432 enim
1270 3376 1372 3430 hoc
1396 3384 1480 3429 est
1523 3372 1578 3427 in
1605 3370 1762 3434 Filio,
1790 3369 1918 3423 fecit
1947 3367 2088 3423 Deus

507 3472 701 3525 caelum
726 3479 781 3523 et
831 3480 1057 3534 terram,
1103 3465 1155 3521 id
1205 3474 1289 3521 est
1338 3462 1615 3520 caelestem
1665 3468 1720 3515 et
1777 3466 2089 3515 terrestrem

507 3567 815 3613 creaturam
828 3598 839 3610 .

578 3648 886 3715 Adimplevit
932 3657 1121 3702 (errant
1160 3647 1461 3717 pecudibus.
1503 3647 1625 3717 quia
1674 3654 1727 3701 et
1768 3660 1836 3700 ex
1877 3651 2091 3697 terrena

508 3740 734 3794 materia
784 3740 992 3794 diversa
1065 3740 1281 3794 condita
1354 3746 1480 3792 sunt
1529 3735 1803 3791 animalia.
1860 3734 2093 3789 Possunt

508 3830 747 3885 etiamin
770 3831 1064 3901 pecudibus
1091 3831 1316 3884 diversa:
1339 3843 1581 3898 persona:
1616 3828 1892 3882 hominum
1939 3825 2096 3879 intel-

509 3922 623 3993 ligi,
669 3923 865 3991 quibus
894 3930 1083 3977 auctor
1110 3922 1349 3976 omnium
1382 3935 1561 3974 rerum
1602 3919 1898 3973 secundum
1937 3931 2091 3970 suum

510 4015 683 4070 utitur
728 4014 1035 4078 arbitrium,
1087 4022 1249 4081 atque
1292 4012 1358 4065 ad
1404 4012 1577 4080 ipsum
1628 4010 1880 4063 universa
1928 4006 2096 4076 respi-

511 4106 684 4166 ciunt,
718 4112 778 4157 ut
811 4102 905 4155 ﬁat
931 4102 983 4155 in
1013 4101 1091 4155 eis
1122 4099 1383 4169 quidquid
1427 4099 1517 4153 ille
1544 4097 1864 4159 decreverit,
1888 4095 2014 4165 quia
2041 4094 2097 4148 in

515 4198 683 4266 ipsius
710 4201 976 4264 potestate
1015 4192 1321 4248 consistunt
1344 4189 1539 4245 coelum
1576 4196 1631 4243 et
1672 4196 1841 4251 terra,
1870 4199 2018 4239 mare
2046 4192 2101 4238 et

516 4287 695 4342 omnia
737 4302 855 4357 qua:
899 4286 951 4340 in
991 4285 1071 4339 eis
1100 4293 1244 4349 sunt,
1274 4298 1373 4338 nec
1419 4281 1526 4335 ulla
1567 4287 1818 4336 creatura
1848 4279 2100 4333 resistere

520 4379 718 4453 poterit
747 4378 1007 4431 voluntati
1030 4375 1166 4443 ejus.

2175 1926 2473 1982 monendos
2500 1937 2597 1976 vos
2624 1919 2903 1975 addendos
2925 1926 3010 1973 est
3033 1918 3197 1972 etiam
3235 1928 3415 1969 sermo
3441 1928 3506 1968 ex
3535 1910 3770 1965 lectione

2175 2014 2429 2087 praesenti
2478 2025 2643 2081 quam
2684 2010 2935 2072 audistis,
2994 2006 3191 2076 factum
3238 2012 3334 2069 est,
3395 2001 3594 2070 inquit,
3643 2015 3767 2052 cum

2176 2105 2361 2178 Apollo
2382 2113 2511 2160 esset
2535 2100 2773 2156 Corinthi
2800 2110 2849 2154 et
2900 2096 3104 2152 Paulus
3145 2094 3437 2165 peragratis
3478 2091 3771 2161 superiori-

2180 2203 2273 2257 bus
2314 2198 2550 2271 partibus
2599 2197 2790 2250 veniret
2836 2193 3100 2263 Ephesum
3128 2200 3177 2244 et
3224 2188 3475 2242 inveniret
3504 2183 3769 2255 quosdam

2178 2288 2483 2360 discipulos,
2509 2287 2642 2340 dixit
2674 2284 2745 2339 ad
2774 2300 2860 2339 eos
2890 2283 2937 2338 si
2986 2280 3241 2352 Spiritum
3278 2287 3518 2332 sanctum
3558 2274 3772 2343 accepi—

2179 2382 2272 2437 stis
2298 2378 2581 2441 credentes,
2614 2376 2717 2430 hoc
2744 2381 2847 2438 est,
2872 2371 2918 2426 si
2942 2378 3065 2441 post
3090 2367 3357 2437 baptisma
3383 2378 3575 2418 manus
3595 2362 3775 2431 impo-

2181 2477 2434 2534 sitionem
2484 2486 2647 2544 quam
2700 2468 2937 2539 Spiritus
2986 2473 3205 2521 sanctus
3248 2462 3379 2516 dare
3426 2457 3566 2513 solet
3611 2470 3778 2511 acce-

2183 2568 2357 2640 pistis.

2254 2659 2322 2713 At
2352 2656 2432 2711 illi
2479 2655 2723 2709 dixerunt
2766 2650 2836 2705 ad
2880 2663 3042 2704 eum:
3069 2644 3173 2702 Sed
3229 2660 3393 2716 neque
3442 2642 3489 2696 si
3540 2630 3777 2711 Spiritus

2183 2758 2396 2806 sanctus
2421 2755 2514 2808 est,
2562 2741 2876 2798 audivimus.
2908 2736 3010 2791 Ille
3038 2751 3161 2791 vero
3203 2734 3319 2788 ait:
3357 2731 3424 2786 In
3468 2746 3572 2801 quo
3601 2729 3779 2800 bapti-

2186 2842 2292 2897 sati
2332 2839 2501 2895 estis?
2551 2835 2655 2902 Qui
2700 2835 2987 2887 dixerunt:
3049 2826 3117 2882 In
3160 2826 3388 2882 Joannis
3442 2822 3776 2893 baptismate.

2188 2932 2335 2987 Dixit
2377 2938 2554 2983 autem
2609 2922 2850 2978 Paulus:
2899 2920 3132 2975 Joannes
3177 2917 3458 2988 baptizavit
3514 2914 3778 2982 baptismo

2187 3017 2501 3092 pomitentio:
2550 3012 2824 3084 papulum,
2868 3009 3090 3063 dicens:
3140 3004 3207 3060 In
3244 3020 3374 3059 eum,
3409 3003 3497 3074 qui
3527 3012 3779 3055 venturus

2191 3118 2321 3166 esset
2347 3116 2460 3180 post
2488 3107 2659 3178 ipsum
2686 3114 2744 3158 ut
2772 3102 3059 3165 crederent,
3090 3099 3187 3153 hoc
3220 3106 3295 3153 est
3334 3096 3390 3150 in
3418 3094 3623 3150 Iesum.
3659 3092 3779 3147 Non

2190 3203 2293 3259 hoc
2317 3199 2586 3270 baptisma
2629 3194 3005 3251 remissionem
3044 3196 3390 3261 peccatorum
3418 3186 3548 3241 dare
3580 3182 3779 3255 potuit,

2187 3294 2283 3352 sed
2312 3290 2688 3365 paenitentiam
2717 3293 2928 3343 tantum
2965 3285 3179 3348 dooere,
3214 3295 3339 3334 nam
3369 3279 3511 3333 sicut
3536 3277 3777 3333 circum-

2188 3384 2321 3440 cisio
2347 3383 2399 3437 in
2422 3378 2743 3451 patriarchis
2771 3373 3104 3446 signaculum
3128 3380 3248 3426 erat
3276 3368 3401 3424 ﬁdei
3430 3382 3593 3437 quam
3616 3380 3780 3436 gere-

2188 3477 2340 3537 bant,
2369 3474 2443 3526 ita
2466 3481 2522 3527 et
2566 3472 2671 3526 hoc
2714 3469 2991 3523 lavacrum
3034 3463 3261 3534 populus
3309 3459 3580 3530 pcenitens
3623 3458 3783 3527 quasi

2190 3564 2461 3634 singulare
2492 3558 2827 3632 signaculum
2869 3570 2979 3612 suae
3006 3552 3310 3608 devotionis
3345 3550 3575 3619 accepit.
3623 3547 3780 3614 Quod

2193 3663 2371 3707 tamen
2403 3653 2577 3721 ipsum
2605 3649 2768 3704 etiam
2804 3645 3098 3717 ﬁguraliter
3131 3642 3334 3697 Christi
3374 3642 3647 3710 baptisma
3670 3652 3783 3708 quo

2194 3743 2442 3799 remissio
2468 3743 2690 3796 daretur
2716 3740 3047 3794 ostenderat.

2266 3834 2363 3889 His
2408 3833 2603 3888 auditis
2652 3830 2901 3903 baptizati
2925 3839 3045 3883 sunt
3070 3830 3125 3882 in
3153 3827 3361 3881 nomine
3392 3825 3607 3879 Domini
3629 3824 3780 3878 Jesu.

2195 3925 2252 3980 Si
2277 3924 2419 3978 enim
2447 3921 2643 3977 talibus
2684 3918 2795 3974 sola
2840 3916 3260 3972 communicatio
3289 3914 3535 3985 corporis
3581 3922 3636 3967 et
3666 3929 3787 3968 sau-

2195 4018 2370 4088 guinis
2392 4014 2609 4074 Christi.
2644 4021 2704 4067 ut
2741 4012 2959 4083 quidam
3006 4010 3372 4081 dogmatizant
3415 4008 3661 4063 sufﬁcere
3691 4023 3787 4082 po-

2198 4110 2411 4171 tuisset,
2442 4122 2549 4161 non
2573 4120 2709 4176 opus
2738 4113 2883 4160 esset
2908 4119 2939 4163 a
2971 4102 3246 4173 discipulis
3270 4100 3473 4158 Christi
3516 4100 3785 4173 baptizari

2199 4212 2333 4266 quos
2358 4194 2591 4251 Joannes
2615 4209 2750 4263 aqua
2782 4194 3167 4263 baptizaverat,
3212 4192 3307 4246 sed
3353 4198 3563 4245 tantum
3595 4204 3789 4259 cornos

2200 4289 2274 4341 ris
2320 4294 2375 4340 et
2423 4284 2701 4353 sanguinis
2740 4282 2943 4341 Christi
2984 4281 3397 4353 participatione
3450 4278 3784 4335 conﬁrmari.

2199 4377 2503 4447 Baptismus
2536 4374 2682 4429 enim
2731 4389 2761 4428 a
2810 4387 2970 4445 poena
3020 4380 3218 4427 aeterna
3271 4387 3379 4426 non
3428 4384 3457 4423 a
3502 4369 3789 4439 praesentis

590 4467 770 4560 διεβίω
800 4479 994 4532 (παίδων
1034 4468 1138 4560 1³οῩ
1167 4472 1254 4560 θεῆ
1292 4462 1671 4560 Ρνεξὶιίίωξθξᾪθ
1700 4458 1899 4560 MDC“,
1949 4455 2102 4509 dede‘
2132 4502 2180 4560 ι)
2204 4473 2328 4526 vita:
2362 4469 2621 4540 supplicio
2654 4467 2867 4521 liberat.
2896 4464 3047 4531 Quod
3077 4464 3121 4519 si
3151 4478 3180 4517 a
3207 4477 3365 4533 poena
3410 4460 3665 4532 praesenti
3689 4462 3787 4515 ho-

520 4569 639 4622 runt
671 4559 845 4613 lumen
899 4573 1045 4611 sana:
1088 4557 1344 4610 doctrinae
1368 4556 1421 4607 in
1468 4554 1645 4622 oﬂiciis
1696 4551 1826 4614 suis,
1875 4559 1930 4604 ct
1980 4563 2102 4601 eum

522 4652 716 4733 gaudio
759 4666 951 4720 magno
995 4649 1193 4703 laetitia:
1236 4645 1495 4716 spiritalis
1542 4644 1835 4713 implebant
1872 4640 2105 4695 oflicium

524 4741 945 4820 pranlicationis,
986 4746 1041 4792 et
1081 4738 1183 4791 hoc
1211 4737 1409 4790 donum
1453 4733 1597 4802 quod
1640 4738 1967 4800 acceperunt
1997 4743 2103 4782 non

523 4830 625 4887 sibi
659 4832 753 4886 sed
783 4830 977 4884 divina:
1003 4828 1334 4897 deputabunt
1354 4823 1615 4894 largitati.

598 4940 699 4996 llic
727 4941 863 4994 enim
895 4939 1029 4991 Deus
1055 4948 1127 4991 est
1157 4947 1328 4989 noster
1355 4945 1403 4988 et
1428 4950 1531 4987 non
1576 4931 1923 4986 wstimabitur
1963 4926 2102 4980 alius

527 5032 597 5085 ad
627 5031 794 5094 illum.
835 5030 1097 5097 Quoniam
1130 5028 1200 5082 dli
1239 5014 1475 5095 gentian
1504 5031 1629 5078 sunt
1670 5021 1953 5077 daemonia.
2006 5020 2103 5074 Do-

531 5123 711 5185 minus
739 5129 915 5176 autem
947 5120 1111 5175 conos
1135 5118 1280 5173 fecit.

605 5210 707 5266 Hic
738 5211 1001 5266 adinvenit
1052 5224 1253 5263 onmem
1302 5207 1437 5261 viam
1478 5202 1789 5273 disciplima.
1836 5200 1950 5257 Hoc
1998 5208 2102 5267 est,

534 5313 799 5375 praecepta
829 5302 961 5370 legis
987 5300 1197 5353 divinze.

610 5393 673 5446 Et
703 5391 845 5445 dedit
872 5389 1017 5444 illam
1069 5388 1227 5441 Iacob
1259 5403 1419 5457 puero
1462 5402 1580 5449 suo,
1631 5394 1678 5438 et
1730 5382 1898 5437 Israel
1944 5381 2105 5436 electo

535 5498 653 5538 suo.
712 5480 824 5534 lloc
868 5488 969 5539 est,
1017 5475 1209 5546 popqu
1264 5474 1452 5545 priori,
1486 5471 1811 5544 patriarchis
1857 5469 2109 5524 videlicet

539 5579 700 5638 atque
727 5567 1018 5638 prophetis,
1054 5579 1153 5618 nec
1179 5579 1283 5617 non
1307 5573 1361 5618 et
1398 5563 1647 5619 omnibus
1675 5560 1767 5631 qui
1811 5558 1971 5613 fidem
2017 5571 2106 5611 re—

538 5670 679 5716 ctam
711 5659 979 5715 habebant
1019 5665 1073 5711 et
1111 5657 1159 5710 ei
1207 5657 1395 5711 devote
1442 5655 1770 5710 serviebant.
1830 5651 1960 5706 Post
1996 5651 2109 5705 haec

541 5764 673 5807 vero
700 5762 938 5822 tempore
975 5749 1361 5805 incarnationis
1392 5764 1499 5804 suae
1537 5761 1697 5809 super
1743 5748 1937 5799 terrain
1968 5742 2111 5799 visus

2207 4565 2381 4621 mines
2411 4564 2770 4619 liberarentur
2809 4575 2909 4629 per
2937 4558 3287 4627 baptismum,
3319 4556 3491 4624 ipsum
3531 4562 3786 4624 putarent

2205 4654 2456 4724 baptismi
2501 4650 2802 4722 praemium,
2856 4663 2962 4702 non
3017 4646 3144 4701 illud
3205 4653 3489 4700 internum.
3531 4641 3785 4696 Attamen

2206 4743 2381 4798 soluto
2416 4748 2571 4796 reatu
2614 4737 2823 4808 peccati
2850 4746 3033 4790 manet
3061 4735 3306 4805 quazdam
3334 4731 3646 4804 temporalis
3673 4745 3787 4801 pc—

2208 4850 2276 4889 na
2298 4843 2356 4887 ut
2392 4833 2480 4888 illa
2509 4831 2618 4884 vita
2654 4829 2949 4883 ferventius
2992 4827 3303 4896 requiratur
3330 4840 3451 4895 qum
3476 4824 3582 4879 erit
3608 4838 3638 4878 a
3671 4834 3790 4892 pm-

2209 4924 2294 4977 nis
2341 4920 2591 4977 omnibus
2640 4918 2832 4973 aliena.
2897 4916 3086 4972 Nullus
3124 4924 3281 4987 negat
3339 4914 3578 4969 ﬁdelium
3622 4913 3787 4968 etiam

2210 5020 2331 5083 post
2390 5011 2711 5079 baptismum
2780 5023 2885 5076 quo
2946 5012 3166 5076 peccata
3244 5004 3493 5059 delentur
3550 5003 3789 5073 qu0tidio

2210 5103 2447 5173 quandiu
2498 5101 2549 5154 in
2595 5100 2697 5154 isto
2745 5099 2942 5159 sazeulo
2989 5110 3213 5160 sumus,
3265 5094 3331 5149 ad
3378 5095 3663 5148 Dominum
3689 5108 3788 5149 nos

2212 5195 2407 5249 debere
2435 5190 2697 5255 converti,
2742 5187 2884 5259 quod
2933 5187 3178 5257 quamvis
3225 5185 3341 5241 sine
3388 5184 3789 5241 intermissione

2212 5286 2284 5340 sit
2310 5284 2550 5354 quotidie
2577 5282 2864 5351 agendum,
2895 5294 3171 5349 nunquam
3203 5287 3383 5333 tamen
3412 5277 3606 5333 fecisse
3641 5275 3785 5331 sudi-

2207 5377 2333 5433 eiet.
2366 5375 2467 5443 Qui
2510 5384 2689 5428 autem
2725 5372 2780 5426 in
2817 5370 3073 5426 maternis
3112 5370 3283 5424 uteris
3324 5378 3471 5431 sunt,
3513 5368 3635 5423 ideo
3662 5382 3787 5422 cum

2210 5474 2383 5522 matre
2429 5464 2691 5535 baptizari
2730 5477 2835 5518 non
2866 5466 3112 5533 possunt,
3148 5460 3272 5529 quia
3301 5458 3391 5528 qui
3427 5466 3587 5513 natus
3615 5458 3790 5512 adhuc

2211 5555 2506 5613 secundum
2544 5554 2717 5609 Adam
2749 5568 2855 5608 non
2897 5558 3004 5617 est,
3047 5548 3258 5605 renasci
3307 5548 3607 5604 secundum
3634 5545 3791 5602 Chri-

2214 5656 2357 5703 stum
2384 5660 2491 5700 non
2543 5650 2740 5713 potest.
2781 5639 2967 5711 Neque
3013 5639 3157 5695 enim
3192 5638 3296 5693 dici
3351 5635 3692 5709 regeneratio
3737 5635 3793 5692 in

2213 5756 2334 5796 eum
2376 5737 2577 5809 poterit
2607 5750 2764 5806 quem
2792 5733 3067 5806 generatio
3093 5747 3197 5789 non
3220 5730 3516 5802 praecessit.
3544 5728 3648 5800 Qui
3673 5742 3792 5787 see-
