3946 6340
168 420 269 476 Ξ53

1262 413 1566 471 HOMILL’E
1606 414 1671 469 ΙΝ
1712 411 1961 469 EVANG.
2004 414 2091 473 ΕΤ
2115 413 2345 473 EPIST.

3320 420 3425 476 9.51

164 529 333 586 let-ate
357 528 555 582 vivunt
586 530 640 583 in
672 528 909 583 Ecclesia
934 537 989 581 ct
1018 528 1423 583 communicare
1467 543 1574 581 non
1604 527 1746 582 desi-
1769 529 1820 592 Α
1843 543 1979 585 num
2005 542 2241 599 namque
2265 528 2589 586 salvatorem
2610 540 2668 587 et
2692 530 2935 587 inﬁdeles
2961 541 3087 587 ante
3118 533 3425 602 passionem

162 626 314 683 nunt,
342 627 605 689 putantes
630 634 688 672 se
727 619 821 671 tali
857 617 1340 673 communicatione
1368 617 1636 680 mundari,
1664 617 1745 671 di-

161 719 286 765 cant
314 710 453 764 nihil
483 710 553 764 ad
600 711 1032 765 emundationem
1079 709 1343 778 prolicere
1388 708 1489 763 sibi
1538 709 1749 763 dicente

164 801 456 871 Propheta,
494 802 623 870 quid
652 810 725 855 est
757 800 894 870 quod
925 800 1145 853 dilectus
1170 816 1313 853 meus
1358 799 1415 851 in
1453 799 1607 852 domo
1634 815 1748 855 mea

167 894 280 961 fecit
297 892 502 949 scelera
523 893 732 946 multa?
760 890 1016 963 Nunquid
1059 910 1241 946 carnes
1284 903 1481 947 sancttt
1510 892 1746 961 auferent

168 1000 193 1035 α
221 991 269 1035 te
297 981 537 1037 malitias
584 992 699 1036 tuas
726 983 748 1034 ?
775 992 830 1035 et
853 981 1179 1055 Apostolus:
1227 982 1424 1052 probet,
1464 982 1658 1050 inquit,
1696 999 1750 1035 se

168 1074 312 1127 homo
332 1085 384 1127 et
420 1075 499 1127 sic
531 1075 594 1127 de
621 1091 754 1145 pane
789 1073 879 1127 illo
910 1073 1027 1125 edat
1054 1084 1102 1126 et
1135 1073 1198 1126 tle
1234 1072 1395 1126 calice
1439 1072 1599 1125 bibat.
1641 1070 1749 1125 Nos

167 1178 309 1227 vero,
333 1162 695 1227 dilectissimi,
718 1164 828 1217 Deo
851 1162 1145 1217 auxiliante
1167 1162 1520 1231 dedignemur
1544 1160 1751 1214 servire

164 1262 402 1322 (moesto,
424 1253 631 1323 quibus
657 1262 802 1307 tanta
832 1252 1106 1306 beatitudo
1135 1260 1470 1320 pnuparatur
1503 1266 1557 1303 in
1586 1250 1745 1304 caelo.

166 1344 301 1399 Dum
348 1358 485 1413 ergo
531 1344 657 1397 licet
705 1343 860 1397 nobis
901 1352 954 1396 et
1004 1343 1055 1395 iu
1098 1351 1279 1396 nostra
1330 1351 1598 1410 potestate
1644 1348 1746 1405 est,

166 1434 294 1493 falsa
326 1445 381 1489 et
412 1436 725 1491 transitoria
758 1450 1073 1503 respuamus
1105 1445 1161 1488 ut
1192 1450 1255 1489 ea
1292 1450 1411 1503 qua:
1446 1447 1571 1487 vera
1612 1433 1748 1489 bona

164 1535 287 1581 sunt
317 1526 648 1596 recipiamus
672 1541 701 1577 a
733 1525 979 1587 Domino,
1006 1539 1331 1581 evacuemur
1355 1524 1521 1588 vitiis,
1550 1532 1605 1577 et
1629 1524 1743 1578 viro

167 1616 368 1674 tutibus
423 1616 752 1684 repleamur,
804 1615 1063 1685 largiente
1113 1613 1341 1673 Domino
1387 1622 1576 1669 nostro
1619 1610 1745 1669 Iesu

164 1706 380 1765 Christo
403 1708 505 1777 qui
530 1707 664 1760 vivit
690 1721 811 1763 cum
840 1705 996 1760 Patre
1024 1715 1079 1759 et
1104 1704 1304 1773 Spiritu
1335 1710 1551 1789 διωθιοῆ
1585 1711 1749 1764 etre-

165 1807 295 1872 guat
348 1816 497 1858 unus
544 1800 686 1855 Deus
740 1814 839 1868 per
888 1797 1070 1853 omnia
1140 1796 1334 1855 saecula
1406 1795 1746 1854 saeculorum.

166 1894 354 1948 Amen.

735 1984 1020 2041 HOMILIA
1052 1983 1188 2039 LW.

707 2094 763 2132 IN
811 2091 987 2133 EODEI
1035 2092 1224 2135 πετο.

255 2170 445 2226 Lectio
482 2168 660 2225 sancti
712 2167 990 2238 Evangelii
1042 2167 1335 2223 secundum
1373 2164 1654 2222 Joannem.

239 2280 295 2337 Si
322 2282 549 2359 diligitis
596 2299 694 2346 me,
738 2287 991 2335 mandata
1021 2297 1137 2334 mea
1180 2292 1399 2333 senate.
1436 2279 1505 2332 Et
1548 2295 1639 2350 ego
1671 2296 1755 2333 ro-

173 2372 299 2443 gabo
332 2371 551 2427 Patrem
574 2382 622 2427 et
657 2368 820 2426 alium
842 2371 1160 2441 paracletum
1191 2370 1333 2424 dabit
1360 2369 1523 2434 vobis,
1546 2381 1655 2426 etc.

240 2460 377 2529 Quid
420 2471 526 2527 est,
570 2462 713 2531 quod
760 2462 891 2517 dicit
933 2462 1075 2531 quod
1114 2461 1461 2532 diligentibus
1506 2460 1674 2516 Deum
1702 2469 1758 2517 et

174 2554 519 2609 servantibus
562 2552 816 2607 mandata
840 2550 958 2620 ejus
1000 2550 1233 2621 Spiritus
1275 2552 1576 2624 paracletus
1601 2551 1759 2607 dare-

177 2645 299 2699 tur?
337 2644 471 2699 dum
502 2645 643 2699 Deus
678 2644 826 2715 diligi
866 2652 922 2698 et
963 2645 1219 2699 mandata
1265 2644 1383 2712 ejus
1410 2644 1754 2699 servarinou

177 2736 379 2805 possint
418 2735 525 2790 nisi
556 2750 654 2804 per
691 2731 949 2804 Spiritum
987 2745 1251 2791 sanctum.
1304 2735 1441 2803 Quid
1490 2743 1575 2791 est
1608 2734 1755 2790 aliud

178 2824 276 2879 nisi
296 2824 439 2892 quod
485 2824 576 2892 qui
614 2838 714 2892 per
766 2823 1026 2893 Spiritum
1078 2830 1321 2879 sanetum
1372 2824 1546 2895 diligit
1586 2823 1755 2879 Deum

180 2917 415 2964 meretur
444 2907 715 2980 diligendo
740 2917 800 2963 ut
842 2910 962 2978 plus
1001 2909 1214 2974 habeat,
1258 2917 1315 2963 et
1355 2908 1473 2978 plus
1514 2910 1759 2965 habendo

179 3000 296 3071 plus
333 3002 546 3071 diligat.
586 2999 895 3056 Paracletus
928 3001 1123 3071 quippe
1150 3000 1461 3055 consolator
1489 3001 1759 3071 interpre-

182 3099 343 3158 tatur,
372 3100 427 3147 et
452 3090 693 3161 Spiritus
717 3098 935 3146 sanctus
968 3098 1114 3146 recte
1154 3091 1460 3160 paraclctus
1490 3099 1715 3147 vocatur
1740 3111 1753 3147 :

1841 617 1902 675 in
1962 631 2128 673 carne
2172 617 2459 674 viderunt:
2492 620 2589 676 sed
2614 620 2739 690 quia
2766 622 2935 677 Filius
2957 623 3053 677 Dei
3098 632 3262 688 esset,
3297 625 3425 695 quia

1839 707 2139 777 parselitus
2163 723 2193 761 a
2214 708 2331 763 Deo
2358 710 2553 766 missus
2576 712 2629 767 in
2651 714 2929 777 mundum,
2964 729 3070 768 non
3099 715 3202 770 nisi
3241 715 3427 771 ﬁdeles

1842 798 1988 853 scire
2010 808 2327 868 potuerunt.
2380 798 2646 869 Spiritum
2698 812 2877 858 autem
2941 812 3189 858 sanctum
3252 820 3427 874 neque
3490 846 3493 849 -

1845 892 2019 949 oculis
2061 892 2245 949 videre
2290 893 2555 960 infideles,
2606 911 2781 967 neque
2828 900 3013 954 animo
3041 900 3293 956 valebant
3337 917 3427 956 co-

1844 998 2138 1053 gnoscere;
2183 985 2309 1053 quia
2361 1001 2464 1039 non
2501 986 2719 1041 indutus
2773 988 3105 1046 humanitate
3150 991 3428 1061 discipulis

1848 1072 2119 1141 apparuit,
2162 1074 2255 1127 sed
2288 1074 2362 1127 ita
2386 1076 2452 1128 ad
2496 1090 2587 1129 eos
2616 1076 2824 1142 venire,
2846 1076 2921 1131 ita
2954 1079 3091 1147 apud
3116 1095 3210 1134 eos
3238 1081 3427 1136 maluit

1846 1178 2088 1227 manere,
2119 1172 2177 1217 ut
2204 1165 2263 1219 in-
2285 1166 2415 1235 ipsis
2440 1182 2627 1221 eorum
2654 1169 2906 1223 cordibus
2928 1171 3291 1239 gratissimam
3320 1173 3427 1227 sibi

1844 1255 2031 1309 sedem
2060 1268 2426 1311 consecraret.
2465 1257 2577 1311 [loc
2605 1270 2707 1323 est,
2740 1260 2880 1329 quod
2906 1261 3001 1325 ait,
3024 1277 3113 1315 vos
3136 1273 3307 1315 autem
3338 1280 3427 1316 co-

1845 1348 2100 1414 gnoscetis
2126 1362 2264 1409 eum,
2291 1348 2379 1417 qui
2408 1348 2547 1416 apud
2574 1365 2661 1402 vos
2701 1350 2931 1404 manebit
2955 1361 3005 1403 et
3048 1351 3105 1405 in
3141 1352 3281 1405 vobis
3308 1354 3427 1405 erit.

1847 1438 1950 1505 Qui
1980 1447 2159 1492 autem
2193 1437 2535 1493 invisibiliter
2578 1439 2631 1492 in
2673 1442 2771 1494 hac
2804 1441 2913 1494 vita
2944 1449 3127 1496 manet
3164 1448 3286 1497 cum
3323 1444 3431 1498 ele-

1845 1532 1972 1593 ctis,
2017 1530 2297 1586 visibiliter
2326 1531 2512 1600 utique
2560 1531 2639 1586 eis
2669 1533 2901 1601 gratiam
2946 1548 3057 1588 suae
3105 1535 3431 1605 cognitionis

1845 1622 2087 1677 exhibet.

1920 1713 2048 1768 Non
2094 1712 2383 1783 relinquam
2414 1729 2504 1768 vos
2530 1715 2790 1784 orphanos
2817 1731 2837 1769 :
2864 1714 3068 1769 veniam
3108 1714 3179 1768 ad
3206 1731 3310 1769 vos.
3341 1715 3431 1769 Vi-

1847 1806 2081 1861 debatur
2106 1804 2428 1871 inﬁdelibus,
2458 1807 2600 1876 quod
2628 1804 2866 1860 moriens
2892 1805 2949 1859 in
2975 1820 3138 1861 cruce
3172 1805 3433 1861 Dominus

1778 1869 1826 1935 Β
1853 1897 2146 1967 discipulos
2184 1869 2517 1967 relinqueret
2559 1899 2865 1968 orphanos,
2914 1898 3009 1952 sed
3050 1912 3159 1952 non
3216 1898 3436 1968 reliquit

1850 1990 2126 2059 urphanus
2169 1990 2365 2059 quibus
2406 1997 2465 2043 et
2514 1989 2742 2058 praebuit
2775 2004 2833 2043 se
2880 1990 3054 2057 ipsum
3083 1990 3264 2042 vivum
3312 1997 3434 2059 post

1854 2081 2162 2150 paSsionem
2191 2094 2343 2134 suam
2364 2078 2420 2133 in
2452 2079 2636 2132 multis
2660 2079 2992 2149 argumentis
3018 2093 3116 2147 per
3153 2078 3269 2133 dies
3296 2094 3431 2146 qua-

1855 2170 2098 2239 dragiula
2126 2177 2182 2223 et
2204 2177 2324 2238 post
2343 2170 2459 2223 dies
2481 2168 2667 2224 decem
2694 2168 3075 2238 assumptionis
3100 2183 3230 2223 sure.
3261 2167 3431 2237 Spiri-

1848 2270 1942 2315 tus
1964 2260 2137 2316 sancti
2165 2261 2270 2316 illis
2295 2261 2361 2321 de
2384 2260 2528 2316 cmlo
2562 2260 2892 2316 charismata
2929 2260 3169 2325 donavit,
3214 2260 3302 2314 ubi
3353 2260 3434 2329 ip-

1846 2367 1977 2406 sum
2021 2351 2302 2407 Christum
2350 2352 2418 2405 ad
2450 2366 2546 2406 eos
2584 2340 2799 2406 venisse
2843 2351 3023 2407 nullus
3050 2350 3297 2420 ambigit,
3342 2350 3432 2419 qui

1856 2443 2269 2512 inseparabilem
2289 2450 2494 2498 sancta:
2535 2442 2817 2497 Trinitatis
2858 2451 3130 2509 naturam,
3156 2443 3353 2497 virtute
3379 2451 3437 2496 et

1847 2534 2168 2605 Operatione
2210 2548 2329 2589 esse
2355 2534 2621 2605 cognovit.

1922 2624 2111 2682 Adhuc
2135 2625 2419 2689 modicum,
2442 2632 2489 2678 et
2516 2640 2595 2678 me
2614 2623 2729 2693 jam
2754 2622 2977 2678 mundus
3009 2638 3114 2678 non
3153 2623 3308 2683 videt,
3351 2640 3437 2677 ros

1856 2728 2033 2772 autem
2076 2716 2256 2771 ridetis
2304 2715 2403 2769 me.
2452 2713 2717 2770 Modicum
2748 2723 2889 2779 erat,
2916 2729 3087 2785 usque
3117 2714 3182 2767 ad
3228 2723 3440 2783 tempus

1858 2806 2083 2875 expleta:
2110 2804 2396 2874 passionis,
2425 2821 2494 2861 ex
2534 2818 2641 2875 quo
2682 2804 2834 2859 illum
2864 2805 3079 2874 reprobi
3114 2804 3299 2859 videre
3326 2818 3435 2857 non

1859 2896 2139 2961 valebant;
2197 2892 2295 2950 soli
2337 2895 2536 2950 etenim
2578 2892 2712 2963 justi
2754 2895 2847 2963 qui
2878 2902 3051 2949 morte
3095 2894 3237 2949 illius
3279 2902 3438 2950 erant

1862 2986 2192 3052 contristati,
2222 2985 2477 3058 gaudium
2520 2987 2935 3041 resurrectionis
2970 2986 3088 3058 ejus
3112 2986 3297 3042 videre
3326 3000 3439 3042 me-

1862 3086 2109 3131 ruerunt.

179 3184 302 3255 quia
327 3184 495 3239 corda
519 3174 757 3237 ﬁdelium
800 3196 870 3237 ne
916 3182 1055 3235 inter
1099 3179 1258 3249 hujus
1301 3181 1481 3237 saeculi
1528 3181 1754 3237 adversa

1934 3166 2071 3233 Quia
2091 3184 2189 3238 ego
2213 3168 2325 3222 vivo
2349 3177 2396 3222 et
2420 3184 2507 3222 vos
2530 3166 2700 3221 niteris
2725 3181 2741 3218 :
2762 3166 2901 3234 Quid
2928 3175 3013 3223 est
3040 3210 3054 3233 ,
3077 3176 3199 3239 quia
3220 3185 3311 3241 ego
3329 3171 3443 3226 vivo

1872 3268 1909 3277 -.
2051 3254 2417 3277 Nemean---
2451 3258 2507 3277 λ-
2556 3258 2804 3277 huius
2850 3273 2900 3277 --
2943 3259 3065 3277 πμ..

183 3273 432 3331 deﬁciant
456 3274 694 3330 ctelestis
721 3274 844 3329 vitae
872 3271 1155 3327 desideriis
1187 3273 1432 3329 sublevat
1456 3288 1522 3328 ac
1563 3273 1756 3328 reﬁcit.

182 3364 461 3421 [lababant
511 3363 691 3435 itaque
738 3362 985 3431 discipuli
1030 3361 1290 3431 Spiritum
1337 3372 1616 3427 sanctum,
1646 3353 1761 3419 sed

183 3452 386 3509 occulta
408 3455 645 3527 quadam
671 3453 1025 3523 inspiratione
1047 3468 1146 3523 per
1175 3468 1332 3522 quem
1354 3453 1640 3508 Dominum
1681 3453 1762 3507 di-

186 3543 559 3614 ligebant,.sed
592 3542 826 3597 nondum
870 3542 1139 3597 habebant
1176 3543 1317 3597 sicut
1354 3543 1610 3597 Dominus
1641 3558 1762 3612 pro-

187 3638 427 3692 mittebat
452 3652 465 3691 :
510 3634 780 3689 habebant
808 3632 857 3689 si
887 3634 1099 3703 quidem
1128 3633 1357 3697 occulte,
1393 3648 1549 3702 quem
1574 3641 1756 3701 postea

187 3729 409 3796 quadam
440 3724 881 3781 manifestatione
909 3724 1145 3779 habituri
1187 3733 1380 3779 erant:
1413 3724 1466 3779 id
1504 3732 1602 3787 est,
1634 3726 1761 3779 dum

188 3816 352 3888 igneis
375 3816 575 3887 linguis
595 3816 741 3875 venit
776 3825 830 3870 et
864 3816 1001 3870 sedit
1031 3830 1194 3884 super
1230 3831 1345 3881 eos,
1387 3824 1441 3871 et
1467 3816 1662 3885 linguis
1686 3816 1762 3869 lo~

187 3908 489 3976 quebantur
539 3906 948 3976 magniﬁcautes
1006 3903 1194 3958 Deum.
1251 3903 1505 3975 Rogabo,
1550 3906 1757 3975 inquit,

190 3994 397 4051 Patrem
417 4012 592 4050 meum
614 4006 660 4049 et
686 3995 845 4048 alium
871 3994 1192 4065 paracletum
1216 3994 1359 4048 dabit
1384 3994 1559 4059 .vobis,
1582 4004 1763 4050 osten-

193 4088 321 4143 dens
350 4089 591 4159 seipsum
630 4102 750 4142 esse
796 4087 1148 4157 paracletum.
1200 4085 1483 4141 Habebunt
1507 4094 1685 4142 autem
1707 4097 1763 4142 et

188 4178 331 4249 prius
356 4179 689 4251 paracletum
721 4181 894 4250 ipsum
925 4179 1173 4235 videlicet
1194 4178 1475 4233 Dominum
1500 4195 1682 4234 secum
1709 4181 1761 4235 in

192 4286 347 4327 carne
375 4280 802 4327 commorantem
839 4284 854 4325 :
899 4285 1022 4325 cum
1073 4278 1128 4324 et
1174 4268 1552 4325 miraculorum
1582 4270 1763 4326 dulce-

192 4361 331 4427 dine,
375 4370 433 4416 et
458 4370 625 4430 opere
657 4359 1080 4430 praedicationis,
1116 4375 1183 4413 ne
1210 4367 1429 4429 propter
1468 4354 1760 4413 inﬁdelium

194 4452 617 4521 persecutionem
641 4449 992 4505 scandalizari
1020 4458 1257 4519 possent,
1304 4448 1437 4518 erigi
1461 4456 1515 4503 et
1552 4448 1764 4503 confor-

1862 3268 1909 3311 et
1932 3273 2019 3312 vos
2044 3259 2224 3311 viceris
2246 3258 2289 3310 θ’
2308 3254 2418 3312 Cur
2446 3258 2512 3312 de
2556 3258 2806 3326 praesenti
2845 3273 2904 3312 se
2934 3259 3071 3312 dixit
3094 3259 3292 3324 vivere,
3324 3257 3442 3315 illos

1862 3356 2045 3402 autem
2071 3346 2140 3401 de
2170 3344 2353 3401 futuro
2376 3360 2497 3401 esse
2525 3349 2763 3401 victuros
2796 3347 2897 3402 nisi
2925 3349 3033 3401 vita
3066 3348 3227 3401 etiam
3256 3348 3439 3401 carnis

1862 3439 2045 3509 utique
2070 3439 2402 3509 resurgentis
2433 3438 2609 3507 qualis
2640 3440 2691 3492 in
2732 3440 2848 3507 ipso
2869 3438 3221 3506 prmcedebat,
3253 3449 3305 3493 et
3338 3438 3443 3493 illis

1859 3539 1945 3586 est
1990 3530 2259 3599 pollicitus
2308 3529 2603 3583 secutura?
2645 3536 2699 3582 et
2738 3529 2828 3596 qui
2877 3528 3046 3597 ipsius
3091 3542 3215 3581 mox
3260 3529 3441 3581 futura

1861 3630 1979 3675 erat
2009 3620 2365 3683 resurrectio;
2402 3619 2687 3689 praesentis
2714 3619 2891 3687 posuit
2923 3619 3180 3687 temporis
3214 3621 3441 3672 verbum

1860 3718 2083 3781 propter
2126 3708 2532 3780 signiﬁcandam
2599 3708 2955 3774 celeritatem,
3003 3708 3213 3763 illorum
3258 3718 3441 3762 autem

1861 3802 2116 3871 quoniam
2142 3801 2194 3854 in
2236 3799 2416 3854 saeculi
2459 3797 2705 3853 diﬁ'ertur
2752 3798 2934 3862 ﬁnem,
2970 3814 3077 3852 non
3132 3798 3208 3851 ait
3236 3798 3440 3861 vivitis,

1861 3873 1966 3946 sed
1988 3890 2195 3945 vivetis.
2228 3889 2371 3943 Duas
2412 3902 2541 3958 ergo
2571 3887 3017 3952 rcsurrectiones,
3044 3902 3199 3942 suam
3232 3887 3440 3943 scilicet

1860 3995 1983 4035 mox
2019 3978 2275 4041 futuram,
2301 3986 2355 4033 et
2379 3985 2618 4031 nostram
2648 3978 2702 4030 in
2728 3975 2834 4031 ﬁne
2878 3975 3060 4031 saeculi
3106 3983 3436 4041 secuturam,

1861 4074 2069 4130 duobus
2093 4072 2267 4126 verbis
2293 4070 2574 4141 praesentis
2599 4070 2854 4140 temporis
2876 4078 2932 4125 et
2971 4069 3139 4125 futuri
3165 4069 3441 4141 eleganter

1862 4166 2201 4235 breviterque
2232 4163 2496 4235 promisit.

1934 4258 1999 4312 In
2028 4258 2121 4311 illa
2150 4258 2267 4323 die,
2309 4258 2511 4326 inquit,
2555 4274 2642 4311 vos
2684 4259 3001 4327 cognoscetis
3037 4260 3160 4329 quia
3194 4272 3287 4329 ego
3321 4274 3437 4313 sum

1862 4348 1919 4403 in
1956 4347 2117 4402 Patre
2151 4364 2301 4413 meo,
2341 4357 2389 4401 et
2427 4363 2513 4401 vos
2550 4348 2602 4401 in
2636 4363 2744 4414 me,
2782 4358 2947 4419 et‘ego
2971 4349 3024 4403 in
3054 4349 3215 4404 vobis.
3244 4350 3300 4404 In
3329 4366 3436 4421 quo

1862 4440 1980 4503 die,
2007 4440 2110 4494 nisi
2130 4479 2145 4504 ,
2177 4438 2242 4494 de
2273 4454 2379 4508 quo
2405 4439 2481 4493 ait
2507 4457 2520 4493 :
2551 4450 2599 4493 et
2625 4454 2710 4494 vos
2750 4440 2926 4494 vivetis
2950 4440 2976 4494 2
3010 4440 3279 4497 Noveram
3307 4458 3435 4513 apo-

197 4542 289 4595 tari
326 4539 616 4595 solebant:
648 4534 881 4609 Rogabo,
925 4538 1079 4602 dixit,
1108 4546 1327 4607 propter
1352 4538 1762 4604 humanitatem,
1795 4549 1842 4608 D
1869 4530 1989 4586 stoli
2038 4539 2167 4586 tunc
2222 4546 2345 4587 esse
2384 4531 2657 4587 Christum
2704 4532 2759 4586 in
2804 4532 2963 4587 Patre
3026 4549 3125 4603 per
3171 4535 3437 4591 unitatem

195 4629 279 4699 qui
307 4630 401 4684 dat
426 4644 549 4684 cum
586 4627 745 4681 Patre
776 4642 871 4696 per
913 4626 1270 4691 divinitatem,
1319 4636 1375 4679 ut
1418 4637 1623 4682 maneat
1672 4645 1761 4683 vo-

197 4718 387 4773 biscum
412 4720 471 4772 in
505 4727 775 4771 teter-num.
805 4717 861 4771 In
887 4725 1146 4771 aeternum
1174 4730 1407 4785 namque
1432 4724 1613 4772 manet
1639 4734 1761 4773 Cum

197 4808 414 4874 sanctis,
445 4822 579 4877 quos
609 4814 665 4861 et
692 4806 745 4859 in
786 4805 889 4859 hac
912 4805 1022 4859 vita
1068 4818 1281 4875 semper
1311 4805 1657 4862 invisibiliter
1682 4808 1763 4861 in-

198 4908 278 4955 tus
304 4897 616 4963 illustrabit,
660 4903 715 4951 et
743 4897 797 4949 in
839 4895 1021 4950 futuro
1048 4897 1113 4949 ad
1142 4896 1613 4966 contemplandum
1640 4910 1761 4971 per-

201 4999 352 5058 petuo
372 5000 525 5059 spem
553 5002 662 5043 sua:
690 4986 989 5056 majestatis
1011 4986 1341 5041 introducet.

263 5076 516 5147 Spiritum
535 5076 787 5138 veritatis,
801 5090 951 5145 quem
970 5074 1198 5127 mundus
1219 5089 1321 5127 non
1335 5082 1498 5143 potest
1513 5074 1761 5144 accipere,

208 5167 313 5235 ptio
350 5183 452 5220 non
490 5165 614 5220 uidit
641 5180 759 5219 eum
784 5179 874 5218 nec
894 5164 991 5217 scit
1014 5178 1151 5217 eum.
1185 5162 1437 5217 Mundum
1464 5170 1643 5217 autem
1671 5178 1765 5232 ap-

204 5251 357 5328 pellat
396 5258 643 5313 homines
678 5253 862 5310 mundi
908 5252 1067 5322 hujus
1117 5253 1289 5308 amori
1321 5254 1492 5308 datos.
1540 5252 1766 5308 Mundus

205 5362 323 5417 ergo
346 5362 468 5403 eum
494 5345 739 5415 accipere
757 5359 865 5399 non
894 5351 1088 5414 potest,
1129 5344 1183 5398 id
1213 5347 1318 5408 est,
1353 5343 1650 5398 mundiales
1671 5344 1767 5398 ho-

208 5438 391 5502 mines,
412 5436 503 5506 qui
546 5451 653 5491 non
684 5435 886 5491 habent
908 5434 1202 5489 invisibiles
1249 5433 1535 5489 charitatis
1557 5433 1759 5497 oculos,

209 5525 391 5592 quibus
416 5524 753 5580 solummodo
780 5522 1013 5593 Spiritus
1038 5533 1257 5579 sanctus
1294 5523 1467 5579 videri
1510 5530 1688 5593 potest
1709 5532 1767 5584 et

210 5612 327 5670 sciri
352 5612 676 5684 sciendoque
705 5613 951 5685 intelligi.

289 5703 379 5759 i'os
400 5714 571 5757 autem
600 5704 912 5773 cognoscetis
931 5720 1067 5767 eum,
1108 5705 1231 5775 quia
1256 5704 1396 5775 apud
1428 5720 1513 5757 vos
1542 5702 1773 5757 manebit

216 5796 331 5854 etis
366 5796 500 5855 nobis
527 5797 645 5849 erit.
676 5792 795 5847 Erit
838 5803 894 5848 ut
935 5803 1149 5850 maneat
1190 5795 1244 5850 in
1284 5804 1561 5850 internum.
1601 5795 1752 5853 Domi

1868 4619 2155 4676 individua:
2181 4620 2497 4688 divinitatis,
2524 4629 2780 4677 noverant
2806 4638 2864 4677 se
2888 4636 3007 4678 esse
3028 4624 3080 4678 in
3101 4625 3315 4680 Christo
3344 4618 3440 4696 per

1864 4712 2262 4783 susceptionem
2306 4708 2431 4768 ﬁdei
2460 4721 2516 4768 et
2542 4721 3006 4771 sacramentorum
3035 4716 3445 4786 ejus,noverant

1866 4804 2134 4859 veraciter
2169 4803 2351 4857 vivere
2380 4811 2507 4859 tunc
2535 4801 2656 4859 esse
2682 4804 2958 4860 Christum
2990 4805 3041 4859 in
3072 4804 3264 4870 Patre,
3300 4805 3351 4858 in
3378 4821 3437 4859 se

1865 4908 1988 4948 esse
2010 4892 2282 4948 Christum
2309 4908 2405 4961 per
2431 4893 2769 4949 dilectionem
2793 4900 2848 4949 et
2870 4895 3265 4953 observantiam
3290 4910 3445 4957 mane.

1873 4982 2114 5036 datorum
2140 4981 2278 5051 ejus.
2323 4981 2481 5037 Novit
2504 4991 2562 5037 et
2586 4984 2687 5038 hoc
2713 4992 2897 5039 sancta
2922 4984 3016 5045 Dei
3043 4983 3312 5047 Ecclesia.
3342 4986 3440 5049 sal,

1865 5070 2023 5141 longe
2057 5070 2254 5127 melius
2292 5082 2348 5127 et
2381 5072 2619 5143 plenius,
2655 5073 2706 5127 in
2749 5074 2838 5131 illa
2868 5073 2988 5140 die,
3020 5076 3085 5129 de
3115 5090 3219 5144 qua
3259 5075 3437 5139 dixit;

1868 5172 1914 5216 et
1946 5180 2032 5216 vos
2065 5164 2260 5227 vinetis,
2290 5164 2342 5217 in
2374 5178 2476 5232 qua
2508 5164 2775 5228 veraciter
2801 5164 2982 5219 vivere
3012 5165 3304 5234 incipiunt,
3328 5164 3435 5231 hoc

1868 5259 1982 5317 est,
2026 5254 2081 5308 in
2127 5252 2214 5308 die
2260 5254 2709 5319 resurrectionis,
2762 5256 2977 5324 quando
3030 5268 3097 5311 eo
3144 5254 3439 5326 perfectius

1868 5352 2065 5397 cuncta
2090 5352 2211 5419 qua:
2239 5343 2456 5401 scienda
2488 5353 2644 5408 sunt,
2676 5360 2783 5413 quo
2821 5345 2992 5415 ipsum
3034 5345 3274 5399 scientia:
3315 5345 3437 5408 fon-

1866 5440 1976 5491 tem
2007 5434 2234 5495 vieinius
2263 5435 2381 5490 sine
2410 5436 2514 5490 ﬁne
2541 5436 2895 5505 conspiciunt.
2936 5436 3003 5491 Ut
3030 5450 3157 5507 ergo
3183 5437 3436 5493 erunibus

1870 5521 2029 5590 hujus
2072 5525 2485 5597 promissionem
2536 5525 2887 5581 beatitudinis
2934 5528 3428 5596 promitteret,non

1871 5614 2046 5669 solum
2074 5617 2231 5671 modo
2257 5617 2542 5686 apostolis,
2575 5633 2698 5673 mox
2728 5617 3001 5686 subjunxit
3027 5635 3040 5672 :

1948 5702 2052 5769 Qui
2080 5705 2230 5759 habet
2266 5708 2513 5761 mandata
2549 5725 2691 5772 mea,
2724 5719 2771 5763 et
2800 5719 2963 5762 servat
2996 5726 3083 5771 ea,
3122 5716 3209 5763 tlte
3240 5718 3313 5765 est
3346 5712 3436 5779 qui

1878 5794 2043 5863 diligit
2081 5812 2177 5853 mc.
2218 5795 2320 5862 Qui
2358 5810 2530 5851 autem
2568 5798 2734 5868 diligit
2777 5815 2886 5860 me.
2929 5800 3171 5869 diligetur
3201 5817 3232 5853 α
3265 5796 3434 5861 Patre
