3946 6340
485 379 591 438 255

1108 390 1166 444 Β.
1210 387 1460 444 BADANI
1501 384 1720 441 MAUBI
1755 385 2073 441 ARCIIIEP.
2121 383 2429 440 MOGUNT.
2467 381 2755 440 OI’ERUM
2795 381 2972 438 PARS
3009 383 3071 438 ll.

3649 381 3758 438 256

481 507 630 558 meo,
662 504 709 547 et
742 512 832 565 ego
870 498 1088 566 diligam
1119 514 1236 551 eum
1265 508 1311 551 ct
1343 497 1686 567 manifestabo
1712 499 1759 551 ei
1787 499 2064 567 meipsum.
2095 503 2146 559 Α
2243 495 2312 550 Et
2343 496 2521 566 repleti
2554 507 2674 548 sunt
2705 511 2882 549 omnes
2915 495 3119 565 Spiritu
3155 507 3367 563 sancto,
3403 508 3454 554 et
3492 510 3757 569 capsum

487 578 593 638 Ubi
629 585 776 638 omni
818 587 1116 641 intentione
1152 587 1603 643 considerandum
1641 596 1724 642 est
1751 589 1878 656 quia
1909 586 2065 642 Chri-

481 679 630 727 stum
661 689 787 728 vere
818 677 1044 745 diligere
1073 687 1189 745 est,
1221 696 1327 733 non
1364 681 1534 750 ipsam
1577 680 1916 735 dilectionem
1952 695 2066 734 am-

479 767 563 824 bit
601 767 690 835 qui
729 770 896 822 ambit
922 771 1201 835 conﬁteri,
1235 773 1328 826 sed
1369 773 1623 826 mandata
1661 772 1898 838 Christi,
1945 789 2066 843 qua:

484 853 738 910 discendo
769 858 928 913 habet
958 861 1116 915 debet
1140 863 1413 930 operando
1454 877 1691 917 servare.
1737 861 1840 927 Qui
1877 863 2063 930 habet,

483 943 692 1014 Inquit,
725 948 977 1002 mandata
1007 967 1122 1004 mea
1149 961 1197 1003 et
1224 961 1394 1005 servat
1421 969 1479 1004 ea
1501 991 1514 1014 ,
1545 950 1636 1004 ille
1661 960 1736 1006 est
1774 952 1864 1022 qui
1893 951 2063 1021 diligit

482 1049 586 1099 me,
614 1036 705 1105 qui
736 1036 898 1091 habet
927 1039 982 1092 in
1009 1042 1268 1094 memoria
1296 1049 1350 1094 et
1380 1048 1561 1094 servat
1590 1040 1642 1093 in
1672 1040 1804 1094 vita.
1840 1040 1939 1106 Qui
1967 1041 2067 1094 bu-

482 1123 575 1179 bct
605 1125 657 1180 in
690 1130 1056 1195 sermonibus,
1089 1139 1142 1184 et
1169 1140 1352 1185 servat
1382 1132 1436 1185 in
1469 1133 1728 1186 moribus.
1763 1132 1866 1200 Qui
1900 1133 2066 1186 habet

481 1215 751 1274 audiendo
776 1228 833 1274 et
857 1229 1039 1275 servat
1064 1219 1331 1276 faciendo.
1359 1223 1466 1276 Aut
1493 1223 1585 1291 qui
1609 1223 1771 1276 habet
1797 1221 2060 1284 faciendo,

481 1317 541 1364 et
566 1320 748 1364 servat
783 1313 1208 1382 perseverando,
1244 1314 1357 1383 ipse
1386 1324 1501 1379 est,
1536 1314 1738 1383 inquit,
1769 1314 1861 1382 qui
1891 1313 2066 1382 diligit

483 1413 592 1455 me.
631 1399 940 1456 Notandum
974 1404 1097 1472 quia
1133 1419 1254 1458 cum
1285 1405 1566 1473 praesentis
1601 1404 1864 1474 temporis
1900 1407 2066 1456 verbo

481 1490 726 1557 diceret,
752 1493 840 1562 qui
868 1502 1042 1547 autem
1068 1494 1237 1563 diligit
1269 1511 1378 1560 me,
1412 1494 1706 1562 adjecitde
1734 1493 1919 1548 futuro
1950 1492 2068 1546 dili-

482 1589 633 1652 getur
657 1599 689 1634 a
717 1581 878 1637 Patre
906 1601 1047 1650 meo,
1077 1595 1122 1638 ct
1150 1602 1240 1654 ego
1266 1585 1483 1656 diligam
1506 1603 1623 1639 eum
1649 1595 1697 1640 et
1721 1585 2065 1655 manifestabo

483 1674 533 1727 ei
567 1674 842 1743 meipsum.
885 1676 1067 1746 Diligit
1108 1692 1340 1747 namque
1387 1677 1552 1732 etiam
1597 1692 1741 1732 nunc
1780 1676 2067 1732 dilectores

481 1779 613 1819 suos
650 1780 772 1818 cum
810 1765 968 1821 Patre
990 1767 1186 1833 Filius,
1231 1769 1324 1824 sed
1364 1785 1506 1824 nunc
1551 1769 1721 1840 diligit
1759 1770 1829 1824 ad
1862 1769 1965 1824 hoc
2009 1777 2068 1823 ut

2169 587 2312 657 loqui
2339 588 2500 640 variis
2529 586 2722 655 linguis
2741 625 2755 650 ,
2782 595 2934 655 prout
2964 585 3196 656 Spiritus
3222 598 3436 642 sanctus
3462 587 3620 641 dabnt
3646 586 3754 641 elo-

2167 678 2254 747 qui
2283 675 2408 730 illis.
2444 675 2687 732 Varietas
2726 677 2870 729 enim
2919 674 3260 745 linguarum,
3297 678 3435 733 dona
3476 677 3757 732 variarum

2166 767 2437 837 signiﬁcat
2465 767 2787 837 gratiarum.
2815 765 3015 820 Verum
3043 780 3150 820 non
3180 767 3473 838 incongrue
3499 767 3756 838 intelligi-

2168 869 2257 913 tur
2301 858 2534 928 Spiritus
2573 865 2824 924 sanctus,
2870 857 2990 912 ideo
3030 857 3263 926 primum
3303 859 3610 930 linguarum
3654 859 3756 914 do-

2165 968 2294 1008 num
2337 953 2548 1008 dedisse
2591 952 2928 1017 hominibus,
2976 952 3172 1022 quibus
3213 955 3446 1008 humana
3488 955 3754 1024 sapientia

2168 1042 2468 1098 forinsecus
2521 1053 2576 1098 et
2621 1041 2912 1097 discutitur
2953 1051 3009 1097 et
3050 1044 3290 1109 docetur,
3336 1054 3396 1098 ut
3439 1045 3756 1100 ostenderet

2166 1146 2328 1203 quam
2375 1131 2532 1189 facile
2576 1133 2770 1202 possit,
2797 1133 3070 1204 sapientes
3114 1133 3295 1190 facere
3341 1135 3604 1205 sapientia
3651 1136 3754 1192 Dei

2163 1241 2286 1295 quae
2314 1227 2369 1278 in
2393 1233 2536 1280 terra
2561 1233 2663 1280 est.
2691 1225 2858 1280 Erant
2881 1237 3052 1281 autem
3074 1229 3130 1282 in
3152 1227 3483 1283 Hierusalem
3510 1230 3754 1284 habitan-

2167 1325 2241 1370 tes
2283 1315 2460 1369 Judasi
2505 1314 2603 1368 viri
2642 1313 2871 1386 religiosi
2911 1333 2977 1370 ea:
3015 1319 3156 1372 omni
3182 1329 3330 1389 gente
3359 1336 3475 1390 quin
3504 1320 3598 1376 sub
3623 1320 3754 1374 caelo

2166 1415 2260 1459 est.
2309 1402 2480 1458 Facta
2519 1415 2694 1458 autem
2737 1406 2836 1459 hac
2881 1423 3034 1473 voce,
3075 1410 3307 1462 convenit
3348 1409 3660 1475 multitudo,
3703 1421 3755 1466 et

2165 1495 2599 1566 ments-confusa
2647 1505 2754 1561 est,
2801 1498 3051 1568 quoniam
3098 1500 3344 1553 audiebat
3389 1504 3754 1574 unusquisque

2167 1589 2347 1660 lingua
2379 1606 2478 1644 sua
2513 1589 2635 1644 illos
2668 1588 2952 1660 loquentes.
2989 1590 3108 1660 Ipse
3143 1591 3287 1646 enim
3334 1608 3524 1648 eorum
3569 1609 3756 1650 sermo

2167 1681 2307 1737 hanc
2351 1680 2406 1735 in
2447 1694 2506 1736 se
2541 1684 2652 1737 vim
2693 1681 2950 1745 habebat,
3006 1687 3064 1734 ut
3092 1696 3216 1736 cum
3248 1682 3582 1737 diversarum
3612 1698 3754 1753 gen-

2169 1772 2301 1826 tium
2353 1771 2630 1826 auditores
2678 1771 2751 1826 ibi
2804 1778 2984 1827 essent
3035 1780 3330 1842 pmsentes
3382 1775 3756 1844 unusquisque

483 1865 630 1912 recte
659 1857 841 1911 vivant
871 1875 937 1913 ex
982 1860 1083 1914 fide
1111 1878 1231 1931 qua:
1273 1877 1372 1931 per
1399 1862 1743 1917 dilectionem
1783 1869 2064 1932 operatur,
2099 1844 2141 1904 Β
2171 1863 2468 1918 secundum
2506 1862 2739 1933 linguam
2773 1877 2926 1917 suam
2961 1863 3130 1933 ipsius
3157 1864 3317 1917 unius
3350 1865 3618 1919 sermonis
3648 1865 3750 1933 qui

483 1956 610 2003 tunc
649 1949 714 2002 ad
754 1950 852 2003 boc
884 1950 1069 2020 diliget
1102 1960 1162 2005 ut
1188 1954 1507 2022 perveniant
1538 1954 1604 2007 ad
1632 1953 1896 2008 visionem
1926 1954 2067 2008 veri-

484 2039 612 2093 tatis
648 2055 810 2109 quam
851 2056 947 2109 per
983 2041 1141 2095 fidem
1175 2052 1541 2112 gustaverant.
1577 2043 1692 2098 Non
1733 2051 1915 2098 autem
1955 2043 2066 2099 fru-

483 2136 598 2184 stra
634 2129 872 2194 addidit,
925 2140 974 2184 et
1022 2132 1366 2200 manifestabo
1410 2135 1457 2186 ei
1506 2133 1778 2203 meipsum.
1821 2132 1881 2188 Si
1936 2150 2067 2190 vero

480 2220 778 2273 secundum
822 2221 1215 2275 humanitatem
1255 2223 1467 2277 cunctis
1508 2223 1559 2277 in
1591 2223 1797 2293 judicio
1833 2224 2066 2280 manife-

480 2309 667 2374 stabit,
689 2309 818 2364 solis
847 2324 979 2365 vero
1001 2310 1165 2381 justis
1186 2320 1240 2366 et
1265 2313 1469 2367 sanctis
1492 2312 1788 2367 divinitatis
1814 2313 2064 2384 gloriam,

479 2399 534 2453 in
592 2413 699 2467 qua
751 2399 974 2469 aequalis
1023 2409 1108 2456 est
1150 2400 1297 2456 Patri
1351 2411 1407 2456 et
1457 2402 1684 2472 Spiritui
1735 2411 1944 2466 sancto,
1999 2404 2067 2458 ad

483 2487 872 2543 beatitudinem
893 2498 1148 2545 aeternam
1173 2491 1614 2549 manifestaturus
1638 2493 1770 2556 erit,
1797 2503 1856 2547 ut
1882 2495 2068 2549 vivant

489 2594 707 2647 semper
750 2588 806 2634 et
850 2581 1123 2652 gaudeant
1167 2597 1350 2638 secum
1387 2583 1440 2637 in
1477 2598 1643 2654 regno
1670 2583 1880 2639 caelesti
1909 2623 1923 2650 ,
1969 2599 2068 2653 per

487 2668 670 2724 omnia
700 2669 897 2724 sazcula
924 2670 1265 2726 saeculorum.
1305 2671 1498 2727 Amen.

1036 2778 1317 2835 HOMILIA
1351 2779 1504 2834 LVII.

893 2865 1148 2905 DOIINICA
1188 2866 1240 2904 ιιι
1282 2865 1643 2906 PENTECOSTB.

830 2937 1016 2993 Lectio
1051 2939 1281 2994 Actuum
1320 2941 1710 3010 apostolorum.

558 3026 621 3082 In
653 3028 836 3083 diebus
867 3029 994 3096 illis,
1025 3031 1149 3084 dum
1173 3031 1554 3101 complerentur
1579 3033 1688 3086 dies
1712 3030 2065 3101 Pentecostcs,

481 3132 631 3174 erant
659 3123 857 3191 pariter
883 3139 1058 3177 omnes
1093 3124 1150 3177 in
1182 3124 1361 3178 eodem
1397 3124 1530 3178 loco.
1570 3124 1637 3178 Et
1674 3131 1846 3195 lactus
1879 3137 1953 3180 est
1987 3143 2066 3180 re-

2167 1954 2235 2009 ab
2263 1952 2520 2022 apostolis
2557 1952 2735 2006 fuerat
2757 1952 3138 2022 pronuntiatus
3165 1962 3479 2023 susceperat
3507 1954 3758 2009 auditum

2167 2050 2224 2097 et
2251 2041 2496 2111 capiebat
2523 2041 2873 2108 intellectum,
2891 2043 2997 2108 his,
3029 2042 3387 2109 dilectissimi,
3407 2043 3632 2113 aliisque
3655 2044 3756 2099 do-

2167 2133 2462 2200 cumentis,
2517 2132 2712 2202 quibus
2760 2132 3229 2188 innumerabiliter
3278 2133 3581 2189 divinorum
3628 2133 3754 2188 elo-

2167 2224 2419 2292 quiorum
2454 2229 2704 2276 coruscat
2738 2222 3037 2277 auctoritas
3076 2223 3144 2279 ad
3180 2224 3584 2279 venerationem
3619 2240 3759 2293 pcn—

2168 2325 2400 2373 tecostes
2424 2317 2752 2372 unanimiter
2777 2315 3084 2382 incitemur,
3106 2317 3440 2374 exsultantes
3467 2319 3519 2373 in
3543 2318 3756 2373 honore

2169 2405 2405 2475 Spiritus
2434 2406 2637 2471 sancti,
2670 2420 2767 2475 per
2791 2421 2953 2477 quem
2981 2407 3158 2462 omnis
3207 2407 3471 2466 catholica
3507 2408 3755 2463 Ecclesia

2168 2496 2558 2560 sanctificatur,
2611 2496 2789 2551 omnis
2835 2496 3018 2551 anima
3072 2496 3409 2552 rationabilis
3463 2497 3754 2560 imbuitur,

2167 2588 2258 2655 qui
2303 2589 2601 2658 inspiratur
2629 2586 2751 2641 fidei
2771 2627 2786 2652 ,
2817 2587 3005 2642 doctor
3035 2586 3308 2654 scientiae,
3343 2587 3463 2642 fons
3492 2587 3756 2642 dilectio-

2168 2677 2254 2735 nis
2277 2720 2291 2743 ,
2323 2676 2658 2748 signaculum
2698 2676 2995 2743 castitatis,
3031 2685 3085 2732 et
3119 2678 3287 2732 totius
3321 2686 3404 2732 est
3437 2692 3598 2732 causa
3632 2679 3755 2730 vir—

2171 2768 2321 2823 tutis.
2351 2767 2632 2823 Caudeant
2656 2767 2892 2823 fidelium
2919 2775 3128 2824 mentes
3154 2769 3298 2838 quod
3320 2769 3372 2824 in
3406 2778 3519 2823 toto
3547 2769 3756 2823 mundo

2167 2875 2309 2915 unus
2336 2860 2479 2914 Deus
2507 2858 2691 2922 Pater,
2721 2867 2776 2914 et
2817 2857 2986 2912 Filius
3019 2865 3074 2913 et
3106 2856 3342 2928 Spiritus
3379 2865 3597 2912 sanctus
3633 2873 3756 2912 om-

2168 2949 2315 3006 nium
2354 2948 2655 3019 linguarum
2693 2945 3033 3002 confessione
3067 2946 3336 3001 laudatur.
3394 2946 3488 3001 Illa
3538 2947 3754 3017 signiﬁ-

2170 3037 2311 3090 catio
2345 3051 2466 3106 qua:
2501 3037 2555 3090 in
2595 3035 2774 3106 specie
2816 3035 2955 3106 ignis
3002 3036 3291 3106 apparuit,
3333 3044 3389 3091 et
3431 3049 3595 3106 apere
3628 3051 3757 3105 pcr-

2170 3136 2382 3183 severat
2429 3135 2486 3182 et
2531 3141 2793 3193 munere;
2837 3127 2952 3196 ipse
3010 3127 3156 3181 enim
3225 3125 3460 3197 Spiritus
3500 3126 3756 3182 veritatis

482 3222 634 3283 psnte
681 3214 744 3267 de
793 3213 918 3268 coelo
969 3231 1158 3280 sonus,
1202 3225 1451 3286 tanquam
1493 3194 1812 3270 advenientis
1849 3219 2065 3287 spiritus
2094 3194 2137 3256 (ἶ
2174 3221 2303 3276 facit
2344 3222 2540 3274 donum
2574 3220 2756 3290 gloria:
2804 3234 2912 3274 sua:
2943 3219 3163 3273 luminis
3186 3220 3271 3274 sui
3303 3218 3477 3275 nitore
3506 3218 3711 3290 fulgere
3737 3259 3752 3283 ,

484 3304 826 3370 vehementis,
873 3315 920 3359 et
969 3304 1175 3376 replevit
1216 3315 1376 3359 totam
1415 3307 1628 3359 domum
1671 3306 1756 3358 ubi
1798 3317 1946 3360 erant
1988 3324 2067 3360 se-

485 3395 664 3448 dentes
683 3436 697 3459 ,
728 3405 832 3451 etc.

556 3483 904 3552 Ilodicrnam,
925 3486 1277 3551 dilectissimi,
1295 3487 1638 3543 festivitatem
1663 3496 1773 3542 toto
1797 3495 2064 3543 terrarum

484 3574 617 3630 orbe
645 3576 1010 3632 venerabilem
1038 3577 1130 3632 ille
1159 3577 1335 3632 sancti
1364 3576 1598 3645 Spiritus
1620 3577 1955 3632 consecravit
1973 3579 2068 3633 ad-

486 3674 714 3731 ventus,
745 3667 836 3734 qui
879 3676 1003 3736 post
1043 3667 1492 3722 resurrectionem
1531 3667 1742 3722 Domini
1780 3666 1849 3721 50
1885 3667 1974 3721 die
2009 3665 2062 3721 in

486 3753 758 3823 apostolos
787 3755 1151 3825 populumque
1201 3757 1534 3810 credentium
1572 3757 1713 3810 sicut
1745 3757 2067 3824 sperabatur

488 3844 732 3910 influxit,
764 3855 823 3900 ut
855 3848 908 3901 in
938 3848 1188 3918 praesenti
1220 3848 1448 3902 lectione
1469 3887 1482 3913 ,
1516 3863 1636 3902 cum
1667 3848 1937 3918 legeretur
1967 3863 2062 3900 au-

491 3935 667 3989 distis.
718 3935 848 3989 Cum
896 3938 1274 4008 complerentur
1309 3940 1453 4003 dies,
1507 3940 1701 4008 inquit,
1748 3950 2064 4009 pentecostes

485 4033 634 4079 erant
664 4041 839 4080 omnes
865 4029 1062 4096 pariter
1085 4030 1142 4081 in
1171 4030 1348 4083 eodem
1378 4029 1525 4094 loco,
1562 4030 1664 4085 hoc
1690 4040 1774 4085 est
1803 4031 1854 4085 in
1886 4043 2066 4085 c0903-

489 4114 610 4168 culo
659 4117 748 4169 ubi
796 4116 1126 4185 collegerunt
1173 4133 1229 4172 se
1269 4126 1386 4187 post
1421 4134 1702 4173 ascensum
1742 4120 1924 4174 statim
1958 4120 2064 4174 Do-

491 4206 656 4271 mini,
695 4207 782 4260 ubi
819 4211 1206 4277 exspectabant
1235 4211 1560 4279 promissum
1600 4210 1833 4280 Spiritus
1869 4211 2060 4265 sancti.

489 4283 810 4366 Quicunque
859 4299 1002 4352 enim
1042 4299 1243 4367 Spiritu
1292 4308 1478 4354 sancto
1526 4300 1806 4370 adimpleri
1856 4302 2065 4358 deside-

495 4395 635 4452 rant,
671 4387 854 4441 carnis
885 4388 1212 4442 domicilium
1244 4403 1464 4443 necesse
1493 4398 1576 4444 est
1613 4398 1675 4442 ut
1707 4389 1904 4444 mentis
1930 4406 2063 4444 con-

491 4477 838 4546 templalione
885 4480 1263 4533 transcendant
1292 4498 1304 4533 :
1350 4479 1419 4532 Et
1455 4479 1625 4549 factus
1655 4489 1727 4534 est
1759 4490 1964 4551 repente
1997 4481 2062 4534 de

487 4567 613 4620 caelo
647 4583 804 4622 sonus
846 4579 1092 4638 tanquam
1132 4569 1449 4624 advenientis
1485 4570 1699 4639 spiritus
1730 4570 2055 4632 vehementis,

485 4665 536 4710 et
564 4657 772 4725 replevit
796 4668 957 4711 totam
986 4658 1198 4712 domum
1224 4659 1312 4714 ubi
1334 4668 1481 4714 erant
1512 4659 1762 4715 sedentes.
1791 4659 1895 4715 Per
1922 4660 2060 4729 ignis

489 4746 707 4815 quidem
739 4749 1146 4803 similitudinem
1177 4750 1436 4805 Dominus
1473 4749 1749 4820 discipulis
1784 4752 2055 4820 apparuit,

488 4838 581 4892 sed
630 4853 728 4907 per
774 4841 1122 4909 semetipsum
1165 4841 1489 4896 locutionem
1537 4842 1763 4897 interius
1801 4842 1963 4907 fecit,
2004 4851 2059 4896 et

488 4944 665 4999 neque
709 4929 847 4999 ignis
891 4945 1066 4998 neque
1111 4930 1197 4985 ille
1241 4933 1446 4988 sonitus
1497 4933 1638 4998 fuit,
1681 4933 1776 4988 sed
1817 4948 1913 5002 per
1957 4934 2059 4988 hoc

489 5021 631 5087 quod
660 5019 900 5074 exterius
923 5020 1164 5075 exhibuit
1205 5021 1474 5091 expressit
1510 5023 1611 5076 hoc
1650 5023 1794 5092 quod
1834 5023 2061 5078 interius

490 5116 675 5186 gessit.

561 5203 628 5256 Et
643 5215 996 5275 apparuerunt
1015 5205 1120 5260 illis
1135 5206 1422 5277 dispertita:
1437 5207 1627 5279 lingute
1641 5217 1889 5278 tanquam
1905 5208 2067 5277 ignis.

487 5293 729 5368 Spiritus
766 5297 910 5351 enim
953 5308 1173 5352 sanctus
1221 5298 1274 5351 in
1322 5299 1517 5368 linguis
1561 5299 1733 5367 igneis
1771 5300 2062 5367 apparuit;

487 5393 613 5462 quia
655 5407 842 5447 omnes
879 5407 1015 5460 quos
1055 5392 1355 5462 impleverit
1393 5392 1645 5446 ardentes
1672 5392 1876 5460 pariter
1903 5398 1957 5445 et
1988 5390 2066 5442 lo-

490 5494 714 5553 quentes
740 5485 897 5547 facit,
922 5485 1046 5553 quia
1076 5494 1261 5539 sancta
1289 5484 1525 5538 Ecclesia
1555 5498 1650 5553 per
1674 5483 1856 5537 mundi
1885 5481 2066 5536 termi-

490 5589 590 5629 nos
619 5575 836 5628 dilatata
867 5575 1105 5629 omnium
1143 5576 1380 5644 gentium
1409 5583 1527 5628 erat
1558 5590 1688 5628 voce
1717 5574 1980 5628 locutura.

567 5663 816 5734 Seditque
862 5683 1013 5734 super
1062 5665 1293 5734 singulos
1339 5679 1557 5721 eorum:
1607 5667 1797 5729 Certe,
1849 5664 2065 5735 requies

491 5756 610 5827 ejus
637 5755 906 5811 indicatur
937 5757 987 5811 in
1022 5757 1242 5812 sanctis.

2086 4531 2140 4589 D

2171 3313 2306 3367 etin
2341 3311 2538 3380 templo
2582 3325 2680 3365 suo
2706 3325 2805 3365 nec
2844 3310 3188 3365 tenebrosum
3227 3309 3433 3378 aliquid
3472 3309 3585 3363 vult
3626 3323 3754 3364 esse

2175 3418 2271 3456 nec
2305 3402 2562 3471 tepidum.
2596 3400 2670 3454 De
2699 3415 2803 3469 qua
2831 3414 2933 3468 ope
2957 3406 3120 3467 atque
3148 3398 3393 3454 doctrina
3421 3398 3584 3453 etiam
3606 3399 3747 3469 jeju-

2167 3495 2381 3547 niorum
2426 3499 2589 3562 atque
2631 3491 3059 3561 elemosynarum
3103 3490 3260 3545 nobis
3287 3498 3369 3544 est
3397 3488 3592 3544 collata
3621 3505 3758 3559 pur-

2167 3585 2332 3654 gatio.
2385 3581 2519 3635 Nam
2567 3582 2704 3635 hanc
2742 3578 3106 3634 venerabilem
3149 3578 3290 3634 diem
3325 3577 3568 3648 sequitur
3606 3577 3756 3632 saluo

2167 3671 2418 3725 berrimze
2457 3669 2815 3723 observantite
2844 3666 3173 3722 consuetudo
3207 3682 3369 3738 quam
3404 3666 3751 3722 utilissimam

2168 3760 2269 3815 sibi
2303 3775 2492 3814 omnes
2530 3759 2703 3813 sancti
2734 3773 2949 3828 semper
2979 3757 3188 3826 experti
3218 3765 3375 3822 sunt,
3407 3766 3464 3811 et
3489 3758 3553 3810 ad
3585 3772 3749 3826 quam

2168 3851 2353 3906 sedulo
2397 3850 2772 3904 celebrandam
2815 3848 3072 3918 pastorali
3117 3863 3212 3903 vos
3257 3848 3614 3905 sollicitudine
3656 3865 3747 3902 co.

2167 3946 2466 4006 hortamur,
2502 3948 2560 3996 ut
2610 3941 2659 3995 si
2707 3940 2836 4010 quid
2883 3939 3217 3994 macularum
3245 3939 3507 4008 proximis
3557 3940 3750 3994 diebus

2167 4033 2491 4104 negligentia
2535 4032 2751 4085 incauta
2793 4030 3085 4094 contraxit,
3110 4029 3160 4083 id
3199 4039 3255 4084 et
3289 4028 3480 4099 jejunii
3510 4044 3742 4082 censura

2167 4123 2393 4193 castiget
2415 4164 2429 4187 ,
2457 4131 2510 4178 et
2538 4121 2753 4176 devotio
2785 4121 3002 4190 pictatis
3029 4121 3280 4176 emendet
3317 4137 3416 4190 per
3455 4121 3744 4175 Dominum

2166 4224 2409 4270 nostrum
2438 4213 2621 4268 Jesum
2652 4212 2926 4267 Christum
2947 4254 2960 4277 ,
3004 4212 3095 4281 qui
3127 4212 3260 4266 vivit
3295 4220 3350 4266 et
3390 4219 3579 4282 regnat
3619 4226 3746 4264 cum

2165 4306 2326 4360 Patre
2365 4315 2420 4360 et
2458 4303 2662 4374 Spiritu
2693 4310 2878 4358 sancto
2910 4301 3053 4357 Deus
3084 4302 3137 4356 in
3169 4300 3367 4357 saecula
3399 4300 3744 4356 saeculorum.

2165 4398 2356 4452 Amen.

2646 4484 2991 4542 HOMILIA
3040 4482 3262 4540 LVIII.

2709 4594 2762 4634 IN
2802 4592 2977 4631 Εουειι
3013 4590 3198 4631 πετο.

2289 4669 2477 4727 Lectio
2507 4668 2679 4726 sancti
2707 4667 2981 4737 Evangelii
3010 4666 3301 4721 secundum
3329 4661 3612 4720 Joannem.

2238 4760 2305 4815 In
2335 4760 2426 4814 illo
2456 4769 2682 4830 tempore
2711 4759 2845 4813 dixit
2875 4755 3030 4811 Iesus
3057 4755 3328 4826 discipulis
3356 4755 3462 4809 suis
3487 4769 3504 4807 :
3533 4755 3596 4811 Si
3623 4755 3740 4826 quis

2166 4850 2336 4919 diligit
2361 4865 2475 4915 me,
2503 4863 2791 4902 sermonem
2826 4862 2997 4899 meum
3033 4842 3282 4908 servabit,
3323 4852 3370 4897 et
3401 4840 3565 4896 Pater
3594 4859 3740 4896 meus

2165 4940 2342 5009 diliget
2367 4955 2486 4992 eum
2504 4978 2521 5008 ,
2548 4946 2595 4992 et
2623 4935 2692 4990 ad
2715 4953 2831 4990 eum
2856 4935 3144 5000 veniemus,
3172 4942 3220 4987 et
3245 4933 3569 4986 mansionem
3597 4931 3738 5002 apud

2164 5046 2282 5085 eum
2307 5029 2557 5097 faciemus
2575 5067 2591 5090 ,
2621 5035 2729 5080 etc.

2230 5117 2485 5174 Probatio
2521 5115 2825 5171 dilectionis
2849 5113 3109 5169 adhibitio
3146 5124 3232 5171 est
3267 5111 3466 5182 aperis.
3512 5110 3652 5169 Hinc
3680 5111 3733 5166 in

2166 5206 2402 5277 Epistula
2445 5221 2543 5261 sua
2589 5205 2731 5259 idem
2774 5202 3012 5259 Joannes
3056 5204 3186 5259 dicit
3212 5217 3229 5258 :
3257 5204 3344 5274 qui
3382 5202 3540 5266 dicit,
3574 5200 3736 5270 diligo

2166 5297 2334 5351 Deum
2369 5305 2416 5350 et
2450 5295 2702 5350 mandata
2741 5295 2856 5364 ejus
2899 5310 3000 5349 non
3045 5293 3310 5358 custodit,
3347 5291 3576 5346 mendax
3635 5301 3732 5344 est.

2170 5387 2307 5440 Vere
2331 5385 2478 5440 enim
2505 5385 2774 5456 diligimus
2803 5384 2970 5440 Deum
3013 5383 3061 5438 si
3100 5385 3354 5440 mandata
3391 5379 3506 5449 eius
3547 5379 3738 5434 obser-

2165 5494 2356 5535 vamus
2397 5487 2452 5532 et
2494 5494 2524 5531 a
2569 5479 2767 5532 nostris
2810 5493 2910 5532 nos
2959 5476 3322 5545 voluptatibus
3376 5473 3442 5527 ad
3483 5472 3740 5526 mandata

2168 5571 2306 5624 illius
2351 5577 2706 5623 coarctamus.
2739 5567 2806 5621 Et
2835 5566 2996 5620 Pater
3039 5583 3184 5620 meus
3223 5566 3402 5633 diliget
3436 5579 3573 5616 eum.
3600 5563 3742 5628 Quia

2165 5676 2327 5730 opera
2367 5675 2486 5728 qua:
2524 5658 2683 5712 Pater
2710 5657 2841 5712 facit
2867 5657 2984 5711 haec
3021 5665 3076 5711 et
3099 5656 3346 5711 similiter
3374 5652 3544 5707 Filius
3572 5650 3741 5720 facit,

2169 5763 2220 5806 ct
2249 5751 2335 5820 qui
2364 5749 2535 5819 diligit
2559 5748 2752 5804 Filium
2794 5747 2966 5819 diligit
3005 5755 3059 5802 ct
3092 5747 3329 5810 Patrem,
3355 5751 3408 5799 et
3437 5742 3530 5814 qui
3556 5742 3744 5814 diligi-
