3946 6378
177 436 271 495 157

1222 420 1526 477 iiOiilLirﬁ
1569 419 1633 474 IN
1674 419 1924 476 EVA'NG.
1970 419 2054 475 ET
2091 418 2343 474 EPIST.’

3303 415 3410 471 258

184 541 258 584 tur
282 542 307 581 ι
346 521 496 583 Filio,
529 520 774 591 diligitur
799 533 827 570 a
861 517 1052 580 Patre,
1079 524 1124 568 et
1160 514 1229 568 ad
1254 530 1371 567 eum
1396 514 1654 566 veniemus
1683 522 1731 565 et
1758 517 1809 574 Α
1834 510 1989 582 quo,’
2014 511 2122 589 illic
2156 510 2255 575 do,
2283 509 2939 581 sequentibust‘clinqno,
2971 507 3408 578 pervenientibus

182 614 478 670 mansionem
506 611 650 680 apud
678 624 792 662 eum
820 607 1091 678 faciemus.
1117 603 1217 672 Qui
1245 603 1386 658 enim
1414 618 1538 657 vere
1564 601 1728 657 Deum

181 702 337 772 diligit
356 714 453 755 nec
476 698 791 759 teiitatinnis
813 705 1054 765 tempore
1079 694 1283 749 recedit
1304 693 1373 747 ab
1396 707 1582 747 amore
1604 691 1729 755 Dei,

181 793 243 849 ad
262 795 396 865 hunc
416 774 810 843 veniuntPater
833 796 887 840 et
909 784 1079 841 Filius
1100 782 1326 855 spiritali
1350 781 1661 845 accessione
1680 789 1735 835 et

182 884 494 940 mansionem
527 878 667 952 apud
695 893 815 933 eum
842 876 1059 932 habent.
1106 873 1198 929 Ille
1225 872 1369 927 enim
1400 886 1525 926 vere
1553 878 1732 936 amat,

183 966 322 1046 cujus
347 978 583 1026 mentem
610 966 897 1024 delectatio
932 978 1191 1035 pravaqex
1215 976 1482 1017 consensu
1512 974 1619 1016 non
1646 975 1731 1014 su-

180 1071 337 1134 perat.
369 1058 503 1114 Nam
533 1066 682 1113 tanto
710 1059 937 1127 quisque
977 1069 1007 1108 a
1049 1067 1283 1123 superno
1322 1064 1506 1105 amore
1532 1046 1735 1116 disiun-

182 1154 330 1224 gitur,
370 1156 577 1219 quanto
624 1145 851 1201 interius
889 1142 1205 1199 delectatur.
1252 1141 1479 1197 Dilectio
1518 1151 1735 1195 sanctos

183 1240 426 1298 discernit
451 1253 486 1293 a
516 1237 745 1301 mundo,
775 1251 895 1308 qua:
923 1233 1060 1290 fecit
1094 1234 1377 1288 unanimes
1403 1231 1649 1287 habitare
1679 1232 1733 1286 in

179 1331 355 1395 domo,
388 1326 443 1383 in
473 1340 580 1396 qua
606 1325 763 1379 domo
790 1321 1091 1378 facitPater
1116 1320 1351 1377 etFilius
1376 1318 1732 1385 mansionem,

177 1421 258 1490 qui
278 1418 477 1474 donant
499 1426 553 1471 et
575 1416 742 1487 ipsam
760 1413 1100 1469 dilectionem
1115 1412 1312 1484 quibus
1328 1412 1532 1465 donant
1553 1410 1605 1465 in
1631 1409 1737 1466 ﬁne

175 1510 324 1563 etiam
353 1520 504 1561 suam
531 1502 1038 1559 manifestationem.
1072 1502 1147 1556 De
1173 1517 1279 1571 qua
1308 1500 1736 1556 manifestatione

173 1598 453 1668 discipulus
480 1595 833 1667 interrogavit
872 1603 927 1649 et
950 1592 1188 1659 audivit,
1220 1594 1287 1648 ad
1323 1593 1463 1647 hanc
1504 1591 1734 1647 manife—

174 1690 444 1744 stationem
473 1702 571 1758 per
598 1686 937 1742 dilectionem
965 1685 1284 1741 veniendum
1311 1700 1452 1740 esse.

1834 603 1931 668 do,
1970 584 2166 659 Pacem
2194 615 2346 665 suam
2374 599 2591 671 reliquit
2619 599 2803 664 nobis,
2835 609 2894 653 ut
2921 615 3019 656 nos
3050 599 3287 655 invicem
3327 599 3409 656 di-

1833 691 2062 763 ligamus
2086 708 2101 757 ;
2127 705 2317 761 pacem
2343 706 2493 745 suam
2522 692 2671 746 dabit
2693 690 2847 746 nobis
2866 730 2879 755 ,
2910 690 3001 747 ubi
3029 704 3302 759 nunquam
3327 690 3409 744 in-

1832 783 2005 836 vicem
2029 781 2315 836 dissentire
2332 796 2634 850 possumus.
2658 780 2793 846 Quid
2810 790 2892 835 est
2905 782 3046 851 quod
3060 782 3213 847 dicit,
3227 798 3406 852 pacem

1833 889 2000 926 meam
2024 872 2090 927 do
2116 872 2273 937 vobis,
2292 881 2471 926 etnon
2495 872 2624 927 dicit
2645 888 2829 942 pacem
2855 889 3025 928 meam
3049 875 3291 945 relinquo
3313 891 3411 931 vo-

1834 963 1957 1019 bis?
1996 954 2240 1018 fortassis
2285 964 2409 1031 quia
2442 963 2598 1017 aliter
2628 978 2769 1017 nunc
2801 963 2953 1019 aliter
2982 973 3113 1021 tunc
3141 981 3245 1034 pax
3276 968 3401 1022 erit.

1834 1053 1933 1108 Iiic
1954 1055 2091 1109 bella
2114 1070 2237 1109 cum
2266 1054 2410 1108 vitiis
2425 1054 2707 1118 habemus,
2727 1054 2847 1110 ideo
2864 1072 2966 1110 non
2981 1058 3185 1113 addidit
3203 1073 3401 1122 meam,

1834 1143 1942 1198 illic
1965 1159 2094 1206 vero
2126 1144 2178 1196 in
2211 1152 2412 1197 mterna
2445 1158 2586 1213 pace
2609 1154 2807 1199 aeterna
2834 1144 2936 1201 erit
2967 1148 3323 1217 tranquillitas
3345 1156 3405 1205 et

1832 1235 2141 1299 concordia,
2164 1244 2218 1288 et
2239 1234 2360 1289 talis
2381 1250 2483 1305 pax
2505 1235 2716 1304 qualem
2745 1236 2832 1290 ille
2854 1237 3039 1291 habuit
3062 1252 3180 1291 cum
3202 1239 3405 1310 seipso,

1836 1324 1925 1394 qui
1954 1324 2158 1379 nullum
2192 1325 2380 1385 habuit
2408 1327 2458 1379 in
2490 1341 2547 1381 se
2572 1337 2880 1398 peccatum.

1908 1417 2033 1473 Non
2075 1418 2331 1488 quomodo
2373 1418 2602 1474 mundus
2642 1419 2765 1480 dat.
2797 1436 2888 1490 ego
2915 1419 2989 1477 de
3022 1419 3184 1481 vobis.
3223 1421 3281 1477 Id
3312 1428 3409 1479 est

1835 1529 1940 1569 non
1980 1514 2246 1584 quomodo
2287 1514 2340 1570 in
2383 1513 2581 1568 mundo
2623 1514 2868 1568 homines
2905 1528 3049 1583 srepe
3085 1513 3186 1568 sibi
3228 1514 3280 1567 in
3309 1528 3405 1568 sua

1836 1604 2038 1659 malitia
2080 1603 2450 1660 concordant:
2484 1605 2575 1658 sed
2608 1604 2878 1674 quomodo
2926 1604 3016 1674 qui
3055 1604 3154 1659 sibi
3188 1604 3239 1658 in
3279 1619 3408 1662 san-

1835 1694 2026 1749 ctitate
2074 1696 2404 1751 concordant
2453 1702 2508 1749 et
2552 1694 2609 1748 in.
2654 1693 2855 1751 Christi
2888 1710 2947 1748 se
2975 1695 3237 1749 charitate
3280 1694 3435 1751 con-'

238 1778 338 1847 Qui
374 1796 479 1833 non
523 1777 693 1848 diligit
722 1793 833 1841 me,
856 1793 1117 1831 sermones
1142 1793 1281 1830 meos
1314 1793 1417 1851 non
1445 1786 1635 1830 servat.
1668 1774 1733 1830 Hi
1832 1784 2085 1855 ίυηειιηι,

174 1878 291 1926 sunt
312 1870 402 1939 qui
442 1866 661 1951 Patrem
700 1874 755 1921 et
792 1865 1051 1937 Spiritum
1083 1873 1325 1919 sanctum
1358 1880 1629 1941 nunquam
1656 1865 1735 1918 vi-

1912 1873 2032 1927 Nou
2059 1875 2295 1928 turbetur
2319 1890 2409 1928 cor
2440 1882 2661 1927 vestrum
2692 1889 2852 1943 neque
2879 1872 3139 1941 formidet.
3173 1872 3409 1926 Audistis

174 1961 312 2023 dent,
345 1956 540 2011 Filium
571 1946 775 2022 autem.
808 1970 913 2009 non
943 1963 1003 2010 ut
1025 1946 1423 2017 heatiﬁccntur,
1450 1954 1541 2008 sed
1569 1962 1627 2007 ut
1650 1954 1735 2023 ju-

172 2052 410 2104 dicentur
429 2048 502 2103 ad
526 2047 791 2101 modicum
819 2045 1001 2100 vident
1025 2059 1124 2099 nec
1153 2044 1327 2113 ipsum
1355 2044 1407 2097 in
1441 2044 1609 2096 forma
1644 2042 1735 2096 Dei

172 2140 253 2193 ubi
282 2146 365 2193 est
393 2152 517 2192 cum
546 2136 706 2190 Patre
746 2141 801 2191 et
838 2132 1041 2203 Spiritu
1083 2141 1271 2187 sancto
1307 2132 1510 2201 pariter
1551 2130 1737 2185 invisi-

167 2230 316 2297 bilis,
358 2229 454 2285 sed
494 2230 549 2284 in
589 2227 763 2283 forma
796 2227 1029 2283 hominis
1063 2226 1155 2280 ubi
1189 2240 1309 2280 esse
1340 2226 1540 2279 mundo
1571 2224 1738 2278 voluit

170 2321 412 2389 patiendo
443 2318 865 2388 contemptibilis
885 2358 900 2383 ,
926 2317 1218 2390 iudicando
1246 2315 1519 2371 terribilis.

233 2392 616 2462 Et'sermoncm
645 2421 795 2479 quem
826 2394 1047 2458 audistis
1076 2421 1177 2458 non
1208 2413 1281 2457 est
1315 2420 1481 2466 meus,
1510 2402 1598 2455 sed
1624 2401 1736 2469 ejus

168 2496 249 2564 qui
292 2496 431 2549 misit
479 2512 596 2559 me,
640 2494 839 2548 Patris.
882 2494 1019 2561 Quid
1059 2503 1141 2549 est
1183 2494 1326 2563 quod
1368 2493 1516 2562 prius
1545 2491 1737 2562 plurali

172 2598 385 2639 numero
428 2572 717 2639 sermdnes
748 2581 916 2647 dixit,
948 2597 1091 2636 nunc
1124 2591 1304 2635 autem
1336 2580 1595 2651 singulari
1627 2594 1739 2633 ser-

172 2674 417 2728 monem?
461 2672 712 2728 fortassis
741 2671 1146 2743 praedicationis
1177 2671 1249 2726 ibi
1279 2686 1557 2727 sermones
1588 2685 1741 2724 mon-

172 2768 395 2832 stravit,
438 2767 531 2822 hic
570 2780 698 2821 vero
737 2780 795 2820 se
837 2765 1011 2836 ipsum
1050 2764 1139 2835 qui
1166 2773 1250 2818 est
1278 2765 1511 2818 Verbum
1542 2762 1737 2824 Patris,

170 2866 223 2912 et
259 2856 378 2911 ideo
406 2857 545 2911 dixit
582 2871 687 2910 non
726 2854 880 2910 suum
920 2855 1044 2924 quia
1076 2871 1106 2908 a
1137 2855 1313 2925 seipse
1356 2869 1461 2908 non
1503 2861 1614 2915 est,
1647 2851 1741 2906 sed

172 2966 201 3004 a
238 2947 431 3014 Patre,
477 2948 620 3003 sicut
657 2962 756 3001 nec
795 2962 891 3001 sua
937 2953 1020 3000 est
1062 2946 1237 3014 imago
1278 2945 1371 2999 sed
1398 2943 1610 3013 Patris,
1643 2955 1742 2995 nec

178 3053 300 3093 suus
340 3038 489 3094 illius
528 3038 621 3093 sed
662 3036 861 3091 Patris.
924 3034 1090 3111 Recte
1131 3034 1293 3106 igitur
1329 3040 1516 3087 auctor
1554 3030 1743 3085 tribuit

173 3129 423 3199 quidquid
455 3127 588 3183 facit
612 3126 832 3196 aequalis
858 3141 888 3180 a
912 3141 1016 3195 quo
1046 3124 1207 3178 habet
1237 3124 1337 3178 hoc
1363 3122 1537 3193 ipsum
1556 3160 1572 3186 ,
1598 3120 1743 3189 quod

175 3218 244 3268 illi
272 3227 355 3275 est
380 3216 756 3273 indiﬂ'erenter
781 3215 1023 3283 aequalis.
1066 3206 1074 3213 ’

242 3305 369 3366 Hac
395 3308 605 3363 locatus
627 3323 743 3360 sum
768 3306 910 3360 vobis
937 3304 1076 3375 apud
1100 3320 1185 3361 vos
1214 3319 1447 3357 manens.
1478 3300 1569 3356 Illa
1593 3316 1746 3355 tuan-

173 3400 249 3453 sio
296 3399 365 3454 de
410 3412 522 3468 qua
569 3396 818 3467 superius
858 3391 995 3450 dixit
1034 3392 1291 3464 spiritalis
1330 3400 1413 3466 est
1451 3407 1571 3461 qua:
1616 3390 1746 3446 solis

174 3488 369 3552 sanctis
412 3488 615 3543 datur:
659 3486 777 3541 haec
808 3500 938 3540 vero
973 3484 1039 3538 de
1075 3500 1179 3553 qua
1222 3498 1363 3537 nunc
1392 3480 1521 3537 diéit
1550 3497 1745 3551 corpo-

175 3579 299 3634 ralis
335 3586 456 3644 est,
503 3578 569 3633 de
615 3592 712 3633 sua
754 3576 1042 3647 praesentia
1079 3574 1348 3645 corporali
1377 3573 1747 3648 tantummodo

176 3670 332 3735 dixit,
367 3682 535 3740 quam
565 3668 781 3737 utrique
807 3674 861 3721 et
886 3666 1014 3737 justi
1055 3673 1109 3721 et
1149 3664 1299 3735 impii
1336 3663 1521 3718 videre
1561 3670 1746 3733 potue-

175 3768 309 3813 rnnt.
353 3758 452 3814 Illa
495 3758 549 3811 in
588 3765 851 3812 reternum
890 3754 1165 3810 beatiﬁcat
1209 3754 1495 3817 liberatos,
1539 3752 1652 3808 bare
1696 3754 1746 3807 in

176 3858 414 3918 tempore
437 3847 628 3902 visitat
648 3842 966 3914 liberandos.
998 3842 1144 3908 "me,
1173 3832 1379 3913 inquit,
1406 3842 1608 3896 locutus
1633 3859 1749 3895 sum

176 3930 309 3995 rob'is
349 3939 498 4010 apud
521 3955 628 3994 eos
669 3955 904 4003 manens,
937 3938 1122 4007 utique
1161 3936 1446 4007 praesentia
1482 3935 1749 4007 corporali

177 4046 276 4083 una
309 4046 436 4085 cum
474 4029 582 4084 illis
610 4028 892 4084 visibiliter
922 4027 1259 4098 loquetatur.

262 4119 580 4174 Paracletus
629 4127 801 4173 autem
840 4116 1068 4187 Spiritus
1107 4124 1345 4177 sanctus,
1391 4130 1543 4184 quem
1587 4114 1751 4167 mittet

178 4210 333 4264 Pater
371 4211 429 4264 in
476 4210 685 4263 nomine
725 4225 874 4273 meo,
913 4207 1004 4261 ille
1041 4224 1131 4262 vos
1170 4206 1401 4272 docebit,
1432 4216 1479 4260 et
1518 4215 1751 4277 suggeret

182 4300 317 4353 vobis
366 4299 553 4353 omnia
594 4313 912 4367 quascunque
960 4298 1141 4350 dixero
1192 4296 1350 4349 vobis.
1405 4294 1568 4349 Multa
1618 4295 1755 4348 dixit

177 4389 523 4443 audientibus
562 4385 867 4441 inﬁdelibus
909 4400 1029 4455 quae
1067 4387 1120 4441 in
1161 4401 1346 4441 eorum
1386 4386 1639 4440 cordibus
1678 4384 1757 4439 ιο.

178 4492 292 4533 cum
338 4493 448 4533 non
502 4477 854 4543 invenerunt,
898 4476 1024 4546 quia
1073 4474 1306 4546 Spiritus
1348 4485 1566 4530 sanctus
1610 4476 1753 4530 intus

1835 1963 1959 2032 quia
1990 1963 2101 2016 dixi
2142 1962 2327 2015 vobis:
2366 1960 2513 2015 Vada
2540 1972 2588 2014 et
2620 1964 2765 2015 venio
2793 1962 2860 2015 ad
2890 1979 2999 2017 vos.
3034 1962 3171 2017 Hinc
3198 1964 3407 2017 turbari

1838 2063 1890 2109 ct
1933 2052 2226 2107 formidare
2267 2061 2480 2122 poterat
2519 2069 2613 2108 cor
2656 2053 2867 2107 illorum
2897 2053 3038 2122 quod
3072 2054 3183 2107 ibat
3210 2053 3409 2115 abiis,

1837 2144 2084 2211 quamvis
2112 2151 2369 2197 vvntarus
2397 2152 2541 2197 esset
2572 2144 2638 2197 ad
2667 2158 2761 2197 eos
2780 2183 2793 2205 ,
2837 2157 2904 2197 ne
2933 2142 3156 2197 forsitan
3188 2157 3405 2213 gregem

1836 2237 1993 2306 lupus
2024 2237 2126 2290 hoc
2157 2234 2444 2289 intervallo
2476 2235 2753 2288 invaderet
2780 2242 2995 2303 pastore
3021 2234 3264 2288 absente.
3289 2233 3407 2287 Sed

1838 2343 1867 2381 a
1899 2326 2094 2395 quibus
2136 2327 2296 2379 homo
2322 2324 2666 2389 abscedebat,
2700 2324 2840 2378 Deus
2881 2338 2987 2377 non
3032 2323 3408 2391 relinquebat:

1837 2426 1894 2471 ct
1932 2415 2071 2470 idem
2111 2418 2225 2484 ipse
2266 2412 2511 2468 Christus
2549 2420 2605 2468 et
2642 2412 2803 2467 homo
2828 2422 2883 2466 et
2910 2410 3247 2479 Deus..Ergo
3300 2410 3413 2463 ibat

1838 2520 1936 2574 per
1979 2502 2029 2556 id
2079 2502 2219 2570 quod
2258 2501 2422 2555 homo
2458 2509 2608 2564 erat,
2654 2507 2709 2554 et
2756 2499 3006 2555 manebat
3044 2513 3139 2566 per
3181 2499 3232 2552 id
3270 2496 3413 2566 quod

1840 2593 1980 2646 Dens
2018 2599 2156 2646 erat.
2199 2590 2362 2659 Igitur
2406 2589 2542 2643 Deus
2583 2589 2673 2657 qui
2716 2588 2861 2642 nullo
2895 2587 3209 2649 continetur
3256 2586 3407 2648 loco,

1841 2681 2067 2737 discedit
2108 2680 2181 2736 ab
2227 2695 2416 2734 eorum
2459 2679 2746 2741 cordibus,
2793 2678 2893 2747 qui
2934 2691 3056 2735 eum
3106 2676 3415 2743 relinquunt

1841 2770 2083 2828 moribus
2114 2784 2219 2825 non
2248 2767 2503 2838 pedibus,
2534 2776 2590 2821 et
2620 2767 2796 2827 veniet
2824 2766 2891 2820 ad
2918 2765 3036 2833 illos
3063 2764 3154 2832 qui
3184 2779 3414 2823 conver-

1844 2869 2031 2916 tuntur
2060 2858 2128 2913 ad
2158 2873 2280 2913 eum
2323 2872 2427 2911 non
2471 2855 2607 2910 facie
2646 2856 2740 2909 sed
2781 2854 2919 2918 ﬁde,
2960 2860 3014 2908 et
3047 2852 3312 2909 accedunt
3345 2852 3416 2907 ad

1844 2966 1966 3008 eum
1998 2965 2102 3005 non
2129 2963 2294 3005 carne
2324 2947 2419 3003 sed
2444 2946 2727 3001 charitatc.

1862 3024 1871 3028 δ
1917 3038 1976 3094 Si
2010 3038 2292 3108 diligentis
2328 3052 2444 3099 me,
2487 3033 2779 3104 gauderetis
2827 3031 3036 3102 utique,
3064 3030 3187 3099 quia
3218 3045 3308 3099 ego
3351 3026 3418 3081 ad

1847 3129 2060 3185 Patrem
2104 3128 2267 3193 vado,
2309 3128 2432 3198 quia
2478 3124 2642 3179 Pater
2685 3126 2857 3195 major
2897 3141 2978 3180 me
3016 3133 3109 3177 est.
3143 3122 3255 3176 Per
3274 3122 3419 3192 quod

1768 3209 1812 3270 Ο
1846 3224 2009 3295 igitur
2036 3221 2205 3275 Filius
2246 3236 2353 3274 non
2397 3227 2481 3273 est
2523 3216 2743 3286 arqualis
2788 3216 3110 3286 Patri,-per
3154 3215 3257 3271 hoc
3301 3220 3419 3267 erat

1849 3316 2026 3371 iturus.
2051 3314 2117 3366 ad
2145 3311 2359 3369 Patrem
2377 3352 2390 3371 ,
2424 3312 2477 3365 in
2508 3326 2613 3379 quo
2638 3316 2896 3369 venturus
2921 3315 3007 3363 est
3033 3308 3181 3370 vivos
3204 3305 3415 3375 iudica—

1850 3418 2004 3474 turus
2030 3417 2084 3462 ct
2114 3415 2375 3462 mortuos.
2402 3405 2506 3459 Per
2539 3402 2666 3456 illud
2698 3417 2859 3465 vero,
2891 3400 3034 3469 quod
3075 3406 3159 3455 est
3199 3395 3422 3465 aequalis

1847 3498 2025 3561 Patri,
2073 3510 2343 3565 nunquam
2389 3492 2615 3547 recessit
2642 3507 2671 3545 a
2701 3490 2893 3553 Patre,
2929 3488 3027 3544 sed
3049 3503 3173 3543 cum
3202 3486 3293 3541 illo
3336 3493 3419 3539 est

1840 3587 2048 3656 ubique
2090 3593 2234 3643 totus
2270 3598 2367 3653 per
2405 3582 2740 3636 divinitatem
2783 3595 2945 3648 quam
2975 3577 3153 3633 nullus
3182 3576 3424 3631 continet

1847 3678 2020 3733 locus.
2066 3675 2438 3744 Agnoseamus
2481 3672 2748 3743 geminam
2791 3668 3147 3724 substantiam
3190 3665 3420 3729 Christi,

1852 3766 2089 3820 divinam
2135 3763 2375 3826 scilicet,
2418 3777 2520 3829 qua
2561 3760 2784 3829 aequalis
2814 3768 2895 3813 est
2925 3758 3103 3821 Patri,
3136 3758 3424 3813 humanam

1850 3873 1954 3926 qua
2007 3856 2181 3924 major
2208 3862 2288 3907 est
2321 3852 2498 3905 Pater.
2550 3851 2850 3919 Utrumque
2894 3857 3072 3911 autem
3117 3846 3273 3902 simul
3316 3861 3422 3900 non

1852 3948 1957 4001 duo
1985 3986 1997 4010 ,
2029 3945 2121 4002 St‘d
2150 3958 2288 3997 unus
2326 3947 2410 3995 eat
2438 3940 2714 4003 Christus,
2751 3954 2817 3993 ne
2856 3939 2926 3992 sit
2963 3936 3300 4005 quater-nitas
3328 3934 3422 3989 sed

1854 4037 2066 4091 trinitas
2095 4034 2257 4088 Deus.
2310 4031 2464 4086 Sicut
2488 4031 2632 4084 enim
2664 4045 2802 4083 unus
2831 4036 2913 4082 est
2941 4028 3101 4082 homo
3131 4025 3306 4101 anima
3339 4038 3426 4077 ra-

1856 4123 2068 4179 tionalis
2097 4132 2152 4177 et
2180 4136 2345 4184 caro;
2393 4120 2473 4174 sic
2510 4134 2650 4172 unus
2684 4127 2772 4176 est
2797 4117 3043 4172 Christus
3071 4116 3212 4171 Deus
3242 4122 3295 4169 et
3326 4114 3421 4167 bo—

1856 4229 1943 4268 mo
1967 4230 1980 4279 ;
2014 4228 2077 4267 ac
2106 4228 2201 4281 per
2229 4213 2329 4266 hoc
2358 4209 2606 4266 Christus
2631 4207 2884 4271 estDeus
2903 4247 2918 4271 ,
2944 4206 3121 4261 anima
3150 4204 3427 4260 rationalis

1856 4313 1910 4359 et
1953 4318 2119 4366 caro;
2164 4300 2437 4356 Christum
2483 4301 2534 4353 in
2583 4299 2667 4353 his
2708 4298 2989 4359 omnibus,
3037 4294 3307 4349 Christum
3370 4294 3423 4346 in

1857 4395 2081 4466 singulis
2120 4393 2457 4448 conﬁtemur.
2501 4390 2632 4457 Quis
2668 4404 2797 4458 ergo
2828 4397 2911 4443 est
2938 4403 3031 4457 per
3062 4402 3221 4457 quem
3252 4385 3428 4440 factus

1858 4494 1942 4541 est
1987 4482 2261 4539 mundus?
2310 4468 2563 4539 Christus
2605 4478 2794 4544 Jesus,
2842 4478 2934 4533 sed
2986 4477 3040 4531 in
3086 4475 3260 4531 forma
3308 4475 3425 4533 Dei.

182 4580 266 4619 eos
305 4582 415 4621 non
462 4564 697 4620 docebat
729 4582 742 4620 :
778 4566 945 4620 multa
976 4542 1370 4635 dicit—quotidie
1400 4580 1497 4636 per
1536 4574 1752 4621 sanctos
1780 4542 1829 4601 θ
1855 4574 1988 4643 Quis
2017 4582 2101 4628 est
2129 4574 2228 4628 sub
2253 4572 2447 4627 Pontio
2478 4542 2811 4626 crucifixus?
2840 4567 3086 4623 Christus
3114 4566 3267 4622 Jesus
3288 4607 3304 4631 ,
3333 4566 3427 4620 sed

180 4654 567 4723 praedicatores
594 4669 713 4722 qua:
742 4655 1022 4709 audientes
1050 4654 1276 4709 interius
1307 4670 1410 4709 non
1452 4655 1753 4723 recipiunt,

178 4746 298 4815 quia
338 4745 587 4816 Spiritus
614 4752 837 4799 sanctus
865 4759 973 4799 non
1002 4746 1244 4817 suggerit
1271 4746 1352 4801 eis
1382 4746 1609 4800 interius
1637 4762 1757 4815 qua

180 4842 467 4897 audierunt
504 4840 761 4895 exterius.
804 4838 881 4893 De
920 4853 1029 4907 quo
1072 4847 1218 4893 recte
1256 4838 1613 4907 promittitur,
1644 4839 1759 4908 ipse

180 4946 273 4987 vos
317 4930 548 4988 docebit
589 4930 804 4995 omnia,
850 4930 943 4999 qui
988 4930 1093 4983 nisi
1139 4929 1278 4983 idem
1326 4928 1561 4999 Spiritus
1608 4931 1759 4985 cordi

182 5024 405 5079 assistat
434 5021 729 5085 audientis,
755 5020 958 5076 otiosus
980 5028 1064 5074 est
1088 5035 1266 5075 sermo
1294 5020 1547 5075 doctoris.
1587 5020 1759 5076 Nemo

182 5116 321 5169 enim
362 5112 591 5169 docenti
629 5109 832 5167 homini
873 5110 1073 5163 tribuat
1110 5109 1253 5178 quod
1292 5125 1357 5164 ex
1400 5108 1493 5165 Ore
1519 5110 1762 5165 docentis

183 5205 438 5277 intelligit
456 5246 472 5269 ,
501 5204 630 5273 quia
659 5202 764 5258 nisi
792 5203 937 5257 intus
962 5202 1033 5257 sit
1061 5203 1153 5272 qui
1182 5203 1370 5258 doceat
1393 5202 1629 5258 doctoris
1659 5201 1761 5257 lin-

184 5311 279 5366 gua
308 5294 562 5350 exterius
590 5292 646 5346 in
676 5306 903 5347 vacuum
928 5291 1158 5346 laborat.
1212 5293 1383 5348 Aliter
1407 5294 1587 5362 itaque
1622 5308 1758 5362 prte-

182 5384 457 5446 dicantem
480 5382 757 5437 Christum
780 5382 1066 5437 audierunt
1084 5380 1274 5447 Judazi,
1298 5382 1453 5437 aliter
1490 5383 1713 5453 apostoli
1742 5402 1755 5436 :

184 5475 255 5529 illi
275 5476 341 5529 ad
361 5472 658 5544 judicium,
678 5470 769 5525 isti
798 5470 865 5525 ad
887 5471 1131 5545 salutem.
1155 5470 1293 5538 Quia
1320 5473 1417 5527 hos
1442 5471 1677 5542 Spiritus
1702 5472 1756 5527 in

187 5543 585 5615 animo’docuit
603 5596 617 5620 ,
650 5558 792 5625 quod
821 5552 953 5612 foris
981 5543 1263 5613 audierunt
1292 5560 1345 5613 in
1376 5574 1523 5614 aure.

162 5696 169 5701 .
251 5645 452 5703 Pacem
497 5646 738 5714 relinquo
777 5646 935 5713 vobis,
971 5662 1150 5717 pacem
1188 5663 1357 5701 meum
1397 5649 1463 5701 do
1496 5635 1661 5703 uobis.
1703 5648 1761 5702 In

189 5750 315 5806 pace
341 5735 601 5806 relinquo
631 5748 761 5797 vos,
792 5734 845 5788 in
873 5750 1005 5805 pace
1032 5736 1299 5791 inveniam
1331 5753 1439 5792 vos.
1476 5738 1571 5792 Hic
1604 5740 1763 5794 relin-

1853 4668 1906 4720 in
1946 4664 2118 4719 forma
2167 4664 2327 4719 servi.
2370 4662 2499 4716 Item
2530 4662 2595 4715 de
2622 4658 2845 4728 singulis
2871 4658 3066 4727 quibus
3106 4658 3269 4713 homo
3297 4670 3425 4709 con-

1855 4763 1982 4809 stat.
2030 4754 2160 4821 Quis
2199 4768 2305 4808 non
2344 4763 2427 4808 est
2464 4750 2755 4806 derelictus
2792 4748 2845 4805 in
2889 4746 3141 4803 inferno?
3178 4744 3428 4801 Christus

1852 4843 2013 4899 Jesus
2035 4883 2051 4907 ,
2082 4842 2176 4897 sed
2206 4843 2258 4896 in
2290 4841 2468 4895 anima
2500 4839 2633 4894 sola.
2668 4838 2799 4905 Quis
2822 4844 3221 4891 resurrecturus
3252 4834 3429 4887 triduo

1850 4933 2022 5003 iacuit
2070 4933 2126 4987 in
2172 4916 2458 5000 sepiilcro?
2503 4929 2752 4984 Christus
2794 4925 2977 4988 Iesus,
3026 4925 3119 4978 sed
3167 4924 3220 4978 in
3261 4936 3423 4976 carne

1859 5020 1991 5075 sola.
2020 5019 2227 5073 Dicitur
2264 5031 2393 5084 ergo
2432 5019 2485 5070 in
2526 5017 2609 5070 his
2650 5015 2872 5086 singulis
2913 5013 3202 5076 Christus;
3234 5025 3423 5065 verum

1861 5110 1975 5165 haec
2004 5109 2183 5163 omnia
2217 5122 2320 5162 non
2351 5108 2453 5160 duo
2482 5107 2564 5161 vel
2598 5116 2736 5170 tres,
2768 5106 2861 5159 sed
2892 5121 3028 5162 unus
3057 5112 3139 5158 est
3162 5102 3426 5158 Christus.

1857 5198 1982 5253 Ideo
2018 5213 2147 5268 ergo
2175 5197 2308 5251 dixit
2334 5215 2346 5249 :
2382 5195 2439 5250 Si
2464 5196 2742 5265 difigeretis
2768 5212 2865 5259 me,
2896 5195 3187 5264 gauderetis
3218 5194 3424 5260 utique,

1858 5291 1982 5361 quia
2029 5289 2161 5343 vado
2208 5287 2277 5340 ad
2322 5284 2570 5348 Putrem,
2620 5286 2887 5353 quomodo
2936 5293 3136 5337 natura;
3184 5284 3430 5337 humana:

1860 5376 2233 5448 gratulandum
2277 5385 2389 5439 est,
2438 5391 2534 5439 eo,
2572 5377 2711 5443 quod
2738 5382 3013 5443 assumpta
3058 5381 3145 5427 est
3190 5387 3219 5426 a
3270 5369 3432 5424 verbo

1857 5467 2161 5537 unigenito,
2211 5474 2270 5519 ut
2318 5464 2638 5520 immortalis
2688 5463 3105 5517 constitueretur
3154 5459 3210 5514 in
3256 5456 3413 5512 cmlo.

1861 5557 1970 5613 lloc
1994 5557 2135 5610 enim
2166 5558 2323 5611 modo
2351 5571 2407 5610 se
2437 5554 2798 5609 iturumtdixit
2816 5552 2882 5607 ad
2898 5551 3132 5606 Patrem.
3162 5546 3276 5604 Non
3302 5562 3431 5618 pro-

1859 5648 2000 5701 fecto
2031 5647 2097 5699 ad
2128 5646 2279 5700 illum
2311 5646 2423 5699 ibat
2451 5644 2543 5713 qui
2577 5658 2700 5699 cum
2729 5641 2819 5697 illo
2848 5650 2961 5697 erat
2983 5681 2998 5705 ,
3031 5639 3127 5694 sed
3164 5640 3269 5694 hoc
3310 5642 3432 5691 erat

1861 5740 1937 5794 ire
1967 5738 2032 5791 ad
2058 5753 2178 5793 eum
2206 5778 2218 5803 ,
2258 5746 2310 5792 et
2339 5736 2577 5805 recipere
2606 5751 2634 5787 a
2667 5733 2819 5789 nobis
2846 5731 3074 5785 mortale
3092 5771 3107 5795 ,
3138 5739 3299 5798 atque
3324 5726 3423 5780 im-
