3946 6346
447 338 555 395 259

450 450 681 510 mortale
720 451 898 504 facere
933 447 1076 517 quod
1118 446 1349 502 mortale
1388 447 1627 517 suscepit
1662 460 1727 501 ex
1764 447 1921 499 nobis
1942 488 1955 511 ,
1990 457 2043 501 et
2077 454 2122 510 Α

450 543 519 598 ad
567 541 816 596 dextram
861 538 1195 593 constituere
1239 535 1455 603 Patris,
1498 551 1597 607 per
1644 536 1789 607 quod
1838 535 1939 590 fuit
1985 536 2038 590 in

455 645 599 691 terra
638 648 740 705 pro
785 632 960 689 nobis.
1005 632 1211 688 Deinde
1252 633 1365 704 ipse
1405 632 1667 687 Dominus
1707 630 1866 687 Jesus
1909 632 2040 687 sub-

453 725 637 800 junxit
667 742 680 779 :

527 816 596 870 Et
625 832 765 871 nunc
796 815 908 870 dixi
938 816 1080 870 vobis
1104 800 1417 887 'prt‘usquam
1445 817 1540 886 ﬂat
1561 856 1575 881 ,
1608 826 1666 869 ut
1697 833 1815 871 cum
1846 818 2045 885 factum

456 907 643 977 fuerit,
670 907 917 962 credatis.
949 905 1081 960 Illud
1113 907 1298 976 utique
1327 906 1488 970 dicit,
1526 908 1670 976 quod
1703 906 1901 961 factum
1931 904 2046 960 fue—

457 999 528 1055 rit
552 1040 566 1065 ,
594 998 740 1069 quod
765 999 909 1054 enim
935 1007 1059 1069 post
1088 1007 1316 1053 mortem
1346 998 1513 1051 visuri
1543 1007 1702 1052 erant
1732 998 2004 1051 viventem
2029 1037 2043 1061 ,

454 1098 511 1145 et
553 1092 620 1146 ad
663 1091 877 1145 Patrem
903 1090 1307 1153 ascendentem,
1347 1104 1454 1158 quo
1498 1090 1615 1145 viso
1657 1088 1786 1143 illud
1834 1089 2048 1143 fuerant

454 1180 746 1244 credituri,
788 1180 930 1249 quod
961 1180 1075 1249 ipse
1100 1179 1350 1234 Christus
1402 1178 1545 1233 ﬁlius
1575 1179 1668 1233 Dei
1712 1178 1825 1248 jam
1878 1178 2051 1248 potuit

456 1266 560 1321 hoc
592 1264 771 1320 facere
799 1280 921 1321 cum
950 1266 1207 1330 dixisset,
1240 1275 1296 1321 et
1326 1267 1620 1337 pradicare
1648 1276 1936 1335 antequam
1971 1265 2050 1319 l'a-

384 1410 391 1423 ,
457 1365 626 1411 ceret.
683 1355 944 1412 Poterant
986 1357 1132 1411 enim
1165 1357 1413 1411 dubitare
1459 1357 1503 1412 si
1548 1354 1718 1411 Filius
1749 1356 1841 1410 Dei
1872 1364 2046 1420 esset,

462 1461 588 1501 cum
636 1462 761 1502 eum
804 1446 1053 1503 viderunt
1089 1448 1448 1513 moriturum,
1491 1446 1584 1502 sed
1632 1462 1754 1501 cum
1798 1446 2051 1501 viderunt

459 1553 584 1593 eum
630 1540 1029 1605 resurrexisse,
1063 1540 1357 1594 credebant
1386 1540 1440 1593 in
1489 1554 1596 1608 quo
1636 1548 1795 1593 antea
1841 1538 2053 1593 dubita-

460 1630 622 1695 bant,
674 1636 731 1683 et
776 1629 1101 1684 cniiﬁrmata
1153 1638 1239 1685 est
1284 1630 1418 1684 ﬁdes
1469 1631 1521 1684 in
1564 1629 1819 1685 cordibus
1859 1644 2050 1684 eorum

465 1732 629 1787 quam
676 1717 782 1772 illis
824 1717 1185 1788 praedixerat,
1232 1718 1325 1787 qui
1373 1728 1429 1773 et
1472 1732 1569 1773 ore
1614 1717 1865 1787 promisit
1908 1718 2052 1787 quod

1092 330 1152 384 Β.
1197 329 1452 385 ΒΑΒΑΝῘ
1495 326 1711 382 blAlilll
1749 325 2063 381 Αιιαιιῖερ.

2173 326 2417 382 llGUNT.
2468 320 2751 380 OPERUM
2790 323 2966 377 PARS
3008 324 3071 377 ll.

3632 328 3743 383 960

2709 441 2987 497 ilOMILlA
3034 441 3143 495 LIX

2432 551 2624 592 ιειιιΑ
2657 551 2708 588 ιι
2743 549 2900 589 Ροδτ
2935 546 3428 588 [πεκτεοοετεκ

2506 626 2692 681 Lectio
2720 626 2952 679 Actuum
2986 624 3373 694 apostolorum.

2214 718 2283 773 In
2320 719 2499 772 diebus
2530 718 2636 772 illis
2664 718 2901 789 aperiens
2928 714 3116 770 Petrus
3147 732 3202 768 os
3234 732 3384 769 suum
3414 717 3591 770 dixit:
3630 713 3753 770 l’irt’

2146 810 2338 881 fratres
2371 819 2420 865 et
2456 821 2648 881 patres,
2693 809 2838 863 nobis
2879 808 3122 878 prwcepit
3157 806 3412 860 Dominus
3450 812 3749 876 pradicant

2146 902 2370 973 populo,
2406 912 2455 956 et
2495 901 2768 970 testiﬁcari
2805 900 2928 971 quia
2969 899 3077 968 ipse
3103 908 3177 951 est
3203 898 3292 967 qui
3319 900 3634 952 constitutus
3666 906 3749 951 cst

2148 1010 2179 1045 a
2208 990 2317 1046 Deo
2341 990 2509 1061 judex
2538 991 2771 1045 vivorum
2798 999 2846 1042 et
2877 996 3200 1041 mortuorum
3221 1026 3235 1050 ,
3269 995 3356 1040 etc

2221 1084 2456 1139 Sanctus
2486 1084 2677 1139 Petrus
2720 1080 2994 1152 apostolus
3034 1077 3218 1132 volens
3244 1077 3527 1132 ostendere
3561 1076 3745 1130 Domi-

2150 1190 2280 1228 num
2326 1184 2572 1228 nostrum
2614 1171 2803 1227 Jesum
2835 1169 3112 1225 Christum
3140 1183 3327 1221 verum
3349 1165 3588 1235 judicem
3621 1180 3746 1220 esse

2153 1262 2401 1316 vivorum
2448 1269 2504 1315 et
2551 1268 2921 1321 mortuorum,
2972 1256 3072 1311 sibi
3117 1256 3219 1310 hoc
3260 1264 3313 1309 et
3354 1256 3564 1309 caeteris
3615 1270 3747 1322 apo—

2152 1352 2304 1407 stolis
2342 1350 2774 1406 commendatum
2812 1362 2931 1403 esse
2969 1347 3099 1401 dicit
3143 1346 3210 1399 ab
3254 1346 3369 1415 ipso
3412 1345 3641 1399 Domino
3686 1353 3747 1399 ut

2152 1442 2512 1513 praedicarent
2548 1439 2760 1511 populis
2799 1438 2964 1492 verbo
3002 1446 3058 1491 et
3096 1435 3519 1491 testiﬁcarentur
3549 1435 3747 1499 dictis,

2154 1544 2315 1603 atque
2356 1533 2619 1603 exemplis
2661 1538 2975 1586 sanctorum
3026 1529 3441 1598 prophetarum,
3499 1528 3604 1582 hoc
3648 1528 3749 1581 du-

2155 1624 2279 1678 dum
2312 1622 2717 1693 pronuntiatum
2748 1633 2886 1675 esse.
2920 1618 3315 1673 Remissionem
3348 1616 3600 1671 videlicet
3628 1632 3750 1687 pec-

2156 1720 2401 1768 catorum
2430 1713 2677 1782 accipere
2707 1726 2805 1782 per
2834 1724 3029 1764 nomen
3075 1708 3223 1779 ejus,
3254 1722 3445 1761 omnes
3486 1708 3579 1777 qui
3627 1722 3749 1762 cre-

461 1807 705 1864 facturus
745 1792 892 1875 erat,
924 1816 980 1865 et
1006 1822 1172 1877 opere
1201 1808 1491 1878 complevit
1517 1806 1658 1873 quod
1699 1817 1823 1864 ante
1856 1807 2055 1877 ι)ηῶ-
2084 1797 2131 1855 Β
2161 1804 2294 1857 dunt
2319 1803 2371 1856 in
2402 1817 2524 1857 eum
2556 1820 2568 1855 :
2598 1801 2723 1873 quia
2756 1816 2860 1854 non
2896 1808 2979 1855 est
3008 1799 3061 1853 in
3092 1799 3196 1852 alio
3226 1798 3405 1866 aliquo
3427 1798 3607 1862 salus,
3642 1798 3745 1851 uisi

464 1900 563 1954 xit.
596 1900 802 1956 Deinde
828 1899 969 1969 quod
1000 1900 1136 1955 dicit
1166 1916 1179 1953 :

541 1989 667 2043 Jam
698 2005 803 2043 non
831 1988 999 2043 multa
1030 1988 1219 2059 loquar
1248 1988 1507 2042 uobiscum
1530 2028 1542 2052 ,
1573 1988 1706 2042 venit
1737 1986 1875 2042 enim
1904 1987 2058 2055 prin-

465 2096 585 2147 ceps
614 2080 774 2149 Itujus
804 2078 1006 2132 mundi.
1037 2077 1170 2144 Quis
1198 2077 1301 2131 nisi
1337 2076 1619 2133 diabolus?

540 2170 610 2224 Et
662 2170 717 2224 in
766 2186 848 2223 me
888 2184 994 2223 non
1036 2168 1187 2222 habet
1233 2167 1539 2238 quidquam.
1587 2166 1805 2221 Nullum
1852 2165 2062 2221 scilicet

466 2262 693 2318 omnino
716 2268 1020 2333 peccatum.
1043 2259 1145 2327 Hic
1169 2260 1313 2316 enim
1340 2260 1575 2314 ostendit
1612 2258 1886 2314 diabolum
1914 2259 2062 2328 prin-

467 2351 642 2420 cipem
685 2364 806 2405 esse
847 2358 1195 2419 peccatorum
1238 2347 1523 2402 hominum
1545 2363 1650 2403 non
1681 2357 2059 2403 creaturarum

471 2439 588 2505 Dei,
614 2446 669 2493 et
694 2437 1121 2508 quotiescunque
1146 2434 1333 2490 mundi
1356 2434 1527 2508 ﬁgura
1556 2436 1610 2490 in
1638 2436 1778 2490 mala
1792 2437 2063 2507 signiﬁca-

475 2529 623 2585 tione
656 2527 898 2599 ponitur,
928 2526 1062 2581 nihil
1088 2527 1327 2584 ostendit
1352 2527 1459 2583 nisi
1488 2527 1674 2581 mundi
1718 2528 1876 2582 istius
1909 2543 2062 2582 ama-

474 2630 621 2675 tores
652 2625 709 2674 et
745 2632 853 2672 non
893 2617 1010 2672 Dei.
1050 2615 1209 2673 Absit
1262 2618 1408 2674 enim
1439 2625 1504 2673 ut
1542 2617 1829 2673 credamus
1862 2617 2065 2689 princi-

469 2725 595 2783 pem
634 2724 757 2767 esse
795 2708 920 2766 coeli
964 2716 1021 2764 et
1064 2717 1259 2777 teme,
1304 2716 1360 2765 et
1401 2719 1779 2766 creaturarum
1820 2710 2061 2767 omnium

472 2820 597 2877 qua:
643 2802 973 2876 generaliter
1018 2802 1207 2859 mundi
1252 2802 1611 2874 appellantur.
1666 2802 1836 2857 Totus
1881 2803 2065 2873 itaque

473 2895 709 2954 mundus
740 2895 910 2951 servit
939 2909 1039 2950 suo
1066 2894 1335 2960 creatori,
1369 2908 1476 2948 non
1508 2892 1782 2963 deceptori
1802 2934 1815 2957 ,
1849 2894 2065 2949 redem-

475 2988 618 3061 ptori
673 3001 783 3042 non
834 2985 1246 3057 interemptori,
1300 2993 1356 3039 et
1408 2985 1613 3055 regitur
1660 2985 2065 3055 dispensatione

476 3079 693 3144 divina,
748 3092 856 3133 non
911 3076 1116 3132 inimici
1166 3076 1405 3132 versutia
1448 3078 1826 3133 subvertitur:
1862 3086 2065 3149 prteter

476 3170 724 3227 homines
757 3168 929 3239 partis
961 3168 1102 3223 illius
1132 3164 1225 3239 qui
1260 3170 1478 3239 propria
1512 3169 1789 3225 voluntate
1830 3144 1936 3225 non
1969 3186 2063 3225 ηε-
2090 3144 2135 3204 C

476 3262 733 3317 cessitate
760 3258 939 3330 aliqua
972 3272 1031 3315 se
1062 3257 1354 3327 subjiciunt
1384 3259 1616 3315 diabolo.
1660 3258 1813 3315 Unde
1841 3268 1897 3314 et
1924 3262 2066 3329 Apo-

478 3352 651 3407 stolus
683 3350 795 3406 ait:
819 3349 941 3405 Non
974 3357 1049 3404 est
1082 3350 1227 3404 nobis
1249 3350 1549 3405 colluctatio
1580 3350 1829 3406 adversus
1855 3356 2065 3405 carnem

482 3451 530 3495 et
572 3440 903 3511 sanguinem,
962 3438 1015 3495 id
1044 3451 1169 3507 est,
1210 3441 1472 3495 adversus
1505 3440 1754 3496 homines
1787 3459 1800 3495 :
1840 3441 1932 3496 sed
1964 3441 2063 3494 ad-

478 3545 659 3585 versus
709 3537 990 3599 potestates
1032 3539 1081 3584 et
1122 3540 1346 3584 rectores
1388 3530 1717 3585 tenebrarum
1762 3532 1972 3594 harum,
2013 3532 2068 3587 id

478 3628 587 3684 est,
614 3627 985 3690 peccatorum,
1010 3620 1099 3688 qui
1130 3621 1181 3673 in
1206 3619 1444 3675 tenebris
1472 3630 1693 3675 manent
1723 3621 2024 3689 iniquitatis
2049 3636 2064 3676 :

483 3725 623 3780 quos
677 3718 951 3775 rectores,
1001 3708 1219 3779 angelos
1260 3724 1380 3765 esse
1423 3708 1729 3766 desertores
1774 3712 2063 3783 designat;

484 3802 580 3857 sed
624 3808 752 3857 sunt
795 3801 885 3870 qui
918 3815 1014 3871 per
1044 3801 1273 3871 gratiam
1304 3800 1398 3855 Dei
1443 3814 1548 3855 non
1589 3801 1825 3871 pr0priis
1855 3801 2069 3857 meritis

485 3892 609 3948 inde
640 3899 927 3955 eruuntur,
961 3890 1026 3944 de
1054 3890 1247 3958 quibus
1275 3889 1349 3943 ait
1381 3890 1698 3959 Apostolus:
1736 3889 1939 3945 Fuistis
1966 3892 2068 3945 ali-

480 3982 693 4054 quando
717 3980 963 4045 tenebrce,
997 3998 1134 4034 nunc
1173 3990 1351 4035 autem
1391 3980 1485 4035 ιω
1511 3981 1567 4035 in
1598 3981 1951 4037 Domino:Ut
1968 3982 2069 4053 ﬁlii

483 4072 616 4126 lucis
665 4070 930 4125 ambulate
954 4084 972 4123 :
1004 4072 1094 4125 sed
1124 4073 1323 4140 gratias
1352 4070 1462 4125 Deo
1491 4072 1579 4142 qui
1607 4072 1740 4126 eruit
1772 4089 1865 4127 nos
1888 4114 1902 4140 ,
1929 4074 2072 4129 sicut

484 4164 629 4219 idem
658 4163 790 4218 dicit
810 4162 1104 4233 apostolus,
1121 4163 1186 4216 dc
1209 4172 1459 4232 potestate
1481 4164 1811 4218 tenebrarum
1835 4167 1882 4220 et
1899 4166 2073 4221 abstu-

483 4252 543 4305 lit
563 4254 618 4306 iu
642 4268 857 4323 regnum
879 4251 982 4320 ﬁlii
1002 4252 1274 4306 charitatis
1298 4268 1408 4306 sua:
1425 4265 1443 4304 :
1460 4253 1514 4306 in
1536 4270 1636 4323 quo
1660 4254 1898 4325 princeps
1920 4272 2072 4309 mun-

483 4340 569 4408 di,
599 4341 704 4397 hoc
730 4349 815 4395 est
854 4342 1199 4395 tenebrarum
1242 4341 1459 4407 harum,
1508 4359 1611 4395 non
1652 4342 1875 4398 habebat
1919 4346 2073 4415 quid-

483 4446 642 4501 quam
662 4468 678 4495 ,
716 4429 846 4500 quia
887 4443 1063 4499 neque
1095 4444 1217 4484 cum
1249 4439 1471 4499 peccato
1499 4430 1643 4487 Deus
1683 4444 1938 4498 venerat,
1969 4450 2072 4490 nec

485 4523 603 4593 ejus
643 4535 863 4577 carnem
907 4522 974 4576 de
1010 4522 1215 4591 peccati
1257 4522 1548 4593 propagine
1592 4524 1744 4595 virgo
1787 4536 2073 4595 pepererat

486 4620 541 4667 et
571 4620 826 4681 tauquam
865 4610 918 4666 ei
958 4611 1269 4666 diceretur:
1301 4626 1399 4666 cur
1438 4627 1568 4681 ergo
1605 4613 1859 4668 morieris
1889 4614 1932 4669 si
1964 4630 2071 4669 non

491 4701 659 4757 habes
694 4709 977 4772 peccatum
1016 4702 1103 4757 cui
1147 4703 1443 4759 debebatur
1481 4703 1671 4759 mortis
1718 4704 2069 4775 supplicium,

490 4792 748 4847 continuo
779 4790 1009 4861 subjecit
1034 4810 1046 4845 :

564 4883 671 4939 Sed
709 4893 767 4937 ut
807 4892 1083 4954 cognoscat
1129 4886 1355 4939 mundus
1390 4886 1514 4955 quia
1558 4886 1718 4957 diligo
1750 4885 1996 4954 Patrem,
2026 4898 2073 4942 et

490 4976 625 5030 sicut
652 4975 961 5029 mandatum
986 4976 1127 5029 dedit
1151 4976 1279 5029 mihi
1308 4974 1489 5043 Pater,
1515 4980 1588 5033 sic
1615 4978 1775 5049 facio.
1808 4979 1862 5033 In
1896 4979 2073 5049 exple-

494 5064 641 5117 tione
667 5077 795 5133 ergo
827 5064 1205 5118 mandatorum
1235 5064 1329 5119 Dei
1375 5066 1717 5122 manifestata
1747 5078 1829 5122 est
1857 5068 2073 5123 dilectio

493 5154 730 5219 Christi,
763 5170 925 5223 quam
969 5154 1158 5210 habuit
1195 5171 1319 5227 erga
1350 5156 1564 5212 Patrem
1594 5175 1781 5223 suum,
1818 5160 2073 5228 quoniam

495 5246 634 5300 sicut
676 5245 790 5314 ipse
829 5261 951 5301 eum
996 5245 1334 5300 incarnatum
1378 5248 1699 5302 salvatorem
1744 5248 1926 5303 mundi
1953 5264 2076 5305 esse

496 5339 809 5403 constituit,
859 5340 937 5394 sic
983 5340 1098 5409 ipse
1140 5339 1528 5395 benefaciendo
1568 5349 1622 5394 et
1666 5342 1915 5395 mandata
1957 5342 2075 5411 ejus

496 5428 883 5493 custodiendo,
928 5428 1127 5497 eripuit
1175 5443 1204 5479 a
1255 5437 1423 5482 morte
1453 5443 1743 5500 oppressos
1778 5445 1809 5483 a
1840 5430 2072 5490 diabolo,

498 5519 589 5586 qui
631 5517 763 5570 vivit
797 5525 853 5571 et
887 5525 1078 5587 regnat
1108 5532 1229 5571 cum
1261 5518 1367 5571 Deo
1395 5517 1558 5573 Patre
1586 5519 1639 5572 in
1669 5519 1877 5573 unitate
1906 5521 2079 5575 sancti

499 5606 735 5679 Spiritus
758 5605 919 5674 Deus,
949 5622 1047 5678 per
1075 5614 1256 5663 omnia
1288 5609 1481 5666 saecula
1512 5610 1848 5667 steculorum.
1882 5612 2074 5668 Amen.

2100 4482 2152 4542 D

2162 1895 2213 1947 in
2245 1909 2309 1947 co
2338 1908 2497 1963 quem
2540 1894 2682 1947 Deus
2722 1890 2886 1945 Pater
2926 1892 3273 1960 omnipotens
3305 1888 3453 1942 misit
3496 1890 3547 1942 in
3590 1906 3749 1943 mun-

2161 1986 2287 2041 dum
2318 1995 2373 2040 ut
2405 1984 2714 2057 salvaretur
2740 1999 2840 2053 per
2869 1983 3043 2052 ipsum
3076 1983 3252 2036 omnis
3282 1982 3372 2050 qui
3402 1980 3651 2037 crederet
3692 1981 3750 2035 in

2162 2090 2320 2139 eum,
2372 2082 2595 2144 accepta
2642 2072 2962 2127 remissione
3007 2080 3355 2142 peccatorum
3404 2086 3502 2141 per
3551 2087 3750 2125 nomen

2162 2168 2278 2237 ejus
2309 2167 2629 2223 intinctione
2658 2166 2799 2221 sacri
2831 2164 3171 2233 baptismatis
3202 2172 3257 2217 et
3298 2165 3469 2219 sancti
3514 2162 3753 2233 Spiritus

2163 2259 2576 2313 conﬁrmatione
2596 2297 2610 2323 ,
2640 2266 2696 2311 et
2734 2256 3053 2328 probatione
3084 2257 3347 2311 bonorum
3378 2271 3599 2325 operum
3629 2270 3754 2323 qua:

2164 2354 2217 2407 in
2268 2351 2373 2407 ﬁde
2420 2360 2569 2407 recta
2620 2352 2832 2406 ostendi
2881 2349 3096 2404 debent.
3146 2348 3302 2403 Unde
3351 2358 3756 2419 consequenter

2164 2441 2381 2511 legitur,
2423 2441 2567 2510 quod
2606 2455 2730 2495 cum
2760 2439 2952 2495 Petrus
2981 2438 3230 2508 gentibus
3256 2438 3603 2507 praedicasset
3632 2453 3757 2491 ver-

2164 2533 2292 2587 bum
2320 2530 2453 2597 Dei,
2484 2530 2742 2585 continuo
2770 2529 3057 2585 cecidisset
3096 2526 3325 2598 Spiritus
3356 2538 3568 2582 sanctus
3596 2544 3758 2595 super

2165 2640 2343 2677 omnes
2372 2622 2461 2693 qui
2485 2620 2768 2675 audiebant
2798 2620 3027 2675 uerbum.
3064 2619 3131 2673 Et
3157 2619 3533 2689 obstupuerunt
3561 2636 3628 2673 ea:
3657 2620 3762 2674 cir-

2166 2714 2479 2768 cumcisione
2504 2712 2683 2783 ﬁdeles
2713 2712 2802 2783 qui
2830 2721 3074 2767 uenerant
3105 2728 3222 2765 cum
3250 2708 3410 2765 Petro
3430 2752 3445 2777 ,
3472 2712 3597 2782 quia
3622 2722 3671 2767 et
3696 2713 3758 2767 in

2166 2805 2402 2857 nationes
2437 2800 2667 2871 Spiritus
2697 2803 2866 2867 san‘cti
2893 2800 3064 2871 gratia
3109 2800 3279 2869 eﬂ'usa
3318 2810 3413 2856 est.
3456 2801 3759 2856 Audiebaut

2166 2894 2303 2947 enim
2329 2892 2445 2947 illos
2487 2892 2753 2963 loquentes
2793 2891 2985 2961 linguis
3025 2900 3073 2944 et
3113 2892 3511 2963 magniﬁcantes
3560 2892 3757 2947 Deum.

2166 2984 2245 3038 Ne
2271 2983 2538 3053 baptisma
2569 2982 2820 3053 gentibus
2851 2981 3065 3035 tradere
3090 2981 3331 3048 dubitet,
3366 2980 3602 3052 Spiritus
3631 2998 3761 3038 san-

2168 3074 2239 3129 cti
2272 3073 2583 3129 testimonio
2608 3071 2982 3137 conﬁrmatur,
3014 3071 3157 3143 ipsas
3187 3072 3388 3128 lavacri
3416 3090 3587 3143 aquas
3617 3090 3760 3145 quas

2168 3164 2506 3220 sanctiﬁcare
2536 3164 2702 3229 solet,
2737 3179 2875 3219 novo
2916 3164 3104 3219 ordine
3152 3168 3575 3237 prtecurrentis;
3608 3167 3758 3239 quod

2168 3254 2334 3310 semel
2377 3255 2429 3309 in
2461 3255 2831 3310 testimonium
2864 3252 2985 3310 ﬁdei
3016 3258 3284 3326 gentium,
3321 3274 3597 3314 uunauam
3627 3274 3762 3315 vero

2168 3344 2220 3397 in
2252 3343 2451 3398 ludatis
2480 3344 2729 3398 evenisse
2762 3344 3051 3412 reperitur.

2244 3434 2311 3488 Et
2336 3435 2501 3503 jussit
2533 3452 2619 3489 eos
2672 3436 2727 3487 in
2780 3437 2987 3490 nomine
3049 3437 3177 3490 Jesu
3233 3437 3758 3510 Cltristi.baptizari.

2170 3525 2303 3579 Cum
2352 3526 2605 3580 Ecclesia:
2636 3526 2818 3596 regula
2846 3527 2917 3581 sit
2972 3526 3155 3583 ﬁdeles
3200 3530 3252 3583 in
3306 3532 3525 3587 nomine
3555 3542 3764 3589 sancta

2168 3616 2451 3670 Trinitatis
2478 3616 2775 3685 baptizari,
2828 3624 3090 3687 qumritur
3141 3620 3412 3687 quomodo
3440 3619 3614 3677 Lucas
3657 3634 3763 3690 per

2170 3715 2339 3761 totum
2366 3704 2524 3775 hujus
2554 3705 2716 3760 libelli
2758 3716 2963 3761 textum
2995 3734 3099 3761 ιιυ..
3127 3708 3286 3763 aliter
3329 3726 3493 3779 quam
3542 3711 3597 3765 in
3654 3726 3729 3768 no

2172 3797 2317 3852 mine
2354 3796 2479 3851 Jesu
2529 3794 2729 3852 Christi
2766 3798 3094 3867 baptismum
3146 3800 3262 3853 dari
3313 3808 3559 3855 testetur.
3604 3801 3761 3868 Quod

2173 3891 2245 3944 ita
2285 3889 2472 3944 beatus
2500 3888 2819 3943 Ambrosius
2848 3890 3010 3943 solvit
3041 3905 3054 3942 :
3083 3892 3207 3959 quia
3246 3907 3343 3960 per
3372 3893 3635 3947 unitatem
3670 3909 3765 3949 no-

2177 3980 2337 4033 minis
2371 3978 2649 4048 impletum
2690 3979 3005 4051 mysterium
3031 3980 3138 4044 sit;
3179 3982 3305 4047 quia
3332 3982 3448 4036 sive
3482 3980 3763 4039 Christum

2174 4072 2345 4134 dicas,
2368 4078 2421 4124 et
2452 4070 2619 4124 Deum
2658 4069 2897 4134 Patrem,
2939 4086 2969 4124 a
3004 4086 3111 4142 quo
3138 4088 3335 4126 unctus
3380 4082 3462 4128 est
3488 4073 3675 4139 Filius,
3707 4085 3766 4129 et

2176 4161 2347 4231 ipsum
2397 4162 2486 4231 qui
2527 4169 2721 4215 unctus
2750 4170 2835 4216 est
2862 4160 3079 4226 Filium,
3112 4170 3167 4216 et
3214 4161 3471 4231 Spiritum
3514 4173 3764 4219 sanctum

2175 4267 2281 4322 quo
2311 4260 2502 4306 unctus
2539 4262 2625 4306 est
2670 4252 2990 4320 designasti.
3033 4250 3307 4321 Scriptum
3339 4262 3423 4307 est
3472 4255 3617 4308 enim
3668 4252 3763 4310 Je-

2176 4360 2295 4399 sum
2322 4360 2351 4399 a
2382 4344 2669 4407 Nazareth,
2698 4343 2967 4412 quomodo
2989 4345 3145 4398 unxit
3204 4360 3329 4399 eum
3369 4345 3511 4400 Deus
3551 4345 3759 4417 Spiritu

2179 4442 2369 4487 sancto
2398 4452 2409 4485 :
2436 4432 2547 4487 sive
2572 4432 2787 4486 Patrem
2836 4431 2985 4486 dicas
3018 4450 3030 4485 :
3059 4442 3109 4486 et
3136 4432 3332 4487 Filium
3355 4435 3472 4505 ejus
3498 4445 3554 4490 et
3594 4435 3768 4506 Spiri-

2183 4530 2295 4574 tum
2335 4522 2445 4576 oris
2476 4523 2680 4591 pariter
2717 4522 2989 4575 indicasti.
3022 4521 3076 4576 Si
3109 4531 3287 4577 tamen
3317 4524 3371 4577 id
3407 4525 3571 4579 etiam
3598 4526 3764 4581 corde

2180 4611 2623 4680 comprehendas.
2673 4610 2799 4665 Sive
2838 4609 3101 4681 Spiritum
3150 4613 3298 4668 dicas
3336 4624 3390 4668 et
3436 4614 3603 4670 Deum
3660 4615 3765 4670 Pa-

2182 4710 2317 4755 trem
2345 4716 2375 4755 a
2402 4716 2510 4771 quo
2556 4701 2803 4771 procedit
2850 4700 3107 4772 Spiritus,
3147 4710 3202 4757 et
3228 4702 3423 4759 Filium
3469 4707 3594 4775 quia
3639 4707 3762 4763 Filii

2189 4805 2394 4860 quoque
2438 4803 2522 4845 est
2576 4790 2810 4860 Spiritus
2865 4794 3203 4863 nuncupasti.
3272 4793 3424 4850 Unde
3461 4805 3513 4849 et
3562 4799 3762 4853 rationi

2182 4882 2463 4951 copuletur
2513 4882 2808 4936 auctoritas
2843 4900 2857 4935 :
2885 4883 2937 4936 in
2968 4883 3171 4951 Spiritu
3201 4899 3415 4953 quoque
3445 4896 3591 4941 recte
3635 4888 3763 4958 bap-

2184 4971 2339 5025 tizari
2387 4985 2544 5040 posse
2586 4968 2865 5040 Scriptura
2887 4970 3089 5025 indicat
3124 4972 3336 5027 dicente
3376 4972 3622 5038 Domino,
3658 4972 3761 5029 Vos

2183 5072 2356 5115 autem
2379 5061 2770 5130 baptizabimini
2797 5062 2851 5113 in
2893 5060 3097 5129 Spiritu
3132 5072 3337 5125 sancto,
3368 5071 3434 5117 .et
3473 5063 3765 5133 Apostolus

2184 5152 2259 5205 ait
2292 5168 2304 5203 :
2338 5150 2528 5205 Omnes
2550 5151 2686 5203 enim
2730 5149 2781 5201 in
2811 5150 2921 5217 ipso
2956 5166 3169 5218 corpore
3199 5150 3253 5201 in
3296 5164 3456 5203 unum
3503 5151 3763 5220 Spiritum

2185 5241 2433 5309 baptizati
2456 5256 2656 5293 sumus.
2687 5238 2860 5293 Aliter
2881 5240 3150 5309 praecipue
3179 5242 3429 5310 congruit
3455 5256 3554 5295 nos
3582 5242 3634 5294 in
3662 5256 3765 5295 no-

2189 5329 2575 5385 mine’Domini
2596 5329 2766 5383 nostri
2793 5328 2921 5383 Iesu
2944 5328 3147 5384 Christi
3186 5330 3470 5400 baptizari,
3495 5330 3619 5400 quia
3657 5332 3766 5386 sic-

2189 5429 2246 5474 ut
2298 5420 2583 5488 Apostolus
2635 5419 2707 5472 ait
2764 5437 2777 5472 :
2824 5418 3129 5489 Quicunque
3184 5421 3432 5491 baptizati
3480 5437 3663 5475 sumus
3709 5420 3767 5473 iu

2188 5510 2390 5564 Christo
2420 5510 2573 5573 Jcsu,
2606 5510 2663 5563 in
2695 5524 2862 5563 morte
2900 5510 3066 5579 ipsius
3110 5511 3359 5581 baptizati
3391 5528 3605 5577 sumus,
3640 5527 3770 5567 con-

2186 5599 2371 5669 sepulti
2395 5600 2530 5653 enim
2550 5616 2727 5653 sumus
2760 5616 2876 5652 cum
2911 5599 3002 5652 illo
3028 5616 3119 5670 per
3142 5601 3454 5670 baptismum
3485 5602 3541 5655 in
3565 5612 3768 5657 morte:

2188 5700 2243 5741 ut
2282 5690 2540 5750 quomodo
2596 5690 2877 5743 resurrexit
2926 5686 3162 5744 Christus
3198 5708 3227 5743 a
3266 5691 3485 5744 mortuis
3524 5706 3616 5759 per
3651 5691 3772 5761 glo-
