3946 6340
178 346 276 402 iiii

1266 349 1569 409 [ΙΟΜΙΗἉΕ
1614 350 1679 405 ιΝ
1719 349 1975 407 EVANG.
2016 349 2105 405 ET
2142 351 2358 408 El‘iST.

3351 362 3460 423 962

177 464 318 518 riam
376 463 585 530 Patris,
617 469 691 521 ita
725 477 771 519 et
801 482 893 521 nos
923 468 977 520 in
1008 469 1239 520 uwitate
1262 467 1378 522 sitm
1417 466 1768 519 ambulemus.
1799 470 1847 528 Α
1874 466 2101 532 dicium;
2132 469 2379 533 quoniam
2405 468 2497 523 tua:
2527 472 2655 526 venit
2702 473 2754 528 in
2801 477 3055 530 mundum
3083 489 3129 533 et
3162 478 3461 538 dilexerunt

181 550 246 607 Si
284 554 423 607 enim
466 554 811 624 complantati
856 555 983 624 facti
1010 570 1190 609 sumus
1224 554 1559 617 similitudini
1588 556 1770 609 mortis

1871 556 2104 610 homines
2128 557 2295 626 magis
2323 558 2559 619 tenebras
2582 577 2739 631 quam
2760 563 2947 631 lucem,
2972 578 3119 621 erant
3144 574 3281 625 enim
3310 571 3452 626 mala

180 642 315 712 ejus,
353 644 515 697 simul
552 654 601 699 et
646 646 1039 700 resurrectionis
1074 648 1288 710 erimus,
1315 655 1608 717 prtestante
1653 646 1770 716 ipso
1870 663 2026 718 opera
2084 664 2265 702 eorum
2298 662 2313 701 :
2351 649 2481 719 quid
2513 660 2601 706 est
2643 655 2808 721 enim,
2864 658 2983 722 hoc,
3031 675 3259 731 quorum
3306 663 3453 717 enim

181 730 881 803 Redemptorenostroiesu
906 736 1249 806 Christo.qui
1268 750 1389 792 eum
1407 737 1568 791 l’atre
1587 748 1640 793 et
1656 736 1770 808 Spi.
1868 751 2026 793 erant
2071 740 2211 794 bona
2235 742 2437 808 opera?
2473 758 2650 799 nonne
2686 747 2906 812 venisti,
2949 758 3005 803 ut
3047 730 3317 819 justifiees
3351 754 3449 809 ἰιιι⁴

179 827 289 879 ritu
305 832 494 880 sancto
512 827 643 881 vivit
663 838 718 883 et
745 837 931 899 regnat
951 828 1109 892 Deus,
1134 845 1235 899 per
1253 831 1433 885 omnia
1455 830 1649 886 szecuia
1666 846 1766 887 sae-

178 913 459 970 culorum.
482 914 679 972 Arnen.

752 1006 1033 1061 iiOMiiJA
1074 1008 1183 1062 LX.

777 1114 910 1151 iTEIl
952 1115 1107 1153 FERIA
1140 1116 1200 1153 li.

312 1188 503 1243 Lectio
529 1188 703 1242 sancti
736 1187 1009 1259 Evangelii
1031 1190 1324 1244 secundum
1355 1188 1641 1244 Joannem.

246 1277 317 1333 Its
345 1278 441 1333 illo
467 1289 693 1351 tempore
722 1281 855 1334 dixit
899 1281 1056 1335 Iesus
1093 1281 1363 1353 discipulis
1395 1297 1412 1333 :
1441 1282 1531 1336 Sic
1578 1283 1763 1337 dilexit

172 1366 436 1422 Dominus
454 1368 729 1433 mundum,
756 1379 812 1421 ut
842 1368 1040 1423 Filium
1062 1371 1551 1440 suumunigeniium
1576 1372 1761 1435 daret;

172 1468 231 1511 ut
248 1460 420 1512 omnis
432 1458 523 1529 qui
541 1459 702 1511 credit
726 1460 782 1511 in
796 1474 915 1512 eum
938 1475 1041 1513 non
1064 1467 1265 1529 pereat,
1289 1460 1380 1515 sed
1398 1460 1585 1515 habeat
1603 1462 1757 1517 vitam

170 1559 453 1613 retentans,
504 1558 608 1603 etc.

244 1638 548 1695 Notandum
586 1640 727 1709 quod
769 1638 1060 1694 eadem'de
1085 1638 1222 1693 Filio
1252 1640 1344 1695 Dei
1372 1644 1646 1713 unigenito
1676 1659 1759 1698 rc-

168 1727 359 1797 piicat,
395 1746 516 1799 qua:
558 1732 624 1786 de
654 1731 763 1785 tilio
788 1732 1022 1787 hominis
1068 1733 1121 1786 in
1151 1749 1313 1788 cruce
1341 1732 1579 1787 excitato
1628 1749 1757 1802 pro-

1868 827 2019 896 pios?
2070 826 2173 881 Sed
2201 826 2513 895 dilexerunt,
2567 831 2760 901 inquit,
2804 836 3039 891 tenebras
3075 841 3241 909 magis
3293 857 3449 911 quam

1868 918 2057 982 lucem,
2088 919 2160 972 ibi
2203 920 2381 988 posuit
2407 921 2515 974 vim
2547 938 2562 974 :
2596 922 2747 976 multi
2773 925 2915 978 enim
2943 928 3245 982 dilexerunt
3276 932 3449 1001 magis

1866 1021 2087 1079 peccata
2120 1026 2239 1075 sua,
2271 1012 2398 1081 quia
2426 1014 2516 1082 qui
2549 1014 2837 1069 conﬁtetur
2860 1027 3077 1085 peccata
3104 1036 3197 1074 :ua
3217 1030 3270 1075 et
3290 1036 3451 1077 accun

1866 1108 1949 1153 sat
1979 1108 2201 1169 peccata
2226 1116 2345 1167 sua,
2388 1102 2501 1169 iam
2537 1118 2659 1158 curn
2696 1106 2806 1160 Deo
2858 1106 3003 1161 facit.
3061 1109 3293 1165 Accusat
3344 1112 3450 1167 Do-

1866 1189 2044 1243 minus
2072 1199 2297 1259 pcccata
2345 1200 2457 1256 tua,
2519 1194 2563 1247 si
2598 1205 2654 1248 et
2701 1204 2791 1249 tua
2832 1211 3059 1253 accuses
3097 1198 3451 1271 conjungcris

1866 1280 1997 1345 Deo,
2038 1282 2192 1351 quasi
2220 1282 2328 1345 duo
2357 1293 2557 1349 essent,
2592 1287 2753 1340 homo
2777 1299 2831 1342 et
2860 1300 3133 1357 peccator.
3166 1290 3319 1359 Quod
3353 1308 3457 1361 aus

1863 1371 1955 1424 drs-
2000 1372 2161 1425 homo
2192 1371 2333 1427 Deus
2363 1373 2507 1429 fecit.
2541 1374 2692 1442 Quod
2728 1379 2879 1432 audis
2906 1390 3176 1447 peccator,
3205 1383 3319 1451 ipse
3347 1383 3449 1439 hoc

1863 1476 1953 1514 mo
1978 1460 2107 1517 fecit
2134 1480 2146 1516 :
2190 1463 2310 1519 dele
2338 1467 2480 1534 quod
2512 1466 2709 1533 fecisti,
2743 1479 2801 1523 ut
2836 1470 2979 1525 Deus
3003 1474 3174 1528 saivet
3199 1476 3339 1543 quod
3366 1476 3448 1532 l'e-

1862 1552 1957 1616 cit,
1980 1563 2192 1623 oportet
2230 1564 2288 1609 ut
2326 1558 2505 1612 oderis
2535 1559 2589 1612 in
2620 1568 2671 1613 te
2698 1576 2835 1632 opus
2864 1572 3011 1617 tuum
3057 1576 3287 1623 et‘ames
3317 1568 3369 1623 in
3396 1578 3449 1624 te

1861 1656 1996 1710 opus
2018 1643 2135 1706 Dei,
2187 1659 2308 1698 cum
2333 1656 2514 1701 autem
2547 1652 2776 1717 emperit
2825 1652 2917 1707 tibi
2966 1652 3261 1725 displicere
3300 1661 3446 1727 quod

1866 1728 2062 1795 fecisti,
2104 1732 2226 1787 inde
2253 1734 2517 1805 incipiunt
2543 1735 2682 1792 bona
2718 1755 2878 1809 opera
2908 1752 3020 1807 tua,
3050 1746 3174 1813 quia
3219 1762 3448 1803 accusas

167 1817 396 1871 miserat
417 1819 601 1873 diceris
639 1837 653 1872 :
687 1830 743 1872 ut
771 1822 938 1874 omnis
960 1821 1049 1891 qui
1078 1822 1240 1876 credit
1274 1823 1329 1875 in
1356 1839 1474 1875 eum
1506 1839 1606 1875 non
1632 1839 1753 1889 per-
1784 1813 1830 1872 Β
1860 1820 1997 1873 mala
2029 1837 2193 1891 Opera
2221 1832 2333 1889 tua.
2370 1826 2583 1882 initium
2606 1830 2871 1886 bonorum
2902 1849 3150 1904 operum,
3173 1837 3447 1897 confessio

164 1917 275 1971 eat,
304 1909 397 1961 sed
443 1909 627 1962 habeat
656 1911 814 1963 vitam
856 1918 1128 1964 aeternam.
1162 1910 1299 1977 Quia
1329 1910 1569 1981 proiecto
1612 1912 1753 1966 idem

166 1998 482 2068 redemptor
509 2010 564 2054 et
592 2002 845 2057 conditor
870 2012 1057 2057 noster
1092 2002 1259 2059 Filius
1282 2004 1378 2059 Dei
1408 2013 1533 2059 ante
1556 2004 1753 2060 saecula

163 2088 431 2155 existens,
469 2089 610 2145 illius
631 2092 866 2147 hominis
887 2089 1065 2148 iactus
1090 2103 1173 2148 est
1204 2094 1254 2148 in
1282 2095 1390 2149 line
1410 2096 1748 2163 saeculorum,

165 2185 225 2230 ut
247 2178 344 2247 qui
380 2194 477 2249 per
528 2182 828 2238 divinitatis
855 2199 964 2238 sua:
992 2187 1288 2253 potentiam
1342 2201 1442 2241 nos
1471 2196 1753 2245 creaverat

166 2271 233 2323 ad
262 2270 647 2345 perimendum
705 2274 831 2334 vitm
873 2277 1274 2333 beatitudinem
1324 2281 1596 2349 perennis,
1640 2282 1753 2349 ipse

166 2382 266 2436 per
324 2369 672 2439 fragilitatem
724 2371 1073 2426 humanitatis
1130 2381 1330 2425 nostra:
1384 2383 1752 2437 restauraret,

165 2457 236 2511 ad
269 2460 634 2530 recipiendam
684 2474 845 2531 quam
885 2462 1217 2532 perdidimus
1260 2462 1447 2516 vitam.
1500 2461 1757 2533 Sequitur

163 2560 348 2609 autem
383 2572 396 2607 :

236 2641 364 2697 Non
378 2644 515 2698 enim
541 2646 680 2700 misit
717 2644 859 2700 Deus
882 2643 1085 2700 Filium
1124 2662 1280 2700 suum
1305 2648 1360 2701 in
1388 2646 1664 2714 mundum,
1694 2662 1751 2701 ut

159 2737 362 2806 iudicet
393 2738 669 2803 mundum,
692 2739 784 2793 sed
807 2750 862 2793 ut
884 2738 1114 2793 salvetur
1138 2740 1371 2794 mundus
1415 2755 1509 2810 per
1557 2740 1749 2809 ipsum.

163 2829 310 2902 Ergo
362 2838 625 2899 quantum
666 2831 719 2885 in
776 2830 985 2886 medico
1012 2839 1117 2897 est,
1174 2846 1368 2887 sanare
1402 2832 1550 2886 venit
1577 2846 1751 2902 agro-

166 2929 305 2986 tum,
363 2934 423 2976 se
457 2921 722 2977 interimit
775 2922 864 2992 qui
912 2931 1180 2993 praecepta
1233 2922 1427 2977 medici
1462 2924 1754 2978 observare

164 3026 272 3067 non
299 3011 415 3065 vult
448 3029 461 3065 :
487 3012 636 3067 venit
674 3011 911 3067 salvator
935 3012 1002 3066 ad
1035 3013 1292 3066 mundum
1321 3030 1333 3065 :
1360 3010 1542 3077 Quare
1566 3010 1752 3065 Salva-

164 3111 251 3157 tor
274 3102 455 3157 dictus
475 3110 559 3157 est
582 3101 763 3158 mundi
795 3116 809 3154 :
833 3101 937 3156 nisi
963 3110 1022 3155 ut
1055 3101 1228 3156 salvet
1254 3102 1532 3165 mundum,
1562 3116 1669 3155 non
1691 3110 1751 3155 ut

158 3189 371 3261 iudicet
422 3191 698 3246 mundum.
759 3190 984 3246 Saivare
1036 3205 1143 3245 non
1188 3191 1273 3247 vis
1308 3191 1378 3245 ab
1425 3191 1531 3246 isto
1580 3191 1745 3261 ipso:

162 3295 227 3336 ex
266 3288 325 3335 te
347 3280 703 3349 iudicatur-is.
749 3288 805 3336 et
835 3278 965 3351 quid
1013 3279 1189 3336 dim
1211 3280 1561 3352 iudicaucris.
1617 3278 1749 3335 Vide

165 3373 293 3442 quid
328 3374 405 3427 ait
428 3391 442 3426 :

232 3462 343 3528 Qui
360 3461 521 3516 credit
550 3460 604 3515 in
628 3476 748 3515 eum
779 3476 884 3515 non
910 3460 1264 3531 judicabitur,
1313 3460 1403 3531 qui
1426 3469 1600 3515 autem
1640 3476 1748 3514 non

164 3552 349 3617 credit,
385 3554 528 3622 quod
556 3552 825 3607 dicturum
874 3550 1155 3620 sperabas,
1185 3549 1309 3615 nisi,
1355 3548 1635 3618 judicatus
1659 3557 1747 3603 est

166 3641 325 3712 ﬁlms,
351 3642 544 3711 inquit,
576 3637 997 3709 iudicaturost].
1042 3636 1290 3693 Nondum
1321 3638 1571 3709 apparuit
1603 3636 1749 3709 judi—

163 3734 327 3797 cium,
361 3731 456 3787 sed
484 3730 601 3799 jam
643 3728 855 3784 factum
872 3737 955 3782 est
977 3726 1263 3795 judicium.
1287 3726 1446 3781 Novit
1468 3727 1614 3781 enim
1645 3726 1749 3783 Do.

166 3822 345 3877 minus
372 3820 464 3890 qui
487 3828 616 3875 sunt
638 3819 775 3888 ejus.
806 3815 967 3872 Novit
993 3816 1086 3886 qui
1110 3825 1460 3886 permaneant
1489 3817 1556 3871 ad
1600 3814 1748 3871 llam-

166 3926 328 3974 mam,
364 3918 517 3964 novrt
551 3908 605 3963 in
625 3922 747 3962 arca
777 3922 873 3961 sua
902 3907 1137 3961 triticum
1176 3920 1359 3972 suum,
1392 3907 1542 3961 novit
1570 3915 1626 3962 et
1652 3922 1746 3977 pa-

167 4000 321 4065 leam,
354 4000 508 4055 novit
546 4006 602 4053 et
626 4005 884 4069 segetem,
925 3997 1077 4055 novit
1101 4007 1157 4051 et
1185 3996 1412 4051 zizania.
1469 3994 1747 4053 Judicatus

164 4100 244 4146 est
294 4090 391 4160 qui
417 4104 522 4143 non
547 4087 740 4143 credit.
766 4086 949 4154 Quare
989 4086 1264 4157 judicatus
1288 4088 1311 4141 ?
1355 4089 1482 4158 quia
1506 4103 1611 4141 non
1636 4104 1748 4142 στος-

167 4182 295 4235 didit
342 4181 401 4234 in
439 4179 645 4233 nomine
693 4178 945 4248 unigeniti
986 4174 1123 4231 Filii
1148 4177 1263 4231 Dei.
1318 4177 1436 4232 Hoc
1469 4188 1545 4233 est
1571 4188 1745 4233 autem

161 4269 443 4338 judicium,
508 4268 631 4339 quia
670 4266 764 4320 tua:
788 4266 921 4320 venit
949 4264 1007 4320 in
1045 4265 1319 4329 mundum,
1369 4277 1419 4321 et
1452 4267 1747 4321 dilexerunt

168 4361 400 4413 homines
413 4360 577 4429 magis
599 4358 835 4413 tenebras
856 4356 1249 4429 (latamlatam;
1280 4369 1427 4415 erant
1452 4360 1589 4413 enim
1602 4359 1743 4414 mala

1855 1918 1941 1962 est
1984 1924 2209 1980 operum
2256 1915 2544 1971 malorum.
2594 1918 2751 1974 Facis
2775 1922 3082 1990 veritatem,
3111 1934 3167 1981 et
3190 1929 3345 1984 venis
3374 1930 3443 1985 ad

1856 1996 2063 2056 lucem.
2105 2001 2244 2067 Quid
2294 2012 2381 2058 est
2439 2004 2575 2062 facis
2634 2010 2941 2078 veritatem,
2988 2031 3094 2070 non
3137 2025 3190 2074 te
3228 2020 3444 2095 palpas,

1856 2103 1962 2142 non
1989 2090 2089 2145 tibi
2152 2091 2438 2160 blandiris,
2480 2111 2584 2151 non
2615 2098 2996 2170 tibiadnlaris,
3027 2122 3135 2161 non
3183 2090 3319 2165 dicis
3348 2111 3443 2180 ju-

1853 2187 1971 2236 Stus
2003 2196 2144 2251 sum,
2160 2198 2293 2239 eum
2336 2187 2411 2241 sis
2462 2188 2676 2259 iniquus
2711 2201 2765 2246 et
2794 2192 2986 2265 incipis
3038 2197 3216 2255 Facere
3248 2204 3444 2257 verita-

1855 2277 1986 2335 tem,
2014 2273 2171 2327 venis
2198 2282 2377 2329 autem
2406 2276 2473 2330 ad
2510 2277 2682 2333 lucem
2729 2289 2790 2333 ut
2834 2282 3250 2342 manifestentur
3275 2304 3441 2360 opera

1858 2366 1945 2411 tua
1984 2360 2114 2429 quia
2143 2361 2194 2415 in
2223 2361 2334 2417 Deo
2358 2362 2500 2418 facta
2530 2375 2673 2433 sunt,
2706 2371 2832 2438 quia
2852 2384 2910 2426 et
2935 2373 3036 2429 hoc
3068 2375 3265 2447 ipsum,
3296 2379 3441 2449 quod

1857 2450 1951 2504 tibi
1990 2450 2261 2521 displicuit
2298 2462 2577 2524 peccatum
2612 2466 2785 2525 tuum,
2838 2478 2945 2517 non
2987 2465 3084 2521 tibi
3122 2468 3439 2539 displiceret

1856 2543 1963 2597 nisi
1990 2542 2135 2600 Deus
2158 2546 2255 2601 tibi
2283 2547 2487 2603 luceret
2517 2559 2575 2603 et
2598 2549 2715 2620 ejus
2736 2556 2942 2612 veritas
2956 2557 3063 2615 tibi
3108 2562 3439 2631 ostenderet,

1852 2634 1963 2692 Sed
1991 2639 2084 2708 qui
2123 2640 2285 2695 etiam
2321 2642 2630 2699 admonitus
2668 2644 2842 2716 diligit
2891 2659 3115 2719 peccata
3152 2647 3270 2719 sua,
3326 2655 3445 2713 odit

1854 2726 2237 2785 admonentem
2280 2731 2454 2787 lucem
2490 2740 2547 2787 et
2576 2732 2711 2804 fugit
2738 2752 2877 2803 eam,
2910 2749 2969 2793 ut
2996 2752 3102 2795 non
3141 2753 3441 2813 arguantur

1853 2829 2017 2885 opera
2051 2818 2167 2888 ejus
2191 2820 2331 2876 mala
2359 2838 2479 2893 quae
2534 2826 2726 2899 diligit.
2777 2826 2877 2894 Qui
2908 2838 3090 2887 autem
3129 2832 3261 2889 facit
3296 2836 3441 2891 veri-

1854 2915 2018 2963 tatem
2043 2921 2261 2966 accusat
2303 2913 2355 2968 in
2384 2929 2444 2970 se
2472 2918 2612 2973 mala
2643 2934 2764 2985 sua,
2801 2934 2907 2975 non
2931 2921 3034 2977 sibi
3069 2925 3269 2994 parcit,
3323 2941 3432 2983 non

1854 3000 1955 3056 sibi
1986 3001 2235 3073 ignoscit,
2288 3014 2348 3060 ut
2405 3007 2547 3065 Deus
2586 3011 2850 3080 ignoscat,
2882 3014 2973 3081 qui
3026 3015 3181 3083 quod
3215 3017 3332 3072 vult
3364 3030 3429 3074 ut

1855 3090 1998 3145 Deus
2030 3084 2287 3162 agnoscat
2316 3096 2429 3166 ipse
2470 3097 2718 3169 ignoscit,
2758 3109 2813 3155 et
2840 3103 2990 3157 venit
3026 3103 3093 3157 ad
3122 3104 3322 3168 lucem,
3349 3108 3438 3161 cui

1852 3174 2055 3253 gratias
2079 3185 2211 3255 agit,
2235 3201 2300 3241 eo
2325 3188 2466 3257 quod
2494 3187 2584 3245 iiie
2602 3191 2695 3260 qui
2722 3191 2848 3246 dum
2876 3207 2933 3248 se
2957 3192 3224 3251 occidisse
3247 3205 3435 3253 osten-

1852 3271 2004 3327 deret
2052 3273 2184 3328 dicit
2210 3274 2471 3345 Domino,
2525 3289 2698 3333 averte
2737 3279 2926 3349 facient
2976 3292 3175 3337 tuatua
3209 3287 3437 3355 peccatis

1850 3361 2006 3416 meis.
2062 3362 2130 3417 Et
2172 3379 2275 3434 qua
2329 3364 2510 3423 fronte
2550 3369 2704 3435 dicit,
2736 3372 2841 3425 nisi
2895 3374 3091 3427 iterum
3112 3376 3278 3442 dicar,
3308 3394 3439 3448 quo-

1849 3449 1991 3503 niam
2034 3452 2242 3521 facinus
2264 3470 2435 3509 meum
2460 3472 2553 3527 ego
2600 3475 2823 3528 agnosco
2862 3470 2911 3514 et
2950 3473 3223 3531 peccatum
3255 3482 3429 3524 meum

1848 3549 2030 3595 contra
2056 3559 2135 3597 me
2176 3553 2251 3598 est
2291 3562 2515 3617 semper.
2557 3547 2643 3603 Sit
2670 3557 2795 3604 ante
2826 3560 2876 3605 te
2897 3553 3175 3620 quodnon
3209 3556 3291 3611 vis
3310 3571 3433 3614 esse

1848 3642 1973 3687 ante
1990 3632 2178 3699 Deum,
2213 3636 2256 3690 si
2278 3646 2458 3693 autern
2494 3645 2614 3707 post
2637 3647 2691 3693 te
2723 3638 2918 3696 feceris
2940 3652 3223 3711 peceatum
3257 3656 3427 3714 tuum,

1849 3731 2126 3793 retorquet
2165 3725 2259 3781 tibi
2286 3725 2415 3801 illud
2465 3727 2607 3783 Deus
2636 3737 2760 3783 ante
2784 3730 2969 3787 oculos
3016 3742 3158 3798 tuos,
3215 3746 3271 3792 et
3302 3742 3431 3794 tunc

1848 3820 2146 3884 retorquet,
2202 3818 2417 3887 quando
2453 3817 2565 3886 jam
2617 3820 2949 3889 pmnitentite
2988 3823 3196 3883 ﬂuctus
3252 3830 3434 3887 nullus

1846 3903 1953 3958 erit
2010 3922 2022 3955 :
2072 3906 2276 3961 currite
2329 3921 2398 3961 ne
2464 3909 2702 3965 tenebrat
2775 3926 2872 3967 vos
2944 3916 3431 3988 comprehendant,

1848 3997 2159 4067 quicunque
2212 3999 2357 4053 enim
2407 4001 2460 4054 in
2506 4002 2777 4069 prtesenti'
2816 4003 2924 4059 vita
2966 4006 3021 4061 in
3072 4009 3294 4065 servitio
3331 4010 3429 4068 Dei

1844 4086 1984 4141 bene
2043 4086 2254 4142 laborat
2311 4088 2365 4143 in
2403 4088 2583 4145 futuro
2641 4092 2881 4161 requiem
2936 4102 2991 4149 et
3033 4092 3260 4166 gloriam
3304 4114 3427 4170 per-

1846 4176 2009 4244 cipiet
2088 4180 2497 4247 sempiternam.
2548 4179 2871 4236 .Praestante
2950 4183 3179 4241 Domino
3228 4199 3431 4253 nostro

1844 4266 1971 4322 Jesu
2026 4268 2241 4324 Christo
2270 4310 2285 4334 ,
2335 4271 2426 4340 qni
2473 4287 2596 4327 eum
2644 4273 2807 4330 Patre
2858 4283 2915 4329 et
2965 4276 3171 4346 Spiritu
3215 4294 3415 4339 sancto.

1845 4359 1979 4412 vivit
2025 4368 2082 4414 et
2115 4368 2305 4430 regnat
2328 4358 2493 4427 Deus,
2519 4376 2617 4431 per
2641 4362 2823 4417 omnia
2850 4366 3051 4421 sarcula
3078 4369 3398 4426 saeculorum

168 4468 319 4521 opera
371 4468 572 4505 eorum.
616 4448 837 4506 Fratres
868 4452 971 4506 mei
1003 4462 1232 4520 quorum
1264 4453 1401 4509 bona
1446 4467 1613 4523 opera
1664 4453 1742 4506 in—
1769 4488 1819 4548 Β
1848 4450 2037 4505 Amen.

168 4542 311 4595 venit
379 4540 704 4596 Dominus?
762 4543 1051 4600 nullorum.
1111 4542 1305 4599 Omnia
1375 4543 1517 4598 enim
1598 4542 1737 4597 maia

167 4646 327 4703 opera
406 4632 626 4687 invenit.
684 4630 967 4700 Quomodo
1027 4648 1157 4705 ergo
1216 4634 1439 4704 quidam
1497 4633 1736 4689 fecerunt

169 4722 473 4781 veritatem,
524 4728 579 4774 et
624 4730 892 4776 venerunt
924 4716 1001 4778 ad
1044 4723 1257 4779 lucem?
1306 4723 1419 4778 Hoc
1463 4723 1608 4779 enim
1657 4737 1729 4779 se-

168 4814 348 4885 quitur
376 4829 392 4867 :

235 4903 337 4971 Qui
367 4912 544 4957 autem
569 4901 696 4971 facit
712 4902 1002 4969 ceritatem,
1034 4906 1169 4960 venit
1220 4907 1290 4959 ad
1321 4905 1511 4973 lucem,
1540 4916 1599 4961 ut
1624 4922 1740 4961 ma-

168 4997 478 5066 rrifestentur
498 4994 654 5065 Opera
683 4994 816 5064 ejus,
852 4996 975 5064 quia
1015 4996 1071 5051 in
1091 4996 1201 5051 Deo
1231 5008 1353 5051 sunt
1380 4998 1545 5067 facta.
1573 4997 1723 5066 Quoi-

168 5087 323 5144 rnodo
342 5085 719 5157 ergo-quidam
744 5086 953 5141 bonum
969 5103 1109 5158 opus
1134 5087 1381 5143 fecerunt
1406 5097 1466 5143 ut
1492 5090 1737 5145 venirent

173 5180 235 5235 ad
253 5178 453 5243 lucem,
481 5175 535 5231 id
556 5186 659 5241 est,
702 5177 770 5231 ad
792 5177 1071 5233 Christum
1092 5196 1106 5232 :
1127 5188 1191 5233 et
1216 5180 1484 5248 quomodo
1519 5182 1737 5250 quidam

168 5264 466 5323 dilexerunt
497 5267 762 5330 tenebras,
788 5267 839 5321 si
858 5282 1045 5323 omnes
1074 5277 1389 5337 peceatores
1426 5270 1651 5337 invenit,
1684 5280 1739 5326 et

166 5372 351 5414 omnes
385 5372 415 5412 a
441 5364 665 5427 peccato
702 5364 875 5422 sanat,
902 5366 955 5412 et
985 5372 1207 5428 serpens
1244 5358 1352 5424 ille,
1381 5359 1435 5413 in
1474 5374 1579 5429 quo
1606 5360 1739 5432 ligu-

175 5457 280 5501 rata
308 5453 392 5502 est
419 5459 569 5500 mors
595 5444 828 5510 Domini,
853 5460 947 5500 eos
974 5454 1147 5511 sanat,
1176 5446 1267 5515 qui
1301 5447 1469 5502 morsi
1499 5446 1736 5514 fuerunt,

175 5547 224 5591 et
254 5545 472 5607 propter
494 5548 707 5589 morsus
732 5535 998 5604 serpentis
1028 5545 1247 5589 erectus
1299 5543 1384 5591 est
1410 5551 1655 5606 serpens,
1684 5537 1737 5591 id

177 5634 273 5690 est,
315 5638 464 5681 mors
493 5622 711 5678 Domini
749 5633 969 5691 propter
992 5624 1243 5680 mortales
1284 5625 1550 5691 homines,
1605 5642 1741 5695 quos

175 5709 370 5768 invenit
396 5711 645 5783 iniustos.
694 5709 969 5777 Quomodo
1005 5713 1317 5784 intelligitur
1350 5733 1362 5769 :
1393 5716 1489 5769 hoc
1539 5726 1612 5770 est
1646 5718 1741 5786 ju-

2447 4542 2726 4599 HOMiLlA
2766 4543 2901 4600 LXI.

2084 4646 2242 4687 ΙῈΙΙΛ
2281 4646 2364 4699 lli,
2404 4650 2471 4687 AD
2508 4649 2747 4688 SANGT‘AI
2784 4650 3132 4692 ΔΝΑὸΤΛδίΛΙ.

2170 4721 2352 4775 Lectio
2387 4722 2619 4775 Acutum
2644 4723 3031 4791 apostolorum.

1918 4812 1985 4866 In
2032 4813 2213 4867 diebus
2242 4813 2387 4879 villis,
2442 4832 2561 4868 cum
2596 4818 2868 4885 audissent
2910 4820 3133 4887 apostoli
3157 4823 3248 4891 qui
3272 4834 3423 4881 erant

1849 4900 2227 4971 Hierosolymis
2251 4905 2381 4974 quia
2406 4906 2594 4973 recepit
2608 4904 2857 4959 Samaria
2874 4908 3091 4961 verbum
3117 4908 3235 4976 Dei,
3264 4915 3419 4968 mise-

1845 5001 1963 5045 runt
1986 4992 2054 5044 ad
2080 5008 2166 5046 eos
2197 4990 2415 5047 Petrum
2435 5003 2489 5047 st.
2505 4993 2786 5060 Joannem,
2808 5004 2916 5051 etc.

1912 5080 2043 5137 Post
2076 5084 2391 5153 martyrium
2433 5082 2709 5153 Stephani,
2742 5094 2801 5139 ut
2838 5085 2973 5141 iiber
3005 5088 3252 5144 Acutum
3292 5105 3421 5162 apo—

1843 5174 2103 5231 stolorum
2134 5186 2336 5240 narrat,
2377 5176 2518 5231 facta
2549 5186 2631 5232 est
2686 5180 2987 5247 persecutio
3015 5196 3209 5251 magna
3246 5184 3299 5240 in
3322 5184 3422 5242 Ee-

1845 5263 2006 5319 clesia
2033 5303 2047 5329 ,
2094 5280 2213 5333 qua:
2256 5274 2375 5319 erat
2421 5264 2825 5337 Hierosolymis,
2864 5277 3151 5326 etomnes
3187 5272 3415 5345 dispersi

1844 5364 1969 5408 sunt
2000 5371 2097 5425 per
2149 5356 2397 5426 regiones
2424 5355 2621 5413 ludam
2670 5366 2725 5411 et
2770 5356 3031 5414 Samaria!
3066 5369 3267 5431 meﬂ'
3290 5378 3417 5434 apo~

1838 5445 2027 5501 stolas.
2064 5444 2337 5516 Philippus
2364 5462 2497 5506 rem,
2523 5446 2835 5501 descendens
2856 5448 2911 5501 iu
2946 5449 3204 5503 civitatem
3225 5449 3417 5506 Samo-

1841 5535 1954 5600 riar,
2006 5534 2323 5603 prmdicabat
2365 5533 2471 5588 illis
2519 5533 2805 5589 Clu-istum.
2851 5534 3203 5591 Intnsdebaut
3238 5549 3414 5595 autem

1841 5622 2006 5676 turba
2030 5624 2110 5675 Itis
2138 5638 2255 5692 qua:
2290 5641 2320 5676 a
2365 5622 2599 5691 Philippo
2622 5622 2927 5678 dicebantur
2948 5626 3285 5691 unanimiter,
3311 5644 3413 5681 au-

1842 5716 2037 5768 dientes
2080 5724 2127 5766 et
2185 5714 2411 5769 ridentes
2465 5713 2609 5778 signa
2648 5729 2763 5782 qua!
2806 5714 3045 5767 faciebat.
3099 5714 3253 5768 Multi
3274 5717 3409 5769 enim
