3946 6344
471 338 579 396 265

1111 340 1171 395 Β.
1216 340 1466 397 ΒΑΒΑΝΙ
1507 342 1726 400 ΜΑυῐιι
1764 346 2060 402 ARCHIEP

2165 347 2430 407 LOGUNT.
2470 349 2755 406 OPERUM
2793 347 2971 405 PARS
3005 350 3067 405 ll.

3641 347 3751 409 2“

470 467 655 507 eorum
690 453 781 521 qui
821 450 1080 505 habebunt
1128 454 1345 521 spiritus
1388 454 1711 520 immundos,
1763 455 2047 512 clamantes
2081 463 2128 521 Α
2156 460 2414 517 dicuntur
2440 461 2567 517 boni
2594 461 2863 526 homines,
2907 462 3247 529 innocentes,
3271 471 3328 518 et
3372 464 3528 534 quasi
3556 464 3748 522 obser-

470 556 597 598 uoce
627 556 819 611 magna
842 541 1073 595 exibant.
1096 541 1263 595 Multi
1300 554 1475 599 autem
1496 546 1777 617 paralytici
1808 557 1856 602 et
1881 548 2057 602 claudi

476 630 646 686 atrati
681 639 823 683 sunt.
868 628 1094 685 Factum
1124 644 1200 686 est
1241 650 1363 703 ergo
1408 650 1655 705 magnum
1690 638 1941 704 gaudium
2004 639 2059 692 in

472 719 567 773 illa
594 719 818 776 ciuitate.
858 718 990 774 Cum
1031 732 1209 777 autem
1238 724 1506 779 audissent
1533 725 1756 796 apostoli
1796 729 1887 798 qui
1910 738 2061 782 erant

475 806 879 877 Hierosolymis,
906 810 1032 879 quia
1080 811 1270 881 recepit
1310 809 1558 867 Samaria
1586 813 1797 867 verbum
1818 814 1937 878 Dei,
1962 816 2062 868 mi-

470 907 652 951 serunt
707 897 778 950 ad
814 913 903 951 eos
942 897 1159 953 Petrum
1181 909 1231 954 et
1260 899 1543 956 Joannem.
1584 903 1689 969 Qui
1740 920 1857 958 cum
1897 906 2062 959 renis-

472 996 608 1050 sent,
644 997 923 1040 oraverunt
941 1004 1035 1057 pro
1062 990 1189 1059 ipsis
1211 1000 1269 1043 ut
1314 992 1608 1061 acciperent
1658 992 1919 1063 Spiritum
1940 1011 2063 1047 san-

473 1088 613 1129 ctum
639 1091 659 1131 .'
686 1077 917 1130 nondum
950 1080 1089 1132 enim
1114 1080 1169 1133 in
1210 1096 1525 1150 quemquam
1568 1080 1779 1136 illorum
1824 1100 2067 1153 superve-

473 1176 643 1233 nerat,
671 1168 763 1222 sed
792 1169 1047 1238 baptizati
1074 1179 1277 1225 tantum
1320 1180 1473 1225 erant
1516 1173 1573 1226 in
1622 1174 1829 1228 nomine
1849 1174 2063 1227 Domini

471 1257 623 1313 Iesu.
681 1258 827 1314 Tunc
868 1262 1198 1331 imponebant
1239 1278 1427 1318 manus
1486 1281 1645 1334 super
1668 1264 1788 1319 illos
1828 1275 1878 1319 et
1929 1267 2067 1320 acci-

471 1350 686 1415 piebant
739 1348 995 1421 Spiritum
1027 1361 1288 1407 sanctum.
1331 1351 1578 1409 Societas
1599 1353 1747 1409 Petri
1768 1363 1824 1408 et
1843 1351 2067 1409 Joannis

473 1440 527 1493 in
558 1440 940 1509 praedicatione
975 1441 1243 1513 evangelii
1277 1442 1545 1513 signiﬁcat
1572 1444 1876 1498 castitatem
1904 1453 2069 1499 recta:

475 1532 620 1597 ﬁdei,
677 1547 839 1603 quam
868 1533 1253 1601 praedicatores
1294 1536 1467 1589 sancti
1504 1536 1560 1590 in
1590 1536 1758 1591 verbo
1810 1536 2069 1591 doctrinae

474 1630 530 1675 et
558 1622 700 1677 dono
735 1621 969 1691 Spiritus
1014 1624 1187 1679 sancti
1210 1624 1407 1679 docent
1444 1640 1660 1694 semper
1692 1626 1809 1681 ﬁeri
1849 1627 2064 1683 debere.

476 1711 627 1777 Quod
653 1713 878 1784 pulchre
903 1723 1089 1769 arator
1122 1716 1367 1775 versibus
1410 1718 1836 1786 eXponitdicens
1866 1737 1879 1771 :
1916 1719 2069 1789 Sa'pe

2162 560 2355 608 vantes
2390 568 2455 607 ea
2490 569 2611 623 quae
2662 553 2715 607 in
2769 551 2887 624 lege
2932 562 3200 624 praecepta
3244 563 3392 619 sunt,
3443 551 3758 613 deferente!

2162 643 2427 698 honorem
2462 644 2779 713 parentibus
2802 643 2937 709 suis,
2964 658 3072 698 non
3118 645 3475 710 mmchantes,
3510 660 3619 701 non
3655 646 3757 702 bo-

2163 733 2438 789 micidinm
2467 741 2862 805 perpetrantes,
2915 750 3024 789 non
3069 733 3271 790 furtum
3313 735 3595 802 facientes,
3639 753 3753 793 non

2165 824 2356 879 falsum
2398 827 2657 881 adversus
2679 841 3004 897 quemquam
3043 826 3411 882 testimonium
3456 828 3755 898 perhiben-

2166 921 2267 977 tes,
2316 921 2371 967 et
2412 922 2607 967 cetera
2640 928 2759 983 qua:
2798 914 2853 968 in
2896 914 3014 984 lege
3041 913 3296 968 mandata
3348 914 3515 969 veluti
3562 915 3758 971 obser-

2165 1008 2297 1055 vant
2336 1019 2349 1055 :
2382 1014 2439 1057 et
2484 1002 2777 1057 Christiani
2831 1020 2939 1057 non
2962 1011 3124 1058 sunt:
3161 1012 3216 1059 et
3247 1004 3565 1075 plerumque
3591 1003 3756 1074 seju-

2166 1102 2338 1157 ctant,
2386 1094 2658 1162 quomodo
2732 1094 2821 1149 isti
2866 1094 3149 1159 Pharismi,
3180 1094 3465 1151 dicentes:
3495 1095 3758 1166 Nunquid

2165 1195 2213 1239 et
2256 1200 2349 1239 nos
2398 1186 2523 1239 caeci
2552 1201 2763 1247 ,sumus
2795 1186 2932 1240 :sed
2986 1186 3102 1241 hmo
3154 1186 3337 1241 omnia
3386 1186 3622 1241 inaniter
3678 1186 3759 1240 fa-

2167 1276 2356 1329 ciunt:
2391 1277 2515 1345 quia
2562 1291 2667 1330 non
2718 1276 2925 1332 intrant
2971 1292 3069 1346 per
3126 1278 3325 1333 ostium
3368 1279 3460 1332 sed
3538 1276 3760 1332 aliunde

2169 1366 2373 1421 tumido
2402 1365 2540 1419 fastu
2573 1366 2726 1435 quasi
2764 1382 2863 1436 per
2903 1368 3110 1438 seipsos
3139 1368 3433 1423 ascendere
3481 1375 3754 1437 quaerunt.

2170 1454 2510 1525 Quapropter
2537 1455 2799 1510 Dominus
2814 1457 3223 1512 similitudinem
3250 1459 3531 1529 proposuit
3554 1459 3759 1528 degrcv

2169 1568 2233 1622 ge
2265 1567 2362 1607 suo
2395 1560 2451 1606 et
2496 1552 2560 1605 de
2588 1552 2728 1605 ostio
2751 1566 2855 1621 qua
2889 1554 3123 1606 intratur
3152 1553 3218 1607 ad
3258 1553 3420 1618 ovile,
3450 1552 3581 1623 quid
3609 1552 3755 1607 enim

2169 1643 2389 1710 prodest
2447 1658 2585 1696 vana
2612 1639 2939 1708 jactautium
2990 1644 3055 1698 de
3082 1646 3219 1698 bene
3247 1644 3479 1697 vivendo
3508 1642 3759 1699 inﬂatio?

2170 1731 2298 1785 dum
2344 1732 2408 1786 ad
2452 1731 2611 1787 tinem
2639 1734 3027 1803 perpetualiter
3071 1734 3207 1788 bene
3254 1734 3469 1788 vivendi
3519 1735 3630 1787 vita
3658 1749 3757 1789 eo—

475 1803 572 1858 sibi
601 1803 797 1858 socium
836 1800 1028 1859 Petrus
1055 1804 1182 1873 facit
1208 1820 1319 1859 esse
1345 1804 1626 1868 Joannem,
1672 1806 1921 1861 Ecclesia-
1944 1809 2063 1876 quia

2174 1839 2292 1877 rum
2343 1839 2448 1877 non
2480 1800 2809 1893 perveniat?
2855 1823 2925 1878 At
2954 1824 3055 1879 hoc
3087 1824 3232 1878 enim
3268 1824 3426 1879 debet
3464 1824 3761 1893 unicuique

474 1892 617 1961 virgo
661 1890 852 1961 placet.
910 1892 1213 1949 Notandum
1252 1902 1435 1949 autem
1477 1895 1621 1964 quod
1650 1895 1947 1967 Philippus,
1973 1898 2065 1967 qui

474 1981 738 2039 Samaria:
786 1984 1218 2054 Evangelizabat,
1253 2003 1393 2042 unus
1419 1986 1486 2043 de
1522 1998 1728 2059 septem
1772 1989 1955 2045 fuerit.
2008 1992 2064 2046 Si

472 2074 619 2129 enim
653 2075 932 2145 apostolus
962 2084 1126 2141 esset,
1170 2077 1284 2148 ipse
1312 2078 1499 2147 utique
1525 2094 1744 2134 manum
1791 2080 2069 2149 imponere

471 2163 755 2235 potuisset,
806 2172 866 2219 ut
931 2167 1241 2235 acciperent
1303 2166 1568 2236 Spiritum
1600 2174 1880 2224 sanctum.
1954 2170 2067 2227 Hoc

472 2255 621 2310 enim
669 2254 799 2310 solis
853 2256 1199 2324 pontiﬁcibus
1254 2257 1501 2323 debetur,
1568 2275 1693 2314 nam
1737 2262 2068 2334 presbyteris

472 2348 589 2403 sive
617 2354 773 2402 extra
796 2348 1127 2419 episcOpum,
1157 2363 1253 2404 seu
1296 2360 1563 2419 prtesente
1611 2353 1884 2422 episcopo,
1943 2369 2064 2409 cum

472 2438 774 2509 baptizant,
830 2439 1126 2494 chrismate
1165 2439 1476 2510 baptizatos
1526 2458 1732 2512 ungere
1770 2442 1925 2508 licet,
1972 2444 2067 2499 sed

471 2528 613 2597 quod
652 2529 722 2583 ab
766 2528 1020 2599 episcOpo
1070 2528 1234 2586 fuerit
1279 2542 1681 2595 consecratum,
1732 2546 1839 2587 non
1887 2540 2066 2588 tamen

472 2617 706 2671 frontem
732 2630 801 2672 ex
826 2617 1014 2671 eodem
1045 2616 1165 2672 oleo
1190 2619 1429 2690 signare,
1472 2619 1616 2689 quod
1632 2619 1771 2693 solis
1794 2621 2066 2692 episcopis

470 2706 721 2772 debetur,
773 2720 894 2762 cum
924 2706 1147 2762 tradunt
1202 2708 1466 2779 Spiritum
1521 2709 1855 2779 paracletum
1884 2710 2064 2781 bapti—

473 2802 611 2857 zatis
642 2821 655 2857 :
686 2817 1128 2873 unamquamque
1152 2803 1299 2858 enim
1332 2818 1581 2873 personae
1632 2804 1787 2859 decet
1813 2813 1873 2859 ut
1901 2805 2067 2859 ritum

470 2890 679 2947 or'dinis
702 2893 784 2947 sui
812 2902 867 2947 et
893 2908 1203 2951 mensuram
1230 2893 1431 2962 gradus
1458 2903 1654 2961 servet,
1696 2894 1820 2963 quia
1850 2910 1957 2947 non
1984 2904 2067 2948 est

474 2979 622 3037 Deus
650 2981 1005 3039 dissensionis
1032 2982 1125 3036 sed
1146 2982 1315 3052 pacis,
1347 2991 1402 3036 et
1433 2982 1668 3051 Spiritus
1706 2991 1928 3038 sanctus
1963 2984 2069 3038 dis-

470 3072 683 3141 ciplina:
728 3071 948 3146 eﬂ'ugiet
1005 3071 1210 3137 ﬁctum,
1276 3080 1439 3143 atque
1490 3074 1543 3127 in
1578 3073 1897 3149 malevolam
1950 3075 2065 3127 ani-

470 3177 617 3218 mam
655 3176 762 3217 non
787 3162 1032 3219 introibit
1057 3163 1340 3234 sapientia.
1374 3162 1526 3220 Unde
1549 3160 1800 3219 Salvator
1826 3164 2064 3235 discipu-

468 3252 535 3307 lis
581 3252 694 3308 suis
744 3254 1023 3323 praecepit,
1054 3253 1241 3309 dicens
1274 3268 1288 3307 :
1319 3255 1408 3325 qui
1461 3255 1572 3308 vult
1612 3256 1749 3317 inter
1776 3272 1863 3309 ros
1892 3255 2066 3324 major

468 3342 608 3411 ﬁeri,
644 3342 741 3411 βαι
761 3343 895 3398 sicut
940 3345 1130 3409 minor,
1156 3344 1479 3415 quia‘omnis
1524 3346 1613 3415 qui
1654 3362 1707 3401 se
1757 3345 2063 3399 emanauerit

470 3432 862 3498 humiliabitur,
907 3442 955 3488 et
984 3434 1076 3504 qui
1117 3450 1172 3487 se
1193 3434 1544 3489 humiliaverit
1565 3435 1900 3491 multabitur.
1931 3436 2061 3491 Stu-

470 3525 599 3580 deat
618 3525 991 3594 unusquisque
1014 3524 1449 3581 uthumilitatem
1478 3525 1674 3582 habent
1706 3526 1756 3579 in
1794 3528 1975 3581 animo
2009 3538 2065 3583 et

473 3616 615 3671 bona
641 3630 806 3686 opera
827 3615 1081 3671 ostendat
1108 3616 1162 3669 in
1185 3616 1463 3686 exemplo:
1498 3618 1682 3687 sicque
1708 3618 1819 3688 ipse
1842 3634 1945 3671 non
1972 3635 2061 3673 so-

472 3702 584 3758 lum
610 3720 793 3761 coram
822 3706 954 3771 Deo,
980 3706 1076 3762 sed
1104 3707 1269 3762 etiam
1291 3723 1476 3762 coram
1506 3710 1815 3766 hominibus
1842 3713 2065 3767 habebit

469 3792 681 3851 laudem
741 3806 795 3853 et
838 3797 1072 3868 gratiam
1132 3798 1369 3853 inveniet
1422 3800 1473 3851 in
1514 3804 1803 3870 conspectu
1851 3804 2059 3857 Domini

469 3890 643 3947 nostri
700 3889 827 3946 Jesu
874 3891 1117 3955 Christi,
1176 3892 1269 3961 qui
1324 3907 1446 3945 cum
1516 3892 1678 3948 Patre
1752 3904 1805 3948 et
1859 3895 2060 3964 Sp'uitu

471 3986 684 4045 sancto,
733 3979 867 4034 vivit
890 3989 943 4035 et
974 3990 1167 4051 regnat
1193 3982 1357 4046 Deus,
1386 3998 1483 4053 per
1529 3986 1707 4039 (illiilla
1732 3986 1927 4039 smcula
1965 4004 2064 4042 Stc-

472 4072 739 4129 culorum.
764 4072 958 4127 Amen.

1080 4184 1361 4241 nouum
1400 4186 1554 4240 LXII.

1041 4291 1170 4330 ιτειι
1200 4290 1357 4330 FERIA
1382 4292 1461 4331 Ill.

610 4364 799 4420 Lectio
827 4366 999 4421 sancti
1024 4366 1298 4437 Evangelii
1324 4367 1617 4421 secundum
1645 4366 1927 4424 Joannem.

2169 1914 2423 1983 prodesse
2468 1917 2606 1972 bene
2656 1915 2857 1979 vivere,
2910 1924 2968 1969 ut
3015 1916 3173 1971 detur
3213 1914 3289 1969 illi
3351 1930 3567 1984 semper
3620 1914 3761 1969 bene

2168 2005 2369 2060 vivere.
2402 2004 2533 2059 Nam
2567 2005 2613 2060 si
2649 2006 2732 2060 cui
2779 2020 2885 2060 non
2931 2006 3092 2059 datur
3114 2019 3327 2074 semper
3366 2006 3503 2059 bene
3546 2004 3760 2069 vivere,

2168 2096 2296 2165 quid
2344 2096 2569 2165 prodest
2593 2099 2643 2151 ei
2672 2097 2810 2151 bene
2837 2096 3021 2151 vivere
3066 2096 3132 2150 ad
3175 2097 3432 2166 tempus?
3467 2095 3636 2166 igitur
3656 2109 3761 2149 nec

2166 2187 2307 2241 bene
2341 2187 2523 2241 vivere
2573 2187 2785 2242 dicendi
2835 2195 2983 2249 sunt,
3030 2188 3121 2256 qui
3162 2186 3325 2243 tinem
3368 2187 3507 2242 bene
3536 2186 3758 2241 vivendi

2168 2277 2254 2334 vel
2300 2277 2545 2332 carcitate
2594 2278 2863 2343 nesciunt,
2918 2278 3002 2334 vel
3037 2276 3324 2335 inﬂatione
3377 2284 3755 2332 contemnunt.

2169 2368 2287 2425 Non
2309 2378 2392 2427 est
2424 2376 2604 2422 autem
2627 2367 2875 2437 cuiquam
2919 2382 3043 2437 spes
3067 2383 3195 2423 vera
3242 2377 3298 2422 et
3350 2376 3497 2422 certa
3540 2380 3763 2435 semper

2168 2460 2403 2523 vivendi,
2467 2459 2571 2514 nisi
2620 2467 2879 2528 agnoscat
2946 2458 3133 2521 vitam,
3180 2474 3300 2528 qua:
3352 2464 3435 2513 est
3483 2456 3757 2522 Christus,

2168 2559 2221 2604 et
2267 2565 2362 2619 per
2402 2550 2626 2619 januam
2654 2550 2818 2603 intret
2876 2550 2928 2602 in
2962 2549 3119 2603 ovile.
3171 2548 3309 2603 Sunt
3337 2550 3482 2603 enim
3532 2548 3759 2618 quidam

2168 2644 2414 2701 homines
2454 2644 2638 2714 quiin
2690 2644 2806 2703 suis
2840 2643 3141 2713 gloriantur
3194 2644 3455 2705 moribus,
3509 2650 3565 2695 et
3618 2640 3758 2695 alios

2166 2742 2287 2804 post
2326 2750 2385 2789 se
2431 2734 2649 2789 trahere
2688 2743 2954 2804 quaerunt,
3004 2748 3109 2787 non
3159 2733 3228 2787 de
3281 2733 3481 2787 Christi
3547 2747 3758 2801 prace-

2166 2826 2274 2893 ptis
2324 2824 2656 2879 instruentes
2690 2838 2817 2878 suos
2846 2830 3165 2886 sectatores,
3207 2822 3301 2875 sed
3347 2821 3460 2875 suis
3491 2820 3761 2889 exemplis

2165 2916 2348 2969 vivere
2382 2930 2484 2977 eos
2519 2913 2828 2977 suadentes.
2870 2914 2945 2967 De
2972 2913 3166 2982 quibus
3202 2912 3307 2965 alio
3340 2911 3459 2965 loco
3495 2912 3610 2979 ipsa
3649 2909 3749 2964 Ve-

2168 3008 2302 3061 ritas
2330 3007 2407 3060 nit
2443 3024 2458 3059 :
2493 3007 2751 3060 docentes
2789 3005 3064 3058 doctrinas
3088 3004 3389 3067 hominum,
3420 3010 3475 3057 et
3498 3003 3756 3055 mandata

2168 3097 2264 3153 Dei
2302 3104 2731 3159 contemnentes,
2760 3096 2850 3164 qui
2892 3109 2989 3165 per
3012 3094 3172 3147 aliam
3202 3102 3413 3163 portam
3455 3092 3763 3148 ascendere

2166 3196 2415 3258 quaerunt
2448 3201 2641 3257 rapere
2676 3194 2732 3240 et
2780 3185 3030 3240 occidere
3062 3199 3169 3238 non
3204 3191 3263 3237 ut
3310 3190 3496 3253 pastor
3540 3181 3761 3237 salvare

2164 3288 2328 3349 atque
2356 3293 2724 3341 conservare.
2762 3278 2837 3333 De
2876 3278 3073 3333 talibus
3120 3277 3209 3333 hic
3259 3277 3462 3332 dictum
3512 3285 3619 3340 est,
3666 3277 3762 3345 qui

2164 3372 2397 3425 ascendit
2455 3369 2692 3437 aliunde,
2736 3371 2825 3425 ille
2857 3372 2945 3441 fur
2975 3379 3049 3424 est
3094 3378 3145 3423 et
3182 3370 3337 3423 latro.
3398 3368 3518 3425 Non
3576 3369 3757 3424 solum

2162 3478 2293 3518 vero
2332 3462 2469 3517 tales
2494 3462 2845 3516 inveniuntur
2875 3462 3125 3517 doctores
3150 3462 3289 3518 inter
3331 3477 3447 3525 eos,
3499 3462 3592 3530 qui
3621 3461 3753 3515 sine

2163 3552 2385 3606 nomine
2427 3551 2631 3606 Christi
2680 3559 2843 3616 sunt;
2901 3552 3039 3606 sicut
3082 3552 3237 3608 multi
3283 3551 3760 3621 philosophorum,

2166 3644 2257 3712 qui
2304 3659 2459 3698 suam
2520 3643 2842 3712 sapientiam
2884 3642 3070 3697 buccis
3122 3643 3467 3711 crepantibus
3520 3643 3764 3695 ventila-

2164 3736 2289 3789 bant
2313 3742 2367 3788 et
2392 3734 2559 3787 vitam
2583 3732 2796 3787 beatam
2826 3734 2939 3787 suis
2970 3733 3334 3788 sectatoribus
3360 3732 3759 3799 promiserunt.

2166 3826 2370 3880 Verum
2407 3824 2571 3879 etiam
2616 3824 2833 3893 plurimi
2875 3824 2965 3892 qui
3002 3823 3315 3877 Christiano
3352 3823 3571 3876 nomine
3624 3838 3766 3875 ccu-

2165 3926 2353 3971 sentur
2398 3925 2454 3968 et
2496 3915 2827 3969 illuminatos
2883 3930 2911 3967 a
2950 3914 3169 3968 Christo
3197 3928 3255 3967 se
3289 3928 3411 3967 esse
3453 3913 3714 3981 iactitant

2165 4008 2429 4077 [ingentes
2473 4006 2574 4060 sibi
2602 4022 2739 4061 nova
2780 4020 2995 4074 quoque
3030 4006 3248 4058 nomina
3301 4006 3365 4059 de
3419 4004 3657 4065 Christo,
3704 4012 3765 4057 et

2165 4098 2287 4151 lidei
2331 4098 2623 4151 Catholica?
2652 4097 2923 4151 contraria
2966 4115 2977 4147 :
3010 4097 3152 4150 sicut
3193 4095 3614 4149 innumerabiles
3640 4096 3761 4148 litt!-

2166 4190 2316 4244 ινιξεὶ
2351 4188 2639 4249 faciebant,
2692 4188 3028 4243 aestimantes
3084 4202 3142 4241 se
3185 4186 3323 4240 falso
3379 4186 3597 4240 nomine
3656 4202 3766 4255 per

2156 4278 2403 4346 januam,
2451 4292 2570 4346 qua:
2615 4276 2864 4332 Christus
2903 4285 3003 4341 est,
3035 4278 3258 4329 intrare.
3286 4274 3553 4329 Sabellius
3574 4274 3713 4328 dicit
3741 4290 3757 4327 :

2166 4368 2270 4431 Qui
2285 4364 2454 4420 Filius
2478 4376 2575 4430 cst,
2591 4368 2697 4436 ipse
2717 4376 2791 4420 est
2817 4364 2999 4427 Pater,
3017 4368 3106 4419 sed
3126 4364 3297 4420 Filius
3322 4382 3422 4419 non
3450 4374 3524 4418 cst
3548 4364 3760 4429 Pater;

544 4453 610 4507 In
648 4454 739 4508 illo
773 4466 1003 4524 tempore
1036 4456 1168 4509 dixit
1195 4454 1351 4510 Iesus
1392 4456 1664 4527 discipulis
1685 4460 1834 4513 suis:
1872 4460 2054 4521 Amen,
2089 4490 2135 4549 υ
2166 4473 2269 4509 non
2322 4456 2487 4510 intrat
2536 4471 2631 4525 per
2684 4456 2881 4509 ostium
2921 4456 3009 4524 qui
3060 4456 3256 4510 Filium
3314 4456 3443 4509 dicit
3506 4454 3755 4511 Patrem.

472 4560 625 4597 nmen
694 4544 809 4597 dico
859 4544 1149 4615 vobis:qui
1190 4562 1293 4599 non
1358 4547 1523 4600 intrat
1589 4565 1683 4618 per
1741 4550 1933 4603 ostium
2004 4550 2059 4601 in

480 4634 611 4685 erile
633 4636 831 4699 arium»,
858 4634 949 4689 sed
993 4635 1227 4689 ascendit
1257 4633 1493 4701 aliunde,
1528 4635 1616 4689 ille
1662 4636 1751 4701 fur
1792 4648 1938 4691 estet
1982 4638 2060 4690 la-

474 4734 580 4784 tro,
619 4732 725 4776 etc.

545 4814 655 4868 lloc
687 4815 1030 4884 proverbium
1063 4814 1195 4869 dicit
1220 4815 1299 4870 eis
1327 4814 1503 4878 Iesus,
1530 4816 1602 4871 illi
1629 4826 1805 4871 autem
1831 4831 1936 4872 non
1962 4832 2056 4873 co-

474 4912 776 4973 gnoverunt
828 4905 955 4973 quid
1008 4904 1321 4973 loqueretur
1349 4906 1468 4960 eis:
1507 4915 1729 4975 prOpter
1758 4905 2058 4961 Pharisaeo—

476 5010 595 5047 rum
628 4994 719 5064 qui
750 5011 808 5050 se
852 4996 1034 5049 videre
1053 4996 1335 5066 jactabant
1361 5011 1488 5049 cum
1522 4997 1650 5050 casei
1688 5006 1868 5049 essent
1902 5010 2061 5051 vene-

474 5092 658 5139 natam
688 5096 743 5141 et
771 5086 1060 5155 superbam
1098 5094 1154 5139 et
1182 5085 1539 5141 insanabilem
1571 5087 1938 5156 arrogantiam
1961 5088 2063 5142 Dc»

474 5179 654 5233 minus
702 5178 858 5235 Jesus
908 5178 1010 5233 ista
1061 5179 1359 5243 contexuit,
1405 5194 1524 5247 qua:
1560 5180 1615 5233 in
1668 5178 1769 5233 hac
1808 5179 2065 5249 parabola

475 5270 744 5340 leguntur,
800 5286 963 5337 qttam
1014 5270 1128 5339 ipse
1170 5268 1277 5323 illis
1304 5284 1409 5325 non
1434 5269 1862 5339 intelligentibus
1899 5285 2065 5339 expo-

477 5375 607 5417 nere
659 5360 908 5429 dignatus
934 5369 1037 5426 est,
1071 5361 1123 5414 in
1155 5376 1261 5429 qua
1291 5375 1389 5414 nos
1411 5359 1701 5414 salubriter
1731 5361 1775 5414 si
1802 5360 2056 5414 adverta-

476 5468 596 5509 mus
640 5451 919 5506 admonuit
976 5468 1082 5508 non
1121 5453 1339 5524 gloriari
1394 5454 1447 5507 in
1496 5454 1760 5523 sapientia
1799 5456 2057 5517 humana,

476 5556 587 5596 non
633 5541 689 5596 in
720 5557 934 5596 morum
962 5542 1242 5610 dignitate,
1282 5544 1324 5597 si
1358 5542 1637 5597 humilitas
1670 5542 1791 5599 ﬁdei
1819 5544 2059 5599 Catholi-

475 5646 557 5688 ca:
606 5630 661 5686 in
689 5629 963 5687 Christum
990 5631 1131 5687 desit
1160 5649 1173 5685 :
1219 5632 1371 5686 multi
1402 5632 1548 5685 enim
1576 5641 1703 5687 sunt
1726 5634 1940 5703 pagani,
1965 5633 2058 5703 qui

480 5724 775 5782 semiudum
850 5722 1139 5793 quamdam
1220 5724 1340 5776 vitro
1388 5720 1546 5791 hujus
1612 5724 2057 5780 consuetudinem

2164 4546 2326 4600 Arius
2356 4546 2486 4601 dicit
2519 4565 2531 4599 :
2563 4546 2719 4599 Aliud
2747 4558 2819 4599 est
2852 4543 3013 4599 Pater
3038 4546 3185 4599 aliud
3216 4558 3289 4601 est
3328 4545 3520 4599 Filius.
3578 4544 3759 4601 Recte

2171 4637 2377 4690 diceret
2427 4635 2475 4689 si
2498 4635 2701 4689 diceret
2736 4653 2747 4688 :
2778 4635 2951 4689 alius?
2991 4651 3092 4690 non
3127 4635 3290 4688 aliud.
3345 4635 3568 4701 Quando
3599 4635 3757 4689 enim

2166 4724 2298 4777 dicit
2321 4723 2485 4785 aliud,
2523 4723 2570 4778 ei
2604 4724 2925 4779 contradicit
2960 4739 2989 4777 a
3031 4740 3137 4794 quo
3161 4726 3310 4777 aualit
3342 4742 3353 4777 :
3393 4723 3502 4793 Ego
3549 4734 3599 4777 et
3630 4720 3755 4777 Pa-

2165 4825 2240 4867 ter
2284 4832 2446 4869 unum
2478 4831 2705 4871 sumus:
2733 4830 2835 4870 nec
2870 4815 2983 4885 ipsc
3027 4831 3157 4883 ergo
3198 4816 3362 4868 intrat
3392 4830 3487 4883 per
3521 4814 3753 4868 ostium.

2164 4902 2430 4957 Prtedicat
2474 4904 2619 4959 enim
2652 4903 2947 4965 Christum,
3000 4903 3215 4972 qualem
3247 4904 3347 4957 Sibi
3400 4902 3588 4973 ﬁngit,
3636 4917 3755 4956 non

2160 4995 2373 5073 qu_alem
2424 4995 2627 5049 veritas
2650 4994 2830 5049 habet.
2857 4993 3083 5048 Fotinus
3114 4994 3243 5048 dicit
3268 5007 3282 5046 :
3305 4992 3553 5047 Christus
3583 4992 3755 5048 homo

2160 5094 2246 5140 est
2278 5096 2503 5151 tantum,
2544 5100 2652 5139 non
2696 5084 2841 5140 Deus
2871 5099 2886 5136 :
2920 5100 3017 5141 nec
3044 5086 3158 5154 ipse
3204 5084 3369 5138 intrat
3402 5098 3499 5153 per
3520 5083 3753 5149 ostium,

2162 5178 2287 5244 quia
2318 5176 2567 5231 Christus
2597 5185 2651 5230 et
2691 5176 2853 5229 homo
2885 5184 2936 5229 et
2978 5176 3119 5229 Deus
3147 5183 3250 5227 est.
3276 5173 3413 5233 llinc
3438 5174 3584 5228 enim
3607 5189 3752 5227 nova

2165 5268 2409 5331 haeresis,
2451 5284 2571 5337 qum
2605 5268 2658 5321 in
2705 5268 2908 5322 nostris
2955 5276 3074 5320 orta
3114 5276 3220 5330 est,
3255 5268 3565 5320 consentire
3598 5265 3753 5321 vide-

2167 5368 2274 5420 tur,
2326 5357 2643 5412 adiuuando
2670 5368 2725 5411 et
2766 5357 3124 5427 praedicando,
3177 5358 3426 5411 Christus
3450 5356 3590 5409 sicut
3626 5357 3757 5425 qui-

2167 5450 2292 5505 libet
2327 5460 2637 5504 sauctorum
2675 5450 3074 5519 nuncupativus
3106 5448 3246 5503 Deus
3286 5457 3373 5503 est
3404 5456 3460 5501 et
3506 5461 3614 5501 non
3653 5461 3754 5500 vc—

2166 5557 2278 5595 rus.
2315 5540 2451 5606 Quid
2478 5555 2610 5610 Opus
2636 5548 2719 5595 est
2744 5541 2907 5594 multa
2938 5553 3261 5609 percurrere
3312 5549 3368 5592 et
3412 5536 3581 5591 multa
3606 5552 3752 5591 vana

2168 5632 2454 5689 hatresium
2474 5634 2849 5687 denumerare.
2881 5631 2994 5686 Hoc
3036 5639 3233 5693 tenete,
3286 5631 3340 5684 in
3378 5628 3521 5684 ovile
3542 5627 3756 5685 Christi

2170 5722 2464 5777 Ecclesiam
2511 5722 2832 5777 catholicam
2862 5735 2982 5777 esse
3020 5722 3245 5785 credite.
3282 5720 3605 5788 Quicunque
3635 5724 3760 5774 vult
