3946 6356
180 372 274 441 265

1263 381 1569 444 llOlllLl/E
1606 382 1676 444 1N
1718 383 1967 445 EVANC.
2010 384 2096 445 ET
2132 384 2344 447 EPIST.

3320 392 3427 446 266

181 499 377 551 intrare
429 512 485 550 tn
548 498 724 562 ovile,
782 512 875 566 per
922 500 1119 552 ostium
1168 500 1355 562 intret,
1406 499 1456 552 id
1506 509 1609 564 est,
1650 515 1745 568 per
1776 509 1819 563 Λ
1852 503 1949 553 tiat
1996 510 2302 555 venturum.
2344 495 2445 556 Alii
2500 509 2625 555 sunt
2674 514 2802 572 ergo
2823 516 2958 571 quos
2987 516 3092 555 non
3142 502 3429 556 audierunt

182 588 468 651 Christum,
491 597 548 642 et
559 589 833 644 Christum
852 606 1036 643 verum
1060 592 1248 653 Deum,
1270 600 1322 645 et
1344 606 1530 645 verum
1555 590 1746 644 Filium

181 678 270 731 Dei
298 678 579 747 prtedicet,
627 689 681 733 et
720 696 824 733 non
853 679 1023 734 solum
1056 679 1329 734 Christum
1354 682 1632 749 praedicet,
1661 682 1752 735 sed

178 768 452 823 etChristi
507 768 733 837 gloriam
769 779 997 837 qumrat,
1050 782 1157 824 non
1201 786 1351 824 suam
1382 788 1395 824 :
1429 786 1551 824 nam
1600 771 1751 824 multi

180 854 462 925 qitairendo
487 854 714 924 gloriam
741 871 1063 921 suam,oves
1087 856 1289 911 Christi
1314 866 1632 926 sparserunt
1660 873 1753 926 po-

178 946 280 997 tius
308 958 470 1013 quam
494 954 977 1015 congregaverant.
1014 945 1242 1010 Humilis
1286 956 1368 1001 est
1395 947 1536 999 enim
1587 945 1750 1015 janua

178 1035 421 1090 Christus
448 1037 706 1090 Dominus
730 1035 876 1090 Deus
906 1046 1092 1092 noster
1114 1078 1130 1103 ,
1163 1038 1251 1107 qui
1285 1039 1450 1092 intrat
1488 1053 1587 1107 per
1616 1040 1752 1094 hanc

172 1126 412 1196 ianuam,
445 1135 658 1195 oportet
688 1136 748 1180 ut
777 1127 1022 1181 humiliet
1050 1143 1128 1192 se,
1181 1137 1241 1182 ut
1268 1143 1402 1183 sano
1423 1128 1600 1197 capite
1625 1144 1753 1198 pos-

175 1217 243 1271 sit
271 1218 499 1272 intrare.
535 1216 598 1271 lli
639 1225 765 1272 sunt
785 1217 877 1286 qui
897 1230 1086 1273 vocem
1112 1219 1226 1272 veri
1250 1220 1485 1288 pastoris
1504 1219 1748 1284 audiunt,

176 1306 228 1360 hi
268 1314 396 1360 sunt
438 1320 573 1375 quos
592 1307 838 1376 proprias
867 1322 994 1362 oves
1033 1307 1356 1362 nominatim
1385 1323 1543 1363 verus
1568 1316 1753 1378 pastor

174 1407 345 1463 vocat,
374 1398 445 1452 de
490 1397 574 1451 bis
598 1397 799 1451 dictum
851 1405 953 1462 est,
994 1397 1215 1467 gaudete
1239 1405 1287 1450 et
1319 1397 1598 1463 exsitltate,
1628 1414 1753 1468 quo-

171 1489 308 1542 niam
338 1488 553 1541 nomine
574 1496 742 1541 vestra
777 1497 900 1540 sunt
924 1488 1117 1556 scripta
1144 1488 1201 1541 in
1232 1486 1394 1542 caelis.
1427 1486 1563 1541 Hinc
1607 1487 1749 1543 enim

169 1594 262 1635 eas
288 1579 612 1634 nominatim
656 1586 836 1643 vocat,
859 1588 913 1631 et
934 1578 1055 1647 quis
1082 1578 1219 1633 alius
1244 1593 1343 1641 eas
1377 1580 1607 1634 emittit?
1648 1579 1751 1633 nisi

169 1668 258 1737 qui
286 1682 478 1721 eorum
530 1675 756 1735 peccata
794 1666 1032 1729 dimittit,
1070 1675 1129 1721 ut
1157 1682 1279 1723 eum
1316 1668 1466 1737 sequi
1514 1669 1664 1724 duris
1689 1669 1752 1722 li-

170 1757 370 1812 berata:
402 1755 649 1823 vinculis
678 1756 907 1825 possint.
960 1753 1026 1809 Et
1050 1756 1173 1824 quis
1196 1759 1609 1826 easpraecessit,
1643 1773 1750 1828 quo

1854 606 1981 643 oves
2004 590 2057 643 in
2104 591 2299 660 quibus
2326 605 2431 645 non
2466 600 2585 644 erat
2608 605 2703 645 vox
2729 590 2931 645 Christi
2958 606 2972 657 ;
3002 600 3267 655 errantes,
3292 589 3424 645 falsa

1855 681 2114 744 dicentes,
2149 680 2324 734 inania
2354 681 2675 749 garrientes,
2703 694 2837 734 vana
2874 680 3159 749 tingentes,
3199 681 3428 736 miseros

1853 768 2211 831 seducentcs,
2283 769 2423 823 sicut
2471 769 2973 838 pseudOprophetae,
3039 769 3180 822 sicut
3235 767 3428 822 scriba:

1852 864 1907 909 et
1959 856 2211 924 pharisazi
2279 858 2609 925 temporibus
2670 858 2837 926 ipsius
2883 857 3115 911 Domini.
3171 856 3235 910 ili
3300 866 3426 910 sunt

1852 945 1943 1011 qui
1987 954 2250 998 venerunt
2300 960 2398 1015 per
2444 962 2534 1009 se,
2576 952 2630 999 et
2682 962 2787 1000 non
2818 953 2942 1000 sunt
2971 962 2999 999 a
3040 945 3222 1015 judice
3252 945 3420 999 missi.

1849 1030 1948 1085 llis
1979 1047 2107 1086 vero
2135 1048 2257 1087 cum
2303 1001 2566 1089 dbctrinis
2613 1036 2723 1089 suis
2756 1035 2946 1105 procul
2978 1035 3216 1105 expulsis
3245 1034 3424 1089 videa-

1854 1138 1973 1177 mus
1998 1137 2105 1192 quo
2136 1139 2234 1179 nos
2251 1134 2444 1192 pastor
2476 1128 2650 1181 bonus
2677 1134 2853 1180 vocat.
2886 1126 3022 1180 Dicit
3050 1127 3233 1180 enim:

1923 1212 2038 1283 Ego
2058 1230 2172 1268 sum
2196 1216 2405 1269 ostium.
2439 1214 2544 1269 Per
2568 1232 2649 1270 me
2669 1217 2715 1269 si
2740 1217 2854 1286 quis
2881 1216 3157 1282 introierit,
3192 1216 3422 1270 saloabi‘

1851 1312 1939 1357 tur
1960 1318 1979 1357 :
2002 1314 2049 1359 et
2081 1304 2419 1375 ingredietur,
2442 1316 2489 1360 et
2524 1308 2847 1377 egredietur,
2886 1316 2935 1361 et
2956 1324 3151 1378 pascua
3184 1308 3421 1361 inueniet.

1853 1394 1931 1449 E'x
1959 1396 2064 1451 hoc
2108 1395 2385 1451 evidenter
2433 1399 2665 1452 ostendit
2706 1413 2810 1452 non
2836 1398 3008 1454 solum
3028 1406 3293 1468 pastores,
3329 1398 3424 1453 sed

1853 1486 2016 1539 etiam
2066 1500 2196 1557 oves
2250 1486 2455 1541 intrare
2497 1502 2593 1556 per
2617 1489 2845 1553 ostium;
2894 1490 2986 1545 sed
3028 1489 3157 1558 quid
3202 1497 3307 1552 est,
3336 1491 3422 1543 in-

1852 1574 2121 1643 gredietur
2164 1585 2213 1630 et
2249 1577 2561 1646 egredietur,
2596 1586 2643 1631 ct
2693 1592 2890 1647 pauua
2917 1580 3161 1632 inveniet.
3214 1578 3427 1647 ingredi

1819 1664 2050 1732 .quippe
2104 1664 2157 1719 in
2197 1665 2491 1719 Ecclesiam
2539 1682 2637 1735 per
2682 1668 2881 1722 ostium
2947 1667 3222 1722 Christum
3274 1667 3428 1723 valde

1855 1752 2052 1806 bonum
2082 1762 2185 1819 est,
2225 1755 2376 1810 exire
2419 1762 2597 1809 autem
2642 1757 2707 1810 de
2734 1757 2994 1823 Ekclesia,
3040 1759 3180 1813 sicut
3204 1760 3281 1813 ait
3313 1761 3426 1829 ipse

167 1860 288 1900 eum
318 1844 659 1915 sequantur?
704 1844 808 1898 nisi
837 1844 927 1913 qui
980 1859 1267 1914 resurgens
1308 1861 1339 1898 a
1372 1846 1602 1901 mortuis
1635 1847 1747 1916 jam
1782 1849 1824 1907 Β
1856 1840 2093 1897 Joannes
2130 1843 2470 1914 Evangelista
2496 1844 2552 1898 in
2584 1845 2820 1914 Epistola
2865 1863 2981 1914 sua,
3012 1864 3078 1902 ea:
3116 1849 3259 1903 nobis
3286 1851 3429 1903 exie-

171 1951 273 1992 non
301 1937 533 1990 moritur
554 1944 609 1991 et
636 1949 783 1989 mors
810 1935 882 1989 illi
914 1934 1052 1991 ultra
1082 1951 1188 1989 non
1218 1935 1601 1990 dominabitur.
1632 1936 1742 1989 Has

169 2045 298 2084 vero
327 2029 530 2093 educit,
558 2043 589 2081 a
613 2027 717 2082 ﬁde
745 2028 812 2096 ad
855 2026 1114 2096 speciem,
1156 2035 1211 2080 et
1236 2034 1361 2080 ante
1390 2027 1523 2080 istas
1574 2026 1744 2089 vadit,

172 2122 294 2191 quia
322 2121 473 2190 prior
501 2118 739 2173 omnium
755 2094 1011 2172 .ascendit
1045 2115 1098 2169 iu
1131 2114 1349 2180 malum,
1396 2122 1452 2169 et
1478 2128 1596 2183 quae
1623 2123 1749 2169 sunt

169 2226 297 2266 oves
321 2226 434 2266 sure
460 2210 609 2264 illum
664 2216 982 2277 sequuntur,
1014 2206 1142 2274 quia
1185 2206 1366 2261 sciunt
1409 2220 1596 2259 vocem
1654 2206 1747 2258 do—

172 2302 357 2357 ctrina:
385 2298 523 2369 ejus.
554 2299 772 2354 Alienos
809 2313 938 2351 vero
978 2297 1229 2350 ductores
1272 2310 1377 2349 non
1434 2304 1744 2363 sequentur,

171 2394 260 2448 sed
292 2393 499 2464 fugient
527 2392 595 2446 ab
624 2391 725 2455 eis,
749 2390 874 2458 quia
903 2403 1007 2442 non
1038 2394 1302 2441 noverunt
1324 2400 1534 2448 vocem,
1563 2384 1614 2438 id
1643 2393 1744 2450 est,

172 2483 469 2539 doctrinam
521 2482 853 2544 alienorum;
911 2478 1005 2533 sed
1046 2477 1303 2547 loquente
1350 2475 1577 2529 Domino
1620 2474 1746 2529 Jesu

169 2586 271 2625 non
300 2570 704 2633 intellexerunt,
741 2567 830 2636 qui
880 2566 1186 2628 audierunt,
1218 2564 1575 2617 incrassatum
1604 2565 1746 2617 enim

174 2658 477 2712 habuerunt
506 2672 622 2720 cor,
649 2666 703 2710 et
738 2655 975 2727 graviter
1004 2654 1313 2707 audierunt.
1362 2651 1615 2706 Nominat
1656 2668 1747 2706 os-

172 2750 320 2815 tium,
354 2746 778 2812 nominatovile,
803 2746 1045 2799 nominat
1092 2759 1239 2808 oves,
1269 2742 1609 2797 commendat
1639 2743 1749 2796 haec

166 2841 366 2903 omnia,
415 2838 512 2893 sed
539 2838 772 2892 nondum
796 2834 1035 2905 exponit.
1066 2831 1361 2887 Audiamus
1392 2840 1747 2901 exponentem

172 2930 260 2999 qui
285 2928 593 2983 audivimus
609 2932 998 2997 preponentcm
1033 2941 1045 2975 :

241 3019 439 3073 Iterum
482 3018 637 3072 Iesus
683 3016 810 3070 dicit
860 3012 1184 3077 eis:.4men,
1240 3025 1393 3066 amen
1440 3008 1557 3063 dico
1580 3008 1748 3072 vobis,

171 3109 289 3175 quia
312 3125 406 3178 ego
432 3124 549 3161 sum
572 3107 764 3161 ostium
795 3104 983 3159 ouium.
1023 3102 1161 3156 Ecce
1181 3102 1355 3171 ipsum
1380 3099 1579 3155 ostium
1607 3100 1748 3168 quod

1846 1943 1987 1998 runt,
2020 1933 2108 1986 sed
2138 1950 2241 1987 non
2267 1944 2415 1987 erant
2443 1951 2507 1988 ea:
2546 1936 2710 1989 nobis.
2769 1936 2881 2005 Ego
2911 1938 3024 1991 veni
3045 1949 3100 1991 ut
3138 1939 3295 1991 vitam
3324 1940 3422 1992 ha-

1849 2021 2022 2087 beant,
2053 2031 2101 2075 et
2126 2022 2479 2076 abundantius
2504 2024 2747 2077 habeant.
2778 2024 3003 2079 Videtur
3029 2027 3171 2081 enim
3204 2028 3425 2090 dixisse,

1850 2121 1911 2164 ut
1936 2112 2100 2164 vitam
2127 2120 2386 2167 reternam
2414 2113 2649 2167 habeant
2688 2113 3064 2183 ingredientes.
3096 2114 3212 2169 Non
3244 2126 3423 2171 autem

1842 2212 2024 2271 potest
2052 2204 2281 2272 quisque
2328 2220 2424 2274 per
2474 2206 2696 2270 ostium,
2752 2205 2804 2259 id
2843 2215 2947 2271 est,
2997 2222 3097 2276 per
3147 2206 3421 2262 Christum

1849 2296 2031 2365 egredi
2054 2297 2121 2351 ad
2154 2305 2414 2350 aeternam
2449 2296 2637 2361 vitam,
2681 2313 2801 2366 qua:
2821 2298 2926 2353 erit
2952 2299 3006 2352 in
3035 2298 3293 2368 sapiente,
3323 2301 3421 2354 nisi

1849 2399 1945 2452 per
1972 2386 2150 2455 ipsum
2180 2386 2400 2451 ostium,
2443 2386 2544 2441 hoc
2589 2394 2693 2451 est,
2734 2402 2834 2457 per
2860 2389 3106 2442 eumdem
3151 2387 3423 2443 Christum

1851 2475 2152 2545 Ecclesium
2180 2475 2296 2543 ejus
2312 2477 2461 2544 quod
2484 2485 2563 2531 est
2598 2476 2738 2531 ovile
2764 2477 2901 2547 ejus,
2930 2478 3214 2533 intraverit
3243 2477 3311 2532 ad
3352 2478 3430 2531 vi-

1850 2575 1964 2620 tam
1991 2566 2362 2635 temporalem,
2390 2582 2509 2635 quae
2536 2575 2619 2621 est
2652 2568 2702 2619 in
2733 2565 2854 2621 fide.
2883 2567 3009 2620 ideo
3052 2568 3131 2620 ait
3157 2584 3171 2619 :
3195 2582 3287 2634 ego
3313 2567 3426 2619 veni

1851 2665 1906 2709 ut
1934 2656 2089 2710 vitam
2137 2656 2357 2709 habeant
2386 2671 2403 2707 :
2431 2657 2534 2711 hoc
2560 2666 2662 2721 est,
2698 2656 2880 2721 ﬁdem,
2925 2672 3046 2725 qua:
3070 2672 3167 2727 per
3190 2649 3426 2710 dilectio-

1847 2764 1973 2803 nem
2004 2760 2260 2817 operatur
2289 2766 2302 2802 :
2336 2763 2435 2817 per
2464 2763 2631 2817 quam.
2658 2747 2814 2802 ﬁdem
2843 2749 2894 2801 in
2940 2748 3079 2802 ovile
3115 2747 3425 2816 ingrediun-

1854 2849 1942 2893 tur
1986 2848 2042 2892 ut
2092 2837 2309 2893 vivant?
2343 2840 2466 2908 quia
2507 2838 2686 2907 justus
2710 2852 2776 2892 ex
2811 2837 2915 2891 {ide
2964 2838 3125 2903 vivit;
3163 2848 3210 2890 et
3249 2837 3421 2890 abun-

1851 2927 2065 2981 dantius
2113 2927 2355 2992 habeant,
2386 2927 2477 2995 qui
2506 2926 2901 2995 perseverando
2954 2940 3127 2995 usque
3183 2926 3235 2979 in
3263 2924 3421 2980 linem

1854 3017 2034 3071 salvus
2084 3020 2208 3071 erit.
2260 3018 2363 3071 Per
2416 3016 2549 3070 illud
2607 3018 2826 3081 ostium,
2876 3016 2931 3071 id
2963 3023 3067 3080 est,
3119 3030 3218 3085 per
3265 3015 3424 3069 iidem

1858 3108 2058 3162 Christi
2118 3109 2471 3178 egrediuntur
2515 3109 2733 3178 quando
2790 3109 2905 3165 veri
2947 3108 3131 3163 ﬁdeles
3186 3108 3427 3162 moriun-

171 3198 407 3252 clausum
432 3191 1058 3268 posueratapcruit,ipse
1078 3201 1163 3247 est
1181 3188 1751 3261 ostium,agnovimus,
1775 3209 1827 3275 -ρ
1862 3206 1964 3260 tur,
2021 3207 2076 3251 et
2128 3198 2487 3252 abundantius
2551 3199 2828 3252 habebunt
2897 3198 3059 3252 vitam
3124 3199 3426 3264 veniendo,

174 3292 452 3354 intremus,
484 3296 544 3342 ut.
571 3303 667 3342 nos
694 3287 924 3341 intrasse
954 3285 1303 3356 gaudeamus.

240 3382 436 3437 Omnes
492 3390 738 3451 quotquot
776 3388 1045 3444 venerunt,
1094 3377 1237 3447 fures
1271 3385 1391 3432 sunt
1415 3385 1464 3432 et
1492 3378 1743 3434 latrones.

174 3471 305 3539 Quid
341 3480 427 3525 est
477 3472 599 3535 hoc,
650 3468 912 3524 Domine?
956 3484 1133 3521 omnes
1179 3477 1435 3539 quotquot.
1476 3478 1743 3533 venerunt,

173 3562 294 3630 quid
322 3561 471 3615 enim
507 3569 562 3613 tu
596 3574 702 3614 non
730 3559 965 3613 venisti?
991 3558 1085 3613 sed
1133 3558 1373 3629 intelligo
1397 3574 1576 3612 omne:
1595 3569 1748 3627 quot—

172 3665 287 3724 quot
313 3664 582 3717 venerunt,
612 3652 745 3707 dixit
772 3652 958 3720 utique
1000 3666 1189 3706 omnes
1208 3660 1413 3720 praeter
1440 3665 1545 3705 me.
1577 3648 1745 3703 Reco-

175 3744 340 3797 lamus
364 3758 495 3814 ergo
516 3752 641 3796 ante
666 3742 955 3795 adventum
980 3740 1171 3810 ipsius,
1199 3747 1463 3793 venerunt
1517 3740 1747 3810 proptrea

176 3843 260 3897 tze,
294 3834 536 3901 rmnquid
572 3832 717 3888 fures
765 3832 981 3886 luerunt
1006 3841 1061 3886 et
1104 3831 1380 3885 latrones?
1404 3831 1597 3896 Absit;
1644 3847 1749 3885 non

173 3934 365 3992 pneter
402 3924 552 3977 illum
579 3905 862 3989 venerunt,
893 3932 1151 3977 venturus
1180 3938 1455 3992 praecones
1475 3924 1747 3987 mittebat,

176 4016 261 4070 sed
290 4030 479 4069 eorum
528 4017 687 4071 corda
717 4029 852 4085 quos
886 4017 1107 4070 miserat
1136 4015 1464 4086 possidebat,
1494 4030 1616 4069 cum
1662 4016 1751 4070 illo

174 4122 297 4175 ergo
320 4116 591 4160 venerunt
609 4107 698 4174 qui
720 4122 842 4160 cum
864 4106 1028 4161 verbo
1046 4106 1136 4160 Dei
1162 4114 1423 4159 venerunt
1448 4122 1460 4158 :
1490 4104 1601 4176 Ego
1616 4123 1749 4170 sum,

180 4198 369 4267 mquit,
388 4199 495 4260 ria,
522 4198 729 4260 veritas,
752 4198 877 4250 vita.
902 4196 1024 4264 Ipse
1051 4207 1133 4250 est
1161 4196 1523 4259 veritas,cum
1551 4194 1641 4249 illo
1663 4210 1752 4249 vc-

180 4298 393 4353 nerunt,
424 4288 517 4357 qui
547 4302 766 4341 veraces
788 4286 1008 4342 fuerunt
1035 4295 1089 4341 et
1116 4288 1393 4343 veritatem
1426 4287 1752 4357 prmdicave-

177 4392 319 4446 runt,
358 4388 631 4450 quotquot
656 4390 834 4433 autem
870 4388 1072 4448 praner
1100 4378 1251 4432 illum
1298 4387 1565 4433 venerunt
1611 4378 1755 4433 fures

176 4481 295 4526 sunt
342 4481 399 4526 et
436 4471 849 4539 latrones;per
894 4486 954 4525 se
998 4477 1280 4533 venerunt,
1324 4469 1448 4539 quia
1486 4483 1588 4537 per
1630 4484 1751 4523 eum

1851 3303 1955 3358 quo
1980 3296 2161 3357 pastor
2175 3289 2264 3343 ille
2282 3288 2581 3360 praecessit,
2598 3289 2686 3344 tibi
2701 3305 2972 3359 nunquam
2993 3289 3183 3345 deinde
3200 3290 3428 3345 morian-

1849 3389 1956 3445 tur,
1989 3379 2081 3434 sed
2104 3395 2226 3436 cum
2259 3380 2373 3449 ipso
2403 3387 2619 3450 pastore
2668 3381 2846 3435 vivant
2872 3382 2923 3435 iu
2960 3389 3159 3435 reti-rita
3188 3380 3421 3435 beatitu-

1852 3468 1977 3522 dine
2001 3476 2053 3521 et
2085 3478 2311 3539 regnent
2330 3483 2427 3539 per
2450 3471 2630 3522 omnia
2656 3470 2854 3526 saecula
2902 3469 3242 3525 seculorum.

2399 3627 2681 3683 llOMlLlA
2708 3628 2886 3683 LXIII.

2508 3734 2663 3772 FERIA
2686 3734 2760 3772 iV.

2214 3808 2397 3864 Lectio
2424 3808 2652 3861 Actuum
2681 3807 3061 3875 apostolorum.

1925 3920 1991 3974 In
2029 3918 2209 3974 diebus
2239 3918 2377 3983 illis,
2409 3926 2553 3971 stans
2582 3917 2768 3970 Petrus
2797 3933 2915 3969 cum
2959 3918 3218 3983 undecim,
3245 3917 3427 3972 leuarit

1854 4028 2025 4067 vocem
2058 4027 2210 4065 suam
2259 4021 2307 4064 et
2354 4010 2557 4064 locutus
2586 4019 2659 4062 est
2690 4008 2762 4063 eis
2792 4025 2811 4063 .'
2863 4008 2972 4062 Viri
3005 4007 3215 4075 Juda'i,
3255 4020 3301 4063 et
3337 4011 3429 4081 qui

1854 4106 2099 4158 habitatis
2126 4100 2457 4157 Hierusalem
2488 4103 2729 4169 universi,
2761 4104 2856 4157 hoc
2880 4104 3018 4159 vobis
3046 4115 3222 4158 notum
3249 4105 3336 4163 sit.
3378 4115 3425 4158 et

1855 4194 2069 4247 auribus
2098 4195 2339 4264 peneipite
2363 4193 2513 4247 verba
2534 4207 2671 4257 mea,
2696 4200 2802 4248 etc.

1926 4282 2214 4351 Postquam
2239 4299 2335 4352 per
2370 4282 2605 4353 Spiritus
2631 4284 2804 4338 sancti
2835 4285 3086 4355 gratiam,
3116 4301 3233 4356 qua:
3260 4287 3311 4341 in
3343 4288 3429 4343 die

1853 4370 2201 4427 Pentecostes
2231 4371 2398 4425 ell‘usa
2420 4382 2503 4427 est
2524 4388 2684 4442 super
2702 4383 2914 4430 centum
2938 4375 3124 4443 viginti
3149 4377 3425 4432 credentes

1857 4462 1946 4529 qui
1973 4460 2188 4514 fuerunt
2228 4461 2281 4514 in
2318 4462 2598 4516 omnaculo
2627 4462 2757 4516 Sion
2784 4463 2966 4531 positi,
2992 4472 3048 4517 et
3070 4463 3415 4533 loquebantur

178 4562 321 4614 missi
366 4576 479 4614 non
513 4559 750 4623 fuerunt,
782 4575 886 4613 non
944 4574 1089 4615 suum
1117 4559 1373 4614 doctrinm
1407 4558 1754 4620 inminutus,
1781 4557 1833 4614 D
1856 4550 2021 4604 variis
2052 4550 2268 4620 linguis,
2312 4550 2490 4604 mirati
2518 4559 2643 4605 sunt
2672 4551 2759 4605 isti
2785 4552 2874 4621 qui
2899 4550 3183 4617 aﬂ‘uerunt,
3210 4564 3411 4625 stupenr

179 4657 239 4712 de
259 4658 462 4725 quibus
490 4657 710 4719 dictum,
763 4656 905 4724 [ures
949 4663 1069 4708 sunt
1092 4667 1139 4708 et
1191 4654 1437 4716 latrones,
1468 4652 1520 4707 id
1550 4658 1653 4714 est,
1686 4652 1751 4705 ad

182 4746 464 4801 furandum
485 4754 540 4800 et
577 4744 929 4799 occidendum
962 4751 1242 4797 venerunt.
1296 4741 1399 4795 Sed
1425 4755 1533 4794 non
1570 4740 1755 4792 audie-

183 4847 299 4891 runt
328 4852 425 4892 eos
441 4850 608 4912 gives,
643 4850 761 4902 quae
804 4848 947 4887 vene
987 4841 1113 4886 sunt
1137 4847 1285 4890 oves.
1337 4844 1443 4885 non
1489 4830 1587 4884 sub
1614 4828 1751 4899 pelle

181 4931 351 4993 ovina,
382 4929 627 4998 lupinum
641 4942 735 4981 cor
764 4926 1182 4990 abscondentes;
1218 4926 1379 4994 igitur
1393 4925 1483 4993 qui
1503 4932 1627 4979 aute
1653 4925 1749 4977 ad-

182 5030 391 5075 ventum
442 5019 644 5074 Christi
683 5018 1131 5088 pratdicavcruut,
1164 5018 1351 5071 eodem
1380 5015 1583 5084 Spiritu
1611 5031 1751 5082 prae-

182 5112 499 5166 dicaverunt
544 5124 652 5179 quo
686 5109 911 5177 apostoli
940 5117 994 5161 et
1031 5108 1202 5161 sancti
1236 5108 1483 5161 doctores
1502 5115 1625 5175 post
1654 5105 1750 5158 ad-

183 5211 397 5255 ventum
426 5200 630 5255 Christi
655 5199 895 5254 veritatis
940 5198 1083 5251 viam
1114 5198 1314 5250 mundo
1360 5196 1746 5261 ostenderunt;

185 5302 447 5362 quotquot
495 5302 671 5346 autem
706 5291 795 5344 illo
838 5299 1078 5357 tempore
1096 5287 1435 5342 crediderunt
1466 5289 1546 5341 vel
1575 5288 1750 5342 Abra-

187 5379 325 5444 ham,
362 5378 449 5434 vel
485 5378 657 5442 lsaac,
684 5380 765 5433 vel
801 5377 986 5441 Jacoh,
1042 5376 1123 5430 vel
1156 5375 1355 5445 Moyse,
1397 5376 1477 5430 vel
1512 5378 1631 5431 aliis
1658 5392 1751 5446 pa-

186 5468 453 5531 triarchis,
491 5468 717 5537 aliisque
764 5465 1035 5536 prophetis
1070 5463 1342 5519 Christum
1393 5469 1747 5534 pronuntian-

188 5556 323 5611 tibus
343 5596 359 5621 ,
391 5570 525 5610 oves
552 5566 709 5609 erant
748 5564 802 5609 et
838 5554 1110 5609 Christum
1142 5553 1445 5617 audierunt,
1476 5570 1580 5609 non
1615 5557 1745 5611 alie-

190 5663 303 5699 nam
325 5660 516 5699 vocem
544 5646 641 5698 sed
670 5645 839 5714 ipsius
887 5642 1090 5698 Christi
1137 5641 1443 5695 audierunt.
1484 5644 1617 5697 Nam
1665 5646 1750 5715 ju-

191 5735 281 5787 (ιρι
325 5735 525 5787 clamat
556 5735 608 5786 in
631 5749 904 5801 pnecone,
940 5734 1064 5787 dum
1092 5731 1519 5803 prmeojudicem
1546 5753 1748 5789 annuu-

588 5826 860 5884 Pnnor..
894 5826 1025 5883 CX.

1862 4652 1942 4696 tes
1981 4642 2371 4697 admiraculum
2400 4653 2508 4696 tam
2534 4643 2819 4697 laudabile.
2856 4644 2961 4697 Alii
2990 4646 3207 4713 quidam
3247 4647 3300 4701 in
3328 4649 3416 4702 hOt

1860 4733 2149 4788 laudabant
2179 4735 2363 4798 Deum,
2402 4733 2491 4787 alii
2530 4748 2657 4787 vero
2698 4733 2943 4788 ebrietati
2974 4735 3303 4805 deputabunt
3346 4738 3427 4791 di—

1861 4839 2069 4878 versam
2098 4824 2441 4887 locutionem,
2482 4838 2586 4877 non
2614 4824 2717 4877 nite
2746 4824 3129 4895 intelligentes,
3178 4827 3322 4896 quod
3357 4829 3431 4881 la-

1858 4922 2005 4968 etum
2039 4912 2246 4977 fuerat;
2279 4914 2419 4967 unde
2446 4911 2640 4967 Petrus
2666 4913 2957 4981 apostolus,
2995 4914 3134 4967 sicut
3164 4915 3322 4969 modo
3350 4915 3429 4968 le-

1859 5014 2002 5059 ctum
2025 5014 2129 5069 est,
2151 5003 2334 5059 levavit
2356 5022 2526 5058 vocem
2548 5021 2697 5059 suam
2728 5014 2773 5057 et
2796 5004 2998 5059 locutus
3019 5016 3092 5059 est
3118 5009 3193 5060 eis
3215 5021 3233 5058 :
3260 5009 3428 5062 mani.

1856 5094 2063 5150 testans
2086 5095 2357 5149 laudabile
2399 5095 2493 5149 Dei
2541 5095 2759 5149 donum.
2790 5094 2906 5149 Non
2948 5095 3119 5151 solum
3155 5113 3305 5167 ergo,
3350 5100 3429 5153 in-

1856 5188 2071 5256 quiunt,
2102 5187 2192 5256 qui
2228 5196 2418 5240 natura
2450 5194 2576 5239 sunt
2601 5184 2769 5240 Judaei
2802 5200 2867 5240 ex
2897 5186 3110 5240 diverso
3142 5189 3273 5242 orbe
3305 5204 3431 5243 con-

1858 5290 2155 5343 venerunt;
2178 5295 2361 5334 verum
2385 5289 2437 5334 et
2458 5280 2549 5349 qui
2572 5280 2623 5333 in
2646 5281 2907 5349 pneputio
2922 5280 3029 5333 nati
3052 5296 3238 5335 eorum
3259 5282 3434 5340 adhae-

1857 5388 1976 5426 sere
2011 5373 2155 5425 ritui.
2188 5371 2291 5425 Alii
2319 5382 2493 5424 autem
2521 5372 2795 5424 irridentes
2826 5372 3086 5435 dicebant,
3112 5372 3233 5443 quia
3263 5385 3433 5427 musto

1856 5462 1993 5529 pleni
2034 5474 2151 5515 sunt
2191 5463 2311 5526 isti;
2344 5462 2629 5515 irridentes
2656 5460 2779 5515 licet
2818 5462 3042 5531 mystice
3084 5471 3262 5516 tamen
3304 5479 3431 5517 vera

1856 5562 2155 5619 testantur;
2186 5555 2310 5623 quia
2340 5569 2445 5607 non
2476 5553 2600 5606 vino
2640 5552 2809 5606 veteri
2848 5553 2990 5621 quod
3017 5553 3070 5606 in
3096 5554 3309 5623 nuptiis
3337 5554 3437 5608 Ec-

1854 5644 2032 5697 clesiae
2053 5645 2255 5708 deﬁcit,
2280 5645 2373 5699 sed
2396 5652 2571 5696 musto
2590 5650 2714 5697 sunt
2727 5643 2913 5712 gratia:
2934 5644 3193 5711 spiritalis
3212 5645 3434 5713 impleti,

1848 5736 1961 5800 jam
1988 5738 2131 5789 enim
2161 5738 2340 5789 vinum
2372 5752 2568 5790 novum
2602 5736 2656 5789 in
2685 5745 2833 5789 utres
2862 5752 3029 5789 novos
3049 5747 3287 5799 venerat,
3314 5754 3434 5790 eum

2887 5831 2924 5885 υ
