3946 6352
492 353 608 411 ’867

1170 343 1230 401 Β.
1275 340 1531 401 RABANI
1564 336 1785 398 MAURI
1818 337 2145 395 ARCHIEI’.
2190 330 2503 389 MOGUNT.
2543 326 2829 385 OPERUM
2859 325 3037 380 PARS
3075 324 3141 378 ll.

3682 317 3793 374 968

496 463 732 538 apostoli
758 478 865 519 non
907 467 964 521 in
992 461 1263 515 vetustate
1287 457 1504 522 litterae,
1523 454 1618 511 sed
1646 453 1700 509 in
1721 451 1961 509 novitate
1986 449 2096 520 spi-
2125 462 2169 518 Α
2202 446 2319 514 ipso
2350 449 2642 513 praestante
2671 438 2901 492 Domino
2927 444 3112 489 nostro
3139 433 3264 488 Jesu
3279 431 3519 493 Christo,
3542 431 3635 499 qui
3662 443 3792 483 cum

501 555 662 622 ritus,
687 555 783 610 Dei
810 550 1080 622 magnalia
1109 554 1445 604 resonarent.

577 645 705 704 Non
734 646 893 709 enim,
914 643 1057 719 sicut
1084 656 1175 697 nos
1216 637 1511 704 astimatis,
1542 637 1598 691 lii
1629 636 1758 691 ebrii
1794 643 1939 699 sunt,
1973 649 2092 687 cum

504 740 572 795 sit
600 738 732 793 hora
767 734 872 789 diei
902 731 1077 800 tertia.
1115 729 1353 800 Spiritus
1382 736 1604 783 sanctus
1641 724 1872 796 gloriam
1899 722 2091 777 indivi-

506 830 625 887 dua
648 824 932 882 Trinitatis
978 821 1181 877 mundo
1221 817 1637 889 praedicaturus,
1680 814 1842 869 tertia
1896 826 2092 867 conve-

503 920 719 975 nienter
744 916 880 971 hora
910 908 1206 972 descendit,
1236 915 1291 964 et
1316 907 1447 979 quia
1475 918 1639 974 supra
1676 902 1891 958 dicitur.
1923 897 2095 953 Erant

504 1010 561 1065 in
612 1006 850 1062 oratione
887 1008 1296 1075 perseverantes,
1350 1003 1502 1051 recte
1544 992 1797 1063 spiritum
1846 997 2094 1044 sanctum

505 1093 769 1155 orationis
802 1095 935 1149 hora
966 1088 1291 1161 percipiunt,
1329 1093 1389 1141 ut
1416 1082 1736 1140 ostendatur
1773 1078 2093 1150 legentibus,

505 1188 632 1260 quia
658 1184 879 1256 spiritus
908 1180 1080 1236 sancti
1108 1177 1285 1250 gratia
1322 1190 1429 1230 non
1460 1172 1618 1228 facile
1642 1170 1959 1242 percipitur,
1993 1168 2097 1223 nisi

504 1276 680 1348 gratia
710 1290 740 1327 a
783 1270 1099 1328 carnalibus
1124 1278 1484 1337 supernorum
1520 1262 1817 1318 intentione
1846 1260 2054 1314 levetur
2079 1273 2092 1307 :

507 1347 613 1422 tria
647 1364 792 1421 enim
828 1370 1074 1431 tempora
1098 1357 1296 1429 quibus
1324 1352 1512 1411 Daniel
1543 1352 1597 1406 in
1641 1351 1727 1406 die
1753 1347 1974 1404 ﬂectere
2007 1361 2099 1417 ge-

504 1469 611 1509 nua
644 1467 743 1509 sua
768 1460 826 1508 et
852 1450 1081 1506 adorare
1104 1446 1323 1518 legitur,
1355 1444 1536 1507 tertia,
1566 1450 1741 1502 sexta,
1771 1452 1934 1503 nona,
1963 1437 2098 1492 hora

504 1545 572 1599 ab
598 1542 841 1599 Ecclesia
868 1537 1223 1609 intelligitur?
1242 1534 1380 1603 Quia
1408 1542 1463 1590 et
1489 1531 1749 1587 Dominus
1782 1528 1938 1584 tertia
1964 1528 2099 1583 hora

506 1633 757 1705 spiritum
780 1638 1032 1687 sanctum
1052 1608 1304 1691 mittens,
1344 1631 1499 1679 sexta
1526 1622 1639 1692 ipse
1664 1608 1883 1675 crucem
1909 1632 2102 1672 ascen-

506 1726 663 1791 dens,
695 1738 838 1779 nona
868 1721 1105 1777 animam
1129 1730 1358 1789 ponens,
1390 1714 1609 1770 easdem
1638 1712 1796 1768 nobis
1819 1711 1983 1766 horas
2003 1725 2101 1764 ca:-

2193 535 2354 589 Patre
2380 542 2435 588 et
2468 531 2658 602 spiritu
2687 536 2878 584 sancto
2907 526 3040 579 vivit
3068 534 3123 578 et
3154 531 3344 593 regnat
3373 519 3517 575 Deus
3543 534 3644 591 per
3670 532 3797 574 om-

2194 626 2283 679 nia
2302 621 2496 677 saecula
2520 618 2861 676 saeculorum.
2883 613 3074 669 Amen.

2739 725 3022 783 HOMILIA
3056 721 3219 779 LXIV

2768 829 2902 869 ITEI!
2937 827 3097 867 ηειΑ
3135 826 3210 865 ιν.

2326 907 2513 964 Lectio
2539 905 2713 962 sancti
2738 902 3011 974 Evangelii
3041 900 3338 957 secundum
3363 898 3651 955 Joannem.

2266 998 2335 1054 hi
2360 997 2453 1051 illo
2494 1007 2722 1066 tempore
2753 994 2887 1047 dixit
2927 990 3085 1046 Iesus
3122 989 3394 1059 discipulis
3431 990 3542 1043 suis
3578 987 3798 1042 rNemo

2194 1101 2360 1156 potest
2379 1086 2549 1145 uenire
2578 1088 2647 1142 ad
2678 1105 2759 1142 me
2779 1087 2881 1141 nisi
2912 1083 3099 1150 Pater,
3140 1084 3230 1155 qui
3270 1082 3412 1136 misit
3434 1097 3537 1146 me,
3569 1080 3797 1135 traxerit

2196 1196 2347 1245 eum;
2369 1190 2415 1233 et
2439 1169 2531 1249 ego
2569 1176 2887 1232 resuscitabo
2908 1191 3030 1248 eum
3057 1175 3111 1228 in
3139 1173 3419 1226 novissima
3446 1172 3552 1234 die,
3577 1179 3684 1225 etc.

2268 1270 2405 1325 Dum
2429 1269 2584 1333 dixit,
2614 1282 2764 1321 nemo
2792 1274 2960 1336 potest
2988 1263 3159 1318 venire
3183 1262 3253 1316 ad
3272 1260 3494 1327 me,nisi
3507 1257 3798 1330 Pater,qus

2197 1361 2339 1415 misit
2381 1376 2486 1424 me,
2516 1357 2790 1412 attraxerit
2818 1371 2968 1421 eum,
3001 1354 3259 1409 continuo
3298 1350 3596 1420 subjunxit,
3624 1360 3672 1404 et
3700 1366 3797 1419 ego

2197 1450 2459 1507 suscitabo
2481 1464 2602 1503 eum
2626 1448 2680 1500 in
2702 1446 2981 1501 novissima
3004 1444 3128 1498 die:
3152 1442 3340 1498 credat
3360 1440 3500 1511 quod
3536 1438 3795 1510 speravit.

2205 1540 2415 1596 Videbit
2529 1536 2673 1607 quod
2771 1533 2948 1589 adhuc
2967 1548 3076 1588 non
3097 1530 3330 1586 videndo
3356 1528 3621 1593 credidit;
3643 1542 3801 1582 man-

2202 1633 2420 1689 ducabit
2448 1625 2594 1701 quod
2623 1642 2731 1682 non
2771 1626 2996 1691 esuriit;
3053 1623 3339 1679 satiabitur
3367 1636 3433 1676 eo
3470 1620 3614 1690 quod
3659 1619 3798 1673 sitit.

2203 1722 2414 1780 Ubiiln
2433 1718 2830 1776 resurrectione
2850 1723 3210 1780 mortuorum,
3230 1713 3354 1785 quia
3370 1728 3463 1783 ego
3478 1710 3801 1765 resuscitabo

507 1814 643 1872 teris
666 1810 1019 1871 excellentius
1042 1816 1127 1866 est
1164 1798 1419 1862 intimare
1443 1813 1498 1860 et
1533 1796 1877 1858 sanetiiicare
1917 1800 2104 1871 digna-
2132 1811 2178 1871 Β
2205 1829 2325 1867 eum
2357 1813 2413 1866 επ
2443 1811 2724 1866 novissima
2753 1809 2857 1863 die.

506 1915 614 1962 tus.
644 1902 935 1975 Effundam
961 1899 1025 1955 de
1069 1897 1257 1970 spiritu
1294 1912 1412 1952 meo
1434 1910 1592 1965 super
1631 1908 1837 1947 omnem
1865 1907 2094 1953 carnem,

508 1994 736 2051 verbum
765 1988 1047 2047 eﬂ‘usi‘ohis
1073 1985 1310 2043 ostendit
1341 1983 1583 2039 muneris
1611 1981 1941 2051 largitatem,
1973 1980 2100 2049 quia

509 2099 615 2140 non
642 2091 701 2137 nt
726 2080 854 2137 olim
896 2078 1172 2150 prophetis
1209 2082 1265 2130 et
1309 2073 1681 2130 sacerdotibus
1719 2080 1950 2135 tantum,
2005 2070 2100 2125 sed

508 2172 761 2231 omnibus
782 2168 1061 2240 passimin
1083 2174 1315 2235 utroque
1334 2178 1468 2219 sexu
1493 2161 1819 2241 conditionis
1841 2171 1897 2215 et
1917 2175 2101 2230 perso-

511 2267 594 2323 nis
631 2262 869 2337 Spiritus
892 2259 1065 2317 sancti
1096 2266 1242 2314 esset
1279 2257 1455 2329 gratia
1480 2254 1859 2319 condonanda,
1888 2268 2008 2322 quae
2033 2251 2104 2305 sit

509 2357 657 2413 enim
699 2352 880 2411 omnis
912 2366 1044 2408 caro
1080 2350 1353 2420 Propheta
1396 2354 1793 2416 consequenter
1840 2342 2098 2415 exponit:

512 2447 580 2502 Et
605 2442 1013 2519 prophetabunt,
1041 2440 1313 2511 inquiens,
1341 2437 1441 2508 ﬁlii
1476 2436 1636 2492 vestri
1664 2445 1711 2490 et
1744 2432 1874 2504 ﬁlia:
1901 2441 2101 2494 vestrm,

511 2548 567 2595 et
608 2546 825 2594 caetera.
856 2532 925 2589 Et
955 2533 1092 2589 dabo
1120 2531 1360 2605 prodigia
1390 2530 1446 2583 in
1474 2528 1600 2584 creto
1631 2541 1840 2582 sursum
1879 2533 1925 2578 et
1955 2524 2105 2593 signa

511 2636 569 2687 in
595 2640 735 2686 terra
764 2627 1008 2683 deorsum
1035 2641 1055 2679 :
1078 2622 1320 2694 prodigia
1350 2622 1403 2676 in
1432 2619 1572 2675 coelo
1594 2632 1717 2673 cum
1744 2615 1971 2671 Domino
2011 2629 2108 2667 na-

512 2729 701 2777 scente
719 2732 919 2775 novum
932 2716 1081 2771 sidus
1097 2713 1379 2785 apparuit.
1402 2710 1498 2765 lllo
1517 2724 1734 2767 crucem
1758 2708 2106 2771 ascendente,

514 2810 596 2867 sol
616 2810 934 2865 obscuratus
948 2812 1003 2861 et
1016 2804 1193 2877 ipsum
1217 2802 1415 2858 caelum
1429 2809 1514 2857 est
1536 2800 1774 2856 tenebris
1793 2798 2105 2853 obductum.

514 2903 684 2973 Signa
717 2900 770 2954 in
794 2906 963 2964 terra,
986 2896 1114 2968 quia
1139 2894 1368 2951 Domino
1393 2892 1646 2965 spiritum
1672 2890 1956 2946 emittente
1986 2902 2112 2943 con-

515 2992 772 3057 tremuit,
807 2995 1158 3045 monumenta
1195 2986 1429 3057 aperuit,
1473 2998 1605 3041 saxa
1647 2982 1804 3047 ﬂssit,
1847 2986 1902 3035 et
1943 2977 2112 3033 multa

515 3099 636 3156 qua:
661 3081 1020 3147 dormierunt,
1049 3088 1362 3135 sanctorum
1389 3090 1617 3148 corpora
1659 3073 1842 3128 rediva
1866 3066 2109 3142 protulit.

2275 1902 2544 1974 Scriptum
2573 1910 2647 1955 est
2669 1900 2815 1955 enim
2837 1900 2890 1952 in
2906 1895 3183 1968 Prophetis
3199 1909 3217 1947 :
3234 1894 3304 1949 Et
3330 1902 3480 1948 erunt
3504 1909 3684 1947 omnes
3706 1892 3806 1946 do-

2203 1995 2379 2049 cibiles
2413 1993 2525 2047 Dei.
2554 1992 2734 2059 Quare
2758 1992 2861 2045 hoc
2886 1988 3062 2044 dixit?
3083 1985 3355 2049 0Judazi,
3378 1983 3545 2038 Pater
3566 1998 3662 2037 vos
3692 1997 3805 2037 non

2203 2082 2386 2138 docuit
2412 2080 2683 2151 quomodo
2721 2094 2806 2133 me
2835 2076 3061 2147 potestis
3087 2087 3451 2145 cognoscere;
3481 2086 3674 2126 omnes
3712 2086 3803 2124 re—

2202 2173 2291 2243 gni
2335 2171 2479 2225 illius
2514 2168 2762 2224 homines
2789 2165 3049 2222 docibiles
3072 2164 3167 2220 Dei
3190 2170 3370 2228 erunt,
3399 2177 3504 2215 non
3531 2160 3602 2214 ab
3630 2159 3810 2213 homi-

2204 2262 2364 2316 nibus
2417 2259 2640 2314 audieut
2671 2277 2683 2310 :
2714 2265 2770 2311 et
2797 2256 2949 2311 si'ab
3004 2253 3315 2309 hominibus
3351 2251 3580 2315 audivit,
3622 2258 3809 2302 tamen

2205 2351 2349 2421 quod
2376 2346 2681 2417 intelligunt
2706 2334 2851 2400 in‘.us
2873 2344 3055 2410 datur,
3087 2343 3232 2397 intus
3254 2347 3526 2405 coruscat,
3557 2338 3702 2393 intus
3727 2352 3811 2391 re-

2206 2440 2434 2494 velatur.
2482 2438 2739 2492 lloiiiines
2780 2434 2928 2491 foras
2974 2435 3200 2489 verbum
3245 2433 3515 2488 seminare
3554 2436 3806 2499 possunt.

2208 2531 2301 2586 sed
2338 2531 2392 2583 in
2425 2544 2619 2582 vanum
2657 2527 2934 2589 laborant,
2963 2525 3069 2579 nisi
3096 2525 3241 2579 intus
3278 2523 3421 2583 Deus
3449 2520 3651 2575 docens
3674 2533 3810 2589 ape—

2210 2623 2315 2676 riat
2341 2634 2550 2674 sensus.
2583 2618 2675 2672 llle
2699 2625 2784 2671 est
2810 2616 2921 2672 Deo
2943 2614 3206 2677 docibilis,
3245 2628 3405 2682 quem
3438 2609 3699 2665 Dominus
3727 2608 3813 2661 in-

2210 2720 2298 2765 tus
2326 2709 2574 2763 veritatis
2607 2706 2829 2761 instruit
2858 2705 3132 2775 agnitione
3164 2711 3218 2757 et
3253 2714 3459 2756 amore.

2283 2799 2465 2855 Omnis
2492 2798 2579 2869 qui
2611 2796 2813 2850 audivit
2843 2814 2875 2849 a
2904 2793 3085 2859 Patre,
3117 2804 3164 2848 et
3207 2792 3411 2855 didicit,
3439 2791 3577 2845 venit
3605 2789 3675 2841 ad
3704 2804 3809 2842 me.

2212 2892 2492 2961 Quomodo
2520 2890 2687 2945 trahit
2714 2888 2909 2943 Pater?
2929 2886 3173 2941 docendo
3199 2884 3461 2945 delectat;
3489 2897 3596 2936 non
3616 2896 3813 2935 neces-

2215 2982 2374 3036 sitate
2402 2978 2631 3034 credidit
2670 2976 2767 3032 sed
2812 2975 3126 3030 voluntate:
3176 2971 3346 3026 Filius
3378 2970 3609 3033 dicebat,
3648 2968 3822 3023 Pater

2215 3070 2464 3134 docebat,
2489 3068 2654 3123 homo
2674 3066 2768 3139 qui
2788 3064 3074 3120 videbatur
3098 3062 3437 3133 loquebatur,
3467 3064 3563 3115 sed
3587 3070 3643 3113 ut
3674 3060 3819 3113 Dens

518 3173 837 3244 Sanguinem
859 3180 907 3225 et
937 3171 1104 3243 ignem
1129 3178 1176 3223 et
1204 3184 1445 3239 vaporem
1469 3166 1626 3237 fumi.
1655 3163 1985 3236 Sanguinem
2008 3160 2113 3215 Do-
2141 3161 2185 3222 ι]
2218 3162 2275 3216 in
2309 3160 2476 3216 corde
2523 3158 2795 3214 audientis
2841 3155 3069 3211 interius
3107 3154 3336 3211 docebat
3365 3170 3379 3206 :
3418 3152 3541 3208 ideo
3586 3149 3818 3219 subjun—

518 3266 704 3323 minici
726 3264 939 3320 lateris.
974 3263 1159 3335 Ignem
1188 3260 1427 3332 Spiritus
1454 3258 1648 3325 sancti,
1674 3270 1928 3326 vaporem
1957 3268 2109 3308 com-

514 3358 830 3430 punctionis
852 3364 908 3412 et
936 3354 1180 3410 ﬂetuum.
1217 3353 1356 3421 Quia
1383 3352 1526 3407 sicut
1555 3349 1627 3404 ab
1650 3349 1773 3419 igne
1800 3361 2006 3409 sumus,
2038 3344 2112 3397 ita

522 3453 592 3509 ab
610 3452 807 3508 ardore
827 3448 1066 3522 Spiritus
1087 3447 1261 3503 sancti
1285 3445 1428 3517 ignis
1450 3443 1653 3498 amoris
1686 3439 1945 3495 nascitur.
1977 3434 2114 3491 Nam

424 3584 425 3587 η
520 3556 575 3600 et
596 3543 918 3615 sanguinem
949 3540 1015 3596 de
1048 3548 1262 3594 mortua
1287 3551 1453 3593 carne
1475 3534 1650 3590 vivaci
1678 3532 1797 3588 rivo
1821 3529 2111 3602 proﬂuere,

520 3637 647 3705 quia
678 3642 866 3689 contra
893 3640 1143 3687 naturam
1184 3637 1269 3685 est
1294 3634 1605 3682 nostrorum
1632 3638 1946 3693 corporum,
1974 3620 2116 3690 signi

522 3728 651 3782 loco
678 3725 882 3787 factum
909 3722 1131 3779 credere
1160 3727 1365 3776 restat:
1390 3717 1543 3786 cujus
1579 3715 1852 3780 videlicet,
1882 3714 1985 3769 nisi
2022 3728 2118 3768 no—

525 3825 652 3872 strae
677 3814 868 3869 salutis
889 3828 954 3868 ac
977 3812 1101 3866 vita:
1127 3824 1247 3881 qua:
1272 3809 1337 3864 d’e
1367 3807 1509 3861 illius
1528 3808 1713 3875 utique
1743 3814 1917 3860 morte
1944 3803 2120 3858 nasci-

528 3920 615 3963 tur
631 3909 657 3962 ?
681 3909 865 3963 Potest
891 3905 1057 3959 etiam
1083 3903 1138 3957 in
1164 3902 1288 3973 igne
1310 3898 1551 3955 ﬂdelium
1575 3897 1912 3960 illuminatio,
1940 3895 1995 3949 in
2020 3910 2106 3948 va-

531 4014 663 4070 pore
690 4011 820 4052 vero
847 3993 981 4049 fumi
1006 3991 1337 4054 Iudaeorum,
1364 3990 1456 4060 qui
1478 3987 1667 4043 nolunt
1693 3986 1935 4050 credere,
1961 3985 2121 4040 caeci-

534 4099 625 4146 tas
645 4086 871 4158 intelligi
898 4103 911 4139 :
942 4084 1084 4138 unde
1109 4091 1163 4137 et
1185 4081 1358 4152 legem
1387 4080 1613 4134 daturus
1640 4077 1902 4131 Dominus
1925 4076 1977 4130 in
2002 4076 2125 4145 igne

538 4184 792 4250 fumoque
832 4174 1132 4240 descendit,
1183 4173 1308 4243 quia
1344 4181 1397 4225 et
1437 4171 1667 4231 humiles
1693 4186 1791 4240 per
1822 4169 2124 4223 claritatem

539 4291 651 4332 suae
675 4270 1003 4330 ostensionis
1034 4266 1319 4330 illuminat,
1350 4274 1403 4322 et
1434 4263 1788 4335 superborum
1818 4252 2002 4317 oeulos
2030 4275 2127 4329 per

541 4366 825 4438 caliginem
849 4360 1053 4417 erroris
1079 4360 1355 4414 obscurat.
1390 4354 1481 4409 Sol
1522 4363 1848 4408 convertetur
1890 4353 1943 4404 in
1984 4361 2127 4403 tene-

540 4456 757 4519 bras,et
786 4452 913 4506 luna
942 4452 997 4504 in
1025 4449 1350 4519 sanguinem.
1390 4446 1502 4500 Hoc
1539 4446 1593 4499 in
1629 4444 1843 4499 Domini
1877 4443 2126 4512 passione

2217 3255 2297 3310 xit
2325 3272 2339 3308 :

2290 3345 2416 3404 Non
2445 3347 2569 3420 quia
2604 3344 2821 3400 Patrem
2861 3343 2987 3399 vidit
3008 3342 3307 3414 quisquam,
3348 3340 3450 3395 nisi
3472 3340 3517 3394 is
3559 3340 3649 3411 qui
3675 3347 3751 3392 est
3782 3354 3816 3391 a

2223 3441 2330 3496 Deo
2348 3481 2367 3507 ,
2391 3440 2474 3493 hic
2497 3438 2623 3493 vidit
2648 3437 2863 3491 Patrem
2897 3449 2913 3486 :
2945 3433 3109 3489 nolite
3136 3441 3330 3503 putare
3350 3429 3568 3485 Patrem
3595 3442 3715 3485 esse
3738 3429 3819 3481 vi-

2222 3532 2434 3589 sibilem
2461 3530 2644 3586 vobis:
2672 3545 2822 3584 nemo
2837 3528 2962 3582 vidit
2985 3524 3218 3590 Patrem,
3245 3523 3507 3593 nisiisqui
3528 3531 3603 3576 est
3627 3538 3658 3574 a
3678 3519 3815 3583 Deo,

2219 3625 2304 3679 hic
2332 3623 2461 3678 vidit
2487 3620 2725 3675 Patrem.
2752 3620 2861 3689 Ego
2884 3634 3004 3673 sum
3028 3608 3057 3671 a
3079 3618 3255 3681 Patre,
3280 3624 3333 3670 et
3350 3615 3471 3669 ideo
3491 3612 3708 3668 Patrem
3738 3612 3821 3664 vi-

2222 3716 2355 3782 deo;
2376 3714 2505 3784 quid
2522 3722 2605 3777 est
2617 3720 2797 3766 autem
2820 3726 2914 3763 vos
2927 3709 3067 3762 trahi
3084 3727 3115 3762 a
3130 3705 3419 3775 Patre,nisi
3441 3705 3652 3759 discere
3668 3700 3821 3758 aPa-

2224 3817 2341 3863 tre:
2364 3805 2494 3875 quid
2512 3794 2605 3859 est
2621 3804 2830 3859 discere
2852 3816 2881 3854 a
2897 3799 2967 3853 Pa
2977 3808 3083 3862 tre,
3113 3798 3215 3852 nisi
3241 3797 3429 3851 audire
3448 3794 3819 3859 Patrem,nisi

2226 3891 2663 3952 audireVerbum
2684 3891 2900 3946 Patris?
2931 3890 2982 3943 id
3005 3899 3109 3953 est,
3132 3902 3237 3942 me.
3269 3886 3349 3942 Ne
3376 3885 3515 3941 forte
3543 3899 3672 3955 ergo
3691 3899 3815 3939 cum

2227 3989 2349 4044 dico
2380 3985 2532 4041 vobis
2570 3984 2737 4038 omnis
2763 3972 2851 4052 qui
2872 3980 3072 4033 audita
3102 3979 3262 4033 Patre
3292 3988 3337 4032 et
3366 3978 3573 4043 didicit,
3607 3977 3820 4031 dicatur

2229 4078 2367 4148 apud
2401 4093 2515 4141 vos,
2560 4076 2653 4131 sed
2684 4088 2958 4141 nunquam
2989 4071 3221 4124 vidimus
3248 4068 3511 4123 Patrem?
3548 4068 3820 4138 quomodo

2230 4180 2409 4223 autem
2431 4169 2637 4222 discere
2654 4164 2927 4235 potuimus
2946 4178 2973 4215 a
2993 4159 3188 4216 Patre?
3205 4179 3235 4213 a
3260 4160 3463 4229 meipso
3486 4159 3685 4221 audite,
3713 4174 3820 4213 non

2229 4261 2353 4330 quia
2381 4256 2747 4311 Patrem‘vidit
2782 4256 3080 4326 quisquam,
3102 4251 3190 4307 sed
3214 4251 3303 4322 qui
3332 4259 3405 4304 est
3428 4267 3461 4303 a
3483 4248 3611 4311 Deo,
3634 4249 3718 4302 hic
3739 4250 3817 4301 vi-

2230 4350 2306 4403 d‘it
2329 4347 2566 4410 Patrem,
2593 4363 2686 4415 ego
2716 4346 2835 4399 novi
2862 4344 3095 4408 Patrem,
3119 4342 3182 4396 ab
3213 4341 3304 4395 illo
3332 4357 3538 4405 sumus,
3562 4340 3655 4395 sed
3680 4355 3818 4409 quo-

2232 4440 2393 4495 modo
2421 4439 2640 4492 verbum
2670 4438 2737 4491 ab
2763 4436 2851 4490 illo
2878 4434 3032 4502 cujus
3052 4442 3134 4487 est
3165 4431 3386 4486 verbum
3419 4444 3524 4485 non
3555 4428 3699 4499 quod
3728 4445 3818 4484 so-

541 4549 735 4619 partim
760 4540 1195 4612 factum,partim
1220 4550 1345 4594 ante
1369 4540 1507 4595 diem
1536 4537 1747 4592 Domini
1776 4511 2044 4605 magnum,
2074 4535 2124 4589 id
2158 4511 2205 4567 ί)
2232 4541 2324 4584 nat
2351 4539 2404 4584 et
2438 4528 2653 4592 transit,
2677 4528 2771 4581 sed
2791 4527 2934 4594 quod
2963 4532 3145 4578 manet
3170 4537 3294 4577 cum
3324 4521 3537 4577 dicente
3570 4530 3625 4575 et
3656 4522 3820 4576 trahit

541 4616 870 4709 estqjudicii
916 4631 1157 4688 futurum
1185 4630 1444 4686 creditur.
1479 4628 1630 4683 Tunc
1666 4616 1809 4682 enim
1857 4626 1935 4681 sol
1978 4625 2128 4678 obte-

542 4730 799 4784 nebratus
832 4734 937 4781 est.
982 4723 1091 4779 Sed
1145 4722 1269 4775 luna
1308 4721 1360 4774 in
1406 4719 1723 4790 sanguinem
1760 4731 1916 4770 versa
1956 4715 2131 4784 palam

544 4818 853 4875 hominibus
876 4828 1145 4886 apparere
1170 4826 1276 4866 non
1303 4813 1517 4881 potuit,
1543 4824 1661 4879 qua:
1697 4817 1823 4862 tunc
1846 4815 2051 4877 utpote
2080 4806 2130 4858 in

547 4903 754 4965 Pascha
783 4921 851 4960 xv
885 4906 1128 4960 existens
1162 4902 1429 4956 interdum
1462 4900 1639 4953 fuerat
1670 4896 1979 4952 mortalium
2007 4894 2133 4947 visi-

550 5005 649 5059 bus
671 5001 884 5070 objeetu
910 4996 1115 5064 telluris
1136 4995 1369 5051 occulta.
1398 4992 1464 5046 Et
1487 4992 1612 5056 erit,
1634 4990 1813 5045 omnis
1834 4990 2141 5057 quicunque

552 5092 883 5149 invocaverit
904 5105 1100 5146 nomen
1129 5086 1365 5150 Domini,
1384 5085 1565 5139 salvus
1586 5083 1690 5137 erit
1713 5100 1724 5133 :
1751 5081 1854 5135 hoc
1873 5088 1975 5141 est,
1997 5076 2139 5146 quod

551 5186 681 5241 alibi
724 5180 917 5239 Petrus
948 5181 1045 5246 ait,
1089 5180 1212 5250 quia
1255 5194 1357 5231 non
1396 5186 1468 5229 est
1514 5187 1858 5245 personarum
1904 5176 2143 5236 acceptor

554 5278 713 5339 Deus,
747 5274 838 5330 sed
867 5274 922 5328 in
957 5271 1097 5327 omni
1119 5280 1287 5340 gente,
1314 5268 1406 5337 qui
1434 5267 1575 5319 timet
1607 5263 1793 5323 Deum,
1824 5270 1869 5313 et
1896 5267 2143 5327 operatur

549 5366 831 5441 justitiam,
857 5370 1097 5432 acceptus
1125 5369 1200 5413 est
1240 5356 1341 5410 itli.
1388 5355 1583 5408 Beatus
1623 5352 1732 5415 ille,
1770 5351 1857 5419 qui
1907 5351 1959 5402 in
1992 5356 2137 5403 recta

556 5438 661 5511 ﬁde
688 5463 740 5509 et
785 5452 942 5507 benis
970 5448 1224 5520 operibus
1267 5445 1448 5500 studet
1496 5443 1546 5495 in
1582 5440 1836 5510 praesenti
1865 5439 1976 5491 vita
2025 5438 2139 5491 dies

558 5562 686 5605 suos
714 5545 891 5609 finire,
930 5543 1053 5613 quia
1080 5556 1179 5612 pro
1204 5538 1349 5594 omni
1378 5536 1559 5589 labore
1591 5548 1689 5588 suo
1718 5531 2012 5587 merebitur
2036 5529 2142 5582 Do-

560 5640 706 5692 mino
727 5635 1057 5691 retribuente
1102 5632 1153 5685 in
1185 5629 1363 5683 futura
1393 5628 1501 5680 vita
1533 5640 1655 5680 cum
1696 5621 1898 5678 sanctis
1938 5617 2145 5687 angelis

560 5730 769 5801 [deti-au:
797 5725 1098 5784 mercedem
1128 5731 1179 5778 et
1205 5722 1424 5792 gloriam
1452 5721 1727 5791 percipere
1756 5716 2142 5786 sempiternam

2234 4621 2559 4674 audientem.

2307 4712 2492 4774 Amen,
2523 4725 2672 4762 amen
2698 4708 2814 4759 dico
2853 4706 2996 4760 vobis
3024 4719 3042 4757 :
3069 4706 3160 4773 qui
3187 4704 3348 4758 credit
3383 4704 3437 4757 in
3460 4717 3543 4756 me
3570 4703 3720 4757 habet
3745 4706 3819 4758 ri-

2236 4811 2345 4855 tam
2366 4810 2632 4854 a’ternam.
2662 4797 2921 4851 Revelare
2942 4811 2999 4850 se
3020 4795 3189 4850 noluit
3211 4796 3341 4864 quid
3351 4802 3511 4858 esset,
3530 4807 3656 4846 nam
3677 4808 3822 4848 com-

2241 4892 2434 4963 pendio
2461 4892 2639 4944 dicere
2668 4890 2860 4959 potuit,
2890 4890 2978 4958 qui
3009 4887 3249 4942 credit‘in
3274 4903 3355 4941 me
3380 4886 3530 4941 habet
3557 4899 3641 4938 me
3664 4898 3682 4935 :
3709 4888 3825 4956 ipse

2245 4983 2388 5037 enim
2412 4982 2660 5037 Christus
2687 4995 2846 5034 verus
2870 4980 3034 5044 Deus,
3060 4988 3116 5033 et
3136 4980 3246 5033 vita
3268 4986 3469 5033 aeterna
3494 4995 3506 5030 :
3534 4977 3626 5049 qui
3653 4978 3825 5032 credit

2245 5086 2371 5140 ergo
2402 5072 2569 5125 inme
2615 5071 2655 5123 it
2689 5070 2757 5123 ad
2796 5085 2910 5133 me,
2943 5078 2997 5124 et
3046 5070 3136 5150 qui
3168 5069 3209 5123 it
3245 5068 3313 5123 ad
3351 5081 3458 5133 me,
3504 5068 3670 5122 habet
3713 5084 3822 5123 me.

2245 5161 2383 5226 Quid
2406 5170 2488 5214 est
2515 5171 2691 5213 autem
2735 5160 2933 5214 habere
2962 5160 3091 5213 me?
3117 5160 3317 5213 haLere
3345 5157 3511 5211 vitam
3539 5167 3817 5211 :eternam.

2244 5250 2469 5305 Mortem
2501 5250 2793 5319 assumpsit
2820 5250 2928 5303 vita
2959 5258 3182 5313 aeterna,
3217 5248 3350 5302 mori
3381 5247 3551 5303 voluit
3578 5260 3600 5299 :
3634 5246 3729 5301 sed
3758 5248 3825 5303 de

2247 5353 2361 5407 tuo,
2390 5358 2421 5397 ο
2448 5343 2630 5409 homo,
2654 5359 2760 5398 non
2787 5344 2854 5397 de
2880 5357 3008 5404 suo;
3036 5341 3243 5411 accepit
3266 5355 3295 5393 a
3326 5351 3378 5395 te
3406 5341 3501 5395 ubi
3526 5352 3829 5397 moreretur

2247 5452 2344 5505 pro
2388 5446 2455 5490 te.
2500 5438 2806 5506 Assumpsit
2834 5451 2963 5506 ergo
2989 5436 3096 5488 vita
3140 5443 3387 5499 mortem,
3422 5442 3483 5487 ut
3522 5433 3639 5487 vita
3679 5436 3823 5489 occi-

2250 5530 2401 5583 deret
2439 5522 2689 5583 mortem.
2722 5527 2855 5581 Nam
2896 5528 2984 5597 qui
3011 5526 3194 5588 credit,
3226 5524 3430 5593 inquit,
3474 5523 3628 5577 habet
3670 5539 3827 5577 vitam

2251 5628 2524 5683 trternam,
2557 5634 2659 5687 non
2692 5619 2835 5688 quod
2866 5625 3013 5687 patet
3039 5615 3130 5670 sed
3160 5616 3303 5684 quod
3335 5614 3467 5668 latet
3498 5632 3512 5667 :
3546 5613 3654 5666 vita
3686 5614 3829 5668 enim

2252 5720 2451 5764 aeterna
2468 5710 2700 5765 Verbum
2732 5712 2783 5765 in
2801 5701 3070 5779 principio
3095 5716 3213 5763 erat
3234 5706 3375 5777 apud
3401 5707 3599 5771 Deum,
3618 5713 3676 5759 et
3695 5705 3833 5760 Deus
