3946 6346
263 302 366 357 Εὸθ
1354 308 1661 365 ΗΟΜΠᾸᾹΕ
1704 308 1770 362 IN
1803 310 1821 361 Ι

1978 306 2056 362 lG.
2100 307 2187 362 ET
2224 306 2434 364 EPIST.
3434 311 3536 367 εἵη

258 427 660 493 eratVerbum,
685 437 743 482 et
770 438 886 483 erat
913 429 1001 481 lux
1031 428 1138 480 vita
1166 427 1443 481 hominum
1471 444 1485 480 :
1520 426 1657 480 mori
1682 426 1847 491 venit,
1880 428 1927 486 Α
1954 424 2156 479 Christi
2200 440 2304 480 non
2336 426 2485 490 vivit,
2535 426 2637 481 nisi
2670 442 2869 497 corpus
2896 426 3130 492 Christi;
3165 428 3414 499 quisquis
3458 431 3535 484 vi-

259 518 355 575 scd
379 519 537 573 tertia
568 520 659 573 die
686 520 1000 574 resurrexit.
1958 530 2083 571 vere
2106 515 2234 578 vult,
2266 517 2453 585 credat
2479 517 2530 570 in
2563 516 2837 572 Christum
2864 537 2877 571 ;
2908 519 3197 575 manducet
3221 520 3540 590 spiritaliter

337 608 446 678 Ego
482 602 621 673 suain,
668 607 864 677 inquit,
905 608 1056 677 panis
1102 607 1241 673 vitta,
1290 614 1345 660 et
1385 606 1527 661 unde
1573 606 1851 675 superbie—
1954 607 2254 681 spiritalem
2294 609 2497 674 cibum,
2537 610 2912 679 incorporetur
2950 625 3180 682 corpore
3226 610 3435 668 Christi
3480 621 3537 668 et.

260 698 414 756 bam.
1954 713 2061 752 non
2087 698 2156 753 sit
2181 698 2452 768 putridum
2476 701 2777 755 membrum
2805 702 2946 770 quod
2976 702 3213 763 resecari
3239 712 3530 758 mereatur.

333 788 545 854 Patres,
565 790 760 859 inquit,
785 791 938 845 vestri
958 789 1407 843 manducaverunt
1429 804 1623 842 manna
1644 796 1692 842 et
1713 805 1852 843 mor-
1953 786 2037 844 Sit
2058 790 2369 859 pulchrum,
2394 792 2464 845 sit
2483 808 2697 856 sanum,
2714 793 2785 847 sit
2812 802 2993 863 aptum
3015 794 3177 864 capiti
3199 810 3297 849 suo
3317 793 3534 850 Christo

258 881 341 936 tui
368 890 511 934 sunt.
541 880 721 948 Quare
746 882 1207 935 manducaveruut
1230 882 1284 934 et
1313 879 1509 934 mortui
1543 888 1668 934 sunt
1692 881 1849 949 :quia
1951 880 2201 935 videlicet
2250 879 2477 935 Domino
2517 891 2724 947 nostro,
2769 884 2861 952 qui
2890 899 3013 939 cum
3041 884 3201 939 Patre
3230 894 3286 940 et
3328 883 3531 955 Spiritu

257 971 405 1043 quod
437 972 691 1027 videbant
712 974 1027 1039 crebebant,
1055 974 1197 1041 quod
1229 989 1334 1028 non
1357 973 1613 1028 videbant
1643 989 1748 1028 non
1775 974 1851 1027 in—
1950 978 2140 1023 sancto
2169 968 2297 1023 vivit
2328 978 2381 1023 et
2409 978 2601 1041 regnat
2630 971 2772 1025 Deus
2812 986 2909 1040 pcr
2938 974 3118 1033 omnia
3141 972 3333 1028 saecula
3365 989 3533 1028 saecu-

259 1063 593 1135 tclligcbant.
654 1065 778 1119 Ideo
822 1073 1005 1136 patres
1055 1064 1252 1128 vestri,
1305 1065 1431 1133 quia
1474 1063 1679 1119 similes
1716 1065 1848 1120 estis
1947 1056 2147 1114 lorum.
2174 1058 2368 1115 Amen.

258 1157 498 1221 illorum,
534 1156 1016 1221 manducaverunt,
1049 1155 1259 1226 Moyses
1295 1164 1352 1210 et
1378 1155 1559 1209 Aaron
1585 1165 1639 1208 et
1667 1155 1847 1210 caeteri
2508 1145 2787 1209 HOMILIA
2820 1153 2980 1209 LXV.

256 1248 435 1302 sancti
482 1248 575 1317 qui
616 1246 833 1302 fuerunt
865 1248 917 1302 in
959 1247 1174 1317 populo,
1227 1262 1444 1311 manna,
1494 1254 1549 1301 ct
1587 1261 1693 1300 non
1723 1254 1849 1300 sunt
2618 1261 2776 1301 ratus
2804 1263 2853 1302 γ.

255 1339 460 1394 mortui
509 1355 523 1393 :
552 1341 641 1408 qui
673 1340 990 1407 spiritaliter
1030 1339 1292 1394 visibilem
1335 1339 1532 1393 cibum.
1565 1337 1843 1395 iutellexe-
2304 1332 2487 1391 Lectio
2519 1335 2748 1391 Actuum
2788 1338 3174 1408 apostolorum.

255 1441 406 1496 runt,
451 1431 765 1501 spiritaliter
806 1431 1130 1485 esurierunt.
1163 1430 1265 1483 Alii
1308 1445 1437 1485 vero
1482 1430 1842 1484 manducavc‘
2020 1445 2085 1499 ιη
2114 1445 2298 1500 ἀέρθη,
2338 1446 2462 1512 illis,
2497 1446 2794 1519 philippm,
2825 1452 3139 1506 descende,“
3184 1453 3239 1506 in
3270 1453 3530 1507 dum,“

255 1530 383 1575 runt
434 1533 487 1577 et
530 1530 947 1590 permanserunt
993 1521 1046 1575 in
1100 1520 1439 1585 inﬁdelitate,
1494 1520 1632 1577 sicut
1674 1520 1843 1576 Judaei
1947 1533 2227 1601 Samaria,
2257 1536 2573 1605 ρναεάίεαιιαι
2604 1537 2712 1592 5m,
2739 1536 3157 1605 Chriuum’em.

250 1613 546 1668 audierunt
584 1614 891 1683 loquentem
932 1613 1227 1677 Christum,
1260 1614 1354 1668 sed
1385 1629 1489 1667 non
1528 1614 1844 1683 spiritaliter
2015 1625 2146 1682 Ροει
2187 1627 2493 1695 passionem
2535 1626 2795 1698 Stephani
2825 1632 3257 1703 protomanym’
3296 1642 3355 1689 υι
3394 1634 3531 1691 mm.

250 1704 418 1757 verba
458 1703 575 1771 ejus
623 1704 1021 1758 intellexerunt.
1059 1704 1183 1758 laico
1216 1704 1351 1758 dixit
1376 1705 1453 1761 eis
1482 1721 1495 1759 τ
1527 1706 1713 1759 l’atres
1761 1722 1808 1759 vc

1971 1729 2177 1775 ictuum
2226 1720 2593 1791 apostolorum
2640 1730 2891 1795 testatur,
2942 1723 3086 1793 {acta
3131 1734 3206 1779 est
3241 1730 3529 1795 persecutio

247 1796 346 1849 διτί
373 1796 827 1849 manducaverunt
852 1812 1045 1885 manna
1073 1798 1126 1847 in
1152 1796 1355 1885 deserto
1393 1807 1439 1850 et
1470 1798 1661 1850 mortui
1685 1807 1839 1860 sunt;
1874 1774 1917 1832 Β
1945 1826 2139 1879 magna
2170 1813 2224 1864 ίη
2256 1774 2491 1867 Ecclesia
2527 1828 2643 1882 (μηε
2686 1788 2799 1867 πλη
2846 1774 3227 1885 άίέτωοιμηιίε
3241 1774 3311 1870 re,
3353 1832 3531 1871 omnes

247 1902 355 1955 qua
389 1897 565 1939 morte
610 1906 621 1937 :
658 1886 760 1939 nisi
798 1884 1151 1977 infidelitatis.
1185 1884 1318 1939 Nam
1355 1885 1626 1977 communi
1670 1896 1844 1977 morte
1945 1900 2177 1968 dispersi
2197 1911 2322 1962 sunt
2347 1917 2437 1971 per
2466 1904 2699 1972 regiones
2722 1903 2930 1958 ludam
2954 1913 3002 1959 et
3046 1884 3305 1961 Samaria:
3344 1918 3533 1977 prtrter

248 1980 453 2031 mortui
500 1985 625 2031 sunt
656 1986 709 2031 et
750 1976 923 2031 sancti
962 1976 1053 2044 qui
1098 1974 1314 2029 inerunt
1353 1975 1493 2030 inter
1527 1990 1620 2030 eos
1663 1992 1675 2027 :
1724 1975 1806 2027 ide

1978 1988 2206 2057 postolos
2238 2006 2258 2043 :
2304 1990 2445 2045 unde
2486 2000 2540 2044 et
2570 1988 2851 2060 Philippus
2879 2008 3019 2047 unus
3053 1994 3120 2049 de
3158 1974 3363 2066 septem
3408 1997 3532 2051 Dia-

246 2070 483 2139 siguavit
519 2070 775 2124 Dominus
808 2070 893 2125 his
919 2069 1097 2123 verbis
1120 2078 1349 2123 mortem
1392 2067 1711 2137 spiritalem,
1735 2083 1803 2121 no

1975 2080 2169 2135 onibus
2208 2089 2268 2139 ut
2302 2095 2543 2149 presens
2581 2080 2742 2136 lectio
2773 2092 3183 2151 commemorat,
3219 2086 3531 2143 descendens

242 2161 524 2215 carnalem
553 2181 564 2213 :
595 2169 779 2229 patres
816 2176 945 2230 ergo
980 2160 1237 2223 istorum,
1268 2157 1320 2213 id
1355 2167 1438 2213 est
1494 2158 1618 2211 mali
1659 2164 1800 2224 patrt

1826 2172 1841 2211 5
1941 2170 1997 2223 iu
2024 2170 2287 2223 ciuitatem
2314 2168 2574 2225 Samaria:
2602 2172 2925 2241 pra’dicabat
2954 2174 3061 2229 illis
3097 2173 3384 2232 Christum.

246 2252 538 2315 malorum,
571 2250 811 2305 inﬁdeles
838 2260 1023 2320 patres
1066 2248 1383 2313 inﬁdelium,
1408 2257 1804 2303 murmuratore

2013 2258 2360 2314 Intendebant
2392 2271 2566 2319 autem
2595 2264 2764 2317 turba:
2791 2263 2873 2318 liis
2901 2281 3019 2336 quae
3045 2282 3079 2321 a
3110 2264 3356 2339 Philippo
3384 2268 3528 2324 dioc—

242 2353 431 2414 patrcs
463 2352 943 2397 murmuratorum.
964 2340 1104 2407 Nam~
1124 2340 1190 2394 de
1216 2339 1361 2393 nulla
1391 2354 1449 2393 re
1472 2338 1642 2409 magis
1672 2337 1800 2392 Dent

1976 2361 2156 2403 anIur.
2189 2348 2523 2405 Uttanimiter
2549 2353 2823 2421 audientes
2847 2356 3055 2410 verbum
3082 2355 3201 2425 Dei,
3225 2337 3530 2415 stridentes

241 2432 540 2489 offendisse
564 2434 651 2490 ille
675 2434 906 2505 populus
932 2434 1107 2488 dictus
1127 2443 1212 2487 est
1231 2472 1247 2498 ,
1275 2446 1437 2501 quam
1462 2439 1649 2485 contra
1672 2430 1840 2484 Deum
1941 2438 2092 2507 signa
2120 2456 2237 2509 qua:
2265 2440 2510 2510 faciebat.
2547 2441 2831 2498 Beneﬁciis
2859 2446 3047 2516 gratiae
3074 2446 3311 2504 cmlestis
3338 2463 3532 2518 provo.

244 2526 642 2581 murmurando
670 2544 682 2578 :
708 2525 828 2579 ideo
852 2533 908 2578 et
942 2522 1201 2577 Dominus
1229 2521 1413 2576 volens
1442 2521 1727 2576 ostendere
1762 2528 1844 2573 ta-
1942 2529 2049 2583 cati
2085 2539 2211 2584 sum
2238 2531 2305 2586 ad
2332 2530 2718 2600 perﬁciendam
2748 2534 2906 2590 ﬁdem
2936 2537 3169 2595 Domini,

242 2616 380 2671 lium
414 2615 554 2671 ﬁlios
602 2616 729 2671 hinc
770 2616 840 2669 ad
878 2630 971 2669 eos
997 2614 1182 2683 coepit,
1212 2612 1352 2679 Quid
1402 2612 1745 2666 murmuratis
1784 2610 1840 2664 iu
2014 2619 2177 2674 Multi
2190 2621 2327 2674 enim
2348 2622 2707 2692 qui/lababant
2730 2626 2946 2694 spiritus
2961 2627 3282 2695 immundos,
3301 2628 3531 2686 clama".

241 2709 487 2771 inricem,
537 2716 951 2761 murmuratores
990 2704 1091 2773 ﬁlii
1136 2712 1583 2755 murmuratorum
1613 2714 1630 2751 :
1664 2710 1839 2769 patres
1940 2722 2017 2766 ιεε
2062 2729 2183 2767 voce
2214 2730 2409 2784 magna
2454 2715 2702 2782 exibant;
2745 2717 2899 2771 multi
2938 2729 3113 2775 autem
3160 2739 3248 2792 ραι
3298 2722 3440 2793 .‘ytici
3481 2736 3527 2777 et

242 2799 402 2851 restri
460 2814 653 2850 manna
708 2797 1181 2858 manducaverunt,
1219 2804 1267 2847 et
1302 2794 1494 2847 mortui
1539 2803 1682 2847 sunt.
1721 2792 1800 2847 No

1972 2800 2124 2856 laudi
2153 2804 2329 2856 curati
2357 2814 2502 2857 sunt.
2528 2803 2694 2859 Juxta
2727 2806 2854 2865 illud
2886 2810 3061 2864 sancti
3096 2790 3373 2882 Evangelii
3402 2828 3530 2867 nar-

230 2890 374 2960 quia
404 2889 607 2943 malum
632 2900 749 2943 erat
779 2903 1000 2952 manna,
1029 2886 1124 2942 SOU
1154 2886 1275 2954 quia
1308 2884 1446 2940 male
1483 2884 1840 2939 manducavc-
1942 2901 2027 2948 ml,
2052 2893 2300 2959 historia,
2326 2894 2465 2963 quod
2497 2900 2793 2952 convocatis
2819 2898 2977 2955 Jun;
3003 2901 3276 2956 duodecim
3298 2903 3530 2973 δίκην-

242 2991 393 3037 runt.
1941 2982 2005 3037 lis
2044 2982 2244 3037 dederit
2282 2982 2390 3037 illis
2419 2983 2661 3038 uirtutem
2709 2997 2756 3039 et
2796 2998 3104 3057 potestatem
3148 3007 3308 3060 super
3353 2992 3530 3045 omnia

314 3072 418 3126 Hic
444 3083 521 3127 est
547 3074 698 3143 panis
727 3073 815 3142 qui
862 3072 926 3125 de
949 3071 1075 3126 cwlo
1119 3072 1401 3125 descendit.
1444 3068 1601 3125 Hunc
1642 3083 1835 3139 panem
1863 3120 1907 3149 ρ
1939 3073 2224 3138 dwmonia,
2250 3084 2305 3128 ut
2339 3083 2387 3127 et
2412 3073 2692 3145 languores
2715 3087 2983 3141 curarent,
3013 3093 3060 3132 et
3090 3080 3237 3134 misit
3256 3080 3373 3134 illos
3396 3096 3531 3149 ρεται-

237 3166 567 3237 signiﬁcavit
596 3180 814 3229 manna,
839 3166 982 3225 hunc
1006 3178 1200 3235 panem
1224 3163 1491 3233 signiﬁcat
1518 3162 1687 3217 altare
1713 3161 1827 3216 Dei.
1863 3127 1907 3181 (³
1937 3165 2115 3219 dicare
2170 3180 2386 3236 regnum
2429 3127 2531 3220 Dei
2576 3177 2627 3221 et
2671 3185 2862 3224 sanare
2908 3169 3171 3239 infirmos.
3221 3169 3313 3225 Illi
3347 3127 3528 3226 autem

240 3258 599 3312 Sacramenta
657 3255 746 3309 illa
796 3254 1013 3309 fuerunt
1066 3256 1119 3309 in
1162 3254 1610 3325 signisdiversa,
1671 3252 1723 3305 in
1774 3267 1833 3306 re
1933 3259 2131 3328 egressi
2163 3258 2461 3313 circuibant
2488 3259 2706 3315 castella
2744 3262 3168 3333 euangelizante:
3199 3273 3251 3317 et
3282 3275 3528 3319 curantes

238 3362 363 3417 quae
391 3346 733 3423 signiﬁcatur
757 3346 907 3414 paria
937 3354 1063 3399 sunt
1092 3363 1105 3397 :
1132 3344 1449 3416 Apostolum
1476 3344 1600 3397 andi
1638 3360 1649 3394 :
1691 3340 1830 3394 Nolo
1936 3346 2145 3418 ubique.
2182 3348 2338 3416 Quod
2360 3349 2539 3425 etiam
2571 3348 2710 3407 liber
2748 3349 2978 3405 Αοιυυω
3014 3352 3383 3421 apostolorum
3414 3370 3529 3408 ma.

236 3438 375 3491 enim
402 3454 514 3501 vos,
545 3437 745 3507 inquit,
770 3437 1034 3507 ignorare,
1066 3435 1279 3505 fratres,
1307 3436 1431 3506 quia
1461 3445 1635 3506 patres
1667 3442 1794 3487 nosti

1975 3440 2131 3496 ifeste
2161 3450 2349 3496 narrat
2387 3443 2737 3513 completum,
2784 3460 2907 3498 cum
2938 3446 3129 3499 uirtute
3157 3463 3349 3517 magna
3369 3447 3527 3517 ,Δρο-

234 3547 416 3585 omnes
430 3530 529 3583 sub
547 3530 680 3583 nube
700 3529 931 3598 fuerunt,
956 3540 1001 3583 et
1019 3546 1195 3583 omnes
1209 3546 1301 3599 per
1320 3545 1465 3582 mare
1482 3529 1805 3581 transierunt
1813 3567 1828 3589 .
1932 3532 2055 3587 stoli
2076 3534 2429 3587 testimonium
2452 3534 2735 3589 reddebant
2758 3536 3157 3590 resurrectionis
3178 3535 3209 3589 J
3217 3553 3307 3590 esu
3329 3535 3527 3591 Christi

235 3629 287 3675 et
313 3636 492 3673 omnes
516 3620 571 3671 in
602 3618 781 3688 Moyse
818 3617 1066 3687 baptizati
1091 3630 1211 3672 sunt
1244 3620 1296 3671 in
1326 3620 1459 3672 nube
1483 3626 1529 3671 et
1572 3618 1625 3671 in
1673 3616 1827 3680 mari,
1934 3622 2147 3678 Domini
2175 3624 2361 3689 nostri,
2391 3633 2439 3677 et
2462 3624 2645 3694 gratia
2679 3640 2875 3695 magna
2904 3634 3017 3683 erat
3048 3625 3105 3679 in
3128 3626 3368 3680 omnibus
3396 3626 3523 3681 illis.

232 3723 283 3767 et
314 3727 495 3765 omnes
517 3727 689 3763 escam
709 3709 995 3780 spiritalem
1021 3710 1465 3765 manducavertml
1496 3707 1829 3777 :spiritalem
1935 3715 2087 3771 Unde
2114 3715 2277 3770 etiam
2307 3714 2508 3786 legitur
2538 3715 2625 3772 hic
2653 3716 2797 3785 quod
2820 3716 2885 3772 de
2914 3716 3212 3780 miraculis,
3245 3731 3369 3785 quae
3392 3715 3524 3771 fecit

236 3803 427 3871 utique
455 3817 563 3855 non
589 3799 943 3868 corporalem.
965 3800 1203 3854 Alteram
1228 3800 1352 3868 quia
1382 3798 1456 3856 illi
1485 3814 1703 3862 manna,
1731 3812 1829 3853 nos
1931 3806 2211 3875 Philippus
2238 3806 2291 3859 in
2321 3804 2588 3865 Samaria,
2616 3820 2869 3875 magnum
2897 3813 3045 3859 esset
3070 3806 3323 3874 gaudium
3351 3804 3405 3860 in
3434 3806 3522 3859 illa

235 3894 402 3948 aliud.
440 3892 752 3962 Spiritalem
785 3907 935 3956 vero,
965 3907 1125 3959 quam
1159 3906 1295 3944 nos:
1331 3890 1424 3945 sed
1449 3898 1633 3959 patres
1661 3888 1828 3943 nostri
1931 3897 2169 3959 civitate,
2202 3894 2549 3963 quoniam'hi
2583 3895 2675 3964 qui
2708 3910 2833 3954 vero
2879 3896 3228 3951 crediderunt.
3274 3896 3326 3950 in
3366 3895 3524 3951 Chi-iu

233 4001 346 4040 non
387 3994 569 4054 patres
613 3984 847 4047 illorum,
891 3982 1086 4052 quibus
1127 3997 1224 4035 nos
1258 3980 1462 4034 similes
1496 3995 1684 4034 sumus
1724 3995 1829 4032 non
1932 3997 2074 4043 sulm
2105 3987 2283 4041 anima
2309 3996 2365 4042 et
2395 4000 2624 4055 corpore
2654 3986 2827 4041 sanati
2858 3994 2984 4042 sunt
3009 4000 3026 4038 ς
3050 3984 3127 4043 ωε
3154 4001 3283 4042 vero
3308 3988 3399 4055 qui
3425 4003 3522 4055 per

234 4077 435 4146 quibus
463 4074 542 4128 illi
573 4074 776 4129 similes
802 4075 1035 4127 fuerunt.
1070 4070 1171 4132 llic
1199 4080 1272 4126 est
1297 4087 1426 4141 ergo
1448 4072 1599 4139 panis
1621 4070 1684 4123 de
1703 4070 1828 4135 caelo
1931 4078 2332 4137 simulationem
2362 4084 2427 4132 se’
2450 4075 2724 4131 ﬂuxerunt
2746 4077 3014 4141 credere,
3040 4085 3095 4130 et
3125 4076 3330 4146 perﬁdo
3355 4078 3522 4131 corde

231 4166 583 4229 descendens,
616 4174 667 4217 ut
700 4165 745 4218 si
772 4164 887 4234 quis
914 4180 978 4217 ex
999 4163 1110 4233 ipso
1144 4162 1542 4215 manducauerit
1575 4178 1679 4214 non
1719 4176 1830 4217 mo-
1930 4172 2103 4239 magis
2145 4167 2359 4223 diabolo
2394 4182 2571 4236 quam,
2599 4166 2822 4223 Christo
2851 4166 3056 4221 sel-vim
3083 4166 3379 4235 elegerant,
3422 4180 3519 4219 ηε-

234 4260 430 4311 riatur.
472 4256 580 4310 Sed
606 4256 748 4324 quod
792 4255 1028 4323 pertinet
1056 4254 1123 4308 ad
1169 4254 1426 4306 virtutem
1466 4252 1824 4316 Sacramenti,
1930 4262 2115 4331 quitiu:
2142 4275 2253 4317 sum
2274 4261 2478 4331 justam
2510 4260 2921 4321 retributionem
2948 4268 3331 4327 perceperunt.
3365 4257 3519 4314 Unde

234 4350 482 4419 nunquid
506 4348 736 4419 pertinet
762 4349 829 4401 ad
858 4346 1065 4401 visibilc
1092 4344 1502 4400 Sacramentum
1527 4364 1539 4397 :
1564 4346 1654 4415 qui
1680 4362 1828 4399 man-
1931 4353 2020 4407 hic
2045 4359 2441 4420 consequenter
2468 4350 2665 4421 legitur
2691 4348 2834 4418 quod
2852 4347 3061 4408 Simon
3084 4349 3174 4418 qui
3196 4358 3317 4408 ante
3342 4348 3515 4417 fuerat

234 4442 396 4496 ducat
423 4440 590 4503 intus,
629 4454 733 4491 non
771 4436 923 4502 foris,
969 4439 1062 4508 qui
1090 4437 1380 4492 manducat
1412 4436 1673 4501 iii-corde,
1719 4452 1824 4491 non
1852 4461 1905 4521 D
1929 4444 1987 4495 in
2021 4442 2225 4497 civitate
2262 4456 2467 4510 magus,
2484 4440 2744 4495 seducens
2782 4448 2983 4508 gentem
3022 4436 3303 4502 Samaritc,
3336 4439 3517 4495 dicem

233 4529 332 4601 qui
360 4530 723 4598 pnrtnittentc
754 4547 766 4582 :
1929 4550 1983 4588 se
2015 4550 2127 4587 esse
2162 4531 2387 4601 aliquem
2418 4545 2688 4600 magnum,
2719 4529 2847 4584 licet
2873 4530 3175 4597 baptizatus
3213 4544 3243 4582 a
3267 4527 3517 4602 Philippo

311 4619 423 4689 Ego
454 4635 571 4671 sum
608 4619 759 4686 panis
798 4618 959 4681 vivus,
996 4618 1083 4688 qui
1120 4617 1183 4671 de
1210 4615 1336 4670 caelo
1373 4616 1661 4671 descendi:
1704 4617 1826 4670 idco
1929 4620 2137 4684 fuisset,
2169 4629 2345 4674 tamen
2392 4618 2750 4673 simulationis
2780 4634 2890 4671 sua:
2917 4627 2973 4672 et
2998 4618 3303 4688 hypocrisis
3344 4622 3519 4675 vindi-

232 4710 413 4773 vivus,
443 4710 569 4778 quia
612 4710 677 4763 de
702 4707 838 4763 cu-lo
876 4708 1153 4763 descendit
1176 4719 1230 4763 et
1256 4723 1479 4775 manna,
1504 4707 1595 4762 scd
1630 4723 1826 4763 manna
1930 4721 2072 4767 ctam
2105 4727 2210 4765 non
2239 4710 2429 4764 evasit.
2455 4709 2709 4763 Devictus
2737 4722 2866 4777 ergo
2896 4708 3039 4762 beati
3068 4707 3307 4780 Philippi
3337 4711 3468 4767 vcrb
3490 4730 3518 4768 s

232 4802 426 4857 umbra
452 4811 591 4864 crat,
624 4803 724 4853 iste
747 4800 951 4853 veritas
981 4809 1084 4855 est.
1926 4813 1982 4857 et
2005 4803 2203 4855 virtute
2238 4799 2506 4853 veraciter
2528 4813 2586 4853 se
2615 4798 2837 4853 credere
2863 4799 3218 4867 quoadusque
3247 4803 3515 4871 baptisma

310 4892 506 4962 Siquis
529 4891 919 4945 manducauerit
934 4907 998 4945 ea:
1022 4892 1118 4949 hoc
1138 4908 1291 4961 pane,
1320 4894 1448 4947 vivet
1467 4893 1523 4946 in
1546 4902 1823 4956 retentum;
1925 4894 2225 4962 susciperet
2260 4891 2554 4947 simulavit.
2604 4891 2672 4947 Ut
2708 4891 2976 4961 quomodo
3014 4891 3192 4957 laudis
3238 4904 3358 4951 erat
3401 4898 3516 4950 avi-

231 4990 283 5036 ει
305 4982 453 5049 penis
476 4998 629 5051 quem
660 4997 752 5050 ego
776 4981 910 5034 dabo
946 4998 1068 5035 caro
1097 4998 1211 5036 mea
1249 4992 1324 5037 est
1360 4999 1453 5053 pro
1482 4982 1665 5036 mundi
1696 4983 1819 5036 vita.
1926 4984 2202 5047 dissimus,
2233 4984 2307 5037 ita
2366 4993 2424 5037 ut
2460 4982 2734 5037 Christum
2767 4997 2825 5037 se
2853 4981 3001 5037 credi
3028 4981 3210 5051 vellet,
3249 4986 3392 5041 sicut
3432 4988 3515 5043 hi~

230 5072 349 5130 Hoc
374 5074 591 5142 quando
638 5082 853 5143 caperet
888 5090 1037 5137 caro,
1078 5076 1222 5144 quod
1248 5076 1403 5141 dixit,
1446 5089 1662 5146 panem,
1698 5091 1821 5130 car-
1923 5076 2107 5131 Storia:
2127 5084 2370 5137 narrant,
2399 5065 2545 5129 artes
2572 5075 2639 5128 ab
2667 5088 2732 5128 eo
2769 5074 2965 5142 quibus
3005 5076 3269 5131 miracula
3312 5075 3515 5133 faceret

230 5184 378 5230 nem,
406 5178 634 5223 vocatur
662 5184 792 5223 caro
812 5170 951 5238 quod
978 5183 1083 5222 non
1108 5171 1252 5237 capit
1280 5184 1408 5223 caro
1431 5186 1443 5221 :
1472 5178 1524 5222 et
1552 5169 1674 5224 ideo
1699 5183 1817 5221 ma-
1919 5167 2206 5230 edisceret,
2230 5166 2371 5234 quod
2386 5163 2500 5232 jam
2521 5179 2862 5219 successores
2881 5163 3002 5231 ejus
3020 5163 3511 5236 fecisseldocentur,

230 5262 314 5331 gis
360 5277 465 5314 non
514 5260 660 5328 capit
696 5275 823 5313 caro
861 5260 982 5328 quia
1022 5270 1248 5313 vocatur
1294 5273 1423 5313 caro
1463 5273 1477 5311 :
1524 5261 1627 5315 hoc
1673 5258 1817 5313 enim
1921 5259 2013 5327 qui
2048 5257 2285 5311 auctoris
2310 5256 2390 5312 sui
2412 5256 2661 5326 malignis
2682 5256 2887 5309 artibus
2917 5257 3177 5321 instituti,
3212 5258 3512 5316 Ecclesiam

232 5353 658 5414 exhorruerunt,
694 5351 797 5404 hoc
832 5350 1200 5405 assimulatum
1236 5365 1355 5404 esse
1384 5350 1664 5412 dixerunt,
1713 5349 1815 5403 hoc
1922 5349 2109 5403 fraude
2128 5348 2366 5416 qualibet
2386 5348 2612 5415 ingressi
2635 5347 2897 5415 baptisma
2913 5349 3508 5404 l‘urariconsu‘everunt.

231 5460 331 5497 non
359 5458 522 5510 posse
572 5438 693 5491 ﬁeri
736 5448 1077 5507 putaverunt.
1128 5437 1265 5490 Caro
1310 5454 1445 5503 mea,
1495 5438 1689 5506 inquit,
1741 5448 1817 5491 est
1920 5439 2053 5493 Cum
2081 5446 2261 5492 autem
2284 5453 2380 5507 per
2399 5437 2617 5491 Petrum
2639 5447 2693 5491 et
2710 5436 2978 5493 Joannem
3001 5440 3091 5509 qui
3122 5440 3269 5494 missi
3294 5440 3512 5496 fuerunt

229 5551 317 5602 pro
361 5531 553 5585 mundi
586 5532 715 5581 vita.
756 5529 1028 5585 Noverunt
1066 5529 1249 5583 ﬁdeles
1280 5543 1476 5597 corpus
1517 5525 1738 5591 Christi,
1772 5528 1817 5581 si
1920 5530 1975 5583 in
2004 5528 2307 5583 Samariam
2334 5529 2611 5598 imponere
2630 5528 2980 5583 credentibus
3005 5546 3193 5584 manus
3219 5542 3277 5584 ut
3301 5534 3511 5601 accipe-

226 5640 418 5693 cnrpns
443 5619 658 5676 Christi
680 5633 801 5672 esse
825 5636 927 5691 non
957 5620 1250 5690 negligant,
1278 5619 1415 5673 ﬁunt
1441 5635 1635 5687 corpus
1668 5617 1822 5672 Chri—
1922 5617 2315 5686 rentSpiritum
2346 5627 2611 5680 sanctum,
2632 5617 2785 5671 multi
2813 5620 3155 5673 credentium
3178 5622 3371 5674 donum
3388 5620 3508 5691 Spi-

217 5716 282 5772 sti
337 5717 387 5771 si
428 5710 633 5767 volun:
671 5722 852 5763 mere
896 5712 960 5765 de
1009 5712 1197 5779 spiritu
1240 5712 1468 5777 Christi;
1517 5712 1582 5765 de
1628 5712 1815 5780 spiritu
1920 5712 2055 5769 ritus
2095 5710 2265 5763 sancti
2300 5725 2365 5765 se
2386 5709 2695 5778 percepisse
2740 5709 3052 5765 manifestis
3082 5712 3296 5767 indiciis
3325 5723 3507 5766 ostra.
