3946 6354
420 364 523 421 271

1075 366 1135 423 Β.
1174 365 1429 425 ΒΑΒΑΝΙ
1469 368 1689 428 MAURI
1730 368 2051 429 ARClllEP.
2094 372 2405 431 MOGUNT.
2448 372 2732 433 OPERUM
2774 378 2953 435 PARS
2990 374 3052 433 ll.

3617 375 3727 431 272

428 485 645 542 ciebant.
680 484 881 541 Videns
907 484 1013 542 hoc
1048 485 1371 543 miraculum
1398 486 1589 544 Simon
1614 502 1631 539 :
1656 489 1779 559 quia
1804 505 1896 559 per
1926 490 2025 542 im-
2054 493 2101 551 Α
2132 503 2292 559 neque
2322 505 2498 559 peram
2518 529 2530 553 ,
2560 506 2724 560 neque
2759 509 2945 561 ,‘mm‘m
2969 534 2983 555 ,
3024 508 3187 562 neque
3225 494 3532 563 pecuniam,
3564 511 3728 566 neque

427 577 737 652 positionem
777 594 967 633 manus
990 577 1362 649 Apostolorum
1392 579 1611 634 daretur
1641 578 1869 649 Spiritus
1899 596 2026 634 san-

430 677 546 725 ctus
567 683 587 724 :
617 667 800 723 obtulit
823 668 898 723 eis
926 668 1203 739 pecuniam
1229 668 1411 724 dicens
1428 682 1447 721 :
1463 668 1597 724 Date
1620 670 1746 724 mihi
1775 670 1910 724 hanc
1932 689 2027 741 p0-

427 768 666 814 ‘testatem
688 766 743 812 ut
763 758 1054 831 cuicunque
1076 759 1375 831 imposuero
1404 777 1614 827 manus,
1658 762 1882 833 accipiat
1903 761 2026 833 Spi-

430 852 591 905 ritum
617 860 878 906 sanctum.
907 848 1101 906 Petrus
1136 861 1313 908 autem
1338 853 1472 909 dixit
1502 854 1572 907 ad
1592 870 1709 908 eum
1740 868 1758 907 :
1792 854 2027 911 Pecunia

431 950 525 995 tua
554 949 727 995 tecum
769 941 837 996 sit
882 942 938 997 in
958 942 1307 1014 perditionem
1340 961 1358 999 :
1389 946 1640 1016 quoniam
1693 946 1889 1000 donum
1930 948 2027 1002 Dei

429 1030 745 1085 existimasti
773 1032 995 1101 pecunia
1016 1033 1297 1104 possideri.
1324 1033 1451 1089 Non
1481 1046 1557 1090 est
1595 1035 1687 1090 tibi
1715 1054 1839 1108 pars
1862 1054 2027 1110 neque

428 1140 545 1179 sors
573 1124 626 1179 in
649 1140 889 1180 sermone
909 1126 1033 1180 isto.
1059 1124 1166 1181 Cor
1180 1126 1482 1181 enimtuum
1505 1144 1610 1183 non
1632 1139 1707 1184 est
1727 1142 1921 1187 rectum
1942 1150 2027 1187 εον

433 1234 547 1271 ram
563 1216 673 1271 Deo
689 1217 1078 1288 ;paenitentiam
1099 1218 1276 1289 itaque
1287 1234 1384 1289 age
1402 1219 1468 1274 ab
1480 1219 1581 1275 hac
1593 1222 1826 1293 nequitia
1850 1232 1961 1287 tua,
1978 1234 2025 1278 et

432 1324 559 1378 roga
578 1305 746 1362 Deum
773 1307 820 1361 si
851 1306 985 1377 forte
1005 1306 1309 1361 remittatur
1337 1306 1429 1363 tibi
1445 1308 1558 1364 lucc
1580 1311 1826 1382 cogitatio
1854 1312 2031 1369 cordis

432 1399 534 1463 tui,
554 1399 611 1453 in
625 1396 747 1469 felle
768 1398 911 1452 enim
930 1398 1303 1455 amaritudinis
1329 1409 1378 1456 et
1400 1400 1718 1473 obligatione
1732 1404 2027 1476 iniquitatis

429 1490 578 1545 uideo
600 1498 649 1546 te
677 1506 807 1545 esse.
830 1489 902 1544 At
926 1490 1017 1546 ille
1044 1490 1170 1547 licet
1197 1506 1257 1548 se
1285 1493 1551 1563 poenitere
1578 1495 1717 1551 velle
1758 1496 2025 1565 ﬁnxiss‘et,

435 1590 614 1635 tamen
646 1582 738 1651 qui
764 1582 819 1636 in
846 1582 1051 1637 malitia
1079 1590 1257 1653 coepta
1287 1598 1459 1654 usque
1493 1584 1547 1640 in
1581 1584 1743 1643 ﬁnem
1773 1603 2030 1658 perseve-

435 1676 594 1743 ravit,
652 1676 956 1746 iniquitatis
982 1692 1094 1731 suae
1123 1677 1446 1749 condignam
1485 1681 1790 1738 mercedem
1820 1683 2027 1739 caelesti

433 1765 672 1821 vindicta
717 1768 941 1837 recepit.
992 1767 1119 1824 Ideo
1156 1768 1303 1824 enim
1331 1767 1568 1840 Spiritus
1608 1780 1829 1827 sanctus
1857 1774 1911 1829 in
1938 1790 2029 1830 co-

2128 576 2263 629 duas
2285 578 2489 631 tunicas
2509 578 2765 632 habeatis.
2791 580 2937 633 Solvi
2964 582 3130 650 qtneri
3158 584 3425 650 quomodo
3444 584 3730 641 Mattheus

2129 674 2183 719 et
2210 664 2387 721 Lucas
2417 671 2963 724 commenioravcrint
2998 672 3201 727 dixisse
3246 674 3529 729 Dominum
3561 677 3729 733 disci--

2128 755 2270 826 pulis
2298 772 2364 809 ne
2391 757 2595 825 virgam
2630 756 2855 823 ferrent,
2879 775 2999 813 cum
3030 762 3172 816 dicat
3203 763 3435 829 Marcus,
3462 774 3508 818 et
3535 782 3735 834 praece-

2126 844 2200 914 pit
2231 845 2337 909 eis,
2366 862 2430 898 ne
2467 847 2593 916 quid
2632 847 2869 901 tollerent
2910 849 2963 901 in
3006 850 3087 903 via
3126 852 3227 903 nisi
3268 854 3463 923 virgam
3498 863 3731 922 tantum,

2128 934 2271 1003 quod
2300 934 2374 989 ita
2410 935 2637 990 solvitur
2669 951 2683 990 :
2716 944 2773 989 ut
2799 936 3163 1008 intelligamus
3190 940 3290 994 sub
3318 942 3419 996 alia
3460 943 3735 1013 signiﬁca-

2129 1026 2277 1083 tione
2297 1028 2495 1084 dictam
2520 1029 2751 1099 virgam,
2774 1045 2895 1099 qua:
2918 1032 3215 1087 secundum
3244 1020 3478 1089 Marcum
3509 1036 3729 1090 ferenda

2128 1132 2238 1187 est,
2278 1130 2333 1177 et
2372 1122 2474 1177 sub
2514 1123 2618 1178 alia
2658 1123 2800 1177 illam
2833 1140 2952 1193 qua:
2988 1127 3284 1181 secundum
3330 1129 3639 1184 Matthzeum
3675 1140 3732 1184 et

2129 1213 2332 1270 Lucam
2358 1232 2465 1270 non
2500 1224 2583 1271 est
2610 1217 2830 1271 ferenda
2867 1236 2879 1271 :
2915 1219 3055 1274 sicut
3078 1222 3178 1276 sub
3203 1221 3307 1275 alia
3333 1222 3731 1291 signiﬁcatione

2132 1304 2449 1375 intelligitur
2488 1308 2712 1362 tentatio
2749 1309 2814 1362 de
2855 1324 2961 1378 qua
3005 1310 3209 1364 dictum
3254 1322 3339 1365 est
3368 1331 3382 1367 :
3416 1311 3603 1367 Tentat
3638 1332 3731 1369 ros

2135 1394 2388 1450 Dominus
2430 1397 2572 1451 Deus
2610 1408 2785 1452 noster
2811 1413 2827 1450 :
2856 1410 2910 1453 ut
2939 1402 3069 1454 sciat
3104 1402 3150 1455 si
3182 1401 3416 1473 diligatis
3441 1420 3558 1457 eum
3589 1420 3607 1457 :
3638 1403 3732 1460 illa

2130 1489 2462 1544 seductionis
2512 1498 2617 1556 est,
2678 1492 2793 1547 haec
2837 1494 3194 1563 probationis.
3262 1495 3557 1565 Utrumque
3600 1510 3731 1569 ergo

2131 1576 2501 1647 accipiendum
2542 1588 2627 1634 est
2667 1595 2695 1634 a
2736 1581 2962 1636 Domino
2998 1583 3256 1652 apostolis
3291 1585 3493 1639 dictum
3529 1606 3541 1638 :
3576 1594 3634 1640 ut
3675 1594 3733 1644 et

2131 1684 2234 1725 nec
2261 1670 2468 1740 virgam
2507 1670 2744 1736 ferrent,
2781 1682 2921 1728 etut
2955 1690 3059 1728 non
3088 1675 3191 1729 nisi
3231 1676 3436 1747 virgam
3481 1676 3728 1733 ferrent:

2132 1777 2257 1817 cum
2292 1764 2436 1819 enim
2472 1766 2767 1820 secundum
2813 1765 3123 1820 Mattbreum
3162 1766 3366 1823 diceret
3390 1768 3471 1823 eis
3503 1787 3515 1822 :
3550 1768 3733 1823 Nolite

434 1855 629 1912 lumbz‘e
643 1857 828 1928 Specie
851 1873 1015 1928 super
1034 1859 1366 1930 baptismum
1392 1859 1729 1918 Salvatorem
1752 1865 2031 1922 descendit

2135 1853 2399 1924 possidere
2433 1871 2623 1908 aurum
2664 1871 2824 1925 neque
2864 1867 3157 1926 argentum,
3204 1867 3260 1912 et
3288 1867 3518 1923 caztera,
3556 1861 3734 1914 conti-

434 1957 493 2003 nt
521 1963 617 2005 eos
639 1948 731 2019 qni
761 1964 820 2004 se
844 1950 1089 2020 accipere
1118 1950 1306 2016 velint,
1338 1951 1616 2023 simplices
1639 1970 1760 2011 esse
1787 1955 2027 2019 doceret,

434 2055 560 2094 nam
588 2040 679 2109 qui
712 2038 783 2096 l'cl
811 2041 1192 2097 amaritudinis
1232 2043 1286 2096 in
1331 2045 1494 2099 corde
1525 2056 1771 2101 reservat
1803 2048 2031 2117 quamli-

435 2134 525 2189 bet
551 2134 859 2203 baptizatus
886 2136 1136 2191 videatur
1156 2151 1175 2189 :
1200 2151 1305 2191 non
1333 2147 1418 2193 est
1446 2137 1751 2208 iniquitatis
1776 2155 1889 2195 sua:
1914 2142 2031 2196 vio-

432 2224 570 2280 culis
598 2225 904 2293 absolutus,
930 2226 1024 2281 sed
1066 2227 1112 2282 si
1140 2226 1206 2281 ad
1245 2236 1503 2297 punctum
1550 2230 1686 2285 liora
1722 2229 2031 2301 baptizandi

434 2324 696 2385 purgatus
729 2333 743 2369 :
791 2330 917 2371 mox
946 2317 1145 2372 acriori
1186 2327 1269 2373 est
1314 2318 1560 2376 dmmone
1606 2322 2033 2393 septemplicith-

432 2421 745 2477 oppressus.
778 2407 1002 2462 Frustra
1038 2424 1169 2481 ergo
1195 2411 1427 2479 gratiam
1460 2412 1686 2483 spiritus
1710 2429 1892 2470 emere
1916 2424 2032 2469 ten.

436 2505 537 2563 tat,
568 2498 663 2568 qui
696 2514 755 2554 se
792 2508 973 2554 mente
999 2501 1217 2555 corvina
1246 2517 1353 2556 non
1385 2504 1600 2558 curavit
1625 2519 1849 2561 exuere.
1889 2506 2033 2573 Qua-

436 2598 659 2659 pr0pter
694 2589 857 2646 valde
894 2605 1120 2647 necesse
1155 2600 1241 2647 est
1283 2594 1587 2664 unicuique
1628 2594 1940 2653 Christiano
1973 2607 2034 2652 ω

435 2680 589 2751 juxta
641 2681 791 2738 Pauli
834 2681 1171 2748 docuinam,
1215 2684 1373 2738 corde
1410 2684 1589 2739 credat
1631 2686 1707 2740 ad
1740 2686 2028 2757 justitiam,

438 2790 529 2829 ore
558 2784 735 2829 autem
764 2774 1083 2844 conﬁteatur
1108 2775 1178 2828 ad
1207 2774 1453 2831 salutem.
1485 2775 1661 2847 Ipsam
1693 2777 1855 2833 ﬁdem
1882 2778 2031 2835 festi-

437 2872 530 2918 net
553 2862 712 2919 bonis
737 2865 992 2935 operibus
1015 2865 1285 2921 adornare
1306 2876 1362 2922 et
1385 2867 1441 2921 in
1468 2867 1573 2924 hoc
1598 2883 1768 2939 usque
1789 2871 1843 2925 in
1868 2870 2029 2926 ﬁnem

436 2956 561 3010 vita:
606 2970 978 3024 perseverare,
1025 2965 1294 3027 quatenus
1323 2972 1423 3028 per
1466 2959 1699 3029 gratiam
1730 2958 2033 3017 Salvatoris

436 3053 713 3100 mereatur
736 3045 992 3116 gaudium
1022 3046 1245 3103 ccelestc
1286 3048 1447 3104 simul
1485 3064 1607 3104 cum
1640 3051 1843 3105 sanctis
1874 3066 2040 3124 ange-

436 3134 503 3211 lis
533 3135 586 3189 in
623 3144 827 3192 aeterna
875 3137 1212 3194 beatitudine
1241 3138 1545 3210 possidere,
1592 3148 1888 3210 praestante
1927 3143 2033 3197 Do-

438 3205 586 3283 mino
626 3236 815 3285 nostro
839 3227 968 3286 Jcsu
999 3228 1218 3287 Christo
1242 3205 1343 3301 qui
1379 3247 1503 3287 cum
1543 3205 1705 3287 Patre
1746 3242 1795 3287 et
1825 3231 2029 3304 Spiritu
2060 3205 2103 3266 C

434 3327 626 3375 sancto
645 3318 780 3374 vivit
804 3328 861 3376 et
889 3328 1079 3394 regnat
1108 3321 1251 3377 Deus
1274 3337 1371 3393 per
1386 3322 1566 3379 omnia
1591 3322 1787 3379 smcula
1811 3323 2033 3380 steculo-

435 3424 577 3466 tum.

975 3500 1261 3563 HOMILIA
1309 3502 1494 3561 LXVI.

1039 3610 1172 3651 ιτειι
1203 3612 1355 3651 ΓΕΒΙΔ
1388 3614 1443 3652 Υ.

604 3684 791 3741 Lectio
812 3686 987 3743 sancti
1017 3687 1294 3758 Evangelii
1321 3690 1617 3746 secundum
1643 3689 1873 3747 Lucam.

509 3776 537 3831 1
544 3793 575 3832 n
608 3776 698 3831 illo
727 3786 971 3847 tempore,
998 3779 1293 3833 convocatis
1317 3778 1475 3834 Jesus
1498 3780 1775 3835 duodecim
1803 3780 2035 3850 discipu-

439 3870 529 3933 lis,
556 3867 699 3921 dedit
726 3867 831 3921 illis
859 3868 1099 3922 virtutem
1134 3878 1182 3923 et
1208 3878 1517 3940 potestatem
1545 3886 1703 3941 super
1721 3872 1897 3927 omnia
1918 3871 2032 3925 dte-

442 3958 641 4021 monia,
673 3967 726 4010 ut
757 3967 803 4010 et
828 3957 1110 4029 languores
1137 3968 1402 4013 curarent.
1434 3958 1505 4014 Et
1534 3962 1673 4015 misit
1697 3960 1815 4015 illos
1843 3961 2035 4031 praedi-

440 4064 560 4103 care
596 4061 815 4119 regnum
846 4047 941 4101 Dei
968 4056 1015 4102 et
1045 4064 1236 4103 sanare
1263 4048 1522 4118 inﬁrmos.
1553 4047 1620 4102 Et
1653 4051 1728 4104 ait
1762 4050 1832 4104 ad
1862 4049 1982 4104 illos
2014 4066 2031 4104 :

448 4137 599 4193 Nihil
639 4138 861 4193 tuleritis
904 4140 959 4193 in
1005 4140 1121 4205 via,
1166 4155 1329 4210 neque
1357 4141 1587 4209 virgam,
1634 4158 1796 4211 neque
1830 4158 2030 4211 perant,

444 4246 607 4299 neque
642 4246 853 4299 panem,
894 4246 1055 4299 neque
1093 4229 1365 4300 pecuniam
1388 4270 1413 4299 ,ν
1448 4246 1612 4301 neque
1648 4229 1781 4283 duas
1826 4232 2034 4284 tunicas

443 4318 701 4374 habeatis.
736 4318 803 4372 Et
840 4320 894 4373 in
927 4335 1288 4391 quamcunque
1322 4319 1534 4374 domum
1568 4321 1932 4386 intraveritis,
1962 4322 2033 4376 ibi

445 4420 651 4465 manete
668 4450 683 4477 ,
714 4420 762 4465 et
800 4410 920 4463 inde
946 4426 1008 4463 ne
1031 4410 1250 4464 matis.
1285 4409 1354 4463 Et
1380 4412 1675 4481 quicunque
1703 4428 1808 4465 non
1833 4428 2035 4482 recepe—

444 4503 549 4557 rint
589 4518 711 4566 vos,
753 4512 996 4555 exeuntes
1042 4501 1109 4555 de
1146 4502 1353 4556 civitate
1395 4502 1521 4568 illa,
1571 4504 1728 4557 etiam
1769 4504 2037 4575 pulverem

442 4590 632 4663 pedum
674 4603 959 4645 vestrorum
1004 4591 1231 4645 excutite
1277 4592 1334 4646 in
1378 4596 1731 4649 testimonium
1772 4612 1928 4657 super
1970 4596 2034 4649 il-

442 4682 542 4748 los,
571 4690 679 4738 etc.

516 4774 786 4830 Concessa
827 4775 1058 4843 primum
1103 4785 1372 4847 potestate
1408 4778 1681 4848 signorum
1717 4777 1860 4831 misit
1892 4792 2031 4847 prm-

445 4867 629 4921 dicare
657 4880 880 4936 regnum
911 4864 1007 4920 Dei
1045 4876 1104 4921 ut
1139 4868 1529 4937 promissorum
1569 4869 1923 4939 magnitudini
1956 4877 2040 4922 at-

448 4966 739 5013 testaretur
758 4958 918 5015 etiam
934 4959 1248 5029 magnitudo
1266 4958 1552 5025 factorum,
1573 4959 1837 5029 ﬁdemque
1857 4962 2036 5016 verbis

447 5046 600 5099 daret
622 5046 795 5101 virtus
816 5057 1058 5113 ostensa,
1088 5059 1142 5103 et
1169 5062 1305 5103 nova
1336 5049 1601 5113 facerent,
1622 5048 1713 5117 qui
1744 5064 1878 5104 nova
1903 5065 2038 5118 prm-

448 5136 691 5190 dicarent
723 5156 735 5190 :
767 5136 909 5193 unde
939 5152 1081 5194 nunc
1111 5153 1323 5209 quoque
1363 5154 1483 5193 cum
1524 5138 1757 5193 ﬁdelium
1787 5155 2038 5194 numero-

450 5227 583 5279 sitas
610 5227 850 5282 excrevit
889 5228 1028 5283 intra
1061 5238 1301 5282 sanctam
1343 5228 1641 5285 Eeclcsiam
1679 5246 1693 5283 :
1725 5230 1878 5283 multi
1911 5242 2039 5284 sunt

450 5320 545 5391 qui
581 5320 745 5375 vitam
788 5321 1043 5375 virtutum
1074 5330 1258 5377 tenent
1301 5340 1314 5374 :
1353 5331 1409 5376 ct
1446 5322 1599 5394 signa
1628 5323 1889 5377 virtutum
1929 5336 2035 5375 non

455 5411 657 5466 habent
698 5424 711 5462 :
750 5410 875 5479 quia
914 5410 1114 5466 frustra
1154 5411 1475 5467 miraculum
1516 5411 1649 5467 loris
1686 5413 2036 5469 ostenditur:

457 5503 502 5557 si
526 5502 679 5557 deest
698 5502 839 5571 quod
860 5502 1004 5556 intus
1023 5510 1295 5571 operetur.
1312 5500 1444 5556 Nam
1462 5500 1617 5571 juxta
1645 5502 1887 5573 magistri
1912 5516 2041 5573 gen-

458 5596 591 5649 tium
627 5609 812 5649 vocem
841 5592 1033 5663 lingua:
1063 5594 1116 5647 in
1142 5595 1345 5662 signum
1383 5602 1525 5657 sunt,
1555 5608 1656 5645 non
1682 5590 1923 5659 ﬁdelibus
1948 5590 2040 5645 sed

458 5684 776 5753 inﬁdelibus.

536 5777 603 5830 Et
631 5778 703 5831 ait
731 5776 797 5829 ad
821 5777 940 5831 illos
969 5794 984 5830 :
1013 5772 1163 5828 Nihil
1186 5774 1407 5828 tuleritis
1428 5775 1479 5827 in
1506 5775 1612 5840 via,
1643 5791 1800 5843 neque
1822 5774 2040 5841 virgam,

2133 1960 2243 2000 nuo
2282 1947 2513 2017 subjecit
2551 1965 2564 2001 2
2599 1947 2788 2018 dignus
2830 1959 2903 2002 est
2943 1951 3215 2017 operarius
3253 1951 3366 2003 cibo
3406 1968 3503 2004 suo
3540 1969 3559 2006 ε
3587 1953 3732 2006 unde

2133 2037 2266 2092 satis
2296 2038 2532 2093 ostendit
2563 2054 2661 2093 cur
2683 2054 2778 2093 eos
2803 2040 3080 2108 possidere
3110 2040 3253 2107 haec,
3279 2056 3343 2095 ac
3370 2041 3514 2097 ferre
3544 2043 3735 2098 nolite.

2135 2128 2225 2193 rit,
2257 2144 2361 2183 non
2395 2144 2503 2199 quo
2540 2130 2850 2184 necessaria
2882 2144 2985 2182 non
3015 2130 3126 2185 sint
3154 2133 3534 2187 sustentationi
3572 2134 3737 2204 hujus

2135 2220 2293 2285 vitm,
2337 2220 2432 2276 sed
2458 2222 2586 2291 quia
2619 2220 2699 2276 sic
2737 2236 2830 2276 eos
2861 2221 3109 2277 mittebat
3151 2241 3171 2276 ε.
3199 2232 3258 2277 ut
3284 2224 3364 2287 eis
3398 2226 3514 2281 hac
3544 2228 3737 2283 deberi

2135 2319 2467 2366 monstraret
2507 2312 2575 2366 ab
2616 2311 2723 2367 illis
2764 2314 2967 2381 quibus
2993 2313 3351 2385 Evangelium
3384 2316 3741 2375 credentibus-

2134 2403 2545 2459 annuntiarent.
2592 2405 2774 2461 Clarct
2808 2414 2992 2463 autem
3025 2410 3139 2465 Isaac
3167 2426 3273 2465 non
3305 2412 3377 2466 ita
3406 2415 3744 2484 praecepisse

2136 2493 2423 2548 Dominum
2457 2504 2712 2566 tanquam
2754 2499 3111 2571 Evangelistze
3148 2501 3329 2557 vivere
3366 2502 3584 2559 aliunde
3622 2520 3741 2561 non

2133 2585 2394 2652 debeant,
2424 2603 2586 2658 quam
2625 2591 2713 2645 eis
2731 2592 3131 2660 prrebentibus,
3174 2594 3372 2663 quibus
3405 2598 3738 2650 annum-iant

2134 2677 2485 2747 Evangelium
2531 2695 2545 2733 :
2584 2680 2821 2751 alioquin
2862 2692 3051 2737 contra
3091 2684 3190 2738 hoc
3230 2695 3557 2755 prazccptum
3606 2685 3738 2741 fecit

2134 2766 2446 2837 Apostolus,
2476 2770 2573 2839 qui
2600 2772 2802 2824 victum
2833 2773 2899 2826 de
2931 2787 3182 2827 manuum
3208 2788 3430 2827 suarum
3453 2774 3741 2830 laboribus

2135 2861 2481 2930 exquirebat,
2532 2878 2600 2918 ne
2639 2864 2890 2933 cuiquam
2918 2864 3101 2933 gravis
3130 2874 3310 2929 esset;
3356 2866 3449 2920 sed
3492 2874 3734 2935 potesta-

2138 2959 2245 3005 tem
2282 2952 2493 3007 dedisse
2520 2953 2573 3007 in
2602 2969 2707 3023 qua
2740 2955 2943 3007 scirent
2975 2954 3077 3009 sibi
3103 2955 3205 3009 ista
3235 2955 3439 3009 deberi.
3468 2954 3606 3011 Cum
3637 2972 3735 3011 au—

2136 3058 2245 3099 tem
2279 3062 2306 3099 a
2342 3045 2568 3099 Domino
2591 3046 2793 3115 aliquid
2825 3046 3125 3115 imperatur
3146 3046 3248 3101 nisi
3278 3048 3391 3111 ﬁat,
3417 3047 3736 3102 inobedicn—

2139 3134 2227 3189 tia:
2255 3133 2410 3205 culpa
2439 3143 2542 3190 est.
2576 3133 2710 3189 Cum
2742 3145 2924 3188 autem
2952 3141 3194 3204 potestas
3224 3135 3384 3190 datur
3406 3177 3427 3201 ,η
3458 3136 3582 3192 licet
3618 3138 3735 3192 cui—

2135 3240 2239 3297 que
2281 3240 2387 3281 non
2429 3227 2542 3292 uti,
2584 3234 2638 3281 et
2674 3233 2929 3295 tanquam
2978 3228 3045 3281 de
3080 3241 3177 3281 suo
3212 3227 3336 3296 jure
3374 3230 3584 3285 cedere.
3618 3230 3733 3285 lloc

2134 3333 2268 3389 ergo
2312 3317 2571 3373 ordinans
2620 3318 2909 3382 Dominus,
2962 3320 3054 3387 qui
3101 3334 3224 3373 eum
3272 3320 3558 3376 ordinasse
3599 3323 3732 3377 dicit

2134 3411 2464 3481 Apostolus,
2486 3411 2570 3466 bis
2600 3412 2689 3480 qui
2727 3410 3073 3481 Evangelium
3108 3414 3433 3467 annuntiant
3456 3416 3521 3470 de
3548 3415 3729 3471 Evan-

2133 3505 2271 3577 gelio
2292 3496 2493 3571 vivere,
2525 3504 2614 3561 illa
2655 3506 2916 3576 apostolis
2938 3506 3260 3577 loquebatur
3289 3528 3311 3562 τ’
3330 3520 3385 3564 ιιι
3412 3512 3588 3565 securi
3621 3527 3731 3566 non

2133 3596 2512 3669 possiderent,
2560 3613 2737 3667 neque
2771 3606 3059 3673 portarent
3098 3599 3224 3655 huic
3260 3601 3386 3655 vitm
3424 3604 3742 3657 necessaria

2134 3702 2235 3743 nec
2272 3701 2463 3759 magna
2507 3702 2607 3743 nec
2647 3689 2870 3743 minima
2895 3730 2907 3748 .
2949 3689 3070 3744 ideo
3103 3690 3313 3759 posuit,
3360 3708 3450 3745 nec
3497 3694 3744 3763 virgam,

2133 3779 2424 3835 ostendens
2453 3793 2484 3833 a
2514 3778 2773 3835 ﬁdelibus
2785 3780 2898 3834 suis
2917 3779 3097 3835 omnia
3123 3781 3305 3837 deberi
3331 3783 3593 3838 ministris
3616 3784 3735 3838 suis

2134 3871 2278 3926 nulla
2307 3869 2577 3942 superﬂua
2619 3872 3022 3942 requirentibus
3042 3913 3057 3938 ,
3088 3887 3151 3928 ac
3177 3888 3273 3943 per
3296 3874 3399 3930 hoc
3427 3876 3673 3931 addendo
3715 3897 3730 3931 :

2134 3961 2323 4033 dignus
2363 3971 2441 4016 est
2474 3961 2614 4015 enim
2647 3963 2918 4031 operarius
2949 3962 3062 4015 cibo
3089 3978 3206 4027 suo,
3237 3978 3458 4032 prorsus
3493 3966 3730 4033 aperuit,

2133 4058 2189 4105 et
2217 4049 2507 4105 illustravit
2539 4051 2683 4105 unde
2710 4051 2825 4103 hate
2850 4050 3032 4105 omnia
3058 4050 3388 4119 loqueretur.
3422 4048 3574 4106 Hanc
3597 4066 3736 4124 ergo

2134 4148 2456 4209 potestatem
2483 4140 2649 4209 virga:
2676 4140 2895 4194 nomine
2924 4139 3267 4210 signiﬁcavit,
3299 4156 3422 4195 cum
3453 4141 3609 4203 dixit,
3641 4158 3746 4196 ne-

2133 4230 2261 4302 quid
2287 4229 2525 4284 tollerent
2553 4230 2609 4283 in
2644 4230 2725 4283 via
2756 4230 2857 4283 nisi
2886 4230 3083 4301 virgam
3105 4241 3340 4296 tantum,
3368 4240 3429 4285 ut
3457 4230 3733 4301 intelliga-

2138 4329 2226 4374 tur
2250 4318 2378 4387 quia
2408 4324 2677 4387 potestate
2702 4332 2734 4371 a
2767 4317 2997 4373 Domino
3022 4328 3269 4388 accepta,
3292 4334 3411 4388 qua
3439 4320 3607 4390 virgae
3632 4336 3741 4375 no—

2136 4412 2281 4465 mine
2309 4408 2611 4481 signiﬁoata
2651 4417 2762 4474 est,
2794 4409 2959 4463 etiam
3002 4425 3123 4479 qua:
3164 4426 3269 4465 non
3309 4417 3597 4479 portantur
3621 4426 3733 4465 non

2138 4503 2383 4558 deerunt.
2417 4502 2532 4557 lloc
2559 4511 2620 4557 et
2644 4502 2710 4556 de
2738 4502 2945 4556 duabus
2970 4502 3165 4555 tunicis
3192 4501 3596 4572 intelligendum
3622 4513 3732 4566 est,

2139 4609 2206 4649 ne
2228 4595 2513 4663 quisquam
2542 4607 2730 4646 eorum
2757 4600 2955 4660 praeter
2982 4606 3103 4646 eam
3133 4606 3293 4660 quam
3318 4600 3461 4646 esset
3484 4590 3744 4657 indutus,

2138 4686 2299 4740 aliam
2341 4685 2657 4753 portandum
2691 4692 2905 4752 putaret
2946 4683 3247 4737 sollicitus:
3281 4698 3347 4737 ne
3382 4698 3518 4753 opus
3561 4696 3729 4748 esset,

2140 4790 2260 4829 cum
2288 4790 2353 4831 ex
2392 4773 2481 4827 illa
2516 4781 2787 4843 potestate
2815 4775 2985 4843 possit
3013 4774 3279 4843 accipere.
3309 4774 3459 4840 Quod
3486 4790 3619 4829 vero
3645 4790 3734 4831 se-

2139 4868 2371 4923 cundum
2409 4865 2648 4921 Marcum
2692 4880 2799 4919 non
2832 4866 3035 4934 portari
3073 4867 3156 4920 vel
3196 4866 3385 4921 haberi
3414 4867 3550 4922 duas
3581 4869 3732 4921 Iuni.-

2140 4978 2232 5020 cas
2262 4980 2274 5016 :
2307 4962 2399 5017 sed
2428 4962 2739 5031 expressius
2770 4961 2916 5015 indui
2949 4962 3197 5029 prohibet
3227 4962 3439 5026 dicens,
3480 4973 3528 5016 et
3560 4980 3625 5017 ne
3649 4966 3735 5017 in-

2139 5054 2422 5108 duerentur
2456 5051 2665 5106 duabus
2706 5053 2927 5116 tunicis,
2969 5053 3097 5113 quid
3134 5068 3229 5106 eos
3269 5063 3449 5107 monet
3490 5054 3595 5109 nisi
3623 5071 3733 5109 non

2139 5140 2445 5212 dupliciter,
2486 5141 2581 5196 sed
2611 5141 2928 5210 simpliciter
2952 5140 3261 5196 ambulare?
3310 5142 3481 5196 Aliter
3511 5145 3563 5197 in
3594 5145 3732 5199 dua-

2141 5232 2242 5286 bus
2268 5231 2465 5287 tunicis
2490 5231 2702 5286 videtur
2729 5231 2857 5285 mihi
2894 5230 3084 5301 duplex
3114 5233 3404 5286 ostendere
3429 5236 3735 5289 vestimen-

2145 5330 2290 5388 tum;
2325 5336 2433 5376 non
2475 5324 2617 5391 quod
2639 5323 2690 5375 in
2721 5320 2852 5376 locis
2899 5320 3131 5392 Scythia:
3174 5331 3229 5377 et
3258 5321 3484 5377 Galatia
3518 5322 3736 5395 frigidis

2145 5412 2451 5483 regionibus
2493 5426 2599 5465 una
2637 5410 2760 5479 quis
2805 5411 2985 5465 tunica
3025 5411 3219 5466 debeat
3258 5426 3377 5466 esse
3418 5420 3729 5478 contentus,

2145 5505 2236 5557 sed
2265 5502 2406 5572 quod
2449 5504 2501 5556 in
2543 5503 2721 5557 tunica
2759 5504 3142 5557 vestimentum
3181 5504 3583 5575 intelligamus:
3622 5520 3741 5560 non.

2146 5593 2250 5648 alio
2286 5602 2464 5647 vestra
2506 5592 2650 5647 aliud
2689 5592 2842 5648 nobis
2872 5593 3174 5647 futurorum
3207 5596 3397 5650 timore
3427 5610 3735 5653 servemus.

2148 5684 2215 5737 Et
2252 5686 2306 5738 in
2336 5688 2697 5755 quamcunque
2726 5684 2939 5736 domum
2978 5684 3315 5750 intraveritis,
3346 5688 3415 5739 ibi
3446 5696 3652 5739 manete
3682 5697 3733 5739 et

2146 5775 2266 5828 inde
2296 5791 2357 5827 ne
2383 5775 2578 5827 creatis
2601 5814 2615 5838 ,
2643 5773 2733 5826 dat
2767 5774 3085 5829 constantiae
3115 5776 3363 5843 generale
3391 5776 3735 5840 mandatum,
