3946 6340
197 384 295 439 273
1266 388 1569 445 lZOlllleE
1614 391 1676 445 ΙΝ
1720 389 1755 444 Ε

1864 387 1971 445 NG.
2018 389 2105 444 ΕΤ
2144 386 2359 444 LPIST.
3360 387 3477 444 υι

198 508 251 554 ut
272 500 553 570 hospitalis
576 504 1129 572 necessitudinisjura
1160 507 1497 574 custodiant,
1538 509 1772 562 alienum
1804 510 1851 568 Α
1879 504 2085 569 batum,
2122 502 2298 557 virum
2316 501 2521 570 justum
2542 543 2557 567 ,
2584 504 2757 557 virum
2789 518 2818 557 a
2849 503 3078 557 mortuis
3113 501 3468 569 suscitatam;

196 608 223 643 a
247 591 601 661 przcdicatore
643 595 787 665 regni
817 594 1053 650 cmlestis
1087 606 1337 653 astruens
1375 601 1640 655 cursitare
1678 617 1779 671 per
1875 608 1983 647 non
2014 607 2139 647 cum
2169 590 2416 655 ameris,
2446 599 2607 660 atque
2639 591 2910 646 communi
2945 590 3377 659 τυδυΐτθειῖοηθν
3411 592 3465 648 id

198 682 375 736 domos
418 692 473 736 et
527 683 850 740 inviolabilis
897 687 1110 757 hospitii
1156 687 1278 757 jura
1346 690 1596 745 multare.
1663 691 1773 747 Nec

193 774 357 829 otiose
387 776 686 829 secundum
718 776 1023 833 Matthaaum
1060 780 1251 835 domus
1280 797 1442 851 quam
1470 782 1773 853 ingredian-

196 872 278 917 tur
316 864 546 933 apostoli
573 865 815 936 eligenda
844 868 1173 932 decernitur,
1200 877 1257 923 ut
1288 872 1531 925 mutandi
1554 872 1771 942 hospitii

194 954 712 1025 necessitudinisque
748 957 1010 1013 violandae
1060 958 1222 1014 caus'a
1261 977 1367 1017 nou
1397 970 1667 1032 suppetat.
1702 963 1771 1018 Et

190 1044 475 1115 quicunque
505 1062 609 1098 non
640 1049 923 1117 receperint
960 1060 1313 1115 vos,e.reuutes
1333 1052 1396 1105 de
1424 1036 1629 1106 civitate
1654 1050 1769 1119 illa,

188 1135 334 1188 etiam
362 1134 625 1205 pulverem
648 1137 837 1207 pedum
866 1148 1152 1193 vestrorum
1188 1142 1413 1196 excutite
1447 1142 1502 1195 in
1538 1143 1771 1197 testium-

191 1228 326 1280 nium
360 1244 522 1297 supra
552 1227 693 1283 illos.
724 1229 905 1286 Pulvis
931 1232 1204 1287 excutitur
1231 1234 1297 1289 de
1322 1232 1549 1303 pedibus
1577 1235 1691 1289 suis
1716 1234 1771 1289 in

190 1317 548 1371 testimonium
578 1317 779 1373 laboris
814 1320 895 1375 sui
933 1338 945 1374 :
976 1322 1119 1391 quod
1156 1323 1381 1391 ingressi
1421 1322 1531 1379 sint
1558 1324 1612 1379 in
1641 1325 1771 1380 civi-

187 1414 346 1461 tatem
373 1415 426 1461 et
453 1409 768 1478 prazdicatio
805 1412 1097 1480 apostolica
1135 1414 1200 1467 ad
1232 1414 1349 1469 illos
1375 1431 1545 1485 usque
1576 1432 1767 1486 perve-

186 1499 342 1552 nerit.
375 1498 501 1553 Sive
526 1502 796 1557 excitetur
820 1504 1019 1573 pulvis,
1044 1513 1103 1558 ut
1128 1506 1261 1561 nihil
1286 1505 1354 1561 ab
1373 1507 1453 1562 eis
1480 1508 1764 1577 accipiant,

184 1603 248 1643 ue
282 1590 347 1643 ad
384 1591 587 1646 victum
626 1594 842 1662 quidem
885 1596 1246 1651 necessarium
1289 1597 1380 1667 qui
1420 1599 1765 1670 Evangelium

185 1691 515 1750 spreverunt.
559 1684 859 1756 Allcgorice
897 1694 1112 1753 autem,
1150 1689 1244 1759 qui
1283 1689 1450 1745 verbo
1493 1691 1768 1747 humiliter

185 1770 493 1839 intendunt,
526 1774 572 1828 si
601 1774 869 1844 aliquibus
895 1786 973 1832 ut.
993 1778 1239 1833 homines
1268 1786 1499 1835 terrena:
1532 1779 1768 1837 levitatis

1873 689 1986 747 est,
2015 682 2071 736 in
2100 679 2263 736 tinem
2299 679 2481 743 szeculi
2508 681 2671 746 dilata
2690 721 2705 749 ,
2732 682 2826 737 sed
2857 683 3017 737 tertia
3048 682 3136 737 die
3163 682 3462 750 celebrata,

1872 778 1932 826 ut
1981 770 2273 841 singularis
2306 778 2362 826 et
2395 770 2646 842 gloriosae
2674 772 3089 828 resurrectionis
3117 772 3347 828 assertio
3387 782 3466 830 te-

1873 862 2185 918 stimouium
2213 870 2429 918 aeterna:
2457 862 2756 918 divinitatis
2784 863 3111 933 acquireret.
3154 862 3287 919 Cum
3317 864 3464 919 enim

1872 960 2189 1008 ceterorum
2210 967 2437 1023 corpora
2457 952 2790 1023 corruptioni
2819 951 3073 1022 probaret
3095 952 3320 1007 subesse
3341 960 3465 1021 post

1873 1050 2104 1099 mortem
2133 1083 2148 1109 ,
2187 1043 2333 1099 hunc
2372 1044 2577 1114 utique,
2620 1044 2687 1099 de
2729 1057 2837 1114 quo
2876 1042 3114 1098 dicitur:
3150 1042 3273 1097 Non
3312 1041 3463 1096 dabis

1871 1142 2111 1188 sanctum
2158 1142 2307 1188 tuum
2346 1133 2517 1188 uidere
2552 1136 2969 1204 corruptionem,
3010 1135 3325 1203 comprobat
3363 1134 3463 1187 lut-

1871 1241 2046 1281 mana:
2081 1225 2389 1298 fragilitatis
2433 1236 2741 1297 expertem,
2780 1228 2972 1297 probat
3011 1227 3174 1282 etiam
3213 1228 3471 1282 humana:~

1868 1316 2196 1379 conditionis
2226 1318 2420 1373 merita
2447 1332 2855 1387 supergressum
2882 1334 2895 1368 :
2921 1324 2977 1371 et
3003 1314 3124 1370 ideo
3151 1315 3260 1371 Deo
3289 1316 3465 1386 magis

1869 1423 2030 1476 quam
2071 1407 2381 1471 hominibus
2418 1405 2836 1471 conferendum;
2876 1405 3126 1476 qualibus
3158 1420 3287 1459 vero
3318 1406 3459 1474 apud

1867 1498 2097 1569 gentiles
2130 1498 2357 1567 apostoli
2395 1497 2795 1567 praedicationis
2835 1503 3055 1551 utantur
3094 1494 3351 1560 exordiis,
3406 1495 3459 1548 in

1867 1586 2100 1643 cornelii
2131 1586 2478 1643 Centurionis
2504 1587 2755 1653 historia,
2778 1594 2832 1642 et
2859 1586 2912 1641 in
2942 1600 3194 1641 sermone
3232 1584 3461 1654 apostoli

1865 1678 2289 1746 Pauli,Athenis
2315 1678 2524 1744 habito,
2550 1677 2835 1734 doceberis
2861 1694 2875 1731 :
2904 1674 3248 1729 Providebam
3278 1674 3463 1728 Domi-

1867 1787 1991 1824 num
2018 1787 2198 1826 coram
2230 1787 2310 1825 me
2332 1786 2554 1839 semper,
2580 1770 2830 1840 quoniam
2860 1785 2893 1823 a
2922 1766 3121 1823 dextris
3143 1777 3218 1821 est
3243 1767 3371 1821 mihi
3398 1782 3471 1820 ne-

183 1860 340 1915 nazvis
370 1862 732 1917 obscurantur
756 1880 852 1936 per
880 1882 944 1921 ea
986 1883 1107 1923 mox
1139 1883 1261 1939 quae
1294 1870 1563 1940 recipiunt
1591 1870 1763 1926 Evan-
1794 1850 1842 1909 Β
1870 1878 2220 1926 commoveat.
2255 1869 2311 1916 ει
2334 1850 2533 1917 ἀπιθτῦ
2571 1878 2588 1915 ε
2632 1859 2857 1915 Veniet"
2876 1900 2893 1925 ν
2930 1860 3138 1929 ἱηίιυίι,
3174 1860 3230 1912 in
3257 1875 3320 1911 θα
3342 1873 3460 1928 qua’

181 1951 355 2019 gelicze
396 1954 799 2023 praedicationis
846 1958 1072 2029 vestigia
1116 1968 1434 2032 purgantur.
1482 1960 1586 2029 Qui
1636 1977 1767 2019 vero

180 2043 393 2112 perfidia
416 2044 502 2099 vel
526 2046 853 2118 negligentia
874 2049 955 2103 vel
977 2050 1141 2105 etiam
1166 2050 1347 2106 studio
1372 2060 1763 2108 contemnunt:

179 2134 360 2189 horum
396 2137 618 2192 vitanda
655 2142 993 2207 communio,
1031 2141 1281 2213 fugienda
1323 2159 1595 2217 synagoga
1631 2160 1762 2202 cen-

179 2235 348 2293 setur;
378 2230 761 2285 excutiendum
790 2234 984 2302 pedum
1010 2234 1194 2302 pulmo
1220 2251 1287 2291 ne
1313 2236 1764 2304 gestisinanibus

178 2325 229 2371 ct
257 2317 462 2386 pulveri
497 2323 877 2391 comparandis
903 2326 1100 2380 mentis
1137 2336 1302 2382 casta:
1337 2328 1621 2400 vestigium
1648 2330 1763 2400 pol-

181 2409 366 2464 luatur.

242 2498 452 2571 Egressi
476 2509 649 2555 autem
684 2503 976 2559 circuibant
1002 2522 1095 2576 per
1122 2506 1337 2561 castella
1359 2548 1373 2573 ,
1401 2525 1764 2580 evangettzan-

176 2598 243 2643 tes
270 2599 315 2643 et
345 2604 591 2647 curantes
622 2594 829 2666 ubique.
864 2595 1017 2663 Quod
1043 2600 1605 2671 evangelizarent,vel
1630 2619 1763 2673 quo-

176 2683 324 2737 modo
374 2693 633 2739 curarent
676 2687 946 2756 apostoli,
996 2688 1210 2746 Marcus
1259 2693 1481 2763 exponit
1527 2694 1756 2763 plenius,

174 2774 548 2841 prwdicabant,
583 2776 786 2846 inquit,
816 2788 872 2832 ut
905 2780 1262 2849 pmnitentiam
1291 2793 1503 2853 agerent
1534 2801 1551 2837 :
1578 2794 1625 2839 et
1657 2801 1757 2839 un-

173 2863 349 2935 gebam
380 2864 498 2919 oleo
537 2867 729 2922 multos
766 2880 989 2940 a’grotos
1025 2881 1074 2925 et
1100 2872 1380 2928 sanabant.
1412 2875 1552 2930 Dicit
1585 2885 1639 2930 et
1669 2873 1758 2930 Ja-

174 2960 332 3015 cubus
357 2978 369 3014 :
404 2960 721 3032 lnﬁrmatur
753 2966 870 3036 quis
898 2965 951 3019 in
980 2966 1149 3031 nobis,
1186 2967 1404 3022 inducat
1434 2969 1757 3039 presbyteros

175 3046 412 3105 Ecclesia:
431 3093 446 3115 ,
483 3063 529 3106 et
558 3064 705 3108 orent
736 3072 895 3126 super
915 3057 1083 3124 ipsum
1104 3098 1117 3122 ,
1144 3069 1390 3127 ungentes
1416 3076 1533 3113 eum
1561 3059 1673 3115 olea
1703 3061 1758 3115 in

173 3141 371 3194 nomine
410 3141 646 3209 Domini,
683 3156 731 3200 et
760 3146 806 3201 si
851 3146 905 3200 in
948 3150 1177 3217 peccatis
1200 3150 1287 3214 sit,
1326 3150 1657 3204 dimittentur
1683 3152 1750 3205 ei.

176 3226 318 3285 llnde
353 3240 504 3300 patet
537 3235 605 3289 ab
635 3235 765 3304 ipsis
792 3235 1064 3306 Apostolis
1092 3254 1236 3293 nunc
1273 3246 1472 3295 sanctae
1498 3240 1753 3297 Ecclesize

173 3334 368 3376 morem
396 3337 520 3379 esse
541 3328 926 3392 contraditum,
950 3338 1010 3384 ut
1038 3329 1359 3387 Pontiﬁciali
1382 3333 1757 3390 benedictione

176 3424 484 3470 consecrato
507 3415 626 3472 oleo
654 3427 1024 3490 perungantur
1042 3423 1251 3493 aegroti,
1279 3422 1635 3492 pnrdicabant
1658 3440 1755 3477 au-

173 3508 267 3554 tem
296 3514 351 3555 ut
375 3506 733 3573 paenitentiam
755 3520 999 3580 agerent;
1024 3519 1080 3566 et
1101 3528 1263 3582 supra
1284 3552 1299 3579 ,
1323 3514 1462 3567 misit
1484 3512 1602 3568 illos
1620 3554 1635 3580 ,
1667 3514 1751 3568 in-

175 3593 319 3661 quit,
361 3598 722 3669 evangelizare
767 3600 1000 3672 Regnum
1048 3603 1279 3659 Domini.
1325 3605 1462 3673 Quia
1508 3607 1757 3663 videlicet

174 3691 455 3754 utrumque
473 3683 630 3753 juxta
655 3686 879 3745 Joannis
906 3691 1162 3762 Baptista:
1190 3693 1274 3748 vel
1302 3694 1471 3765 ipsius
1506 3694 1752 3751 Salvato-

175 3770 243 3825 ris
269 3774 575 3845 exemplum
620 3780 986 3846 praedicabant
1014 3800 1027 3835 :
1062 3774 1429 3839 Paenitentiam
1465 3786 1623 3855 agite,
1657 3804 1752 3857 αρε

172 3863 535 3935 propinquabit
579 3869 718 3923 enim
761 3869 998 3941 Regnum
1052 3872 1300 3929 caelorum
1342 3888 1361 3927 :
1400 3876 1552 3947 regni
1606 3876 1751 3931 enim

174 3953 424 4011 caelorum
459 3958 645 4028 januis
689 3962 1050 4032 propinquare
1095 3972 1178 4019 est
1221 3964 1287 4020 de
1331 3965 1417 4020 his
1460 3981 1751 4036 quemque,

172 4044 355 4112 quibus
379 4048 449 4103 ab
474 4063 540 4105 eo
565 4050 886 4109 discesserat
909 4055 1194 4124 poenitere,
1218 4064 1274 4110 et
1291 4071 1390 4126 per
1409 4071 1574 4126 opera
1590 4056 1755 4127 justi-

174 4134 254 4191 tia:
277 4138 341 4193 ad
372 4140 541 4195 vitam
572 4140 831 4199 festinare
858 4154 1173 4215 perpetuam
1203 4157 1495 4219 praestante
1523 4149 1753 4207 Domino

172 4236 346 4285 nostro
373 4229 505 4287 Jesu
533 4231 771 4302 Christo,
785 4236 878 4306 qui
905 4252 1029 4291 cum
1046 4237 1205 4294 Patre
1229 4247 1285 4295 et
1310 4236 1513 4310 Spiritu
1538 4241 1673 4296 vivit
1697 4251 1753 4299 et

174 4328 349 4388 regnat
384 4321 533 4378 Deus
554 4339 653 4395 per
674 4326 855 4381 omnia
885 4328 1081 4384 saecula
1107 4330 1449 4387 saeculorum.
1480 4332 1676 4390 Amen.

685 4438 968 4497 HOMILIA
1011 4441 1215 4499 LXVII.

820 4528 975 4569 FERIA
1012 4530 1086 4569 Vl.

522 4596 710 4655 Lectio
736 4609 970 4659 Actuum
996 4607 1384 4673 apostolorum.

236 4686 296 4741 In
325 4688 510 4743 diebus
536 4688 641 4744 illis
674 4693 912 4761 aperiens
940 4692 1132 4750 Petrus
1158 4713 1215 4752 os
1236 4708 1409 4772 suum,
1427 4699 1560 4754 dixit
1592 4717 1609 4754 :
1635 4697 1748 4754 Viri

172 4772 440 4846 lsraelitw,
472 4781 650 4835 audite
677 4782 828 4836 verba
855 4784 967 4837 lucc
997 4799 1016 4836 :
1044 4784 1230 4840 Iesum
1261 4785 1634 4854 Nazarenam,
1664 4791 1745 4843 vi-

173 4880 277 4920 rum
301 4870 649 4938 approbatum
674 4889 705 4925 a
735 4872 845 4927 Deo
880 4874 933 4927 in
961 4877 1124 4941 vobis,
1158 4878 1455 4945 virtutibus,
1488 4891 1539 4935 et
1562 4882 1741 4951 prodi-

172 4958 288 5026 giis,
321 4970 368 5013 et
395 4962 561 5031 signis
580 5005 595 5029 ,
618 4979 735 5033 qua:
764 4963 885 5032 fecit
912 4981 1003 5034 per
1026 4965 1177 5021 illum
1209 4968 1352 5024 Deus
1380 4971 1434 5024 in
1455 4972 1625 5025 medio
1654 4989 1741 5027 ve-

172 5050 278 5115 stri,
294 5052 426 5105 sicut
453 5069 539 5107 vos
560 5056 702 5109 scitis
718 5070 736 5107 :
759 5055 897 5109 hunc
920 5055 1136 5126 deﬁnito
1156 5058 1374 5114 consilio
1395 5071 1444 5115 et
1464 5062 1744 5133 pra’scien-

173 5135 240 5190 tia
282 5139 376 5193 Dei
421 5142 707 5212 traditum,
750 5161 845 5215 per
889 5161 1077 5201 manus
1130 5148 1429 5219 iniquorum
1486 5154 1743 5222 aﬂigentes

178 5234 516 5302 tnteremistis,
546 5244 653 5293 etc.

240 5322 397 5390 Quasi
436 5327 625 5382 doctus
660 5345 920 5401 magister
953 5333 1102 5403 prius
1132 5332 1439 5391 incredulos
1472 5338 1743 5393 commissi

179 5426 346 5472 reatus
365 5419 633 5485 admonet,
654 5431 715 5475 ut
725 5423 872 5493 justo
892 5425 1086 5483 timore
1106 5430 1440 5499 compunctis
1461 5430 1743 5486 consilium

178 5506 352 5563 salutis
388 5513 731 5579 postmodum
775 5518 1126 5585 opportunius
1168 5519 1474 5590 impendat,
1516 5530 1576 5576 ut
1618 5522 1745 5592 quia

179 5595 461 5655 scientibus
496 5601 668 5672 legem
709 5602 968 5673 loquitur,
1001 5608 1175 5677 ipsum
1206 5599 1480 5665 Christum
1509 5626 1630 5667 esse
1654 5613 1743 5682 qui

182 5698 209 5735 a
234 5688 497 5756 prophetis
516 5701 658 5746 esset
680 5696 978 5762 promissus
997 5699 1252 5764 ostendit,
1276 5716 1376 5756 nec
1397 5707 1575 5755 tamen
1603 5702 1746 5755 hunc

186 5780 486 5834 auctoritate
516 5798 611 5837 sua
646 5784 740 5838 Dei
772 5784 936 5839 lilium
977 5788 1236 5856 nominat,
1291 5790 1383 5846 sed
1425 5790 1597 5845 virum
1624 5808 1745 5861 pro-

1867 1961 2162 2019 transeunt,
2197 1968 2301 2006 non
2330 1951 2524 2007 abstuli
2553 1950 2765 2007 oculum
2794 1950 2860 2005 ab
2893 1966 2953 2005 eo
3000 1950 3090 2021 qui
3118 1965 3319 2020 semper
3346 1964 3464 2003 ma-

1865 2052 1970 2097 net.
1999 2041 2114 2099 Hoc
2138 2044 2460 2114 providens,
2489 2050 2550 2098 ut
2582 2042 2636 2097 in
2678 2056 2801 2097 eum
2829 2048 2956 2112 post
2988 2040 3299 2111 temporalia
3337 2056 3460 2111 per-

1864 2140 1985 2190 acta
2018 2148 2375 2198 recurret-em,
2405 2132 2677 2203 quomodo
2699 2131 2845 2189 favet
2867 2132 3000 2189 mihi
3024 2141 3084 2187 ut
3108 2131 3381 2189 stabiliter
3403 2131 3460 2187 in

1861 2240 1928 2282 eo
1941 2239 2288 2297 permaneam
2304 2243 2319 2293 ;
2338 2234 2394 2282 et
2407 2226 2513 2282 hoc
2527 2226 2671 2297 quod
2682 2233 2965 2295 peccatum
2987 2240 3092 2281 non
3106 2223 3208 2281 feci
3219 2265 3233 2291 ,
3249 2240 3350 2295 nec
3363 2225 3462 2281 do-

1862 2312 1946 2369 lus
1981 2314 2232 2370 inventus
2259 2323 2346 2371 est
2374 2315 2428 2370 in
2466 2330 2563 2371 ore
2596 2329 2863 2383 meo,non
2894 2314 3219 2371 humanitati
3246 2314 3347 2370 sed
3376 2315 3459 2370 di-

1862 2400 2073 2460 vinitati
2115 2405 2427 2469 ascribam;
2462 2413 2686 2476 propter
2727 2406 2832 2461 hoc
2865 2412 2921 2462 et
2956 2404 3011 2460 in
3040 2404 3461 2476 cogitationibus

1862 2494 1998 2549 meis
2020 2492 2363 2563 jucunditas,
2395 2503 2451 2551 et
2484 2494 2539 2551 in
2561 2495 2742 2551 verbis
2770 2494 3057 2552 exsultatio
3077 2535 3094 2560 ,
3120 2502 3341 2566 pr0pter
3372 2511 3459 2552 re-

1861 2586 2254 2641 surrectionem
2308 2586 2519 2642 scilicet
2564 2586 2691 2656 quia
2737 2600 2839 2657 per
2890 2601 3011 2641 eam
3066 2586 3325 2643 liberatus
3371 2597 3458 2643 est

1861 2676 2127 2741 mundus,
2158 2677 2381 2748 insuper
2403 2685 2459 2731 et
2491 2690 2622 2732 caro
2656 2691 2778 2731 mea
2824 2690 2932 2733 non
2960 2675 3177 2732 deﬁciet
3204 2676 3257 2731 in
3288 2677 3453 2731 inter-

1861 2765 2019 2831 itum,
2052 2766 2147 2821 sed
2176 2765 2230 2820 in
2267 2781 2361 2837 spe
2390 2765 2808 2827 resurrectionis
2842 2766 3170 2833 obdormiet,
3199 2767 3459 2837 quoniam

1863 2870 2039 2926 neque
2062 2856 2298 2911 animam
2323 2871 2500 2912 meam
2530 2856 2719 2913 inferis
2743 2856 3125 2929 possidendam
3153 2857 3327 2924 dabis,
3356 2872 3456 2911 ne-

1860 2960 1966 3016 que
1995 2946 2392 3001 sanctiﬁcatum
2429 2961 2627 3017 corpus
2667 2961 2765 3018 per
2805 2946 2948 3017 quod
2985 2953 3040 3002 et
3081 2945 3173 3001 alii
3214 2946 3459 3002 sanctifi-

1859 3034 2018 3092 candi
2056 3042 2185 3091 sunt
2220 3036 2493 3105 corrumpi
2534 3036 2792 3106 patieris;
2823 3036 2951 3108 quia
2977 3043 3137 3093 notas
3167 3036 3301 3092 mihi
3327 3035 3457 3092 feci-

1858 3125 1928 3181 sti
1963 3126 2109 3192 vias,
2136 3125 2333 3195 quibus
2359 3126 2470 3181 itur
2504 3126 2570 3181 ad
2597 3126 2958 3182 aeternitatem
2981 3166 2996 3192 ,
3025 3126 3080 3181 in
3115 3126 3311 3196 quibus
3335 3135 3458 3197 post

1860 3217 2138 3273 tristitiam
2168 3217 2795 3288 passionis,adimplebis
2823 3235 2911 3276 me
2943 3218 3128 3275 laetitia
3154 3235 3278 3277 cum
3304 3219 3453 3274 vultu

1857 3317 1971 3363 tuo.
2000 3308 2067 3363 Et
2096 3310 2411 3366 ascendenti
2453 3310 2507 3365 in
2545 3310 2699 3367 caelis
2751 3311 2905 3367 dabis
2953 3311 3339 3368 delectationes
3398 3313 3454 3368 in

1856 3398 2079 3454 dextera
2116 3408 2206 3454 tua
2238 3415 2408 3469 usque
2448 3400 2501 3455 in
2545 3399 2743 3468 tinem;
2788 3403 2915 3473 quia
2957 3417 3132 3474 neque
3162 3404 3456 3461 derelictus

1856 3488 1911 3543 in
1942 3488 2175 3555 inferno,
2197 3489 2477 3546 descendit
2498 3492 2715 3561 quidem
2741 3491 2994 3550 Christus
3014 3498 3308 3551 secundum
3337 3497 3455 3551 ani-

1856 3594 1999 3634 mam
2029 3581 2095 3636 ad
2123 3578 2348 3649 inferos,
2377 3590 2438 3636 ut
2456 3582 2663 3651 quibus
2686 3584 2948 3653 oportuit,
2980 3584 3322 3650 subveniret;
3355 3586 3449 3640 sed

1856 3686 1965 3725 non
2002 3680 2089 3726 est
2129 3671 2422 3729 derelictus
2460 3674 2512 3728 in
2554 3674 2799 3740 inferno,
2844 3676 2934 3744 qui
2983 3676 3246 3731 citissimo
3277 3676 3451 3730 reditu

1855 3776 2052 3831 corpus
2096 3772 2534 3818 resurrecturum
2569 3765 2781 3835 petivit.
2834 3765 3017 3820 Tertia
3070 3766 3319 3821 videlicet
3366 3768 3454 3823 die

1855 3850 2155 3904 resurrexit
2187 3866 2218 3905 a
2258 3852 2488 3907 mortuis
2511 3861 2564 3907 et
2595 3854 3009 3926 quadragesima
3040 3864 3226 3925 postea
3254 3857 3340 3911 die
3365 3871 3452 3912 as-

1854 3939 2033 3993 cendit
2070 3939 2125 3993 in
2168 3940 2398 4006 cmlum,
2430 3951 2487 3997 et
2522 3943 2677 3999 sedet
2714 3944 2781 4000 ad
2822 3945 3103 4001 dexteram
3144 3946 3236 4003 Dei
3282 3948 3452 4018 patris

1854 4028 2272 4100 omnipotentis,
2303 4031 2429 4087 inde
2462 4042 2721 4089 venturus
2752 4033 3003 4103 judicare
3028 4035 3180 4092 vivos
3210 4044 3265 4092 et
3306 4053 3451 4093 mor-

1853 4126 1977 4175 tuos
2004 4126 2059 4174 et
2081 4119 2338 4177 sacculum
2368 4135 2464 4192 per
2492 4122 2686 4194 ignem.

2376 4234 2659 4292 HOMILIA
2692 4234 2924 4293 LXVIII.

2431 4342 2563 4381 ιτεκ
2591 4342 2746 4381 FER”
2770 4343 2844 4381 Vl.

2009 4412 2197 4469 Lectio
2224 4415 2398 4470 sancti
2426 4415 2705 4487 Evangelii
2737 4418 3032 4473 secundum
3058 4418 3282 4474 Lucam.

1774 4540 1827 4601 D
1924 4524 1992 4581 In
2020 4524 2113 4581 illo
2139 4536 2387 4599 tempore,
2414 4528 2614 4599 factum
2642 4538 2718 4583 est
2740 4529 2794 4583 in
2823 4546 2930 4584 una
2959 4530 3182 4597 dierum,
3208 4542 3255 4586 et
3285 4530 3449 4588 Iesus

1850 4613 2058 4669 sedebat
2089 4615 2300 4683 docens,
2329 4626 2377 4671 et
2405 4627 2556 4671 erant
2587 4614 2848 4673 Pltariswi
2874 4619 3125 4684 sedentes,
3156 4629 3261 4676 etc.

1923 4706 2026 4763 [Ibi
2063 4706 2326 4765 Dominus
2366 4707 2561 4763 sedens
2592 4707 2873 4777 docuerit,
2906 4712 3121 4785 quando
3151 4709 3358 4767 Scribis
3384 4722 3438 4768 et

1848 4798 2138 4854 Pharisaeis
2165 4800 2581 4855 consedentibus
2618 4801 2973 4874 paralyticum
3004 4804 3232 4868 curavit,
3264 4804 3440 4860 Lucas

1846 4890 2127 4945 breviandi
2158 4891 2329 4962 gratia
2354 4893 2649 4962 praeteriit,
2695 4895 2789 4948 sed
2818 4894 3103 4951 Mattiacas
3136 4904 3193 4951 et
3225 4894 3438 4952 Marcus

1847 4980 1941 5050 qui
1974 4989 2233 5046 narrant,
2270 4982 2623 5052 quaestionem
2660 4982 2839 5039 facere
2868 4984 3155 5051 videntur,
3182 4986 3434 5056 quoniam

1847 5071 2064 5140 quidem
2102 5071 2387 5127 Matthmus
2428 5072 2482 5127 in
2526 5073 2745 5129 civitate
2803 5090 2923 5139 sua,
2980 5074 3191 5130 Marcus
3240 5077 3292 5130 in
3340 5075 3433 5130 Ca-

1847 5163 2149 5232 pharnaum
2168 5203 2183 5229 ,
2222 5163 2324 5218 hoc
2351 5178 2474 5219 cum
2506 5163 2700 5221 fecisse
2728 5174 2976 5221 testatur.
3010 5166 3141 5234 Quae
3171 5166 3436 5222 difﬁcilius

1848 5252 2104 5319 solvetur,
2136 5253 2180 5308 si
2216 5244 2709 5324 juxtaMatthazum
2759 5257 2921 5312 etiam
2968 5256 3238 5313 Nazareth
3282 5259 3437 5314 intel-

1849 5340 2057 5410 ligenda
2084 5350 2168 5397 est
2195 5343 2336 5397 dicta
2368 5344 2558 5400 civitas
2586 5344 2789 5401 Christi
2813 5347 2880 5401 ad
2914 5346 3313 5402 distinctionem
3352 5349 3435 5402 vi-

1852 5428 2045 5483 delicet
2072 5431 2303 5501 regionis
2334 5432 2730 5489 Transmarinas
2758 5434 3208 5502 Gerascenorum,
3233 5437 3297 5492 de
3326 5453 3431 5507 qua

1853 5520 2275 5588 transfretando,
2303 5524 2445 5578 sicut
2481 5524 2768 5582 Matthaaus
2793 5527 3003 5593 scribit,
3033 5536 3255 5583 venerat
3294 5527 3437 5584 Gali-

1852 5610 2007 5665 laeam
2051 5630 2063 5664 :
2101 5612 2185 5666 vel
2222 5624 2367 5669 certe
2394 5617 2507 5684 ipsa
2543 5616 2919 5687 Capharnaum
2945 5659 2960 5684 ,
3002 5618 3193 5673 civitas
3228 5617 3431 5674 Christi

1853 5711 1937 5757 est
1971 5704 2143 5771 dicta,
2182 5721 2342 5776 quam
2390 5724 2495 5763 non
2537 5709 2836 5774 nascendo,
2870 5708 2963 5765 scd
2998 5708 3288 5767 virtutibus
3320 5707 3437 5765 illu-

1854 5794 2075 5849 strando
2108 5810 2258 5850 suam
2291 5797 2403 5866 ipse.
2429 5798 2649 5854 fecerat.
