3946 6336
520 464 589 517 75
1130 462 1189 515 Β.
1234 462 1486 517 RABANI
1526 460 1745 518 MAURI
1784 458 2104 515 ARClilEP.
2146 458 2453 515 MOGUNT.
2491 458 2772 514 OPERUM
2815 459 2992 516 PARS
3033 462 3094 515 ll.

3644 455 3748 512 276

550 554 621 608 Et
646 570 761 609 ecce
782 561 882 612 virt
906 562 1166 608 uortantes
1194 555 1245 607 in
1274 553 1403 608 lecto
1428 555 1685 608 hominem
1708 556 1797 625 qui
1824 562 1935 607 erat
1958 570 2053 623 pa-
2082 558 2128 614 Α
2160 553 2493 619 mutuasque
2511 566 2623 619 jam
2656 552 2895 607 salvatus
2918 561 3251 623 exsurgeret,
3273 554 3607 621 aliorumque
3637 565 3741 607 me-

480 645 766 716 ralyticus;
799 653 846 700 et
882 646 1181 715 quwrebant
1221 662 1339 699 eum
1380 646 1606 715 inferre,
1644 654 1691 698 et
1726 660 1914 714 ponere
1938 653 2059 697 ante

479 750 616 790 eum.
655 732 876 789 Curatio
911 733 1196 803 paralytici
1237 732 1427 802 hujus,
1468 734 1661 788 animae
1700 741 1822 802 post
1851 733 2059 787 diutur-

479 843 605 881 nam
644 827 909 883 illecebrze
940 826 1175 882 carnalis
1208 827 1456 881 inertiam
1486 828 1552 881 ad
1586 814 1857 882 Christum
1884 827 2060 896 suspi—

479 919 651 973 rantis
688 918 1041 975 salvationem
1082 918 1315 984 indicat;
1348 934 1467 987 qua:
1492 920 1666 988 primo
1698 919 1933 972 omnium
1962 918 2062 972 mi-

480 1006 666 1061 nistris
696 1008 788 1076 qui
815 1022 935 1063 eam
965 1007 1264 1073 sublevent,
1289 1016 1344 1062 et
1369 1008 1587 1063 Christo
1607 1008 1851 1065 afferant.
1879 1008 1929 1062 id
1954 1016 2059 1069 est,

481 1097 637 1152 bonis
675 1097 1027 1165 doctoribus,
1080 1099 1173 1168 qui
1220 1114 1370 1168 spem
1414 1100 1710 1154 sanationis
1735 1140 1749 1163 ,
1798 1114 2064 1168 Opemque

479 1185 885 1247 intercessionis
906 1196 1197 1259 suggerant
1215 1189 1436 1259 indiget.
1461 1188 1562 1255 Qui
1585 1191 1719 1244 bene
1741 1189 1923 1243 Marco
1946 1205 2065 1242 nar-

477 1284 632 1331 rante
660 1286 892 1347 quatuor
917 1276 1083 1334 fuisse
1120 1279 1497 1349 reperiuntur,
1538 1282 1652 1335 sive
1682 1281 1805 1349 quia
1833 1289 2065 1350 quatuor

477 1364 754 1436 Evangelii
790 1365 945 1421 libris
986 1368 1165 1423 omnis
1201 1370 1606 1439 praedicantium
1647 1370 1848 1435 virtus,
1887 1371 2065 1426 omnis

476 1470 657 1510 sermo
685 1454 953 1523 ﬁrmatur,
984 1472 1077 1512 seu
1099 1460 1233 1528 quia
1264 1470 1497 1528 quatuor
1522 1469 1644 1514 sunt
1674 1462 1923 1526 virtutes,
1949 1462 2065 1531 qui-

476 1547 578 1600 bus
605 1546 673 1600 ad
702 1549 1115 1616 promerendam
1152 1551 1464 1618 sospitatem
1494 1551 1687 1606 ﬁducia
1724 1553 1923 1607 mentis
1959 1553 2066 1607 eri-

476 1637 648 1707 gitur,
674 1640 739 1692 de
764 1634 959 1707 quibus
996 1641 1049 1693 in
1078 1650 1294 1695 auertiue
1324 1642 1603 1711 sapientia:
1632 1644 1788 1697 laude
1822 1644 2019 1698 dicitur
2047 1663 2060 1698 :

477 1729 823 1783 sobrietatem
850 1731 993 1784 enim
1024 1742 1077 1785 et
1109 1734 1431 1801 sapientiam
1462 1736 1621 1789 docet
1643 1745 1697 1809 ct
1717 1734 1981 1802 justitiam
2008 1746 2064 1791 et

477 1818 772 1887 virtutem,
800 1823 999 1890 quibus
1024 1824 1210 1878 utilius
1236 1825 1365 1879 nihil
1390 1826 1551 1879 estin
1580 1826 1688 1879 vita
1720 1827 2060 1892 hominibus;

2162 646 2271 698 rizo
2299 644 2423 697 aliis
2451 644 2767 698 laxarentur
2787 655 2986 699 errata.

2234 732 2301 785 Et
2328 744 2595 802 creperum
2612 734 2843 802 cogitare
2869 733 3051 787 scribw
3074 742 3121 787 et
3154 732 3441 796 Pliaristei,
3470 735 3698 789 dicentes
3726 750 3738 787 ι

2164 822 2294 887 Quis
2320 832 2394 875 est
2418 822 2501 875 Itic
2529 824 2618 892 qui
2650 820 2881 893 loquitur
2903 824 3293 894 blasplzemias?
3316 825 3446 890 Quis
3472 835 3637 897 potest
3666 826 3738 878 di-

2162 913 2364 965 mittere
2393 923 2626 981 peccata,
2660 914 2759 966 nisi
2796 913 2937 967 satus
2967 914 3107 967 Deus
3126 915 3151 967 ?
3174 916 3369 969 Verum
3397 916 3581 971 dicunt
3608 916 3738 970 scri-

2163 1004 2265 1066 bre,
2294 1003 2419 1073 quia
2449 1018 2609 1057 nemo
2638 1003 2909 1059 dimittere
2943 1014 3165 1072 peccata
3206 1006 3307 1059 uisi
3340 1008 3478 1060 Deus
3493 1015 3637 1061 esset
3655 1022 3740 1075 po-

2166 1100 2302 1157 tcst,
2335 1093 2426 1161 qui
2463 1109 2560 1162 per
2596 1108 2689 1147 eos
2717 1109 2932 1163 qttoque
2962 1095 3185 1148 dimittit
3224 1096 3415 1163 quibus
3444 1096 3746 1149 dimittendi

2164 1186 2353 1240 tribuit
2388 1194 2732 1255 potestatem.
2773 1186 2839 1239 Et
2874 1187 2994 1240 ideo
3030 1186 3280 1241 Christus
3313 1202 3437 1241 vere
3462 1186 3605 1240 Deus
3630 1199 3745 1239 esse

2162 1276 2452 1345 probatur,
2477 1277 2573 1345 qui
2615 1276 2886 1330 dimittere
2923 1287 3146 1346 peccata
3184 1278 3337 1346 quasi
3367 1277 3508 1332 Deus
3550 1284 3745 1346 potest.

2164 1364 2364 1418 Verum
2414 1365 2523 1419 Deo
2575 1366 2943 1419 testimonium
2995 1368 3263 1433 reddunt;
3314 1366 3404 1422 sed
3459 1382 3750 1437 personam

2163 1454 2365 1509 Christi
2408 1455 2650 1524 negando
2693 1453 2969 1508 falluntur.
3005 1455 3201 1510 Errant
3229 1458 3410 1526 itaque
3435 1455 3629 1521 Judmi,
3657 1456 3751 1525 qui

2165 1560 2285 1599 cum
2326 1543 2598 1598 Christum
2637 1554 2690 1598 et
2734 1545 2903 1599 Deum
2939 1560 3057 1599 esse
3082 1586 3097 1609 ,
3132 1555 3187 1601 et
3218 1556 3439 1616 peccata
3478 1547 3756 1601 dimittere

2163 1648 2320 1703 posse
2348 1634 2597 1704 credant,
2619 1633 2801 1689 Jcsum
2836 1643 3011 1689 tamen
3041 1636 3314 1691 Christum
3345 1652 3465 1691 esse
3500 1654 3606 1693 non
3633 1652 3755 1693 cre-

2164 1726 2319 1780 dunt.
2353 1724 2459 1781 Sed
2490 1726 2659 1781 multo
2687 1728 2991 1781 dementius
3019 1739 3205 1782 errant
3237 1729 3455 1793 Ariani,
3493 1730 3584 1798 qui
3626 1745 3755 1785 cum

2163 1815 2345 1871 Jesum
2383 1825 2437 1870 ct
2477 1814 2752 1871 Christum
2791 1832 2911 1872 esse
2939 1826 2993 1871 et
3028 1827 3247 1887 peccata
3284 1834 3441 1889 posse
3481 1821 3755 1877 dimittere

477 1924 614 1977 quas
649 1909 889 1963 nonnulli
919 1912 1090 1966 versis
1121 1913 1429 1968 nominibus
1456 1915 1792 1982 prudentiam
1814 1955 1828 1980 ,
1852 1914 2064 1970 fortitu-
2094 1906 2137 1963 Β
2166 1903 2439 1977 Evangelii
2464 1908 2643 1963 verbis
2669 1910 2863 1963 deViCli
2895 1925 3093 1979 negate
3123 1926 3228 1965 non
3256 1912 3521 1978 audeant,
3552 1913 3752 1967 nihilo—

478 2000 679 2066 dinem,
708 2003 1142 2071 temperantiam,
1172 2013 1227 2058 et
1239 2004 1505 2072 justitiam
1533 2005 1820 2076 appellant.

547 2088 616 2141 Et
658 2104 764 2142 non
799 2090 1114 2144 invenientes
1148 2108 1253 2160 qua
1285 2102 1435 2161 parte
1468 2094 1619 2147 illum
1660 2095 1909 2162 inferrent
1953 2114 2063 2164 prae

475 2176 657 2242 turba,
684 2178 1030 2232 ascenderunt
1062 2196 1223 2249 supra
1251 2190 1440 2241 tectum
1477 2198 1570 2251 per
1593 2182 1813 2254 tegulas.
1844 2184 2063 2240 Deside-

476 2275 596 2320 rant
619 2265 974 2337 paralyticum
1006 2268 1224 2323 Christo
1251 2268 1476 2337 oﬂ'erre,
1504 2272 1597 2326 sed
1634 2274 1789 2327 turba
1831 2274 2063 2343 interpo-

474 2358 575 2410 sita
598 2356 667 2411 ab
684 2356 829 2411 omni
852 2366 1007 2427 parte
1034 2358 1401 2422 recluduntur,
1429 2362 1553 2431 quia
1579 2376 1720 2431 sazpe
1744 2364 1919 2417 anitna
1941 2374 2063 2434 post

475 2452 676 2508 inﬁrmi
713 2454 956 2524 corporis
990 2453 1250 2509 desidiam
1291 2456 1363 2509 ad
1389 2457 1555 2511 Deitm
1586 2459 1941 2527 resipiscens,
1974 2475 2063 2513 su-

473 2557 765 2612 perumque
803 2543 990 2613 gratia;
1028 2546 1268 2600 remedio
1305 2548 1527 2617 cupiens
1562 2539 1837 2613 innovari,
1870 2550 2065 2618 prisca:

474 2634 880 2689 consuetudinis
904 2635 1185 2689 obstaculo
1217 2638 1546 2703 retardatur,
1581 2652 1723 2707 szepe
1746 2638 1889 2691 inter
1916 2640 2063 2707 ipsas

473 2726 738 2781 orationis
784 2733 1008 2781 secreta:
1052 2726 1392 2795 dulcedines,
1434 2736 1489 2782 et
1529 2729 1683 2799 quasi
1728 2744 1893 2784 suave
1939 2746 2079 2797 cum,

474 2815 709 2873 Domino
725 2817 1074 2887 colloquium,
1099 2818 1257 2873 turba
1284 2818 1671 2889 cogitationum
1698 2819 2063 2874 interveniens

474 2906 647 2960 aciem
688 2906 885 2961 mentis
926 2922 993 2962 ne
1037 2906 1284 2963 Christus
1336 2907 1585 2963 videatur
1624 2908 1952 2965 intercludit.
1998 2908 2063 2963 Et

474 2996 601 3064 quid
630 2995 771 3049 inter
798 2996 916 3051 haec
943 2997 1370 3068 agendum,-non
1400 2998 1583 3068 utique
1610 2998 1663 3052 in
1692 2998 1891 3055 inﬁmis
1910 3010 2063 3055 exte-

476 3087 589 3142 rius
615 3102 725 3158 qua
756 3089 925 3145 turba:
965 3088 1363 3143 tumultuantur
1398 3092 1817 3157 remanendum,
1856 3092 1948 3146 sed
1987 3099 2057 3146 te-

474 3184 621 3232 ctum
658 3178 881 3243 domus,
911 3178 965 3232 in
994 3193 1100 3247 qua
1138 3178 1387 3234 Christus
1421 3181 1597 3246 docet,
1638 3182 2059 3246 aseendendum,

2164 1998 2343 2051 minus
2370 2006 2548 2051 tamen
2578 1998 2746 2054 Deum
2778 2016 2975 2070 negare
3002 2016 3107 2055 non
3139 2003 3351 2056 timent.
3384 2002 3454 2055 At
3482 2004 3599 2071 ipse
3626 2018 3753 2072 per-

2166 2085 2301 2140 ﬁdos
2326 2086 2537 2141 salvare
2561 2088 2873 2144 desiderans
2897 2098 2950 2143 et
2978 2091 3312 2145 occultorum
3342 2094 3673 2164 cognitione,
3696 2103 3754 2148 et

2162 2175 2361 2254 virtute
2390 2190 2613 2244 operum
2642 2176 2810 2231 Deum
2842 2194 2899 2233 se
2930 2195 3049 2233 esse
3085 2181 3420 2235 manifestat.

2231 2265 2567 2337 Respondeas
2600 2270 2744 2321 enim
2778 2270 2910 2323 dixit
2941 2271 3010 2323 ad
3039 2270 3157 2325 illas
3190 2284 3207 2322 :
3249 2270 3389 2336 Quid
3418 2263 3661 2343 cogitatis
3700 2274 3754 2329 in

2162 2356 2404 2411 cordibus
2432 2358 2649 2411 vestris?
2676 2359 2861 2413 Eidem
2892 2376 3124 2430 namque
3160 2363 3386 2418 Domino
3416 2365 3527 2425 Deo
3563 2366 3655 2434 qui
3682 2365 3757 2421 di-

2163 2448 2239 2503 cit
2272 2465 2285 2499 :
2319 2446 2431 2516 Ego
2456 2466 2595 2513 sum,
2620 2466 2711 2518 ego
2740 2462 2854 2504 sum
2878 2453 2983 2521 ipse
3008 2454 3097 2523 qui
3119 2453 3262 2508 deleo
3288 2455 3586 2525 iniquitates
3608 2466 3754 2523 tuas,

2164 2538 2595 2607 sapientissimus
2639 2540 2893 2595 adorator
2942 2542 3016 2596 ait
3065 2562 3077 2597 :
3135 2543 3210 2597 Tu
3252 2546 3389 2599 enim
3428 2546 3569 2599 solus
3616 2547 3752 2601 nosti

2164 2626 2323 2679 corda
2363 2628 2594 2679 omnium
2632 2627 2864 2695 ﬁliorum
2902 2631 3190 2686 hominum.
3242 2634 3442 2688 Eadem
3474 2651 3642 2705 ergo,
3673 2636 3756 2691 in—

2163 2718 2308 2789 quit,
2338 2718 2619 2787 majestate
2653 2728 2707 2772 et
2735 2722 2972 2787 potentia
3016 2738 3120 2791 qua
3152 2725 3506 2793 cogitationes
3544 2734 3757 2782 vestras

2167 2808 2410 2872 intueor,
2439 2825 2654 2877 possunt
2688 2820 2743 2864 et
2773 2812 3079 2869 hominibus
3108 2814 3300 2870 delicta
3337 2816 3613 2873 dimittere
3644 2831 3750 2871 :ex

2167 2903 2317 2955 vobis
2352 2901 2636 2971 intelligite
2669 2903 2795 2971 quid
2822 2904 3151 2975 paralyticus
3180 2917 3561 2976 consequatur.

2240 2991 2379 3057 Quid
2417 3004 2489 3059 cst
2530 2994 2740 3062 facilius
2766 2996 2936 3049 dicere
2966 3014 2983 3050 :
3019 2997 3361 3053 Dimittuntur
3390 3001 3483 3054 tibi
3515 3013 3753 3072 peccata,

2166 3102 2234 3137 an
2263 3084 2482 3146 dicem:
2516 3084 2683 3155 Surge
2720 3099 2765 3140 et
2806 3088 3058 3143 ambula?
3091 3088 3285 3144 Verum
3316 3093 3420 3145 sint
3458 3094 3757 3165 paralytico

2168 3182 2386 3244 peccata
2416 3175 2635 3229 dimissa
2670 3175 2815 3231 solus
2842 3186 3069 3231 noverat
3102 3180 3192 3247 qui
3228 3179 3761 3256 dimittebat,.surge

476 3268 528 3322 id
572 3275 689 3332 est,
728 3272 897 3323 sacra:
928 3244 1222 3338 Scriptum
1266 3244 1591 3327 sublimitas
1616 3279 1699 3326 est
1738 3244 2059 3343 appetenda,
2091 3244 2136 3305 (ἶ
2168 3276 2349 3321 autem
2382 3277 2435 3321 et
2464 3267 2703 3331 ambula,
2733 3276 2841 3322 tam
2867 3269 2955 3323 ille
2981 3270 3073 3338 qui
3110 3244 3366 3339 surgebat
3390 3244 3556 3341 quam
3582 3273 3640 3327 hi
3663 3244 3758 3344 qui

474 3356 668 3427 lexque
708 3356 920 3412 Domini
959 3374 1081 3413 cum
1122 3358 1406 3416 Psaimista
1458 3361 1548 3417 die
1581 3370 1850 3431 noctuque
1896 3363 2065 3417 medi-

477 3448 637 3502 tanda
680 3465 693 3501 :
744 3447 810 3502 In
843 3466 947 3520 quo
979 3452 1116 3504 enim
1154 3452 1369 3521 corrigit
1402 3452 1590 3523 junior
1622 3454 1757 3507 viam
1789 3455 1982 3510 suam?
2008 3456 2065 3508 in

475 3544 835 3609 custodiendo,
860 3545 1057 3614 inquit,
1082 3561 1347 3600 sermones
1366 3557 1505 3600 tuos.

548 3635 621 3689 Et
664 3636 1019 3691 submiserunt
1070 3637 1218 3690 illum
1258 3655 1377 3691 cum
1414 3638 1545 3692 lecto
1584 3641 1638 3693 in
1682 3641 1909 3694 medium
1944 3650 2066 3693 ante

473 3726 678 3797 Jesutn.
721 3724 995 3781 Patefacto
1036 3734 1178 3781 tecto
1214 3742 1358 3798 aeger
1390 3737 1516 3782 ante
1553 3727 1735 3783 Jesum
1774 3712 2064 3784 summitti.

480 3826 597 3880 tur,
625 3815 753 3885 quia
777 3817 1046 3872 reseratis
1076 3816 1478 3888 Scripturarum
1524 3813 1798 3891 mysteriis
1828 3821 1895 3875 ad
1926 3822 2065 3876 noti-

477 3910 614 3963 tiam
630 3908 829 3965 Christi
852 3911 1181 3979 pervenitur.
1208 3910 1321 3965 Hoc
1345 3921 1449 3975 est,
1475 3913 1542 3966 ad
1566 3914 1681 3982 ejus
1706 3914 2063 3967 humilitatem

481 3999 599 4053 ﬁdei
629 3996 827 4067 pietate
866 3998 1242 4065 descenditur;
1273 4008 1327 4055 et
1351 4000 1487 4055 bene
1528 4002 1718 4055 domus
1743 4000 1870 4056 Jesu
1904 4019 2063 4073 regu-

479 4091 548 4145 lis
573 4098 817 4145 cetuecta
842 4091 1185 4157 describitur,
1216 4093 1340 4162 quia
1369 4093 1471 4147 sub
1503 4095 1895 4163 contentntibili
1925 4094 2062 4149 litte-

483 4195 663 4232 rarum
698 4179 995 4243 velamine,
1030 4180 1074 4233 si
1112 4180 1255 4233 adsit
1296 4182 1387 4250 qjti
1417 4189 1623 4241 reseret
1649 4183 1857 4242 doctor.
1884 4183 2065 4237 divina

480 4268 738 4337 spiritalis
762 4270 947 4340 gratia:
972 4269 1145 4323 virtus
1175 4268 1509 4336 invenietur;
1546 4272 1691 4340 quod
1728 4285 1905 4329 autem
1944 4289 2065 4327 cum

482 4360 620 4415 lecto
658 4360 976 4431 deponitur,
1014 4359 1283 4429 signiﬁcat
1320 4360 1387 4413 ab
1422 4362 1729 4416 homine-in
1764 4362 1864 4417 ista
1904 4378 2069 4419 carne

482 4451 660 4513 adhuc
686 4451 983 4506 constituto
1005 4449 1278 4506 Christum
1317 4451 1512 4505 debere
1541 4452 1813 4522 cognosci.

555 4540 791 4607 Quorum
830 4540 989 4608 [idem
1019 4550 1075 4593 ut
1111 4540 1259 4605 vidit,
1284 4541 1415 4594 dixit
1432 4556 1464 4592 -:
1499 4540 1699 4607 llomo,
1734 4544 2068 4602 remittuntur

2168 3365 2473 3426 surgentem
2516 3357 2768 3412 videbant
2809 3360 3109 3426 approbare
3151 3370 3422 3429 poterant.
3466 3362 3551 3416 Fit
3594 3364 3760 3433 igitur

2166 3449 2383 3504 carnale
2412 3450 2622 3517 signum
2659 3458 2713 3502 ut
2742 3451 2998 3518 probetur
3028 3452 3295 3519 spiritale.

2239 3541 2305 3594 Ut
2337 3553 2510 3595 autem
2541 3542 2717 3595 sciatis
2745 3542 3047 3612 quiasﬁlius
3072 3544 3297 3597 hominis
3322 3554 3627 3613 potestatem
3656 3547 3757 3599 Im-

2168 3634 2244 3687 bet
2271 3634 2326 3687 in
2358 3643 2497 3686 terra
2540 3634 2802 3687 dimittere
2845 3647 3077 3703 peccata.
3126 3635 3183 3690 Si
3214 3647 3269 3691 et
3305 3635 3445 3691 Deus
3489 3646 3566 3691 est
3601 3638 3758 3706 juxta

2168 3733 2523 3779 memoratum
2566 3724 2716 3778 Isaiae
2757 3728 3123 3781 testimonium
3154 3729 3245 3797 qui
3271 3728 3413 3782 delet
3444 3730 3760 3798 iniquitates

2168 3823 2413 3878 nostras,
2442 3823 2497 3867 et
2531 3814 2673 3868 ﬁlius
2704 3809 2937 3875 hominis
2968 3826 3287 3885 potestatem
3328 3818 3489 3873 habet
3520 3821 3570 3873 in
3615 3831 3758 3875 terra

2168 3904 2470 3958 dimittendi
2512 3915 2730 3974 peccata
2754 3946 2767 3970 ,
2802 3922 2928 3976 ergo
2958 3908 3097 3961 idem
3129 3909 3239 3976 ipse
3276 3918 3330 3963 et
3362 3910 3503 3962 Deus
3529 3919 3583 3963 et
3616 3910 3762 3966 ﬁlius

2168 3995 2403 4048 hominis
2426 4002 2537 4054 est.
2562 4006 2627 4050 ut
2657 4006 2713 4053 et
2743 3997 2906 4053 hamo
2926 3995 3171 4052 Christus
3196 4014 3292 4067 per
3320 3998 3618 4053 divinitatis
3648 4012 3761 4057 Siste

2167 4086 2463 4152 potentiam
2501 4085 2776 4141 dimittere
2818 4096 3042 4155 peccata
3087 4104 3241 4158 posse
3280 4132 3295 4149 ,
3341 4100 3395 4145 et
3434 4092 3572 4147 idem
3619 4092 3761 4150 Deus

2168 4173 2417 4229 Christus
2458 4191 2557 4245 per
2584 4176 2939 4231 humanitatis
2976 4195 3086 4233 sua:
3123 4170 3467 4249 fragilitatem
3496 4197 3596 4253 pro
3632 4198 3761 4253 pec—

2169 4264 2445 4319 catoribus
2473 4267 2630 4318 mori.

2240 4354 2323 4415 Ait
2352 4354 2644 4424 paralytico
2672 4374 2688 4409 :
2725 4356 2839 4411 Tibi
2863 4358 3003 4424 dico;
3030 4376 3203 4430 surge,
3226 4360 3349 4414 tolle
3372 4361 3559 4416 lectum
3585 4376 3754 4431 tuum,

2170 4460 2217 4503 et
2254 4450 2383 4502 vade
2422 4450 2477 4503 in
2522 4451 2735 4504 domum
2777 4462 2941 4506 tuam.
2991 4453 3321 4523 Spiritalitet'
3352 4457 3419 4509 de
3452 4434 3601 4511 lecto
3647 4473 3758 4513 sur-

2172 4555 2298 4609 gere
2324 4553 2408 4594 est
2438 4542 2677 4595 animam’
2704 4559 2761 4598 se
2790 4562 2819 4597 a
2849 4543 3159 4600 ca'rnalibus
3186 4548 3470 4602 desideriis
3497 4550 3586 4603 ubi
3613 4566 3756 4621 πειτα

482 4606 951 4702 ιὶὁὶρειεαεανιιια.
988 4630 1268 4691 Hominem
1307 4631 1618 4685 Dominusa
1650 4632 1880 4707 parabsi
1908 4648 2067 4690 cura-
2093 4606 2148 4664 D
2169 4630 2485 4697 quiescebat
2541 4630 2877 4686 abstrahere.
2939 4634 3155 4688 Lectum
3214 4650 3342 4689 vero
3401 4635 3589 4694 tollere
3652 4606 3754 4702 est,

485 4734 661 4788 turus,
688 4725 864 4793 primo
889 4730 1237 4789 peccatorum
1267 4720 1481 4782 vinculo
1509 4722 1771 4785 dissolvit,
1806 4734 1861 4776 ut
1889 4732 2069 4778 osten-

483 4814 636 4869 deret
666 4828 788 4867 eum
832 4812 901 4875 ob
938 4826 1107 4863 nexus
1146 4810 1423 4880 culparum
1464 4821 1679 4865 actuum
1717 4814 2070 4869 dissolutione

484 4904 765 4969 damnari,
798 4918 899 4957 nec
933 4902 1035 4967 nisi
1078 4902 1460 4963 bis,relaxatis
1498 4905 1867 4967 membrorum
1912 4920 2070 4974 posse

486 4975 1101 5065 remperationc.sanari
1124 5034 1137 5058 ,
1168 4993 1246 5051 sic
1269 5001 1323 5047 et
1362 4994 1434 5046 illi
1464 4994 1759 5065 paralytico
1796 4996 1887 5065 qui
1913 4995 2068 5071 juxta

487 5084 830 5147 probaticam
861 5085 1125 5154 piscinam
1154 5084 1240 5137 diu
1273 5092 1475 5139 motum
1516 5094 1677 5155 atque
1709 5087 1906 5141 frustra
1933 5103 2069 5156 pra:-

486 5179 819 5244 stolabatur,
861 5186 1052 5232 sanato
1092 5184 1131 5229 a“
1167 5177 1395 5241 Domino
1438 5178 1633 5238 dieitur
1680 5197 1691 5231 :
1739 5178 1874 5233 Ecce
1908 5196 2069 5235 sanus

487 5272 660 5341 fndus
685 5285 772 5336 es,
804 5260 919 5339 jarn
960 5268 1067 5322 noli
1101 5284 1344 5339 peccare,
1378 5286 1441 5325 ne
1476 5272 1705 5335 deterius
1742 5271 1833 5323 tibi
1867 5271 2070 5342 aliquid

484 5364 775 5432 contingat.
808 5360 873 5414 Et
898 5360 1032 5417 bene
1056 5359 1102 5413 is
1122 5360 1204 5411 cui
1233 5368 1450 5433 peccata
1480 5361 1884 5421 dimittebantur
1908 5363 2071 5418 homo

486 5464 728 5519 vocatur,
759 5453 850 5525 qui
876 5454 981 5508 hoc
1011 5452 1126 5519 ipso
1155 5450 1486 5521 quolltomo
1510 5460 1628 5505 erat
1653 5469 1757 5509 non
1784 5464 1965 5523 posset
1992 5457 2071 5509 di-

487 5545 766 5611 ecre,l\"on
787 5542 1027 5615 peccavi.
1056 5541 1229 5596 Simul
1258 5538 1421 5598 etiam
1451 5551 1509 5595 ut
1536 5542 1625 5605 ille
1650 5544 1740 5613 qui
1765 5545 1968 5598 homini
1995 5546 2071 5599 di.

488 5638 735 5694 mittebat
761 5634 1151 5705 intelligeretur
1177 5632 1337 5687 Deus.
1365 5633 1682 5695 Intuendum
1710 5650 1859 5697 sane,
1885 5635 2073 5703 quanti

489 5727 705 5799 propria
744 5725 1002 5795 cujusque
1029 5724 1164 5777 ﬁdes
1198 5724 1338 5792 apud
1375 5724 1542 5779 Deum
1580 5717 1779 5787 valeat,
1812 5726 1899 5778 ubi
1938 5726 2073 5779 tanti

490 5816 655 5868 \aluit
684 5815 877 5881 aliena,
904 5826 960 5868 ut
989 5825 1131 5869 totus
1160 5816 1317 5868 homo
1352 5824 1587 5883 repente
1620 5816 1670 5870 id
1701 5823 1801 5879 est,
1832 5816 2069 5869 exterius

2169 4722 2340 4795 ipsam
2376 4718 2592 4789 duoque
2621 4739 2837 4781 carnem
2868 4739 2963 4793 per
2991 4726 3337 4779 continentia:
3387 4726 3535 4780 frena
3576 4742 3759 4783 corre-

2169 4821 2315 4880 ptam
2363 4828 2457 4882 spe
2500 4813 2802 4871 caelestium
2854 4816 3196 4883 praemiorum
3227 4857 3241 4880 ,
3289 4816 3501 4871 deliciis
3544 4817 3760 4887 privare

2172 4904 2426 4968 terrenis,
2454 4904 2568 4973 ipse
2596 4912 2679 4955 est
2702 4905 2851 4957 enim.
2876 4904 3046 4959 lectus
3069 4906 3157 4974 qui
3185 4921 3281 4975 per
3300 4906 3542 4974 singulas
3557 4907 3759 4963 ‘noctes

2173 4992 2381 5044 lavatur
2409 5006 2439 5044 a
2472 4991 2659 5059 David,
2689 4992 2741 5043 id
2767 5002 2865 5055 est,
2900 5007 2997 5062 per
3020 4993 3437 5064 uniuscujusque
3460 5012 3617 5051 noxa:
3645 5013 3757 5051 ma-

2172 5065 2307 5137 culis
2341 5082 2501 5152 digno
2537 5083 2868 5151 pcenitentia:
2909 5084 3128 5139 ﬂumine
3174 5086 3490 5156 castigatur.
3531 5086 3756 5143 Sublato

2172 5186 2351 5229 autem
2380 5177 2521 5231 lecte
2546 5177 2761 5231 domum
2790 5178 2869 5232 ire
2892 5180 2957 5232 ad
2978 5174 3287 5246 paradisum
3309 5179 3485 5234 redire
3508 5190 3611 5234 est.
3640 5181 3755 5250 ipse

2171 5280 2255 5327 est
2279 5272 2419 5325 enim
2452 5287 2581 5325 vera
2611 5274 2803 5327 domus
2832 5289 2950 5340 quae
2994 5274 3264 5327 hominem
3295 5274 3469 5343 prima
3496 5281 3751 5348 suscepit,

2176 5380 2281 5417 non
2302 5366 2423 5433 jure
2453 5368 2652 5421 amissa
2682 5366 2773 5419 sed
2801 5368 3005 5432 fraude,
3032 5368 3355 5436 tandemque
3380 5369 3635 5424 restituta
3661 5386 3749 5441 por

2170 5446 2302 5511 eum
2317 5460 2408 5527 qui
2438 5458 2780 5513 fraudulento
2811 5459 2956 5513 hosti
2978 5458 3110 5513 nihil
3136 5460 3337 5513 debuit.
3368 5460 3565 5537 Aiiter,
3592 5477 3754 5519 sanus

2175 5549 2266 5617 qui
2301 5549 2590 5618 languebat
2628 5559 2824 5603 tectum
2858 5558 3094 5617 reportat
3128 5551 3344 5609 domum
3381 5570 3394 5604 :
3424 5567 3548 5605 cum
3577 5554 3754 5607 anima

2174 5648 2516 5707 peccatorum
2570 5641 2887 5694 remissione
2940 5650 3197 5709 accepta,
3246 5642 3313 5694 ad
3363 5641 3634 5695 internam
3675 5644 3753 5697 sui

2174 5728 2469 5780 custodiam
2505 5743 2627 5782 cum
2658 5731 2771 5799 ipso
2796 5731 3220 5797 corpore-refert
3245 5770 3259 5792 ,
3290 5744 3355 5782 ne
3384 5738 3507 5799 post
3545 5730 3757 5787 veniau'.

2172 5819 2321 5888 quid,
2352 5822 2489 5873 unde
2528 5821 2715 5874 iterum
2738 5822 2881 5887 juste
2914 5820 3158 5884 feriatur,
3196 5821 3460 5880 admittat.
