3946 6340
174 402 275 459 9.77

1250 405 1555 461 llOMlleE
1600 405 1663 458 ΙΝ
1706 404 1955 459 ΕνΑΝο.
1998 404 2086 459 ΕΤ
2127 404 2342 461 EPIST.

3333 404 3441 463 «λη

249 520 314 571 Et
352 520 631 587 roufcstim
678 535 893 588 surgens
938 535 1111 571 coram
1151 518 1255 573 illis
1275 561 1288 581 ,
1329 519 1446 572 tulit
1489 520 1674 574 lectum
1706 523 1761 573 in
1790 522 1839 577 Λ
1865 517 1944 571 sui
1966 558 1979 582 ,
2007 519 2148 587 quod
2185 520 2239 573 in
2279 519 2488 575 illorum
2518 521 2744 590 ingressi
2772 530 2896 575 sunt
2925 518 3199 576 civitatem
3227 532 3276 574 ci
3309 540 3443 593 prus-

176 624 279 678 (μω
313 609 533 677 jacebat
582 618 630 662 et
670 608 793 661 abiit
841 608 893 661 in
932 606 1142 661 domum
1190 624 1372 672 suam,
1418 609 1761 679 magniﬁcans

183 698 374 763 Deum,
404 706 461 752 et
486 706 703 752 cetera.
732 697 864 751 Mira
895 697 1090 752 divinae
1122 698 1377 767 potentia:
1411 698 1608 762 virtus,
1644 697 1760 763 ubi,

181 787 329 841 nulla
360 788 624 856 temporis
650 787 1042 842 interveniente
1070 787 1301 853 morula,
1328 786 1477 855 iussa
1527 786 1764 843 Salvato-

182 880 260 935 ris
301 880 451 939 salus
498 879 690 936 festina
730 880 1021 935 comitatur
1062 894 1076 935 :
1111 880 1307 934 merito
1348 881 1438 950 qui
1482 880 1763 937 adfuerant

182 969 454 1025 damnatis
484 970 829 1038 blasphemiae
862 966 1058 1039 jaCulis
1088 970 1155 1024 ad
1194 969 1404 1025 laudem
1443 978 1609 1025 tantze
1650 986 1764 1024 ma-

173 1060 393 1132 iestatis
419 1061 688 1128 stupentia
717 1060 877 1114 corda
907 1068 1246 1125 convertunt,
1272 1060 1365 1129 qui
1400 1068 1767 1130 cognoverunt

180 1156 370 1207 veram
409 1152 506 1206 Dei
542 1151 865 1220 potentiam,
907 1147 1343 1220 gloriﬁcaverunt
1388 1150 1552 1207 Deum
1584 1152 1764 1206 Domi—

177 1238 599 1306 num,videlicet
627 1247 867 1294 nostrum
894 1238 1078 1295 Jesum
1094 1240 1390 1305 Christum,
1408 1241 1644 1311 quicum
1670 1241 1767 1296 Pa-

178 1339 265 1387 tre
292 1344 350 1386 et
372 1330 577 1403 Spiritu
604 1340 793 1387 sancto
824 1346 964 1386 unus
991 1332 1132 1388 Deus
1172 1334 1538 1402 potentialiter
1574 1341 1765 1405 regnat

175 1432 235 1477 et
302 1422 571 1479 veraciter
623 1421 755 1477 vivit
799 1436 900 1492 per
944 1422 1123 1477 omnia
1174 1423 1368 1479 sarcula
1422 1424 1762 1480 saeculorum.

177 1511 376 1566 Amen.

722 1602 1004 1660 HOMILIA
1036 1603 1221 1660 LXIX.

843 1711 1093 1752 SABBA'I'O.

543 1786 726 1843 Lectio
748 1786 977 1843 Actuum
1006 1787 1393 1858 apostolorum.

1866 608 2063 663 dicatio
2107 608 2400 678 apostolica
2450 611 2518 665 ad
2559 610 2679 667 illos
2715 625 2887 680 usque
2922 612 3233 682 pervenerit
3274 630 3288 666 :
3327 613 3443 669 sive

1863 700 2133 756 excutitur
2150 701 2325 771 pulvis
2344 710 2404 755 ut
2424 702 2559 757 nihil
2579 704 2646 758 ah
2671 703 2750 758 eis
2768 703 3033 773 accipiant
3056 718 3127 758 ne
3148 705 3215 758 ad
3241 704 3441 760 victum

1864 789 2084 857 quidem
2121 791 2485 846 necessarium
2510 831 2526 857 ,
2572 792 2661 861 qui
2709 792 3054 863 Evangelium
3098 795 3401 865 spreverint
3426 836 3439 859 ,

1864 878 2107 949 discipuli
2132 897 2333 952 quoque
2364 880 2693 951 replebantur
2717 882 2908 953 gaudio
2933 893 2982 939 et
3010 882 3212 954 Spiritu
3233 897 3438 951 sancto,

1864 971 1917 1025 in
1948 970 2136 1029 Graeco
2168 973 2329 1029 habet
2358 974 2603 1046 discipuli
2639 985 2814 1030 autem
2835 1016 2850 1041 ,
2862 982 2937 1050 μί
2969 976 3329 1049 intelligamus
3348 978 3441 1034 Ju-

1864 1061 1996 1117 daeis
2024 1062 2182 1120 tidem
2212 1067 2658 1135 persequentibus
2679 1067 2968 1138 discipulos
2985 1083 3019 1123 e
3039 1072 3313 1126 contrario
3334 1072 3443 1141 spi-

1864 1155 2238 1226 ritali-gaudio
2267 1158 2465 1213 ditatos
2483 1199 2498 1222 ,
2525 1167 2578 1214 et
2611 1160 2803 1215 merito
2833 1162 2957 1230 quia
2980 1162 3156 1216 omnis
3172 1162 3270 1232 qui
3295 1171 3442 1219 recte

1865 1242 2037 1296 credit
2065 1243 2119 1297 in
2158 1244 2326 1299 Deum
2355 1252 2409 1299 et
2437 1245 2593 1301 bonis
2617 1247 2868 1317 operibus
2892 1248 3064 1319 ipsam
3091 1246 3252 1305 (idem
3275 1264 3446 1319 usque

1865 1331 1931 1385 ad
1959 1329 2118 1385 linem
2141 1333 2265 1388 vita:
2291 1348 2403 1389 suae
2428 1342 2615 1395 ornat.
2648 1335 2900 1406 gaudium
2929 1335 3164 1407 Spiritus
3186 1338 3360 1394 sancti
3388 1348 3445 1394 et

1862 1436 2049 1478 veram
2076 1422 2461 1479 beatitudinem
2483 1424 2536 1479 in
2564 1424 3017 1496 contemplatione
3041 1427 3137 1483 Dei
3161 1428 3438 1498 percipiet,

1863 1525 1894 1565 e
1922 1512 2193 1568 contrario
2237 1529 2366 1569 vero
2396 1514 2488 1584 qui
2530 1514 2788 1572 increduli
2833 1525 2989 1573 erant
3022 1515 3136 1573 Deo
3171 1524 3227 1572 et
3266 1518 3444 1575 verbis

1862 1603 1978 1673 ejus
2008 1607 2190 1675 pravis
2215 1605 2469 1677 operibus
2493 1618 2813 1680 repugnant.
2841 1625 3053 1680 pennam
3089 1612 3349 1682 gehennae
3386 1612 3439 1666 in

1863 1695 2043 1752 futuro
2086 1699 2386 1773 percipient
2434 1718 2445 1751 :
2490 1700 2619 1769 quia
2663 1699 2717 1754 in
2762 1709 3008 1756 extremo
3042 1700 3244 1772 judicio
3288 1701 3443 1757 ibunt

1863 1786 2012 1857 impii
2043 1788 2096 1841 in
2132 1788 2451 1859 supplicium
2486 1798 2776 1855 aeternum,
2803 1788 2937 1859 justi
2975 1798 3155 1846 autem
3191 1790 3244 1847 in
3272 1790 3438 1849 vitam

249 1877 320 1931 In
346 1878 529 1933 diebus
564 1877 669 1932 illis
703 1880 938 1933 convenit
964 1879 1203 1934 universa
1230 1880 1413 1934 civitas
1443 1882 1627 1936 audire
1652 1899 1762 1937 ver-
1791 1865 1835 1922 Β
1863 1885 2141 1933 mternam.

176 1966 300 2021 bum
330 1968 451 2033 Dei,
480 1976 588 2024 etc.

249 2059 306 2113 lu
339 2059 711 2130 superioribus
739 2061 899 2133 hujus
922 2064 1142 2134 capituli
1172 2065 1459 2121 sententiis
1483 2074 1758 2130 narratur,

177 2152 452 2218 quomodo
487 2150 685 2207 Paulus
724 2153 939 2209 indiciis
968 2154 1291 2224 praedicaret
1323 2155 1595 2212 Christum
1623 2172 1761 2228 prte-

178 2242 488 2296 nuutiatum
515 2258 634 2299 esse
660 2259 689 2298 a
718 2245 1029 2314 prophetis,
1063 2245 1130 2304 ad
1158 2245 1385 2301 salutem
1424 2249 1638 2318 generis
1662 2248 1759 2303 hu-

176 2334 326 2389 mani
381 2335 742 2400 mittendum,
792 2345 846 2391 et
887 2352 985 2406 per
1034 2339 1337 2407 passionem
1383 2354 1536 2393 suam
1591 2354 1762 2410 genus

176 2424 477 2480 humanum
509 2425 683 2494 ipsum
718 2427 1117 2495 redemptorum
1149 2426 1420 2482 afﬁrmans
1450 2427 1585 2483 illud.
1614 2431 1761 2483 testi-

176 2514 377 2569 moniis
412 2515 768 2584 propheticis,
820 2518 913 2571 sed
952 2518 1077 2587 quia
1114 2517 1279 2573 Judaei
1326 2519 1442 2573 haec
1483 2519 1762 2575 audientes

176 2604 339 2660 facile
374 2608 594 2661 credere
624 2606 928 2668 noluerunt.
959 2618 1281 2680 rogaverunt
1320 2609 1541 2666 Paulum
1585 2620 1643 2666 ut.
1677 2627 1762 2667 se-

176 2696 379 2766 quenti
409 2696 631 2753 sabbato
661 2696 855 2751 iterum
885 2698 950 2753 de
979 2700 1165 2753 eadem
1199 2714 1257 2755 re
1284 2714 1589 2755 sermonem
1619 2700 1762 2757 face-

178 2797 263 2845 ret
294 2790 359 2843 aal
387 2788 665 2859 populum.

247 2878 482 2949 Cumque
506 2879 725 2933 dimissa
754 2888 883 2934 esset
915 2897 1208 2952 synagoga,
1249 2883 1412 2937 secuti
1447 2893 1569 2939 sunt
1608 2885 1759 2940 multi

173 2969 488 3025 ludaorum
519 2980 567 3024 et
607 2970 887 3026 colentium
917 2972 1254 3038 advenarum,
1292 2972 1517 3029 Paulum
1546 2987 1594 3031 et
1623 2977 1759 3031 Bar-

173 3060 393 3125 nabam,
422 3062 511 3130 qui
538 3060 801 3132 loquentes
823 3062 1110 3117 suadebant
1139 3064 1211 3118 eis
1234 3075 1289 3118 ut
1310 3077 1671 3135 permanerent
1702 3069 1757 3122 in

170 3144 350 3221 gratia
386 3151 505 3205 Dei.
547 3152 848 3207 Audierant
883 3154 1026 3208 enim
1067 3155 1164 3223 ipsi
1198 3157 1577 3225 przedicatores
1605 3161 1755 3215 verbi

2362 1968 2710 2025 HOMILIA
2762 1969 2946 2026 LXX.

2450 2075 2580 2115 ιτεκ
2609 2076 2764 2115 ΒᾹΒΒΑ
2774 2077 2861 2118 το.

2012 2150 2199 2205 Lectio
2228 2150 2397 2205 sancti
2429 2149 2701 2221 Evangelii
2732 2152 3026 2208 secundum
3059 2152 3280 2210 Lucam.

1931 2238 1996 2292 In
2026 2238 2116 2292 illo
2145 2248 2368 2300 tempore
2393 2255 2608 2309 surgens
2628 2238 2783 2294 Iesus
2805 2226 2868 2295 de
2892 2258 3178 2314 synagoga,
3206 2244 3438 2300 introivit

1858 2333 1915 2386 in
1944 2333 2157 2387 domum
2197 2330 2446 2387 Simonis.
2477 2329 2670 2387 Socrus
2706 2341 2879 2388 autent
2911 2333 3141 2391 Simonis
3170 2336 3437 2391 tenebatur

1858 2424 2060 2494 magnis
2088 2422 2349 2493 febribus,
2367 2432 2481 2479 etc.

1931 2513 1987 2569 Si
2013 2514 2184 2570 virum
2208 2530 2237 2569 a
2259 2514 2536 2571 Daemonio
2556 2515 2867 2583 liberatum,
2892 2518 3169 2576 moraliter
3199 2521 3436 2578 animum

1860 2606 1928 2661 ab
1970 2604 2243 2660 immunda
2286 2605 2611 2675 cogitatione
2649 2615 2931 2679 purgatum
2964 2609 3269 2682 signiﬁcare
3306 2614 3438 2671 dici-

1858 2710 2019 2762 mus,
2059 2704 2453 2766 cousequenter
2491 2694 2693 2753 femina
2732 2697 2971 2754 febribus
3019 2708 3198 2769 tenta,
3238 2704 3330 2760 sed
3369 2706 3434 2760 ad

1858 2785 2147 2857 imperium
2183 2786 2393 2843 Domini
2423 2795 2635 2854 curata,
2668 2803 2886 2845 carnem
2914 2792 3152 2848 ostendit
3177 2809 3206 2849 a
3236 2809 3428 2852 concu-

1858 2878 2135 2949 piscentiae
2161 2876 2506 2934 suaz'fervore
2528 2892 2627 2949 per
2651 2879 2993 2935 continentiae
3020 2893 3297 2954 praecepta
3315 2884 3440 2941 frte-

1856 2976 2076 3034 natam;
2114 2969 2292 3024 omnis
2316 2968 2461 3024 enim
2499 2966 2805 3026 amaritudo
2834 2978 2891 3026 et
2920 2970 3001 3026 ira
3029 2980 3086 3028 et
3119 2973 3434 3045 indignatio.

1857 3067 1913 3114 et
1949 3058 2154 3115 clamor
2177 3066 2234 3113 et
2263 3057 2595 3128 blasphemia
2623 3059 2846 3128 spiritus
2870 3060 3130 3117 immundi
3158 3061 3308 3121 furor
3333 3076 3434 3121 est.
3516 3127 3522 3133 ,

1855 3146 2289 3202 Fomicationem
2324 3161 2452 3202 vero
2482 3147 3211 3212 immunditiam,libidinem
3241 3168 3410 3211 concu

174 3218 274 3299 hci
304 3244 447 3312 quod
476 3244 617 3299 Deus
646 3245 712 3299 de
748 3245 914 3314 stirpe
951 3218 1115 3300 David
1141 3218 1425 3303 ire—murum
1454 3263 1575 3303 esse
1603 3248 1757 3305 cmi-
1784 3218 1828 3280 ί)
1857 3238 2174 3307 piscentiam
2212 3237 2410 3293 malam
2436 3246 2493 3293 et
2518 3238 2830 3304 avaritiam,
2864 3255 2983 3310 qua:
3005 3250 3087 3296 est
3117 3241 3423 3300 simulacro-

173 3342 322 3389 stum
352 3336 710 3405 promisisset.
752 3336 843 3393 Sic
878 3338 1020 3393 enim
1062 3337 1227 3393 Isaias
1262 3339 1393 3394 Novi
1430 3340 1755 3396 Testamenti

172 3414 435 3495 mysteria
468 3436 804 3499 prtegustans
833 3430 908 3483 ait
942 3447 954 3482 :
985 3429 1054 3483 Et
1083 3431 1396 3485 constituam
1425 3433 1565 3488 vobis
1596 3442 1754 3488 tes.'a-

170 3519 817 3589 mentum'sempiternum
854 3529 1036 3575 sancta
1077 3520 1241 3577 David
1278 3521 1486 3591 ﬁdelia,
1524 3524 1667 3593 quod
1702 3525 1756 3579 in

172 3596 445 3661 Hebraica
479 3609 707 3664 veritate
734 3610 806 3664 ita
834 3610 1126 3683 legitur,'et
1158 3612 1345 3681 feriam
1374 3614 1633 3669 vobiscum
1665 3632 1759 3685 pa-

170 3706 319 3751 ctum
347 3698 736 3768 smpiternam.
773 3700 1167 3757 Misericordias
1193 3702 1363 3759 David
1380 3703 1573 3777 ‘lideles
1591 3746 1607 3771 ,
1634 3705 1758 3760 inde

170 3790 350 3844 secuti
374 3798 499 3844 sunt
521 3790 673 3845 multi
695 3789 1001 3847 Judseorum
1021 3803 1076 3847 et
1094 3792 1381 3848 colentium
1403 3794 1754 3861 advenarum,

170 3882 320 3955 quod
368 3887 529 3938 etiam
576 3884 767 3940 melius
825 3884 1024 3956 legitur
1076 3885 1362 3941 colentium
1403 3886 1569 3941 Deum
1617 3888 1757 3943 sicut

168 3973 225 4029 in
257 3972 450 4029 Graeco
490 3974 757 4040 vidimus,
798 3975 1065 4046 signiﬁcat
1089 3984 1269 4031 autem
1309 3992 1401 4033 eos
1435 3977 1526 4047 qui
1563 3986 1753 4033 natura

168 4062 403 4133 gentiles
428 4072 605 4129 erant,
637 4065 731 4119 sed
762 4065 1018 4137 religione
1045 4064 1234 4131 Judaei,
1268 4080 1404 4136 quos
1430 4065 1599 4122 Graeci
1632 4082 1757 4136 pro-

169 4155 375 4224 selytos
401 4162 731 4225 nuncupant,
760 4156 851 4210 sed
881 4156 1135 4224 quoniam
1160 4156 1262 4225 ipsi
1294 4156 1519 4226 apostoli
1558 4157 1755 4211 sentie-

166 4244 304 4299 bant
338 4242 552 4299 Judaeos
593 4244 898 4301 incredulos
935 4260 1053 4301 esse
1096 4253 1149 4301 et
1191 4246 1449 4310 rebelles,
1499 4261 1564 4301 eo
1613 4247 1753 4316 quod

167 4335 430 4390 nolebant
468 4336 708 4404 recipere
738 4337 961 4391 verbum
1000 4337 1113 4392 Dei.

242 4424 391 4479 Tunc
434 4436 733 4481 constanter
772 4424 977 4481 Paulus
1026 4437 1073 4482 et
1116 4427 1392 4482 Barnabas
1439 4429 1681 4484 dixerunt
1731 4444 1750 4481 .'

174 4512 340 4569 Vobis
368 4516 629 4585 oportebat
656 4516 881 4586 primum
923 4516 1065 4588 loqui
1104 4518 1311 4571 verbum
1345 4517 1471 4583 Dei;
1499 4519 1589 4571 sed
1617 4536 1747 4589 quo-

164 4607 317 4661 niam
346 4606 587 4676 repellitis
612 4606 766 4670 illud,
796 4616 843 4659 et
873 4607 1113 4678 indignos
1142 4624 1227 4661 vos
1247 4607 1504 4677 judicatis
1541 4618 1753 4662 (eterna:

162 4701 320 4763 vitm,
348 4715 463 4752 ecce
486 4699 829 4753 convertimur
865 4699 934 4752 ad
970 4708 1163 4769 gentes.
1212 4698 1302 4754 Sic
1338 4700 1475 4753 enim
1504 4701 1745 4769 praecepit

162 4792 318 4845 nobis
348 4775 601 4846 Dominus
632 4806 649 4842 :
679 4788 843 4844 Posui
870 4800 918 4844 te
943 4792 997 4843 in
1030 4789 1199 4843 lumen
1228 4791 1485 4859 gentibus,
1512 4799 1567 4843 ut
1594 4790 1664 4843 sis
1693 4790 1745 4842 in

160 4881 389 4935 salutem
423 4897 586 4953 usque
622 4880 691 4936 ad
719 4889 1005 4935 extremum
1046 4888 1218 4933 teri-te.
1257 4879 1537 4933 Audientes
1571 4889 1745 4933 autem

157 4983 341 5044 gentes
377 4971 739 5042 glori/icabant
784 4971 993 5025 verbum
1031 4970 1279 5033 Domini;
1324 4980 1369 5022 et
1416 4970 1745 5023 crediderunt

156 5076 416 5139 quotquot
441 5076 590 5121 erant
614 5065 953 5136 pra'ordinati
982 5064 1051 5117 ad
1079 5064 1235 5118 vitam
1264 5072 1531 5117 veternum.
1576 5062 1744 5117 Disse-

156 5155 466 5210 ntinabatur
501 5166 673 5209 autem
712 5154 919 5211 verbum
959 5153 1170 5208 Domini
1210 5170 1302 5222 per
1336 5155 1628 5208 universam
1666 5171 1744 5207 re-

156 5248 389 5317 gionem.
425 5243 602 5298 Judaei
631 5254 803 5299 autem
831 5245 1212 5298 concitaverunt
1255 5245 1521 5314 religiosas
1561 5244 1743 5299 mulie-

159 5356 242 5394 res
281 5348 329 5391 et
367 5338 608 5391 honestas
630 5377 645 5400 ,
708 5348 755 5391 et
796 5337 990 5406 primos
1017 5336 1272 5399 civitatis,
1304 5344 1351 5388 et
1389 5336 1742 5389 excitaverunt

157 5428 569 5503 persecutionem
599 5427 653 5480 in
682 5426 911 5480 Paulum
944 5436 989 5480 et
1030 5424 1363 5489 Barnabam,
1405 5435 1452 5479 et
1481 5425 1742 5493 ejecerunt

157 5539 245 5577 eos
273 5520 340 5575 de
367 5520 560 5588 ﬁnibus
586 5518 713 5571 suis.
748 5518 812 5571 At
844 5517 951 5582 illi,
983 5532 1198 5571 excusso
1236 5515 1442 5585 pulvere
1466 5516 1654 5584 pedum
1691 5516 1745 5567 in

158 5631 281 5679 eos,
320 5618 568 5667 venerunt
607 5608 867 5663 Iconium.
905 5607 1159 5678 Discipuli
1184 5624 1386 5679 quoque
1419 5606 1746 5677 replebantur

159 5704 353 5775 gaudio
380 5699 662 5769 et'Spiritu
687 5709 885 5753 sancto.
918 5698 1096 5753 Pulvis
1118 5699 1270 5767 juxta
1302 5697 1574 5766 Evangelii
1607 5712 1743 5766 pra:-

1860 3346 1981 3385 rum
2006 3330 2262 3396 servitus,
2292 3328 2495 3386 febrem
2522 3330 2849 3387 illecebrosas
2872 3332 3053 3389 carnis
3074 3333 3327 3405 intellige.

1927 3420 1996 3476 Et
2026 3430 2333 3492 rogaverunt
2370 3420 2519 3476 illum
2545 3438 2640 3493 pro
2678 3439 2758 3477 ea.
2788 3420 2857 3476 Et
2890 3432 3035 3479 stans
3074 3442 3228 3496 super
3266 3426 3432 3492 illam,

1855 3513 2122 3585 imperavit
2150 3511 2300 3580 febri,
2330 3521 2378 3566 et
2403 3512 2600 3567 dimisit
2628 3512 2796 3566 illam.
2824 3513 2980 3578 Modo
3006 3513 3252 3573 Salvator
3278 3534 3445 3589 roga-

1857 3612 1963 3668 tus,
1992 3604 2151 3660 modo
2177 3602 2320 3658 ultro
2360 3610 2513 3658 curat
2535 3610 2795 3674 aegrotos,
2839 3605 3126 3662 ostendens
3144 3622 3209 3662 se
3242 3617 3428 3664 contra

1855 3702 2202 3764 peccatorum
2248 3707 2459 3763 quoque
2506 3693 2786 3761 passiones
2830 3699 2896 3748 et.
2929 3696 3179 3765 precibus
3220 3712 3439 3769 semper.

1854 3798 2094 3839 annuere
2122 3781 2387 3845 fidelium,
2414 3790 2469 3835 et
2496 3796 2558 3836 ea
2587 3796 2705 3851 quae
2736 3781 2834 3851 ipsi
2863 3782 3081 3837 minime
3107 3783 3160 3837 in
3188 3799 3246 3840 se
3280 3786 3435 3842 intel-

1854 3876 2024 3947 ligunt
2062 3884 2119 3929 et
2152 3871 2505 3944 intelligenda.
2537 3872 2663 3927 dare
2704 3871 2978 3928 veletiam
3016 3888 3122 3929 non
3163 3873 3432 3932 intellecta

1855 3966 2157 4031 dimittere;
2176 3966 2330 4035 juxta
2352 3964 2493 4034 quod
2512 3963 2796 4021 Psalmista
2819 3964 3073 4035 postulat.
3103 3965 3292 4024 delicta
3319 3973 3435 4040 quis

1854 4057 2137 4127 intelligit?
2162 4056 2238 4111 Ab
2267 4054 2452 4110 ocultis
2489 4056 2615 4109 meis
2641 4055 2835 4109 munda
2856 4072 2958 4122 me,
2983 4056 3219 4112 Domine.

1924 4150 1993 4204 Et
2022 4150 2265 4203 continuo
2290 4165 2524 4219 surgens,
2554 4149 2883 4203 ministrabat
2918 4148 3044 4205 illis.
3075 4152 3328 4209 Naturale
3352 4163 3436 4210 est

1854 4239 2284 4296 febricitantibus
2310 4238 2600 4307 incipiente
2626 4239 2859 4293 sanitate
2879 4238 3170 4297 lascessere
3189 4250 3243 4297 et
3264 4258 3433 4314 regre-

1856 4330 2076 4384 tationis
2104 4328 2306 4383 sentire
2342 4327 2642 4382 molestiam
2669 4370 2683 4393 ,
2717 4341 2908 4381 verum
2947 4328 3150 4385 sanitas
3179 4346 3301 4399 qua:
3336 4333 3435 4387 D0-

1852 4421 1982 4475 mini
2009 4418 2284 4475 confertur
2312 4418 2558 4487 imperio,
2583 4417 2741 4473 simul
2769 4425 2879 4472 tota
2900 4419 3057 4484 redit,
3086 4419 3180 4475 sed
3200 4430 3255 4477 et
3282 4432 3430 4478 tanto

1853 4511 2047 4565 robore
2071 4506 2361 4563 comitante
2380 4546 2395 4572 ,
2422 4514 2483 4561 ut
2509 4506 2605 4561 eis.
2626 4506 2879 4561 continuo
2899 4507 2988 4577 qui
3018 4523 3075 4563 se
3113 4510 3429 4579 adjuverant

1855 4601 2166 4657 ministrare
2185 4597 2431 4654 sufﬁciat.
2450 4597 2538 4661 Ut,
2559 4597 2712 4668 juxta
2740 4596 2881 4667 leges
2903 4598 3230 4670 tropologiae,
3262 4618 3428 4659 mem-

1853 4692 1951 4746 bra
1998 4705 2118 4759 qua:
2157 4688 2457 4747 servierant
2488 4686 2837 4740 immunditize
2878 4687 2945 4741 ad
2991 4688 3325 4759 iniquitatem
3374 4705 3447 4749 ut-

1853 4782 2245 4837 fructificareut
2280 4779 2461 4845 morti,
2492 4779 2729 4834 serviant
2749 4777 2972 4847 justitize
3002 4782 3054 4837 in
3084 4784 3246 4839 vitam
3274 4794 3405 4841 mter

1854 4889 1998 4927 nam.

1924 4964 2054 5019 Cum
2082 4964 2159 5018 sol
2191 4974 2361 5018 autem
2392 4964 2698 5026 occidisset,
2727 4979 2903 5017 omnes
2937 4966 3026 5033 qui
3059 4965 3314 5021 habebant
3348 4972 3399 5022 in

1853 5058 2032 5124 ﬁrmos
2056 5056 2217 5109 variis
2246 5053 2582 5125 languoribus
2605 5094 2620 5118 ,
2652 5054 2920 5109 ducebant
2945 5054 3061 5110 illos
3099 5057 3168 5111 ad
3194 5074 3333 5112 eum.
3361 5060 3425 5113 At

1852 5147 1940 5201 ille
1967 5146 2183 5215 singulis
2214 5162 2398 5199 manus
2425 5146 2711 5214 imponens,
2736 5146 2952 5200 curabat
2976 5164 3080 5201 eos.
3113 5147 3251 5204 Solis
3269 5166 3429 5207 occu-

1855 5241 1995 5295 bitus
2021 5242 2321 5311 passionem
2363 5249 2697 5310 mortemque
2736 5240 3005 5311 significat
3043 5242 3189 5300 illius
3227 5248 3315 5315 qui
3351 5249 3428 5302 αξη

1854 5335 1933 5387 xit
1958 5352 1972 5386 :
2002 5332 2250 5398 Quandiu
2274 5333 2327 5386 in
2346 5334 2540 5386 mundo
2566 5349 2679 5385 sum
2696 5372 2710 5393 ,
2741 5331 2835 5386 lus:
2855 5350 2971 5387 sum
2996 5335 3201 5402 mundi,
3225 5346 3282 5392 et
3302 5337 3425 5401 Sole

1850 5424 2126 5479 occidente
2181 5424 2364 5492 plures
2407 5421 2722 5476 daemoniaci
2783 5436 2943 5490 quam
2997 5432 3122 5477 ante
3166 5434 3415 5481 sariantm

1851 5514 2058 5585 aegroti.
2084 5513 2217 5579 Quia
2243 5512 2334 5581 qui
2363 5511 2726 5581 temporaliter
2748 5512 2799 5566 in
2826 5528 2988 5566 carne
3014 5513 3425 5593 viveuspaucos

1847 5603 2151 5659 Judzeorum
2182 5603 2386 5669 docuit,
2412 5602 2619 5657 calcato
2643 5617 2809 5673 regno
2838 5604 3029 5657 mortis
3056 5607 3305 5662 omnibus
3330 5624 3425 5677 per

1847 5695 2030 5747 orbem
2061 5692 2310 5762 gentibus
2334 5691 2455 5747 ﬁdei
2484 5691 2778 5762 salutisque
2805 5694 2941 5747 dona
2973 5696 3293 5751 transmisit.
3322 5697 3427 5752 Cu"

158 5803 372 5865 ceptum
407 5791 679 5846 excutitur
706 5790 772 5844 de
798 5788 1020 5859 pedibus
1062 5790 1113 5843 in
1149 5788 1513 5851 testimonium
1547 5787 1741 5841 laboris
1839 5783 1927 5851 jus
1969 5780 2229 5835 ministris
2261 5781 2412 5850 quasi
2452 5781 2573 5835 vita:
2617 5780 2858 5851 lucisque
2908 5785 3240 5852 prteconibus
3277 5784 3425 5841 Psal-
