3946 6342
440 349 548 431 279

1083 372 1142 426 Β.
1186 370 1440 428 RABANI
1481 371 1702 428 MAURI
1741 368 2063 426 AllClllEP.
2110 366 2421 423 MOGUNT.
2466 366 2748 424 OPERUM
2790 362 2971 419 PARS
3010 361 3071 417 ll.

3620 352 3733 414 280

439 488 601 543 mista
626 489 792 553 canit,
819 487 920 541 iter
945 486 1106 555 facile
1130 486 1176 539 ei
1203 486 1293 557 qui
1320 485 1551 539 ascendit
1580 500 1738 554 super
1758 499 2022 537 occasum.
2056 485 2101 542 Λ
2133 479 2185 532 in
2217 478 2319 535 hoc
2347 479 2489 533 libro
2514 478 2699 549 ﬁguris
2720 476 2935 547 repetit.
2962 474 3116 538 Ecce,
3142 475 3338 543 inquit,
3362 473 3554 526 ostium
3578 486 3735 540 aper-

440 576 617 646 Supcr
649 588 901 629 occasum
931 573 1131 645 quippe
1172 573 1431 629 Dominus
1456 574 1734 636 ascendit,
1767 573 1859 643 qui
1891 572 2034 627 unde

439 667 493 720 in
530 665 779 737 passione
816 663 1104 729 occubuit,
1151 664 1277 721 inde
1319 668 1577 736 majorem
1620 677 1772 718 suam
1804 661 2033 733 gloriam

436 758 776 829 resurgendo
808 753 1198 812 manifestavit.

511 849 744 905 Ea‘ibant
774 857 949 902 autent
978 847 1241 902 dwmonia
1266 866 1297 902 a
1326 846 1527 911 multis,
1560 844 1845 900 clamantia
1877 854 1925 898 ct
1951 844 2032 897 di-

438 943 606 997 centia
639 959 655 996 :
690 939 829 1006 Quia
858 950 914 994 tu
943 957 995 994 es
1026 938 1267 995 Christus
1303 939 1473 994 Filius
1509 940 1601 993 Dei
1629 954 1647 991 :
1675 949 1723 993 et
1755 941 2030 1010 increpans

436 1050 540 1087 non
579 1033 780 1087 sinebat
814 1049 875 1086 ea
915 1030 1057 1102 loqui
1092 1032 1215 1100 quia
1254 1030 1483 1085 sciebant
1528 1030 1699 1101 ipsum
1741 1027 2031 1084 Christum.

434 1122 711 1179 Dmmonia
727 1120 923 1177 Filium
939 1121 1034 1176 Dei
1057 1120 1465 1183 conﬁtebantur,
1486 1128 1541 1175 et
1558 1126 1848 1174 attestante
1861 1118 2034 1173 Evan-

434 1214 625 1286 gelista
652 1214 898 1270 sciebant
920 1213 1094 1282 ipsum
1117 1226 1234 1267 esse
1261 1210 1556 1278 Christum,
1582 1212 1707 1282 quia
1736 1227 1897 1281 quem
1919 1212 2032 1267 die-

436 1320 556 1358 rum
580 1302 938 1375 quadraginta
952 1301 1160 1374 jejunio
1183 1300 1464 1373 fatigatum
1485 1302 1735 1357 diabolus
1755 1302 2039 1361 hominem

431 1403 796 1468 cognoverat,
838 1410 941 1450 nec
978 1392 1239 1449 tentando
1280 1392 1494 1449 valebat
1531 1408 1601 1448 an
1640 1404 1693 1449 et
1734 1393 1830 1449 Dei
1861 1393 2033 1451 Filius

430 1499 575 1546 esset
599 1488 857 1561 experiri,
885 1488 997 1559 jam
1032 1501 1175 1542 nunc
1204 1502 1304 1556 per
1328 1487 1606 1557 signorum
1624 1487 1923 1557 potentiam
1945 1488 2032 1542 vel

432 1582 697 1637 intellexit
732 1580 820 1637 vel
857 1581 1037 1651 potius
1062 1579 1370 1650 suspicatus
1403 1588 1487 1635 est
1514 1594 1635 1634 esse
1675 1578 1870 1636 Filium
1908 1579 2027 1635 Dei.

430 1675 547 1729 Non
596 1675 761 1746 igitur
804 1673 926 1729 ideo
965 1670 1167 1729 Judaeis
1204 1687 1328 1727 eum
1370 1672 1689 1745 cruciﬁgere
1721 1672 2037 1743 persuasit,

429 1767 555 1836 quia
584 1765 860 1821 Christum
887 1764 1003 1820 sive
1032 1764 1127 1819 Dei
1147 1759 1343 1818 Filium
1374 1779 1479 1818 non
1511 1776 1633 1819 esse
1662 1764 1909 1835 putavit;
1935 1763 2037 1819 sed

2135 580 2245 623 tum
2276 570 2329 622 in
2356 568 2517 634 caelo;
2546 568 2933 623 convenienter
2951 565 3149 620 ostium
3177 564 3396 618 caeleste
3419 562 3734 617 ascensuris

2135 660 2360 729 aspicit,
2390 659 2475 735 cui
2515 659 2658 714 celsa
2704 658 2960 730 mysteria
2990 658 3153 728 patuli
3193 657 3612 727 promittuntur;
3642 653 3732 709 vel

2134 751 2269 819 quia
2287 751 2485 805 ostium
2513 749 2762 806 Christus
2788 758 2895 814 est,
2920 749 3018 820 qui
3039 747 3187 803 illum
3218 749 3512 803 crediderit
3539 756 3729 801 natum

2134 851 2187 897 et
2216 858 2437 913 passum
2460 840 2774 896 conscendit
2798 840 3019 905 canum,
3048 839 3100 893 id
3126 847 3233 903 est,
3259 838 3516 893 Ecclesia:
3542 838 3731 892 altitu-

2134 933 2336 997 dinem,
2366 941 2419 987 et
2444 932 2591 986 videt
2616 932 2795 985 futura
2822 929 3084 1001 spiritalis
3109 930 3354 994 elTectus,
3380 930 3521 983 sicut
3546 928 3676 983 dicit
3703 949 3725 986 :

2133 1022 2206 1082 Et
2232 1024 2410 1077 statim
2439 1022 2519 1092 {ui
2552 1021 2606 1076 in
2645 1023 2854 1091 spiritu.
2892 1021 2959 1075 Et
2999 1038 3097 1076 v0.1:
3132 1022 3307 1093 prima
3338 1039 3497 1095 quam
3524 1021 3730 1086 audiet,

2132 1124 2382 1185 tanquam
2409 1112 2548 1167 tuba:
2573 1111 2829 1183 loquentis
2855 1106 3079 1177 mecum,
3108 1113 3321 1167 dicens:
3337 1112 3571 1167 Ascende
3599 1111 3729 1177 huc,

2131 1215 2179 1260 et
2208 1206 2477 1260 ostendam
2509 1206 2611 1263 tibi;
2633 1223 2751 1277 qua:
2778 1216 2978 1276 oportet
3008 1206 3127 1275 ﬁeri
3149 1217 3263 1278 post
3287 1206 3420 1271 lucc,
3443 1207 3623 1260 statim
3647 1205 3731 1275 {ui

2132 1297 2187 1350 in
2217 1295 2404 1367 spiritu
2427 1336 2442 1361 ,
2471 1296 2649 1353 simile
2688 1305 2773 1351 est
2800 1297 2985 1366 utique
3013 1296 3114 1350 hoc
3138 1295 3306 1367 priori
3331 1295 3453 1351 voci
3492 1310 3615 1365 qua:
3642 1294 3728 1349 di-

2132 1396 2321 1443 xerat:
2344 1388 2499 1456 Quod
2523 1389 2664 1445 uides
2685 1389 2851 1445 scribe
2876 1390 2937 1447 in
2959 1388 3113 1443 libro.
3153 1387 3218 1443 Et
3243 1405 3359 1446 ecce
3378 1387 3525 1445 sedes
3554 1388 3727 1457 posita

2131 1486 2243 1533 erat
2275 1480 2330 1532 in
2359 1478 2487 1534 calo
2512 1492 2529 1531 :
2552 1488 2599 1533 et
2624 1495 2787 1549 supra
2811 1478 2983 1543 sedem
3006 1476 3190 1535 sedens
3218 1474 3514 1534 Ecclesium
3539 1475 3592 1529 in
3619 1488 3732 1530 οω-

2130 1568 2254 1625 lesti
2280 1570 2695 1626 conversatione
2721 1569 2955 1639 positam
2987 1567 3249 1625 Dominus
3270 1566 3559 1621 inhabitat.
3586 1564 3727 1626 Gre-

2132 1664 2317 1737 gorius
2347 1663 2492 1736 Papa
2523 1663 2717 1723 solium
2734 1662 2831 1718 Dei
2863 1663 2916 1717 in
2952 1662 3162 1720 visione
3198 1661 3434 1721 Micharas
3452 1661 3741 1733 angelicas

2134 1760 2432 1824 potestates
2475 1753 2912 1823 interpretatur,
2958 1769 3188 1824 quarum
3244 1753 3516 1808 mentibus
3564 1753 3740 1808 altius

429 1860 556 1930 quia
570 1874 628 1915 se
652 1867 832 1916 morte
864 1857 1008 1918 illius
1038 1873 1143 1915 non
1184 1857 1433 1927 praevidit
1461 1872 1580 1913 esse
1610 1856 1972 1911 damnandum
2010 1875 2023 1910 :

2146 1844 2449 1914 inesidens,
2472 1842 2699 1899 inferius
2719 1852 2915 1900 cuneta
2941 1844 3199 1915 disponit.

428 1968 559 2008 vere
580 1953 725 2007 enim
754 1950 821 2006 dc
850 1951 953 2005 hoc
982 1950 1248 2021 mysterio
1266 1964 1294 2003 a
1321 1948 1533 2005 szeeulis
1558 1948 1874 2006 abscondito
1899 1948 2033 2006 dicit

428 2042 720 2114 Apostolus
762 2059 774 2095 :
818 2040 972 2107 Quod
1011 2056 1161 2095 nemo
1198 2040 1495 2111 principum
1524 2040 1685 2111 hujus
1721 2040 1905 2095 strculi
1941 2056 2029 2095 co-

427 2134 635 2205 gnovit:
666 2133 713 2187 si
743 2135 879 2186 enim
902 2132 1280 2203 cognovissent,
1305 2146 1573 2202 nunquam
1603 2131 1889 2191 Dominum
1918 2131 2029 2203 glo-

429 2229 523 2281 ria:
550 2224 956 2294 cruci/irissent.
979 2220 1161 2289 Quare
1184 2230 1365 2284 autem
1394 2223 1657 2279 daemonia
1681 2223 1939 2279 Dominus
1969 2239 2028 2278 se

430 2316 579 2387 loqui
611 2312 1222 2386 proltiheat,Psalmista
1246 2312 1579 2377 manifestat.
1606 2314 1695 2384 qui
1722 2315 1820 2379 ait,
1845 2330 2029 2385 pecca-

428 2410 527 2463 tori
554 2417 729 2462 autem
754 2406 887 2460 dixit
908 2404 1069 2471 Deus,
1093 2422 1257 2476 quare
1276 2414 1332 2459 tu
1355 2405 1829 2475 enarrasjustitias
1847 2406 2029 2464 meas?

427 2509 482 2554 et
509 2506 733 2554 extera.
759 2495 839 2551 Ne
866 2511 989 2549 eum
1022 2495 1146 2565 quis
1173 2495 1299 2550 dum
1328 2495 1715 2566 prmdicantem
1741 2495 1908 2561 audit,
1938 2510 2026 2550 sc-

427 2597 626 2658 quatur
653 2595 964 2653 errantem,
994 2584 1273 2657 improbus
1303 2586 1446 2640 enim
1489 2586 1747 2655 magister
1784 2595 1868 2639 est
1906 2585 2024 2638 dia-

427 2680 605 2745 bolus,
633 2679 725 2750 qui
757 2676 1059 2735 falsa-veris
1082 2691 1225 2746 sarpe
1251 2676 1565 2746 permiscet,
1595 2684 1649 2729 ut
1681 2676 1859 2745 specie
1888 2676 2028 2730 veri-

430 2772 553 2827 tatis
582 2771 952 2833 testimonium
994 2769 1199 2825 fraudis
1224 2770 1479 2840 obtegat.
1507 2770 1661 2831 Alias
1693 2779 1873 2824 autem
1918 2785 2026 2827 non

428 2863 530 2918 sibi
568 2862 871 2928 daemones,
901 2862 994 2931 qui
1027 2860 1180 2916 inviti
1212 2859 1636 2926 conﬁtebantur,
1659 2861 1923 2931 jubcntur
1952 2862 2027 2917 si-

429 2958 541 3011 lere
579 2955 645 3010 de
674 2952 925 3020 Christo,
957 2953 1051 3009 sed
1087 2951 1247 3010 etilli
1283 2952 1386 3021 qui.
1418 2953 1487 3008 ab
1525 2968 1591 3008 ec
1630 2953 1805 3007 sanati
1838 2960 2029 3023 sponte

431 3045 687 3102 confiteri
717 3045 998 3109 volebant;
1043 3044 1151 3099 imo
1195 3043 1297 3121 ipsi
1332 3042 1576 3114 Apostoli
1616 3043 1707 3114 qui
1743 3059 1866 3099 eum
1906 3052 2028 3114 post

432 3137 889 3195 resurrectionem
934 3144 1046 3191 toto
1083 3146 1240 3191 erant
1286 3137 1418 3191 orbe
1468 3135 1814 3206 praedicaturi
1841 3177 1857 3203 ,
1901 3144 2027 3191 ante

432 3229 739 3302 passionem
760 3228 876 3299 ejus
895 3227 1283 3297 praecipiuntur
1304 3226 1530 3282 omnino
1559 3226 1789 3281 reticere
1811 3228 1877 3280 de
1898 3225 1989 3287 illo
2010 3244 2024 3293 ;

432 3340 501 3381 ne
536 3323 716 3379 divina
746 3320 955 3376 scilicet
980 3317 1268 3389 majestate
1295 3319 1585 3389 prtedicata
1618 3318 1889 3391 passionis
1916 3317 2030 3374 dis-

432 3412 677 3484 pensatio
702 3408 1034 3474 differretur,
1060 3416 1115 3463 et
1149 3407 1311 3466 dilata
1335 3409 1605 3485 passione,
1633 3407 1779 3468 salus
1821 3407 2029 3473 mundi,

435 3519 557 3575 qua:
585 3516 684 3572 per
720 3501 862 3557 hanc
894 3498 1075 3557 [utura
1102 3507 1247 3563 erat,
1277 3507 1586 3569 negaretur.

508 3599 679 3656 Facta
717 3609 895 3653 autem
930 3598 1015 3652 die
1052 3611 1289 3667 egressus
1326 3595 1435 3649 ibat
1461 3596 1513 3649 in
1541 3594 1798 3649 desertum
1835 3592 2029 3659 locum,

434 3705 479 3751 et
510 3693 676 3748 turba:
703 3687 1031 3764 requirebant
1054 3704 1194 3752 eum,
1218 3697 1267 3742 et
1288 3696 1535 3750 uenerunt
1559 3702 1721 3758 usque
1748 3684 1817 3739 ad
1838 3686 2031 3755 ipsum,

436 3799 542 3844 etc.
574 3786 633 3841 Si
660 3799 861 3841 occasu
897 3781 1031 3837 solis
1063 3778 1276 3834 Domini
1308 3794 1456 3856 mors
1490 3778 1836 3847 exprimitur,
1865 3791 2034 3847 quare

438 3894 544 3934 non
586 3876 675 3931 die
716 3877 974 3930 redeunte
1012 3870 1342 3927 resurrectio
1384 3868 1529 3925 illius
1565 3869 1850 3933 indicetur,
1880 3869 2036 3937 cujus

438 3965 784 4023 manifestata
811 3964 930 4024 lace
962 3977 991 4014 a
1021 3960 1358 4018 credentium
1386 3958 1560 4013 turbis
1582 3958 1876 4027 inquiritur
1899 3966 1955 4012 et
1980 3958 2032 4011 in

439 4058 681 4131 gentium
712 4054 931 4109 deserto
964 4053 1221 4106 inventus
1243 4089 1259 4114 ,
1287 4063 1355 4105 ne
1390 4048 1550 4105 abeat
1586 4047 1888 4111 detinetur;
1916 4062 2033 4100 ma-

440 4151 587 4207 xime
614 4163 734 4204 cum
775 4147 891 4200 haec
923 4143 1099 4215 prima
1140 4140 1348 4197 sabbati
1389 4155 1497 4209 quo
1537 4138 1863 4193 resurrectio
1892 4138 2033 4192 cele-

440 4244 595 4298 brata
625 4246 741 4305 est,
767 4235 1005 4308 egressio
1028 4274 1042 4300 ,
1070 4232 1339 4307 qumsitio,
1371 4239 1425 4285 et
1456 4228 1697 4283 inventio
1724 4227 2034 4297 contigerit,

442 4334 497 4387 in
533 4330 731 4401 quibus
771 4326 1024 4382 omnibus
1060 4321 1440 4378 manifestatur
1482 4320 1697 4375 bonitas
1737 4328 1791 4373 et
1829 4319 2038 4373 miseri-

443 4424 628 4480 cordia
666 4418 879 4475 Domini
910 4416 1080 4472 nostri
1115 4413 1241 4469 Jesu
1269 4412 1504 4478 Christi,
1547 4412 1601 4465 in
1634 4426 1740 4481 quo
1783 4410 2037 4475 vivimus,

2202 1934 2271 1988 Et
2293 1936 2382 2007 qui
2405 1933 2637 1999 sedebat,
2661 1934 2849 1993 similis
2876 1943 2989 1988 erat
3018 1935 3249 2005 aspectui
3278 1932 3472 2004 lapidis
3493 1933 3733 2005 jaspidi‘s

2129 2036 2175 2083 et
2189 2027 2430 2081 sardinii.
2448 2025 2843 2096 laspidiscolor
2855 2042 3074 2096 aquam,
3091 2026 3315 2082 sardinii
3333 2026 3509 2098 igne'n
3524 2027 3729 2097 signiti-

2129 2121 2449 2191 cat,quibus
2474 2121 2683 2177 duobus
2723 2120 2987 2191 judicium
3016 2122 3267 2177 novimus
3288 2121 3570 2177 celebrari.
3598 2121 3725 2178 Sic-

2131 2220 2185 2266 ut
2232 2213 2408 2279 enim,
2444 2212 2653 2283 inquit,
2682 2213 2736 2267 in
2768 2212 2954 2268 diebus
2980 2211 3131 2279 Noe,
3156 2214 3231 2267 ita
3259 2213 3358 2267 erit
3392 2223 3441 2267 et
3468 2214 3739 2269 adventus

2125 2303 2229 2373 ﬁlii
2258 2304 2507 2359 hominis.

2202 2398 2271 2452 Et
2303 2398 2400 2453 iris
2437 2409 2548 2452 erat
2581 2400 2637 2453 in
2674 2399 2897 2453 circuitu
2923 2399 3094 2465 sedis,
3128 2398 3315 2453 similis
3352 2399 3541 2454 risioni
3572 2415 3721 2453 sma-

2130 2492 2387 2563 ragdina.
2425 2490 2525 2549 Iris
2554 2506 2674 2561 qua:
2704 2491 2769 2549 fit
2809 2491 2923 2547 sole
2952 2491 3121 2548 nubes
3151 2492 3448 2546 irradiante
3468 2533 3484 2556 ,
3519 2498 3575 2545 et
3600 2502 3735 2562 post

2127 2585 2387 2642 diluvium
2425 2584 2602 2654 primo
2639 2584 3041 2653 propitiationis
3055 2582 3263 2652 judicio
3293 2582 3470 2639 factus
3496 2591 3611 2648 est,
3643 2584 3731 2637 ill-

2130 2688 2372 2734 tercessu
2410 2684 2720 2732 sanctorum
2741 2716 2755 2741 ,
2786 2690 2921 2744 quos
2948 2674 3208 2730 Dominus
3248 2673 3507 2738 illustrat,
3539 2674 3730 2730 Eccle-

2129 2773 2265 2827 siam
2296 2770 2496 2825 muniri
2527 2752 2803 2841 designat.
2830 2767 2930 2835 Qui
2964 2768 3103 2823 bene
3130 2765 3416 2837 smaragdo
3448 2765 3609 2836 lapidi
3643 2766 3730 2821 ui.-

2130 2864 2253 2916 mta‘.
2290 2860 2579 2915 viriditatis
2616 2865 2983 2927 comparatur,
3024 2872 3135 2928 quo
3170 2856 3315 2911 enim
3354 2856 3740 2911 hzereditatcm

2129 2953 2615 3014 inmarcescibilem
2659 2951 2761 3007 lide
2801 2949 3113 3021 profcctiori
3143 2957 3493 3019 exspectant,
3536 2964 3604 3006 eo
3631 2964 3741 3020 po-_

2131 3051 2336 3108 tentius
2363 3049 2527 3103 etiam
2557 3057 2785 3103 caeteros
2815 3046 3020 3101 orando
3054 3054 3364 3117 protegunt.

2202 3138 2271 3194 Et
2297 3139 2351 3193 in
2378 3138 2602 3192 circuitu
2631 3137 2767 3191 sedis
2795 3136 2982 3191 sedilia
3009 3137 3191 3207 viginti
3214 3147 3465 3208 quatuor,
3494 3145 3541 3189 et
3567 3152 3744 3206 supra-

2132 3232 2346 3293 thronos
2375 3229 2562 3300 viginti.
2581 3238 2843 3300 quatuor,
2872 3228 3107 3285 sedentes
3142 3230 3393 3286 seniores.
3430 3228 3748 3285 Ecclesiam.

2132 3336 2292 3391 quam
2327 3328 2551 3391 propter
2579 3320 2895 3374 societatem
2929 3320 3053 3374 fidei
3098 3320 3149 3373 in
3190 3336 3295 3391 una
3339 3320 3466 3375 sede
3495 3320 3738 3384 viderat,

2132 3389 2379 3468 eamdem
2410 3426 2507 3479 per
2540 3411 2823 3481 geminum
2862 3418 3247 3465 testamentum
3283 3389 3356 3465 ile
3404 3411 3740 3480 patriarcltis

2134 3513 2189 3560 et
2233 3505 2494 3577 apostolis
2520 3516 2835 3576 generatam
2884 3507 2937 3561 in
2968 3522 3097 3562 xxxv
3128 3506 3386 3563 sedilibus
3417 3509 3612 3571 cernit,
3644 3523 3738 3564 se-

2136 3599 2351 3654 dentem
2393 3608 2573 3654 autem
2596 3640 2613 3665 ,
2648 3610 2870 3672 propter
2892 3600 3235 3671 iudiciariam
3270 3602 3388 3671 ejus
3423 3601 3477 3655 in
3511 3601 3752 3657 Christo

2135 3690 2473 3759 dignitatem.
2523 3688 2783 3745 Sedebant
2836 3692 2974 3745 enim
3022 3701 3069 3745 et
3117 3692 3437 3761 judicabant
3491 3693 3739 3746 universa

2135 3783 2390 3848 membra,
2412 3782 2503 3837 sed
2524 3782 2579 3836 in
2604 3799 2707 3836 uno
2735 3791 2782 3836 et
2805 3799 2896 3852 per
2917 3799 3079 3836 unum
3105 3793 3279 3852 caput.
3306 3781 3440 3836 Nam
3465 3782 3743 3851 quomodo

2136 3881 2392 3941 poterunt
2429 3872 2601 3927 sancti
2640 3872 2693 3925 in
2718 3871 2925 3940 judicio
2968 3874 3157 3927 sedere
3196 3880 3401 3929 stantes
3441 3874 3507 3928 ad
3548 3873 3741 3929 dexte-

2139 3978 2255 4017 ram
2278 3963 2496 4033 judicis.
2533 3962 2771 4018 Possunt
2810 3964 2974 4018 etiam
3008 3965 3194 4035 viginti
3229 3972 3463 4034 quatuor
3491 3964 3747 4021 seniores

2139 4058 2193 4111 in
2223 4057 2326 4111 illis
2352 4056 2597 4126 intelligi,
2625 4056 2718 4126 qui
2746 4055 3131 4127 perfectionem
3160 4059 3341 4127 operis
3366 4073 3488 4127 qua:
3518 4059 3740 4115 senario

2142 4165 2371 4206 numero
2396 4149 2828 4214 commendatur,
2860 4147 3004 4202 clara
3036 4148 3309 4219 Evangelii
3349 4149 3747 4219 prmdieationc

2141 4246 2537 4297 consummant.
2565 4237 2703 4293 Nam
2741 4246 2935 4308 quater
2968 4237 3083 4292 seni
3113 4253 3239 4293 XXIV
3263 4236 3488 4294 faciunt.

2213 4329 2648 4384 Circumamictos
2674 4328 2993 4385 vestimentis
3041 4330 3175 4383 albis
3211 4340 3257 4383 et
3282 4330 3337 4383 in
3365 4329 3623 4400 capitibus
3650 4346 3742 4384 eo-

2142 4439 2257 4476 rum
2287 4438 2510 4477 coronas
2539 4437 2747 4475 aureas.
2784 4419 2841 4475 Id
2879 4428 3000 4487 est,
3028 4420 3186 4476 bonis
3224 4420 3481 4491 operibus
3519 4421 3752 4477 indutos

445 4527 727 4572 movemur
750 4551 773 4578 ,_
809 4517 864 4565 et
904 4522 1092 4563 sumus
1119 4546 1135 4572 ,
1172 4516 1233 4561 et
1260 4521 1360 4576 per
1399 4503 1553 4573 cujus
1591 4502 1935 4558 clementiam
1970 4502 2033 4556 ad

2146 4514 2366 4593 perenni
2392 4514 2592 4569 mentis
2624 4512 2884 4567 memoria
2915 4513 3109 4583 gaudia
3146 4527 3379 4583 superna
3409 4523 3737 4583 quaerentes.

445 4607 687 4663 futuram
734 4601 900 4655 Vim“
945 4596 1232 4669 ΡοιὝοίιίνθ
1270 4610 1369 4651 "05
1421 4609 1706 4665 speramus
1753 4602 2040 4663 Ρτωειαηιβ
2086 4596 2099 4597 ί
2145 4604 2298 4675 δειξρο
2324 4606 2467 4659 enim
2497 4604 2691 4674 capitis
2718 4604 2971 4673 nomine,
2990 4620 3143 4660 mens
3169 4605 3307 4660 solet
3335 4605 3581 4675 intelligi.

448 4700 564 4767 ipso
592 4701 839 4750 creatore
863 4699 918 4743 et
948 4689 1289 4758 redemptore
1316 4694 1505 4741 nostro
1525 4684 1655 4741 Jesu
1684 4684 1921 4750 Christo,
1948 4683 2040 4746 qui

448 4803 571 4843 cum
592 4784 753 4841 Patre
779 4789 838 4837 et
863 4780 1070 4849 Spiritu
1092 4787 1280 4836 sancto
1307 4776 1443 4837 vivit
1465 4785 1523 4832 et
1548 4786 1741 4848 regnat
1765 4776 1821 4837 in
1847 4774 2041 4837 saecula

450 4877 789 4936 saeculorum.
828 4874 1022 4928 Amen.

999 4960 1281 5023 HOMle
1317 4959 1507 5017 LXXI.

780 5066 1035 5106 DOIINICA
1068 5064 1277 5104 OCTAVA
1318 5065 1414 5102 PBN
1423 5063 1705 5105 TECOSTES-

871 5144 1056 5201 Lectio
1085 5143 1207 5197 libri
1234 5124 1605 5215 Apocalypsis.

525 5236 595 5295 In
617 5236 803 5291 diebus
828 5234 958 5299 illis,
985 5232 1091 5287 vidi
1118 5232 1310 5286 ostium
1337 5242 1570 5303 apertum
1600 5232 1661 5283 in
1685 5239 1810 5284 curto
1834 5246 1852 5282 :
1875 5241 1921 5284 et
1948 5247 2043 5289 vos

455 5333 625 5405 prima
652 5342 812 5400 quam
836 5323 1014 5379 audiri
1059 5334 1310 5394 tanquam
1351 5323 1487 5375 tuba:
1523 5320 1780 5391 loquentis
1816 5337 2041 5385 mecum,

457 5424 633 5477 dicens
678 5435 696 5474 :
738 5418 972 5471 Ascende
1016 5414 1117 5467 huc
1153 5422 1202 5467 et
1239 5412 1507 5471 ostendam
1552 5411 1646 5465 tibi
1683 5427 1801 5481 quae
1846 5420 2043 5481 oportet

458 5512 596 5584 ﬁeri,
626 5519 731 5564 etc.

530 5602 827 5671 Descriptis
858 5598 1110 5653 Ecclesite
1139 5598 1423 5668 operibus,
1460 5612 1581 5667 quae
1612 5606 1755 5652 esset
1790 5606 1844 5652 ct
1872 5603 2047 5667 qualis

463 5693 638 5747 lutura
679 5700 823 5747 esset
859 5690 1181 5761 recapitulat
1214 5705 1243 5742 a
1274 5689 1476 5743 Christi
1514 5690 1823 5754 nativitate,
1856 5692 2046 5745 eadem

467 5782 622 5841 aliter
649 5782 924 5846 dicturus,
955 5791 1123 5838 totum
1164 5782 1303 5835 enim
1350 5790 1560 5850 tempus
1598 5782 1849 5838 Ecclesia:
1882 5784 2049 5838 variis

2215 4696 2284 4748 Et
2318 4696 2381 4749 de
2412 4696 2597 4748 throno
2634 4705 2995 4765 processerunt
3024 4693 3269 4766 fulgura,
3290 4706 3337 4748 et
3379 4712 3556 4762 voces,
3584 4707 3631 4751 et
3660 4707 3743 4752 to-

2146 4788 2339 4840 nitrua.
2368 4780 2487 4839 Hoc
2512 4794 2591 4839 est
2630 4786 2775 4857 quod
2814 4785 3027 4842 Marcus
3056 4786 3166 4850 ait,
3198 4785 3279 4839 illi
3316 4796 3492 4840 autem
3517 4788 3743 4857 profecti

2144 4878 2559 4947 prtcdicaverunt
2575 4878 2786 4948 ubique,
2809 4877 3036 4931 Domino
3050 4888 3363 4948 cooperante
3384 4890 3430 4932 et
3445 4895 3740 4935 sermonem

2146 4969 2506 5037 con/irruente,
2539 4968 2868 5039 sequentibus
2894 4968 3075 5038 signis.

2219 5060 2284 5113 Et
2308 5068 2499 5129 septem
2523 5058 2791 5129 lampades
2812 5059 3054 5113 ardentes
3078 5068 3197 5114 ante
3221 5060 3487 5125 thronum,
3504 5063 3595 5131 qui
3617 5072 3750 5116 sunt»

2144 5164 2335 5224 septem
2383 5153 2623 5222 Spiritus
2652 5152 2765 5205 Dei.
2807 5150 2984 5207 Unum
3019 5151 3286 5221 Spiritum
3318 5153 3448 5207 dicit
3488 5153 3744 5224 septifor-

2149 5260 2321 5309 mem,
2343 5260 2484 5299 unus
2519 5253 2609 5307 est
2651 5243 2796 5303 enim
2823 5242 3064 5312 Spiritus
3084 5283 3099 5307 ,
3140 5243 3529 5314 septiformitas
3556 5252 3741 5300 autem

2148 5333 2411 5405 perfectio
2428 5344 2512 5389 est
2534 5342 2587 5389 et
2608 5334 2901 5404 plenitudo.
2927 5332 3364 5391 Commemorato
3384 5348 3512 5387 vero
3533 5332 3751 5404 Spiritu

2152 5434 2340 5481 saneto
2369 5409 2757 5485 convenienter
2788 5424 2927 5479 unda
2964 5424 3214 5494 baptismi
3253 5424 3529 5490 sequitur,
3552 5428 3605 5477 in
3634 5440 3742 5493 qua

2154 5517 2295 5572 idem
2336 5517 2572 5585 Spiritus
2599 5517 2802 5587 percipi
2830 5517 3088 5577 creditur.

2226 5608 2291 5661 Et
2321 5609 2373 5661 in
2400 5618 2674 5678 conspectu
2702 5607 2837 5660 sedis
2876 5616 3123 5677 tanquam
3151 5624 3295 5659 mare
3325 5607 3543 5658 vitreum
3573 5606 3745 5659 simile

2156 5700 2419 5770 crystallo.
2454 5700 2679 5770 Propter
2712 5700 2868 5753 ﬁdem
2899 5700 3011 5753 veri
3047 5699 3382 5770 baptismatis
3413 5695 3647 5751 refertur
3676 5698 3748 5751 ad

2157 5790 2378 5855 vitrttm,
2403 5790 2453 5843 in
2478 5805 2583 5858 quo
2610 5805 2714 5843 non
2747 5787 2891 5844 aliud
2915 5789 3126 5843 videtur
3152 5788 3390 5841 exterius
3412 5800 3575 5855 quam
3602 5786 3752 5855 quod
