3946 6324
174 369 262 427 981

1242 360 1548 415 ΙΙΟΜΙΙᾸᾸΞ
1590 358 1651 413 IN
1692 356 1945 413 EVANC.
1988 355 2074 410 ET
2112 355 2332 411 EPIST.

3327 350 3433 407 ‘28’2

176 492 336 550 gestat
372 481 626 543 interius,
671 480 923 552 crystallo
965 493 1179 549 quoque
1220 476 1361 546 quod
1402 478 1467 530 de
1511 489 1649 542 aqua
1689 472 1740 526 in
1772 477 1817 534 Α
1847 470 1989 522 enim
2019 469 2322 537 geminatus
2350 466 2709 522 duodenarius
2736 480 2991 520 numerus
3016 462 3304 535 signiﬁcat,
3333 472 3437 518 sta'

173 578 384 648 glaciem
419 584 474 629 et
500 575 732 645 lapidem
762 574 1057 643 pretiosum
1086 571 1315 626 eﬁicitur
1344 567 1594 639 baptismi
1619 582 1741 635 gra-

176 668 241 723 tia
270 666 548 735 ﬁguratur.

240 754 303 809 Et
328 756 381 807 in
412 754 581 807 medio
606 754 763 818 sedis,
786 764 832 807 et
856 754 909 807 in
938 754 1158 807 circuitu
1189 754 1347 816 sedis,
1373 760 1601 820 quatuor
1625 749 1744 801 ani-

174 847 324 902 utalia
354 845 508 915 plena
536 848 702 899 oculis
732 863 853 899 ante
892 856 937 899 et
969 854 1125 898 retro.
1159 842 1393 897 Cunctas
1426 840 1600 894 throni
1630 839 1743 903 Dei,

173 939 220 992 id
250 947 346 1002 est,
379 936 656 1002 Ecclesiae,
684 944 863 1007 partes
896 936 1074 993 lumen
1110 933 1382 1006 Evangelii
1411 933 1474 986 de
1507 930 1743 1001 pratteri-

174 1038 339 1082 turum
364 1026 775 1095 futurorumque
801 1027 1025 1082 scientia
1058 1025 1247 1095 replet.

240 1118 303 1171 Et
324 1118 527 1171 animal
551 1120 777 1188 primum
814 1118 983 1172 simile
1019 1117 1179 1181 leoni,
1204 1126 1306 1171 etc.
1340 1115 1465 1169 lliec
1494 1112 1745 1166 animalia

172 1210 453 1265 multifario
483 1210 923 1283 interpretantur.
960 1210 1157 1266 Beatus
1180 1216 1358 1261 autem
1391 1206 1744 1280 Augustinus,

165 1300 310 1371 juxta
337 1301 580 1355 ordinem
616 1302 736 1359 libri
762 1302 936 1365 istius,
993 1301 1301 1356 Matthzeum
1336 1300 1387 1353 in
1437 1298 1590 1356 leone
1619 1298 1748 1352 dicit

171 1393 409 1464 intelligi,
451 1394 541 1462 qui
581 1394 741 1464 regiae
775 1394 1055 1465 dignitatis
1096 1394 1148 1447 in
1194 1393 1411 1448 Christo
1440 1390 1742 1461 prosapiam

171 1495 368 1550 narrat,
410 1487 538 1553 quia
582 1486 710 1540 vicit
758 1486 841 1542 leo
872 1487 937 1541 de
988 1486 1127 1540 tribu
1158 1482 1313 1541 Iuda.
1352 1483 1574 1538 Catulus
1599 1482 1743 1537 enim

172 1578 333 1631 leonis
361 1576 495 1632 Juda
524 1597 537 1631 :
563 1586 618 1634 et
647 1578 699 1631 in
725 1594 832 1651 quo
862 1586 917 1632 ut
947 1594 1036 1631 rex
1063 1594 1092 1631 a
1135 1592 1258 1645 rege
1290 1577 1531 1637 timetur,
1560 1589 1589 1627 a
1637 1574 1743 1629 Ma~

172 1670 248 1740 gis
276 1670 577 1725 aduratur:
617 1670 707 1724 ubi
756 1670 917 1724 etiam
965 1684 1057 1723 rex
1095 1683 1216 1723 cum
1265 1668 1437 1722 servis
1480 1666 1742 1723 rationem

173 1762 315 1830 ponit
346 1780 358 1814 :
392 1777 483 1816 rex
514 1765 730 1832 nuptias
762 1763 869 1815 ﬁlio
913 1761 1062 1825 facit,
1092 1771 1146 1814 et
1172 1762 1239 1813 ad
1269 1760 1515 1814 ultimum
1543 1774 1632 1811 rex
1661 1774 1747 1811 se-

172 1862 348 1926 gregat
385 1869 518 1907 oves
541 1854 609 1908 ab
636 1852 822 1907 haedis.
857 1851 1056 1904 Lucam
1105 1850 1159 1903 in
1195 1849 1388 1911 vitulo,
1418 1848 1541 1918 quia
1572 1848 1745 1905 hostia

172 1958 358 2012 magna
390 1942 493 1997 fuit
540 1942 591 1997 in
624 1942 738 2013 lege
767 1956 781 1995 :
808 1940 923 2007 ejus
951 1941 1095 1995 enim
1139 1954 1245 1994 non
1279 1939 1452 1994 solum
1482 1938 1744 2009 principia

172 2034 305 2087 circa
334 2033 591 2103 templqu
624 2041 678 2087 et
722 2032 989 2085 sacriﬁcia
1031 2032 1391 2095 diversantur,
1447 2028 1540 2085 sed
1578 2038 1631 2083 et
1674 2031 1744 2084 ita

172 2124 500 2181 concluditur
529 2142 541 2178 :
579 2123 647 2176 Et
686 2133 833 2176 erant
861 2139 1062 2192 semper
1090 2124 1145 2176 in
1180 2121 1369 2191 templo
1393 2120 1667 2175 laudantes
1698 2130 1744 2174 et

175 2214 517 2271 benedicentes
572 2214 763 2271 Deum.
811 2212 1001 2268 Facies
1050 2229 1182 2268 vero
1220 2213 1455 2271 hominis
1505 2211 1743 2267 Marcum

174 2304 450 2376 signiﬁcat,
499 2304 589 2375 qui
618 2304 754 2359 nihil
779 2304 844 2359 de
874 2304 1037 2375 regali
1082 2318 1136 2358 et
1164 2304 1481 2360 sacerdotali
1534 2303 1746 2361 Domini

174 2399 399 2471 potentia
430 2396 662 2460 locutus,
698 2404 905 2450 tantum
950 2397 1183 2452 hominis
1214 2396 1415 2451 Christi
1443 2406 1591 2465 gesta
1620 2396 1747 2449 sim—

174 2486 373 2557 pliciter
396 2495 607 2543 narrat.
639 2486 829 2556 Aquila
875 2494 1055 2542 autem
1085 2485 1324 2541 Joannes
1370 2494 1474 2549 est,
1514 2486 1607 2556 qui
1656 2502 1765 2540 na--

176 2579 427 2632 tivitatem
452 2579 617 2634 Verbi
651 2579 794 2633 velut
818 2588 995 2633 ortum
1028 2579 1157 2632 solis
1186 2579 1570 2648 perspicaciter
1592 2594 1749 2651 aspe-

175 2676 277 2722 ctat
317 2688 329 2722 :
372 2669 626 2723 animalia
657 2670 769 2724 Itale
808 2686 947 2723 nunc
976 2670 1369 2740 Evangelistas,
1404 2685 1546 2724 nunc
1580 2679 1746 2724 totam

175 2760 465 2830 signiﬁcant
508 2761 829 2827 Ecclesiam,
851 2762 1004 2829 cujus
1036 2762 1292 2819 fortitudo
1316 2762 1369 2816 in
1397 2762 1573 2825 leone,
1594 2762 1747 2816 victi~

177 2851 329 2904 matio
358 2850 410 2905 in
444 2850 637 2917 vitulo,
678 2852 955 2908 humilitas
1004 2852 1055 2906 in
1096 2852 1335 2916 homine,
1370 2852 1671 2907 sublimitas
1694 2852 1746 2905 in

176 2942 340 3011 aquila
360 2944 581 2999 volante
610 2953 961 3000 monstratur.

238 3029 451 3101 Singula
472 3049 654 3086 eorum
678 3033 933 3086 habebant
959 3032 1073 3088 alas
1095 3050 1267 3097 senas,
1286 3032 1617 3103 perfectione
1638 3049 1748 3091 sua:

177 3124 419 3179 doctrina:
482 3126 782 3181 Ecclesiam
836 3125 901 3179 ad
949 3125 1055 3181 alta
1106 3125 1387 3180 sublevant
1438 3144 1450 3180 :
1501 3128 1747 3181 senarius

178 3218 309 3270 enim
334 3234 596 3273 numerus
620 3219 746 3273 ideo
791 3218 1065 3289 perfectus
1101 3218 1319 3283 dicitur,
1345 3220 1469 3288 quia
1496 3220 1747 3289 primitus

177 3307 279 3360 suis
306 3309 548 3375 partibus
577 3308 849 3376 impletur.
878 3308 1054 3363 Unum
1086 3309 1283 3379 quippe
1314 3309 1457 3377 quod
1486 3319 1571 3363 est
1596 3318 1748 3364 sexta

176 3399 361 3451 senarii
393 3414 542 3468 pars,
566 3408 620 3453 et
638 3399 763 3460 duo,
789 3398 930 3468 quod
950 3406 1035 3453 est
1067 3400 1245 3462 tertia,
1273 3410 1325 3455 et
1350 3399 1475 3465 tria,
1502 3399 1646 3473 quod
1666 3407 1749 3454 est

177 3492 444 3547 dimidium
464 3495 714 3548 eumdem
742 3494 1012 3550 senarium
1036 3492 1443 3553 laeiunLAliter
1470 3496 1588 3551 alia:
1608 3510 1751 3549 senae

177 3594 397 3652 quatuor
418 3584 754 3647 animalium,
786 3600 907 3661 qua:
940 3594 1067 3641 sunt
1095 3586 1279 3659 viginti
1305 3594 1359 3640 et
1383 3597 1636 3655 quatuor,
1671 3593 1752 3639 to-

178 3676 330 3731 tidem
382 3678 583 3732 veteris
613 3676 957 3731 instrumenti
989 3677 1157 3733 libros
1210 3678 1507 3741 insinuant,
1558 3678 1753 3747 quibus

179 3769 633 3839 Evangelistarum
658 3780 711 3823 et
730 3767 950 3823 fulcitur
976 3768 1269 3824 auctoritas
1304 3775 1359 3823 et
1380 3768 1581 3823 veritas
1606 3783 1753 3827 00m-

178 3860 445 3931 probatur.

241 3950 306 4003 Et
346 3952 401 4004 in
429 3951 655 4005 circuitu
703 3959 753 4004 et
798 3952 940 4006 intus
988 3950 1145 4020 plena
1172 3960 1291 4006 sunt
1319 3952 1503 4005 oculis.
1552 3950 1752 4006 Sancta

179 4040 405 4098 Ecclesia
435 4051 495 4097 et
526 4058 714 4098 coram
747 4044 858 4097 Deo
888 4052 943 4099 et
968 4058 1148 4098 coram
1176 4044 1487 4099 hominibus
1524 4058 1585 4097 se
1615 4044 1751 4114 vigi-

180 4134 343 4189 lanter
390 4134 624 4188 attendit
657 4155 669 4187 :
701 4134 858 4203 cujus
898 4135 1185 4189 interiores
1235 4134 1420 4189 oculos
1471 4142 1755 4203 aspexerat

182 4222 474 4290 Psalmista,
498 4241 624 4281 cum
643 4225 799 4290 dicit,
818 4224 1183 4295 Omnisgloria
1199 4225 1312 4294 ejus
1331 4225 1459 4295 ﬁlia:
1486 4228 1626 4295 regia
1690 4225 1752 4277 ab

180 4314 330 4379 intus,
357 4316 663 4370 exteriores
695 4331 843 4380 vero,
870 4330 993 4369 cum
1035 4316 1291 4369 continuo
1313 4300 1515 4379 subdit:
1548 4315 1603 4370 in
1628 4315 1751 4381 tim-

183 4406 295 4459 briis
320 4409 494 4461 aureis
524 4408 918 4461 circumamicta
956 4407 1225 4461 varietate.
1255 4407 1442 4472 Aliter,
1466 4409 1579 4462 sive
1604 4407 1754 4465 litte-

1847 558 1942 610 tim
1984 558 2184 612 cadens
2218 558 2275 611 in
2328 556 2517 611 faciem
2565 558 2755 612 adorat
2796 556 3067 610 viventem
3128 554 3181 609 iu
3241 554 3439 611 saecula

1845 647 2184 702 s‘ceculorum.

1918 736 1985 789 Et
2012 737 2278 790 mittebant
2314 752 2535 790 coronas
2580 753 2702 790 suas
2736 745 2854 789 ante
2895 738 3161 791 thronum.
3212 737 3325 791 Deo
3351 733 3435 792 vi-

1846 824 2041 879 delicet
2074 826 2413 895 assignantes
2459 824 2720 894 quidquid
2764 825 3005 891 virtutis,
3043 826 3307 896 quidquid
3331 826 3435 880 ha-

1846 914 2045 968 bebant
2080 915 2377 985 dignitatis,
2407 916 2604 984 quippe
2631 915 2723 984 qui
2750 931 2815 968 ex
2847 916 3013 972 nihilo
3043 924 3236 970 cuncta
3276 930 3434 972 cree-

1847 1014 1999 1059 verat
2024 1014 2077 1059 et
2104 1006 2407 1060 dominator
2439 1017 2520 1059 est
2556 1006 2795 1065 omnium
2843 1021 3048 1071 rerum,
3090 1006 3182 1076 qui
3210 1006 3345 1061 vivit
3386 1016 3446 1062 ct

1849 1107 2040 1167 regnat
2063 1097 2115 1151 in
2147 1099 2373 1162 unitate,
2405 1098 2671 1153 Trinitate
2687 1098 2925 1168 perfecta
2969 1098 3108 1154 Deus
3138 1113 3233 1169 per
3261 1098 3442 1153 omnia

1846 1188 2045 1243 saecula
2081 1189 2399 1244 sazculorum
2412 1228 2424 1242 .

2383 1270 2663 1333 HOMILIA
2700 1278 2910 1334 LXXII.

2402 1385 2452 1424 ΙΝ
2481 1384 2655 1425 EODEM
2686 1383 2870 1424 FESTO.

1979 1460 2163 1515 Lectio
2192 1461 2364 1516 sancti
2392 1460 2664 1531 Evangelii
2693 1461 2991 1517 secundum
3020 1458 3303 1517 Joannem.

1921 1572 1983 1625 In
2012 1572 2102 1624 illo
2125 1582 2352 1641 tempore
2378 1581 2486 1625 erat
2518 1573 2671 1626 homo
2692 1588 2758 1626 ex
2791 1571 3101 1637 Pliaristeis,
3123 1572 3442 1628 Nicodamus

1847 1664 2069 1725 nomine,
2105 1665 2343 1734 princeps
2368 1662 2698 1722 Iudatorum.
2749 1663 2853 1719 Hic
2882 1666 3015 1719 venit
3040 1664 3110 1721 ad
3136 1664 3319 1721 Iesum
3350 1682 3445 1720 no-

1855 1772 1951 1822 ete,
1979 1767 2084 1812 etc.

1925 1845 2179 1917 Princeps
2207 1846 2242 1899 I
2248 1848 2518 1903 admorunt
2544 1850 2676 1904 venit
2704 1849 2774 1902 ad
2801 1847 2985 1903 Iesum
3011 1858 3178 1903 nocte.
3208 1848 3445 1919 Cupiens

1849 1950 2057 1996 secrete
2111 1938 2229 2009 eius
2279 1940 2606 1995 allocutione
2669 1941 2880 2010 plenius
2928 1941 3138 1996 discere
3185 1939 3445 2011 mysteria

1851 2034 1969 2091 ﬁdei
1999 2074 2013 2095 ,
2048 2033 2201 2099 cujus
2228 2041 2413 2103 aperta
2450 2035 2763 2087 ostensione
2804 2034 3081 2100 signorum
3106 2031 3446 2101 aliquatenus

1841 2123 1953 2191 jam
2005 2124 2308 2180 rudimenta
2358 2130 2697 2193 perceperat,
2736 2124 2826 2193 qui
2858 2124 3113 2191 quoniam
3151 2124 3449 2193 prudenter

1847 2229 1946 2277 ea,
2000 2230 2119 2283 qua:
2175 2216 2243 2270 ab
2284 2215 2375 2270 illo
2410 2214 2526 2272 ﬁeri
2560 2214 2807 2280 videbat,
2858 2215 3157 2285 intelligere
3207 2214 3443 2279 ctu-avit,

1849 2305 2118 2361 subtiliter
2144 2321 2205 2360 ea
2259 2322 2380 2374 quae
2426 2307 2494 2359 ab
2520 2305 2612 2361 illo
2637 2307 2945 2375 quaerebat,
2975 2305 3298 2377 investigare
3318 2318 3443 2375 pro-

1850 2397 2069 2455 meruit.

1919 2486 2102 2549 Rttbbi,
2137 2488 2330 2544 scimus
2357 2487 2481 2560 quia
2530 2504 2561 2540 a
2599 2486 2709 2541 Deo
2756 2487 2940 2541 venisti
2970 2486 3249 2556 magister:
3297 2502 3447 2541 nemo

1848 2580 1984 2639 enim
2016 2589 2177 2648 potest
2205 2581 2314 2632 hare
2342 2579 2492 2649 signa
2529 2577 2702 2647 facere
2748 2594 2867 2647 qum
2891 2588 2947 2631 tu
2970 2578 3126 2648 facis,
3159 2578 3258 2631 nisi
3288 2578 3450 2647 fuerit

1849 2670 1989 2724 Deus
2022 2686 2139 2729 cum
2182 2687 2261 2723 eo.
2302 2670 2345 2722 A
2379 2671 2491 2724 Deo
2519 2671 2683 2741 igitur
2727 2670 2791 2724 ad
2834 2670 3200 2739 magisterium
3228 2668 3449 2724 caeleste

1851 2764 2047 2817 mundo
2069 2762 2429 2837 exhibendum
2460 2778 2581 2818 eum
2615 2764 2823 2819 venisse
2848 2762 3129 2819 confessus
3148 2771 3250 2828 est,
3276 2762 3448 2819 Deum

1850 2868 1971 2908 cum
2002 2852 2093 2906 illo
2122 2851 2289 2907 fuisse
2327 2853 2602 2908 miraculis
2622 2854 2976 2923 prodentibus
3009 2853 3293 2916 intellexit,
3324 2868 3450 2907 ncc-

1849 2938 1975 2999 dum
2016 2950 2195 2999 tamen
2247 2942 2419 3010 ipsum
2454 2942 2619 2996 Deum
2656 2957 2777 2997 esse
2828 2944 3098 3014 cognovit.
3156 2942 3265 2998 Sed
3320 2945 3448 3013 quia

1848 3046 2008 3100 quem
2037 3032 2358 3103 magistrum
2407 3044 2630 3087 noverat
2657 3036 2903 3089 veritatis
2928 3075 2947 3101 ,
2981 3036 3221 3090 studiose
3253 3036 3449 3091 docen-

1852 3122 1950 3175 dus
1975 3122 2127 3185 adiit,
2158 3122 2357 3181 merito
2404 3132 2458 3176 et
2503 3124 2829 3192 agnitionem
2859 3124 3163 3179 divinitatis
3186 3125 3305 3195 ejus
3330 3140 3451 3195 per—

1852 3211 1991 3267 lecte
2011 3213 2203 3268 doctus
2232 3214 2417 3278 subiit,
2454 3215 2645 3268 merito
2672 3216 2953 3285 utriusque
2984 3217 3286 3272 nativitatis
3310 3216 3451 3286 ejus,

1851 3303 2047 3359 divina:
2091 3304 2300 3358 scilicet
2338 3313 2392 3358 et
2442 3305 2712 3369 humanm,
2762 3306 2855 3365 sed
2883 3315 2937 3359 et
2974 3306 3241 3375 passionis
3284 3316 3446 3377 atque

1851 3394 2186 3448 ascensionis
2234 3394 2376 3451 illius
2419 3410 2620 3455 arcana
2669 3398 2953 3465 percepit,
3009 3412 3109 3452 nec
3138 3412 3243 3453 non
3284 3400 3454 3454 etiam

1853 3484 2068 3542 modum
2110 3486 2359 3540 secundae
2389 3487 2778 3556 generationis,
2832 3487 3136 3557 ingressum
3163 3490 3313 3561 regni
3344 3504 3452 3545 cm-

1853 3576 2025 3641 lcstis,
2058 3586 2112 3631 et
2150 3578 2253 3633 alia
2290 3577 2543 3649 perplura
2591 3578 2849 3634 doctrina:
2896 3579 3233 3651 Evangeliete
3269 3596 3447 3637 sacra-

1852 3679 2034 3729 menta
2066 3670 2175 3726 Deo
2200 3672 2474 3731 re'velante
2495 3671 2701 3727 didicit.

1924 3759 2260 3830 Respondeas
2297 3760 2459 3820 Iesus
2500 3763 2681 3816 dixit
2711 3762 2909 3823 Amen,
2965 3779 3119 3818 amen
3170 3765 3288 3819 dico
3334 3768 3449 3835 tibi,

1854 3853 1955 3906 nisi
1972 3852 2085 3923 quis
2114 3862 2324 3906 renatus
2346 3853 2504 3921 fuerit
2516 3853 2704 3913 denuo,
2724 3868 2825 3907 non
2846 3865 3009 3924 potest
3041 3856 3211 3910 videre
3238 3874 3459 3928 regnum

1854 3940 1971 3995 Dei.
2004 3940 2134 4007 Qua:
2159 3944 2424 3996 sententia
2473 3952 2624 3999 tanto
2655 3946 2895 4013 apertius
2946 3948 3157 4000 cunctis
3206 3948 3461 4010 ﬁdelibus

1854 4031 2015 4097 lucet,
2064 4041 2268 4102 quanto
2315 4043 2551 4099 constat,
2601 4036 2727 4103 quia
2756 4036 2874 4091 sine
2904 4036 3063 4105 hujus
3095 4037 3213 4092 luce
3266 4038 3467 4098 ﬁdeles.

1854 4138 1972 4178 esse
2001 4130 2289 4193 nequeunt.
2337 4122 2469 4193 Quis
2514 4124 2709 4181 etenim
2740 4124 2857 4179 sine
2904 4125 3119 4181 lavacro
3159 4143 3450 4199 regenera-

1856 4215 2018 4268 tionis
2052 4215 2423 4275 remissionem
2466 4224 2809 4294 peccatorum
2852 4219 3109 4288 consequi
3136 4229 3191 4272 et
3228 4234 3451 4290 regnum

1855 4306 1999 4361 valet
2023 4307 2227 4369 intrare
2259 4306 2566 4365 ctelorum‘l
2622 4307 2728 4364 Sed
2775 4308 3121 4376 Nicodemus,
3174 4313 3266 4380 qui
3294 4322 3453 4368 nocte

1856 4398 2004 4452 venit
2050 4397 2115 4451 ad
2149 4398 2463 4465 Dominum,l
2517 4400 2744 4461 necdum
2780 4400 2919 4456 lucis
2946 4404 3205 4473 mysteria
3254 4420 3463 4475 capere

184 4510 286 4550 ram
308 4498 579 4563 attendas,
611 4498 725 4552 sive
748 4498 1061 4571 allegoriam
1087 4502 1319 4568 qureras,
1342 4499 1519 4555 lucem
1542 4514 1756 4568 semper
1784 4514 1834 4573 Ι)
1861 4496 2103 4541 noverat.
2139 4488 2273 4541 Nam
2308 4496 2361 4542 et
2392 4504 2499 4543 nox
2528 4490 2580 4551 in
2630 4506 2737 4568 qua
2787 4491 2933 4549 venit
2962 4492 3132 4561 ipsam
3174 4493 3312 4563 ejus,
3345 4510 3449 4563 qua

184 4586 231 4640 in
258 4587 549 4660 Evangelia
579 4590 803 4659 reperis.
838 4589 953 4643 Alia
977 4589 1262 4649 translatio
1282 4590 1361 4644 sic
1388 4590 1572 4655 habet,
1600 4590 1756 4659 plena

184 4679 336 4733 oculis
367 4692 490 4735 ante
519 4690 675 4744 retro,
707 4681 833 4755 quia
882 4681 972 4735 luit
1034 4681 1314 4752 Evangelii
1364 4690 1420 4736 et
1470 4681 1757 4752 aenigmata

186 4768 310 4842 legis
332 4773 583 4838 irradiat,
613 4781 667 4827 et
689 4788 842 4827 novae
862 4774 1053 4845 gratiae
1076 4774 1278 4829 mundo
1300 4773 1479 4852 fulgur
1500 4772 1755 4831 infundit.

250 4860 311 4914 Et
340 4864 570 4933 requiem
600 4879 704 4918 non
731 4863 917 4916 habent
940 4863 1025 4919 die
1050 4881 1111 4917 ac
1134 4875 1297 4926 nocte,
1332 4864 1599 4921 dicentia:
1628 4864 1761 4922 Sau-

187 4958 318 5013 ctus,
344 4964 557 5006 sanctus
581 4992 595 5015 ,
642 4960 852 5012 sanctus
897 4950 1190 5015 Dominus,
1228 4951 1368 5006 Deus
1415 4952 1756 5021 omnipotens.

190 5039 373 5097 Sancta
403 5044 655 5098 animalia
682 5053 874 5098 cuncto
904 5053 1145 5113 tempore
1171 5045 1349 5103 seculi
1391 5060 1551 5101 unam
1582 5047 1755 5100 domi-

188 5133 445 5187 ustionem
498 5135 757 5199 deitatis,
811 5135 1255 5213 omnipotentiam
1306 5149 1361 5190 et
1397 5137 1757 5193 azteruitatem

192 5220 388 5281 Sancta:
415 5226 698 5285 Trinitatis
746 5226 1039 5291 aﬁirmant,
1086 5238 1335 5283 manente
1384 5229 1761 5290 intellectualis

193 5324 438 5369 creatura:
458 5327 719 5387 perpetua
750 5318 804 5371 in
837 5317 1147 5373 caelestibus
1179 5319 1353 5378 laude.

254 5402 597 5461 Procidebant
629 5408 809 5477 viginti
840 5418 1065 5478 quatuor
1100 5410 1326 5469 seniores
1356 5425 1475 5465 ante
1501 5412 1757 5465 sedentem

194 5493 243 5545 ia
265 5494 467 5559 throno,
493 5506 540 5550 et
558 5496 851 5549 adorabunt
878 5498 1116 5552 viventem
1140 5499 1193 5551 in
1210 5500 1402 5551 circulo
1423 5499 1754 5554 sa’culorum.

199 5587 512 5641 Animalibus
538 5585 954 5658 personantibns
988 5589 1215 5649 laudem,
1248 5590 1298 5642 id
1326 5599 1428 5653 est,
1474 5591 1757 5657 Evangeli-

200 5675 287 5729 stis
326 5680 740 5745 praedicantibus
792 5678 989 5733 Christi
1046 5679 1531 5749 dispensationem,
1585 5682 1761 5735 omnis

203 5763 418 5830 Ecclesia
449 5787 565 5847 quae
596 5772 648 5825 in
694 5771 994 5850 prmposilis
1041 5779 1247 5831 constat
1300 5782 1347 5823 et
1385 5771 1616 5842 populis,
1660 5771 1758 5825 hoc

1863 4580 2243 4647 premebatur,
2298 4580 2658 4649 ignorantiam
2706 4581 2981 4652 designat,
3041 4587 3268 4639 necdum
3304 4586 3453 4651 enim

1862 4684 2049 4724 eorum
2080 4686 2306 4725 numero
2334 4671 2570 4729 sociatus
2619 4682 2759 4737 erat,
2806 4675 3005 4745 quibus
3034 4676 3108 4729 ait
3136 4676 3450 4747 Apostolus,

1860 4757 2064 4819 Fuistis
2083 4760 2369 4832 aliquando
2398 4763 2640 4827 tenebrae,
2655 4781 2790 4825 nunc
2819 4776 2993 4819 autem
3018 4766 3113 4823 tua:
3132 4750 3185 4823 in
3205 4768 3447 4825 Domino.

1864 4852 1967 4907 Sed
1997 4853 2139 4907 inter
2168 4868 2260 4908 eos
2285 4854 2466 4922 potius
2494 4857 2831 4920 remanebat,
2857 4858 3054 4931 quibus
3076 4858 3205 4915 dicit
3244 4859 3446 4917 Isaias:

1864 4943 2050 5015 Surge,
2069 4944 2387 5009 illuminare,
2411 4944 2764 5011 Hierusalem,
2786 4949 2907 5017 quia
2938 4948 3069 5005 venit
3098 4949 3272 5005 lumen
3299 4961 3449 5007 tuum

1861 5044 1908 5088 et
1934 5035 2101 5105 gloria
2131 5035 2339 5092 Domini
2369 5053 2523 5106 super
2548 5050 2595 5091 te
2622 5048 2737 5091 orta
2764 5049 2859 5093 est.

1932 5125 2072 5180 Dicit
2100 5127 2169 5184 ad
2194 5144 2312 5182 eum
2355 5127 2675 5185 Nicodamus
2708 5148 2725 5184 :
2780 5130 3053 5195 Quomodo
3089 5133 3243 5188 homo
3283 5146 3449 5204 potest

1860 5221 2027 5284 nasci,
2050 5236 2167 5273 cum
2189 5221 2254 5273 sit
2283 5235 2471 5279 senex:
2499 5224 2731 5292 nunquid
2750 5235 2913 5293 potest
2938 5225 2989 5279 in
3016 5235 3238 5279 ventrem
3259 5229 3453 5287 matris

1862 5330 1973 5372 sua
2005 5315 2191 5367 iterato
2224 5315 2441 5371 introire
2488 5324 2535 5368 ct
2584 5316 2827 5371 renasci?
2849 5315 2987 5385 Quia
3024 5317 3169 5377 enim
3201 5320 3455 5378 secundat

1862 5404 2162 5462 nativitatis
2214 5405 2391 5459 adhuc
2443 5406 2656 5461 nescius
2700 5409 3121 5474 perseverabat,
3160 5409 3227 5467 de
3274 5410 3452 5467 salute

1863 5507 2040 5552 autem
2070 5512 2163 5551 sua
2187 5494 2297 5564 jam
2315 5496 2573 5550 sollicitus
2586 5498 2885 5562 exstiterat,
2917 5498 3223 5553 necessario
3250 5499 3315 5553 de
3344 5514 3452 5561 una

1863 5604 2021 5657 quam
2052 5596 2274 5640 noverat
2306 5587 2604 5651 nativitate,
2657 5605 2723 5641 an
2744 5598 2926 5657 posset
2962 5590 3171 5656 iterari,
3221 5590 3303 5645 vel
3344 5605 3459 5659 quq

1864 5682 2053 5735 ordine
2090 5682 2425 5749 rcgenemtio
2451 5691 2634 5751 posset
2664 5682 2895 5751 impleri,
2926 5685 3236 5753 quaerebat:
3264 5698 3332 5739 ne
3358 5685 3455 5741 hu-.

1859 5772 1945 5840 jus
1985 5788 2180 5843 expers
2230 5773 2556 5828 remanendo
2598 5772 2715 5826 VlL'C
2766 5773 2999 5828 cmlcstis
3036 5776 3305 5845 particeps
3332 5789 3463 5845 esse
