3946 6364
419 418 531 476 283

1104 416 1166 471 Β.
1206 414 1461 470 RAllANl
1500 416 1717 472 MAURI
1758 415 2076 472 ARClllEP.
2118 416 2425 476 MOCUNT.
2468 420 2749 477 OPERUM
2790 422 2970 479 PARS
3004 424 3065 478 ll.

3607 426 3719 487 38‘

424 534 693 605 nequiret.
736 528 1040 587 Notandum
1089 538 1301 593 autem,
1355 529 1483 598 quia
1530 528 1673 598 quod
1708 528 1775 583 de
1813 527 2017 583 carnali
2049 534 2095 592 Α
2124 530 2431 598 quempiam
2458 528 2692 601 Spiritus
2730 532 2798 585 ad
2828 533 3015 586 horam
3071 532 3375 603 impleverit
3401 549 3507 588 non
3558 546 3718 606 potes

422 625 578 691 dixit,
617 624 721 681 hoc
750 623 916 678 etiam
946 622 1014 678 de
1044 610 1273 693 spiritali
1322 629 1409 677 est
1437 620 1848 692 regeneratione
1888 634 2015 674 sen-

424 716 687 773 tiendum.
748 713 1104 784 Nequaquam
1140 712 1393 767 videlicet
1439 724 1560 767 eam
1607 719 1893 781 postquam
1926 724 2015 764 se-

420 806 527 862 mel
579 804 795 875 expleta
840 803 1025 869 fuerit,
1074 819 1234 875 posse
1290 803 1483 873 repeti.
1540 801 1668 857 Sive
1712 801 1857 865 enim
1906 801 2018 856 bte-

420 896 629 952 reticus
694 896 809 952 sive
862 896 1241 951 schismaticus
1290 894 1629 950 facinorosus
1680 893 1909 963 quisque
1960 893 2015 947 in

418 988 758 1043 confessione
800 994 1003 1043 sanctae
1041 987 1324 1041 Trinitatis
1377 986 1655 1055 baptizct,
1716 999 1825 1039 non
1872 983 2019 1039 valet

418 1078 624 1149 ille'qui
686 1078 995 1148 baptizatus
1046 1086 1149 1141 est,
1180 1093 1209 1131 a
1236 1064 1394 1139 bonis
1435 1076 1719 1132 catholicis
1770 1076 2013 1145 rebapti-

417 1169 555 1236 zari,
584 1184 653 1224 ne
675 1168 948 1225 confessio
976 1176 1031 1223 et
1060 1167 1333 1222 invocatio
1360 1166 1497 1221 tanti
1545 1165 1782 1220 nominis
1828 1166 2013 1220 videa-

416 1269 508 1316 tur
562 1259 851 1315 annullari.
899 1259 969 1313 Et
1001 1259 1126 1329 quia
1179 1257 1509 1313 Nicodemus
1535 1258 1603 1312 ad
1636 1257 1871 1328 primam
1901 1255 2009 1311 Do-

416 1349 549 1404 mini
582 1349 989 1419 responsionem
1016 1347 1284 1404 sollicitus
1308 1348 1581 1417 quomodo
1610 1348 1681 1403 sit
1710 1346 2011 1417 intelligen-

415 1439 483 1493 da
506 1438 796 1511 diligenter
829 1437 1080 1509 inquirit,
1117 1445 1358 1493 meretur
1378 1437 1491 1507 jam
1537 1437 1751 1509 planius
1794 1438 2010 1503 instrui,

415 1540 469 1584 et
494 1529 623 1601 quia
659 1531 897 1586 secunda
938 1530 1193 1587 nativitas
1238 1545 1348 1585 non
1376 1530 1610 1585 carnalis
1641 1539 1747 1594 est,
1774 1530 1870 1585 sed
1901 1531 2011 1601 Spi-

414 1620 592 1676 ritalis
625 1621 836 1676 audire.

486 1706 777 1779 Respondit
805 1706 964 1763 Iesus
989 1721 1007 1760 :
1035 1706 1224 1777 Amen,
1265 1725 1421 1764 amen
1466 1710 1585 1764 dico
1613 1710 1731 1777 tibi,
1764 1710 1866 1764 nisi
1894 1709 2015 1781 quis

414 1809 629 1855 renatus
656 1799 817 1870 fuerit
861 1816 927 1855 ea:
971 1817 1112 1872 aqua
1160 1810 1211 1855 et
1240 1798 1445 1872 Spiritu
1476 1811 1681 1869 sancto,
1712 1818 1817 1857 non
1844 1811 2012 1873 potest

2122 619 2324 682 videre,
2353 621 2623 687 quomodo
2652 622 2935 691 intraverit
2956 630 3012 676 et
3036 623 3307 691 quomodo
3357 624 3581 680 redierit
3614 628 3712 697 qui

2120 716 2311 762 natura
2350 717 2437 763 est
2464 708 2766 764 invisibilis.
2827 709 2917 765 Sic
2944 719 3019 763 est
3055 712 3221 765 omnis
3246 712 3337 784 qui
3366 724 3522 770 natus
3552 725 3628 770 est
3650 732 3715 769 ea

2116 796 2322 868 spiritu,
2357 807 2407 853 et
2441 799 2555 868 ipse
2604 800 2748 854 enim
2782 799 3127 855 invisibiliter
3180 812 3374 873 agente
3412 806 3605 875 spiritu
3634 807 3718 861 in-

2116 888 2250 957 cipit
2300 903 2421 943 esse
2472 891 2614 957 quod
2661 905 2767 945 non
2821 899 2963 956 erat,
3018 891 3091 945 ita
3143 901 3204 946 ut
3242 893 3429 949 fideles
3463 896 3716 951 nesciant

2118 979 2261 1032 unde
2281 980 2463 1033 veniat
2492 990 2680 1049 etquo
2712 982 2893 1046 vadat,
2932 981 2984 1035 id
3012 989 3113 1044 est,
3146 982 3235 1051 qui
3280 986 3456 1054 gratia
3491 1000 3717 1056 regene-

2118 1070 2343 1125 rationis
2373 1072 2523 1125 venit
2570 1071 2623 1125 in
2664 1070 3009 1141 adoptionem
3062 1072 3292 1127 tiliorum
3342 1075 3458 1140 Dei,
3488 1084 3544 1131 et
3568 1078 3717 1131 vadit

2114 1160 2170 1214 in
2222 1162 2623 1231 perceptionem
2674 1161 2824 1231 regni
2878 1161 3137 1217 cmlestis.
3197 1161 3487 1230 Qumrente
3536 1165 3715 1220 adhuc

2116 1252 2412 1307 Nicodeino
2434 1250 2704 1321 quomodo
2734 1252 2848 1306 hazc
2872 1259 3093 1321 possent
3118 1251 3257 1318 ﬁeri,

2184 1343 2464 1414 Respondit
2490 1342 2647 1399 Iesus
2677 1353 2723 1396 et
2752 1343 2886 1397 dixit
2916 1346 2963 1398 ei
2995 1360 3011 1397 :
3048 1343 3126 1397 Tu
3176 1360 3228 1398 es
3266 1345 3515 1414 magister
3550 1344 3606 1397 in
3637 1343 3716 1398 Is-

2113 1437 2243 1500 rael,
2277 1445 2323 1490 et
2354 1436 2465 1489 haec
2496 1434 2708 1505 ignoras
2735 1436 2760 1488 ?
2790 1433 2907 1490 Non
2952 1434 3105 1504 quasi
3141 1434 3399 1490 insultare
3429 1435 3618 1489 volens
3640 1436 3715 1497 ei,

2111 1528 2205 1598 qui
2230 1527 2492 1598 magister
2516 1534 2765 1591 vocetur,
2815 1542 2937 1580 eum
2971 1525 3041 1581 sit
3096 1526 3313 1596 ignarus
3340 1520 3731 1580 sacramento:

2112 1639 2233 1678 rum
2272 1621 2597 1686 ccelestium,
2625 1621 2719 1675 sed
2766 1620 2832 1674 ad
2864 1620 3187 1677 humilitatis
3236 1618 3385 1673 illum
3413 1620 3555 1673 viam
3586 1635 3715 1689 pro-

2113 1729 2337 1774 vocans,
2378 1713 2497 1768 sine
2547 1726 2650 1782 qua
2674 1709 2842 1779 janua
2882 1710 3125 1766 cmlcstis
3163 1725 3269 1764 non
3316 1717 3495 1780 potest
3562 1711 3718 1765 inve-

2119 1822 2253 1861 ﬂll'l.

412 1894 636 1949 introire
687 1894 743 1949 in
789 1910 1005 1965 regnum
1051 1893 1171 1949 Dei.
1224 1892 1394 1963 Cujus
1445 1894 1748 1950 nativitatis
1795 1895 2016 1949 modum
2046 1885 2094 1944 Β
2191 1897 2377 1963 Amen,
2406 1914 2560 1951 amen
2596 1895 2713 1949 dico
2745 1896 2837 1949 tibi
2865 1896 2988 1967 quia
3016 1895 3155 1966 quod
3203 1896 3396 1950 scimus
3424 1894 3715 1975 loquimur,

414 1986 814 2055 subsequenter
838 1999 1142 2055 exponens,
1165 1998 1501 2055 prorsusque
1530 1999 1561 2039 a
1587 1985 1794 2041 carnali
1817 1985 2017 2040 distin-

414 2090 605 2147 guens,
633 2074 710 2131 ait
737 2092 757 2129 τ

488 2165 644 2232 Quod
673 2176 857 2223 natum
885 2174 963 2221 est
984 2166 1048 2222 de
1071 2182 1249 2233 carne,
1279 2182 1405 2222 caro
1434 2176 1544 2233 est;
1571 2176 1626 2223 et
1663 2168 1805 2240 quod
1832 2178 2014 2223 natum

412 2266 490 2313 est
516 2274 580 2313 ea:
626 2258 840 2330 spiritu,
872 2258 1089 2329 spiritus
1134 2269 1232 2315 est.
1264 2258 1470 2315 Natura
1527 2261 1789 2332 spiritalis
1822 2262 2014 2317 invisi-

412 2350 561 2416 bilis,
620 2350 860 2412 carnalis
903 2358 989 2408 est
1018 2350 1290 2419 visibilis;
1320 2360 1481 2424 atque
1512 2354 1633 2409 ideo
1658 2355 1893 2410 carnalis
1918 2370 2013 2427 ge-

413 2443 627 2499 neratio
670 2443 961 2501 visibiliter
1008 2445 1451 2512 administratur,
1503 2446 1807 2502 visibilibus
1838 2447 2018 2503 inere-

413 2535 635 2599 mentis,
667 2535 761 2606 qui
801 2535 856 2590 in
889 2550 1058 2591 carne
1086 2536 1333 2592 nascitur
1358 2551 1457 2608 per
1485 2545 1706 2593 natatum
1736 2547 2013 2595 momenta

410 2627 628 2701 prolicit
654 2648 667 2683 :
695 2630 959 2701 spiritalis
984 2639 1166 2687 autem
1209 2632 1491 2703 generatio
1520 2639 1630 2687 tota
1660 2632 2016 2689 invisibiliter

410 2722 612 2793 agitur.
644 2720 780 2777 Nam
818 2721 1037 2778 videtur
1061 2722 1281 2792 quidem
1317 2724 1412 2795 qui
1448 2723 1780 2795 baptizatur,
1811 2723 1866 2777 in
1896 2723 2014 2778 fon-

412 2823 521 2868 tem
571 2812 924 2881 descendere,
972 2813 1191 2869 videtur
1230 2814 1387 2885 aquis
1441 2814 1657 2886 intingi,
1706 2815 1922 2869 videtur
1948 2815 2014 2869 de

413 2905 569 2975 aquis
596 2906 935 2972 ascendere;
978 2906 1070 2975 qui
1100 2915 1279 2961 autem
1321 2906 1377 2961 in
1408 2895 1498 2963 illo
1544 2906 1819 2962 lavacrum
1858 2921 2009 2977 rege-

412 2995 712 3049 nerationis
738 2995 910 3067 egerit
949 2995 1174 3065 minime
1214 3004 1394 3066 potest
1430 2996 1603 3051 videri
1638 3016 1651 3050 :
1683 2997 1796 3052 sola
1825 3006 2012 3051 autent

413 3084 651 3139 lideliutn
681 3085 858 3154 pietas
886 3086 1055 3148 novit,
1099 3086 1228 3156 quia
1257 3096 1542 3157 peccatum
1592 3086 1646 3141 in
1679 3085 1882 3141 fontem
1920 3086 2012 3140 de-

411 3176 638 3239 scendit,
691 3175 781 3232 sed
822 3176 1143 3248 puriﬁcatus
1200 3179 1487 3245 ascendit;
1526 3178 1667 3234 illius
1699 3179 1890 3235 mortis
1918 3180 2011 3235 de-

2118 2001 2165 2046 et
2191 1991 2329 2062 quod
2364 1990 2589 2044 vidimus
2638 1997 2911 2053 testamur,
2971 1997 3017 2041 et
3069 1987 3418 2041 testimonium
3478 1998 3719 2040 nostrum

2119 2099 2225 2149 non
2255 2081 2515 2149 accipitis.
2550 2080 2609 2135 Si
2632 2090 2839 2132 terrena
2873 2077 2988 2130 dixi
3014 2076 3175 2140 vobis,
3224 2087 3272 2131 et
3323 2092 3429 2130 non
3477 2077 3718 2140 creditis,

2118 2174 2381 2245 quomodo
2410 2171 2457 2226 si
2502 2172 2686 2225 dixero
2730 2169 2874 2222 vobis
2908 2170 3159 2233 caelestia,
3183 2167 3449 2222 credetis?
3475 2165 3715 2221 Terrena

2117 2263 2225 2319 illis
2247 2263 2383 2318 dixit
2421 2270 2482 2316 ut
2537 2261 2591 2315 in
2634 2260 2912 2330 superiore
2950 2259 3183 2315 lectione
3232 2258 3556 2323 invenimus,
3589 2274 3717 2313 cum

2116 2354 2185 2409 de
2212 2354 2469 2425 passione
2500 2369 2562 2408 ac
2589 2352 2655 2408 de
2690 2354 3091 2407 resurrectione
3139 2352 3223 2405 sui
3272 2352 3518 2421 corporis
3568 2353 3717 2420 quod

2117 2449 2184 2504 de
2247 2458 2390 2502 terra
2434 2453 2808 2516 assumpserat
2867 2444 3181 2513 loqueretur
3234 2443 3465 2499 dicens:
3518 2440 3718 2497 Solvite

2116 2539 2365 2611 templum
2396 2541 2514 2603 hoc,
2547 2548 2594 2592 et
2625 2538 2679 2591 in
2708 2538 2870 2592 tribus
2913 2536 3097 2591 diebus
3136 2536 3371 2591 excitabo
3412 2534 3565 2589 illud.
3595 2534 3715 2589 Non

2117 2640 2301 2683 tamen
2332 2628 2630 2683 credebant
2665 2628 2831 2682 verbo
2872 2627 3015 2696 quod
3061 2626 3216 2690 dixit,
3246 2626 3341 2681 sed
3367 2640 3435 2680 ne
3463 2626 3566 2679 hoc
3587 2626 3718 2695 qui-

2120 2720 2241 2774 dem
2272 2718 2573 2787 intelligere
2625 2717 2880 2779 valebant
2908 2717 3053 2785 quod
3094 2731 3202 2770 non
3230 2716 3295 2770 de
3322 2715 3435 2771 alio
3456 2730 3619 2785 quam
3645 2716 3716 2770 dc

2116 2811 2316 2881 templo
2344 2812 2590 2881 corporis
2635 2810 2717 2865 sui
2771 2810 3013 2874 diceret;
3052 2808 3143 2878 qui
3197 2821 3328 2879 ergo
3375 2815 3588 2862 terrena
3616 2821 3715 2860 au-

2113 2903 2323 2957 dientes
2359 2918 2467 2957 non
2509 2902 2818 2973 capiebant,
2854 2909 3058 2969 quanto
3107 2901 3287 2956 minus
3334 2900 3401 2955 ad
3443 2898 3719 2963 caelestia,

2114 2993 2167 3047 id
2195 3001 2300 3059 est,
2332 2994 2529 3048 divina:
2554 2991 2929 3064 generationis
2962 2991 3223 3061 capienda
3274 2990 3529 3061 mysteria
3560 2987 3714 3042 suill-

2112 3086 2263 3140 ciunt
2288 3102 2302 3139 :
2330 3083 2482 3139 addit
2517 3092 2697 3138 autem
2734 3083 2910 3138 adhuc
2941 3081 3221 3146 Dominus,
3275 3088 3330 3136 et
3360 3079 3427 3134 de
3471 3077 3714 3134 caelesti-

2113 3176 2216 3231 bus
2254 3174 2611 3231 sacramentis
2636 3182 2692 3229 et
2716 3175 2782 3229 de
2823 3172 3052 3229 terrenis
3101 3172 3369 3226 instruere
3390 3184 3516 3224 eum
3544 3184 3707 3238 quem

411 3266 645 3331 scendit,
702 3265 797 3321 sed
822 3241 997 3322 -ﬂlius
1052 3241 1484 3323 resurrectionis
1524 3268 1785 3324 ascendit.
1839 3268 2011 3323 Filius
2038 3241 2082 3303 Ο
2117 3268 2263 3323 videt
2290 3268 2566 3338 sapienter
2592 3269 2656 3320 ac
2703 3266 2989 3337 diligenter
3023 3264 3108 3319 his
3162 3278 3284 3333 quae
3333 3262 3485 3317 audit
3526 3261 3711 3315 inlen-

410 3360 880 3429 prevaricationis
910 3360 1215 3423 descendit.
1244 3361 1337 3416 sed
1370 3359 1511 3418 illius
1551 3361 2013 3417 reconciliationis

410 3450 695 3512 ascendit;
725 3448 870 3505 illius
900 3449 995 3504 ira:
1049 3450 1350 3514 descendit,
1377 3454 1473 3505 sed
1525 3449 1669 3505 Illius
1698 3450 2014 3507 misericor-

411 3540 514 3595 ilize
540 3540 821 3605 ascendit;
853 3538 997 3594 illius
1026 3539 1226 3594 diaboli
1253 3538 1552 3605 descendit,
1578 3541 1675 3594 sed
1728 3539 1873 3595 illius
1915 3540 2010 3595 Dei

412 3632 690 3687 ascendit:
735 3632 848 3687 sola
891 3633 1009 3687 haec
1038 3632 1284 3688 Ecclesia
1316 3640 1491 3686 mater
1512 3646 1633 3701 qua:
1663 3642 1886 3703 generat
1914 3646 2001 3686 no-

411 3722 508 3776 vit.
540 3721 809 3778 Cteterum
851 3722 1025 3779 oculis
1049 3723 1419 3794 insipientium
1447 3722 1662 3779 videtur
1711 3724 1834 3779 talis
1862 3725 2013 3779 exire

414 3817 482 3873 dc
511 3817 662 3873 fonte
689 3818 868 3888 qualis
897 3818 1141 3883 intravit,
1174 3826 1460 3889 totumque
1513 3818 1671 3875 ludus
1716 3835 1839 3875 esse
1867 3820 2011 3891 quod

413 3913 612 3981 agitur.
647 3908 798 3965 Unde
826 3910 880 3963 in
913 3910 1019 3964 line
1053 3909 1300 3964 videntes
1324 3909 1551 3979 gloriam
1584 3918 1896 3965 sanctorum
1928 3910 2013 3964 di-

412 4008 541 4055 cent
580 4008 857 4069 gementes
887 3999 941 4053 in
977 3998 1263 4054 tormentis
1290 4017 1303 4052 :
1336 3998 1410 4052 Hi
1433 4009 1555 4054 sunt
1574 4017 1701 4071 quos
1726 4000 2013 4072 aliquando

412 4089 693 4143 habuimus
729 4090 783 4142 in
819 4089 1075 4153 derisum,
1097 4098 1143 4142 et
1173 4090 1226 4143 in
1257 4089 1656 4143 similitudinem
1686 4091 2011 4161 impropen’i,

413 4179 674 4249 qu'omodo
696 4196 817 4250 ergo
845 4182 1127 4251 computati
1148 4190 1269 4235 sunt
1294 4182 1435 4236 inter
1448 4181 1588 4250 ﬁlios
1611 4183 1751 4236 Dei?
1777 4182 1868 4236 Ait
1890 4198 2015 4252 apo-

414 4272 589 4328 stolus
633 4271 915 4328 Joannes:
949 4270 1285 4338 Charissimi,
1327 4292 1465 4329 nunc
1515 4274 1617 4343 ﬁlii
1648 4275 1747 4329 Dei
1807 4292 2010 4340 sumus,

412 4374 461 4418 et
503 4364 735 4418 nondum
765 4366 1011 4435 apparuit
1061 4365 1187 4436 quid
1232 4367 1447 4420 erimus.
1482 4367 1635 4435 Quod
1666 4382 1795 4437 ergo
1826 4378 2011 4422 natum

413 4462 520 4517 est,
547 4469 614 4508 ex
645 4454 848 4523 Spiritu
904 4463 1095 4509 sancto
1138 4464 1254 4521 est;
1272 4458 1397 4526 quia
1424 4459 1517 4527 qui
1550 4473 1614 4512 ex
1642 4474 1782 4528 aqua
1808 4468 1862 4513 et
1892 4457 2013 4528 Spi-

414 4546 520 4599 ritu
560 4554 912 4621 regeneratur
937 4545 1303 4613 invisibiliter,
1334 4547 1386 4601 in
1415 4563 1615 4603 novum
1647 4557 1890 4602 mutatur
1916 4549 2011 4602 ho-

414 4635 615 4689 minem
642 4643 693 4690 et
720 4636 787 4690 de
813 4635 1014 4691 carnali
1042 4635 1276 4692 eliicitur
1330 4638 1609 4707 spiritalis.
1639 4638 1741 4705 Qui
1768 4638 1889 4693 ideo
1920 4653 2009 4692 re-

415 4736 503 4781 cte
528 4741 633 4781 non
664 4727 837 4782 solum
860 4727 1142 4797 spiritalis,
1173 4728 1268 4783 sed
1306 4729 1469 4782 etiam
1498 4728 1732 4798 Spiritus
1761 4738 2010 4791 vocatur,

414 4816 562 4886 quia,
596 4816 737 4870 sicut
768 4817 1074 4871 substantia
1102 4817 1328 4887 spiritus
1377 4818 1663 4873 invisibilis
1688 4826 1773 4872 est
1807 4819 2010 4873 nostris

414 4909 752 4978 aspectibus,
785 4910 859 4963 ita
888 4909 936 4964 is
959 4909 1047 4978 qui
1080 4924 1174 4980 per
1201 4910 1432 4981 gratiam
1458 4909 1553 4964 Dei
1584 4918 1897 4975 renovatur,
1930 4911 2012 4964 in-

418 4999 709 5054 visibiliter
735 4998 793 5054 ﬁt
844 5000 1105 5070 spiritalis
1130 5010 1184 5054 ct
1228 5000 1321 5055 Dei
1354 5000 1515 5066 illius,
1573 5015 1695 5054 cum
1726 5001 2013 5056 visibiliter

415 5094 669 5148 omnibus
690 5109 817 5149 caro
842 5102 898 5147 et
927 5092 1097 5147 Filius
1122 5093 1357 5147 hominis
1383 5100 1661 5163 appareat.

494 5184 618 5239 Non
642 5186 847 5239 mireris
879 5185 1002 5255 quia
1028 5185 1140 5238 dixi
1178 5185 1271 5237 tibi
1300 5198 1317 5235 :
1358 5182 1571 5253 Oportet
1604 5201 1693 5239 vos
1738 5185 1883 5239 nasci
1920 5184 2013 5239 de-

417 5295 543 5334 nuo.
577 5276 806 5348 Spiritus
824 5272 916 5331 ubi
946 5278 1054 5332 vult
1078 5279 1263 5349 spirat,
1290 5290 1337 5331 et
1369 5295 1546 5331 vacem
1571 5279 1685 5348 ejus
1713 5279 1889 5343 audis,
1918 5282 2009 5333 sed

417 5384 526 5425 non
553 5369 657 5423 scis
686 5370 823 5423 unde
850 5369 1017 5423 veniat
1047 5379 1214 5439 etquo
1262 5356 1441 5423 cadat.
1470 5366 1560 5422 Sic
1606 5380 1679 5422 est
1726 5370 1892 5424 omnis
1919 5372 2011 5441 qui

418 5469 575 5513 natus
628 5468 703 5513 est
749 5474 814 5512 ex
842 5459 1050 5528 spiritu.
1104 5458 1331 5528 Spiritus
1380 5457 1469 5510 ubi
1516 5458 1626 5511 vult
1665 5460 1853 5528 spirat,
1883 5461 2007 5531 quia

419 5548 534 5617 ipse
561 5548 724 5603 habet
746 5549 800 5603 in
838 5556 1126 5619 potestate,
1172 5549 1326 5619 cujus
1357 5565 1452 5602 cur
1479 5550 1649 5619 gratia
1682 5566 1790 5605 sua:
1818 5553 2006 5607 visita-

418 5641 583 5696 tionis
609 5641 862 5707 illustret,
884 5650 929 5694 et
955 5657 1123 5695 vocem
1148 5643 1260 5711 ejus
1282 5643 1455 5706 audis,
1481 5657 1626 5706 cum,
1651 5652 1705 5697 te
1722 5653 2007 5711 praesente,

420 5731 662 5801 loquitur
693 5733 740 5787 is
778 5734 868 5802 qui
924 5732 1130 5802 Spiritu
1186 5732 1422 5802 repletus
1467 5744 1569 5788 cst.
1626 5733 1732 5789 Sed
1775 5752 1877 5788 non
1908 5738 2009 5789 sris

422 5822 561 5878 unde
585 5823 781 5892 veniat,
807 5832 855 5878 et
883 5839 983 5895 quo
1016 5823 1169 5876 vadat
1222 5824 1311 5878 aui
1343 5824 1503 5877 etiam
1530 5825 1593 5890 si,
1628 5833 1679 5879 te
1716 5837 2003 5893 pratscnlc,

2119 3362 2269 3416 dere.
2304 3360 2554 3415 Caelestis
2604 3373 2839 3428 namque
2878 3366 2964 3412 est
3000 3356 3245 3411 ascensio
3276 3352 3393 3423 ejus
3438 3354 3508 3408 ad
3540 3355 3711 3408 vitam

2115 3452 2524 3522 sempiternam,
2558 3459 2772 3505 terrena
2826 3462 2957 3511 vero
2995 3446 3251 3501 exaltatio
3299 3444 3415 3515 ejus
3450 3442 3517 3497 ad
3564 3458 3717 3498 mor-

2116 3552 2220 3599 tem
2250 3542 2622 3614 temporalem.
2656 3541 2798 3596 Dicit
2821 3555 2950 3609 ergo
2972 3542 3039 3594 de
3066 3535 3375 3592 caelestibus
3403 3552 3416 3587 :

2186 3637 2254 3691 Et
2306 3653 2457 3691 nemo
2506 3636 2738 3690 ascendit
2780 3637 2836 3687 in
2883 3632 3087 3698 ccelum,
3120 3631 3221 3686 nisi
3248 3631 3337 3702 qui
3374 3629 3439 3684 de
3466 3628 3593 3684 (mlo
3616 3629 3712 3682 de-

2112 3728 2335 3793 scendit,
2362 3725 2537 3781 Filius
2567 3727 2813 3792 hominis,
2851 3727 2939 3797 qui
2970 3735 3043 3779 est
3068 3726 3123 3779 in
3157 3723 3303 3779 calo.
3337 3723 3533 3778 Merito
3560 3738 3714 3792 qua}-

2119 3822 2256 3876 ritur
2284 3822 2555 3891 quomodo
2590 3819 2801 3874 dicatur
2836 3817 3005 3872 Filius
3057 3817 3294 3872 hominis
3345 3814 3431 3870 vel
3475 3816 3710 3870 descen—

2114 3915 2261 3970 disse
2316 3915 2383 3969 de
2412 3912 2571 3979 emlo,
2618 3911 2702 3966 vel
2754 3925 2819 3966 eo
2874 3918 3114 3980 tempore
3159 3909 3412 3991 quobaec
3472 3908 3525 3961 in
3560 3918 3709 3962 terra

2115 4006 2438 4075 loquebatur
2454 4004 2570 4073 jam
2600 4002 2766 4057 fuisse
2796 4002 2848 4056 in
2878 4002 3041 4057 caelo.
3082 4000 3200 4055 Non
3229 4000 3375 4055 enim
3397 4014 3528 4054 caro
3553 3998 3712 4053 Chri-

2116 4100 2185 4153 sti
2217 4096 2497 4152 descendit
2519 4095 2585 4149 de
2615 4093 2774 4158 ecelo,
2826 4106 3001 4162 neque
3037 4100 3162 4146 ante
3192 4100 3403 4162 tempus
3434 4082 3712 4145 ascensio-

2116 4190 2200 4245 nis
2226 4196 2344 4243 erat
2390 4187 2445 4241 in
2494 4184 2653 4249 etelo,
2685 4192 2741 4239 et
2781 4196 2887 4253 qua
2934 4183 3145 4237 ratione
3188 4179 3429 4246 dicitur,
3489 4180 3590 4234 nisi
3616 4181 3708 4250 qui

2115 4278 2380 4335 descendit
2424 4278 2489 4331 de
2516 4274 2640 4329 calo
2671 4274 2815 4344 ﬁlius
2858 4274 3084 4328 hominis
3109 4275 3200 4345 qui
3223 4282 3300 4327 est
3340 4274 3395 4326 in
3422 4272 3569 4336 caelo,
3604 4272 3709 4325 nisi

2116 4370 2242 4441 quia
2273 4347 2385 4423 una,
2415 4366 2617 4422 Christi
2646 4380 2876 4435 persona
2901 4374 2986 4419 est
3012 4365 3065 4419 in
3096 4363 3304 4419 duabus
3333 4364 3574 4418 existens
3603 4378 3708 4416 na-

2120 4462 2275 4516 turis.
2310 4458 2486 4528 Atque
2515 4457 2635 4511 idco
2660 4456 2801 4510 ﬁlius
2831 4444 3068 4509 hominis
3118 4462 3265 4510 recte
3311 4454 3511 4509 dicitur
3536 4464 3589 4509 et
3615 4455 3713 4507 de-

2118 4552 2393 4609 scendisse
2419 4549 2485 4604 de
2500 4548 2656 4612 caelo,
2688 4556 2742 4601 et
2766 4555 2890 4599 ante
2914 4546 3220 4614 passionem
3248 4544 3415 4600 fuisse
3444 4545 3497 4599 in
3526 4548 3665 4599 creto
3693 4564 3707 4598 :

2116 4643 2242 4714 quia
2272 4640 2415 4711 quod
2458 4639 2511 4694 in
2562 4654 2656 4693 sua
2708 4646 2900 4691 natura
2948 4636 3149 4691 habere
3174 4651 3280 4691 non
3306 4637 3483 4707 potuit
3512 4637 3616 4691 hoc
3653 4639 3708 4691 in

2116 4732 2227 4787 lilio
2285 4730 2383 4785 Dei
2410 4746 2438 4783 a
2470 4743 2579 4799 quo
2617 4736 2928 4797 assumptus
2990 4736 3073 4781 est
3103 4727 3311 4781 habuit.
3361 4724 3467 4781 Sed
3517 4736 3571 4780 et
3605 4728 3710 4780 hoc

2114 4825 2463 4895 quaerendum
2490 4822 2759 4892 quomodo
2785 4822 2990 4876 dictum
3020 4820 3110 4883 sit,
3138 4829 3185 4874 et
3215 4835 3363 4874 nemo
3385 4818 3623 4872 ascendit
3652 4819 3707 4872 in

2114 4918 2298 4973 caelum
2328 4918 2428 4973 nisi
2454 4933 2544 4989 qui
2586 4916 2849 4971 descendit
2900 4917 2963 4969 de
2986 4916 3136 4981 casto,
3165 4930 3285 4971 cum
3316 4929 3506 4971 omnes
3544 4914 3706 4981 electi

2114 5023 2176 5063 se
2201 5009 2473 5063 veraciter
2494 5006 2773 5063 conﬁdant
2800 5022 3126 5062 ascensuros
3151 5007 3204 5060 in
3234 5005 3450 5071 coelum,
3478 5007 3709 5075 promit-

2118 5106 2265 5153 lente
2290 5098 2391 5154 sibi
2419 5099 2646 5155 Domino
2676 5116 2688 5151 :
2721 5099 2844 5167 quia
2874 5098 2960 5151 ubi
2982 5114 3096 5152 sum
3123 5115 3216 5168 ego
3250 5098 3359 5152 illic
3383 5107 3432 5152 et
3466 5099 3700 5152 minister

2115 5205 2262 5243 meus
2299 5189 2419 5243 erit.
2448 5188 2614 5259 Cujus
2650 5195 2830 5241 tamen
2873 5188 3072 5243 nudum
3117 5188 3430 5257 quaestionis
3474 5191 3706 5258 apertis

2115 5281 2253 5335 sima
2285 5266 2426 5336 ratio
2446 5280 2626 5344 solvit,
2660 5280 2783 5349 quia
2812 5279 3065 5333 videlicet
3109 5279 3376 5333 mediator
3399 5268 3580 5333 Dei'et
3605 5280 3705 5333 hoc

2117 5373 2342 5436 ntinum,
2377 5373 2537 5427 homo
2572 5371 2820 5425 Christus
2844 5368 2999 5425 Jesus
3024 5368 3318 5424 electorum
3348 5369 3590 5423 omnium
3611 5386 3693 5425 cas

2118 5474 2213 5536 put
2236 5474 2336 5531 est,
2370 5466 2611 5534 itemque
2647 5478 2837 5517 omnes
2858 5461 3012 5516 electi
3035 5461 3274 5531 ejusdem
3299 5461 3490 5530 capitis
3530 5476 3701 5517 tuem-

2116 5556 2211 5608 bra
2254 5562 2398 5617 sunt,
2448 5555 2659 5607 dicente
2684 5550 2984 5621 Apostoln:
3020 5550 3088 5604 Et
3140 5552 3311 5621 ipsum
3355 5550 3496 5604 dedit
3542 5561 3705 5619 caput

2115 5652 2272 5716 super
2300 5662 2501 5699 omnem
2544 5645 2857 5698 Ecclesium.
2890 5643 2958 5697 Et
2983 5660 3197 5697 rursum
3228 5660 3242 5697 :
3287 5642 3388 5696 Vos
3416 5642 3553 5697 enim
3574 5645 3705 5696 estis

2115 5753 2302 5805 corpus
2342 5734 2559 5801 Christi,
2587 5746 2643 5801 et
2667 5735 2895 5788 membra
2926 5735 2989 5788 de
3015 5734 3262 5789 membro.
3306 5732 3474 5789 Nemo
3502 5746 3698 5787 ascen-

2117 5828 2191 5880 dit
2222 5828 2271 5880 in
2306 5827 2499 5881 collum
2529 5825 2627 5879 nisi
2671 5825 2916 5879 Christus
2949 5826 2999 5878 in
3030 5840 3254 5895 corpore
3286 5840 3402 5891 suo,
3444 5822 3590 5896 quod
3616 5836 3707 5882 εει
