3946 6364
164 433 258 488 285

1280 435 1580 490 ΠΟὲιιΙῌίΕ
1622 434 1687 489 IN
1726 434 1977 489 EVANC.
2022 434 2109 488 ET
2150 434 2366 490 EPIST.

3305 437 3411 495 288

163 548 412 613 Ecclesia,
442 551 537 618 qui
572 550 625 604 in
675 551 849 620 scipso
879 551 1093 619 quia'cm
1129 550 1358 618 primum
1386 549 1728 603 cernentibus
1755 559 1803 617 Α
1831 547 2010 602 sobrie
2035 549 2406 602 conversando
2453 548 2518 600 ad
2543 546 2923 616 perfectionem
2952 550 3229 618 promissa:
3258 550 3416 609 nobis

162 637 408 709 apostolis
467 639 916 698 eminentioribus
984 639 1234 691 nimirum
1311 638 1567 691 membris
1622 639 1732 691 suis

160 727 393 781 ascendit
418 743 433 790 ;
473 734 532 780 et
561 727 755 781 exinde
780 728 832 781 in
860 727 1119 781 membris
1147 726 1258 779 suis
1281 726 1518 794 quotidie
1544 740 1731 779 ascen-

158 820 281 870 dens
306 831 363 869 se
404 816 613 886 colligit
638 818 690 871 in
720 816 934 872 caelum.
963 810 1219 884 Quisquis
1246 816 1297 868 in
1318 814 1513 868 caelum
1546 829 1731 868 ascen-

160 909 278 962 dere
334 907 614 964 desiderat
664 908 711 961 ei
748 908 837 977 qui
886 909 951 962 de
1001 906 1140 961 coelo
1192 905 1470 960 descendit
1496 913 1549 958 et
1571 906 1727 959 estin

156 996 303 1060 cmlo,
335 1012 392 1050 se
424 1010 557 1051 vera
584 996 707 1051 ﬁdei
729 1006 783 1051 et
821 997 1122 1051 dilectionis
1164 995 1368 1049 unitate
1415 995 1723 1064 conjungit;

156 1093 332 1151 aperte
388 1083 704 1155 intelligam
751 1085 876 1153 quia
926 1084 1072 1137 nullo
1111 1083 1215 1137 alio
1262 1084 1469 1145 ordine,
1504 1084 1601 1135 nisi
1635 1100 1728 1152 per

151 1190 263 1227 eam
297 1174 388 1242 qui
415 1174 703 1229 descendit
735 1174 800 1228 de
827 1172 981 1236 c0310,
1022 1182 1196 1241 potest
1226 1172 1517 1225 ascendere
1546 1173 1594 1223 in
1619 1187 1725 1225 coe-

151 1264 272 1316 lum.
302 1264 457 1319 Unde
485 1264 623 1319 alias
673 1266 787 1334 ipse
822 1265 951 1319 dicit
981 1282 993 1317 :
1036 1264 1203 1317 Nemo
1226 1264 1359 1316 renit
1413 1264 1483 1315 ad
1516 1262 1723 1316 Patrem

148 1353 242 1405 nisi
261 1370 352 1422 per
371 1370 477 1407 me.

213 1441 276 1492 Et
300 1441 435 1493 sicut
465 1440 675 1511 Moyses
701 1441 946 1495 exultavit
970 1450 1253 1511 serpentem
1286 1442 1338 1494 in
1382 1442 1601 1501 deserto,
1649 1442 1723 1495 ita

145 1531 360 1583 errtltnri
392 1541 597 1600 Oportet
645 1531 814 1599 ﬁlium
845 1532 1091 1585 hominis.
1138 1530 1267 1584 Mira
1299 1534 1590 1602 magisterii
1615 1548 1723 1587 etn-

146 1620 286 1673 Iestis
336 1630 457 1674 arte
513 1621 772 1675 Dominus
822 1622 1136 1692 magistrum
1193 1622 1326 1692 legis
1385 1622 1627 1677 Mosaicae
1653 1625 1721 1678 ad

145 1710 473 1774 spiritualem
522 1710 656 1782 legis
694 1712 931 1782 ejusdem
990 1727 1205 1767 sensum
1263 1713 1484 1779 inducit,
1536 1731 1716 1771 recor-

144 1800 271 1853 dans
306 1800 550 1855 historia
579 1802 798 1870 veteris,
823 1812 880 1856 et
905 1804 1045 1856 hanc
1092 1803 1144 1857 in
1196 1802 1421 1873 ﬁguram
1452 1821 1561 1859 sua:
1590 1822 1709 1875 pas-

1831 642 1955 694 viue
1977 647 2251 694 mereatur
2279 640 2563 708 attingere,
2591 653 2770 692 verum
2799 639 2923 708 quia
2962 640 3077 693 haec
3099 639 3162 693 de
3185 638 3294 694 ﬁlio
3317 640 3415 697 h0-

1830 731 1992 785 minis
2022 730 2410 798 dicuntur,~qui
2439 728 2664 783 exaltari
2697 730 2891 783 meruit
2916 737 2969 783 et
2994 736 3221 783 mortem
3237 730 3414 797 potuit

1829 822 1962 888 pati,
2012 834 2077 872 ne
2106 829 2317 887 putaret
2364 818 2686 873 Nicodemus
2724 818 2890 871 ﬁlium
2920 819 3124 872 tantum
3159 833 3283 872 eum
3315 819 3411 875 ho-

1830 910 1990 963 minis
2021 923 2160 971 esse,
2194 924 2223 961 a
2264 923 2369 977 quo
2408 908 2515 961 vita
2547 915 2686 961 esset
2735 907 3092 975 exspectanda
3124 916 3404 975 perpetua,

1828 999 2037 1052 curavit
2072 1000 2120 1051 ei
2153 998 2408 1052 Dominus
2440 998 2601 1051 etiam
2634 982 2931 1049 divinitatis
2963 1011 3072 1049 sum
3100 995 3407 1063 patefacere

1827 1099 2243 1151 sacramentum,
2300 1104 2569 1156 unumque
2608 1096 2661 1141 et
2696 1087 2941 1140 eumdem
2968 1086 3131 1143 ﬁlium
3174 1087 3405 1142 hominis

1829 1173 2321 1232 mundi'ostendere
2349 1178 2704 1241 Salvatorem,
2728 1179 2816 1247 qui
2840 1178 2970 1231 vivit
2995 1186 3049 1231 et
3070 1187 3255 1248 regnat
3283 1195 3403 1233 cum

1828 1268 1935 1321 Deo
1961 1269 2120 1322 Patre
2144 1269 2196 1321 in
2225 1269 2431 1322 unitate
2455 1268 2697 1345 Spiritus
2717 1267 2774 1321 S.
2810 1270 2950 1322 Deus
2981 1283 3076 1337 per
3098 1269 3277 1321 omnia
3310 1285 3407 1323 sa:-

1826 1360 1949 1415 cula
1974 1359 2314 1415 saeculorum.
2346 1359 2536 1412 Amen.

2340 1470 2618 1526 IIOMILIA
2654 1470 2881 1525 LXXIII.

2478 1557 2630 1596 FERIA
2674 1556 2745 1594 IV.

1824 1633 2008 1689 Lectio
2053 1633 2306 1703 Epistolis
2331 1632 2500 1687 sancti
2532 1631 2756 1702 apostoli
2803 1630 2952 1685 Pauli
2980 1631 3045 1685 ad
3080 1628 3405 1684 Corinthios.

1892 1723 2132 1790 Eratres,
2164 1724 2209 1778 si
2256 1722 2495 1785 Christus
2540 1724 2855 1791 pmdicatur
2902 1720 3040 1791 quod
3067 1719 3345 1773 resurrexit
3374 1733 3408 1771 α

1821 1815 2060 1874 mortuis,
2109 1814 2366 1882 quomoda
2411 1812 2622 1882 quidam
2652 1812 2832 1865 dicunt
2870 1813 2923 1864 in
2966 1811 3106 1864 vobis
3156 1810 3406 1880 quoniam

146 1890 304 1945 SIOIIIS
330 1899 498 1960 atque
529 1891 843 1946 salvationis
869 1893 1117 1946 humanae
1156 1891 1353 1947 factam
1390 1896 1712 1949 edisserens.
1820 1904 2130 1957 resurrectio
2165 1912 2491 1955 mor-(uorum
2520 1919 2622 1956 ηοη
2648 1912 2720 1955 ρει
2897 1912 3069 1955 gruem
3097 1900 3405 1955 resurrectio

146 1980 331 2037 Narrat
379 1984 583 2054 quippe
620 1984 757 2039 liber
806 1984 1160 2040 Numerorum
1207 1986 1330 2055 quia
1368 1996 1625 2056 pertzcsus
1663 1988 1714 2042 in

147 2086 317 2129 eremo
338 2075 575 2145 populus
614 2076 777 2130 Israel
805 2076 1015 2133 itineris
1040 2076 1180 2148 longi
1209 2092 1273 2131 ac
1302 2078 1525 2142 laboris,
1566 2094 1715 2133 mur-

148 2166 367 2218 muravit
412 2174 603 2220 contra
651 2167 933 2221 Dominum
966 2176 1020 2222 et
1066 2168 1283 2240 Moysen
1316 2188 1328 2221 :
1358 2171 1584 2238 ideoque
1616 2171 1717 2225 Do-

147 2251 313 2307 minus
338 2255 553 2309 miserit
576 2259 628 2308 in
655 2254 803 2310 illum
835 2257 1031 2327 ignitos
1059 2266 1363 2329 serpentes,
1394 2261 1460 2315 ad
1488 2275 1715 2329 quorum

148 2342 321 2414 plagas
372 2354 425 2399 et
481 2361 694 2401 morsus
727 2347 1080 2417 plurimorum
1131 2366 1251 2429 cum
1295 2351 1597 2407 clamarent
1647 2354 1717 2407 ad

149 2431 349 2504 Moysen
374 2446 430 2490 et
480 2437 569 2491 ille
596 2448 800 2504 oraret,
850 2439 1014 2509 jussit
1066 2426 1489 2497 eum'Dominus
1538 2443 1716 2499 facere

148 2536 439 2595 serpentem
462 2545 669 2586 azneum
692 2543 746 2587 et
761 2548 960 2604 ponere
983 2549 1081 2605 pro
1097 2536 1270 2606 signo.
1301 2536 1405 2603 Qui
1416 2554 1714 2607 percussus,

150 2616 326 2686 inquit,
376 2623 641 2690 aspexerit
698 2640 838 2689 eum,
894 2626 1066 2691 vivet;
1124 2634 1177 2681 et
1224 2627 1299 2681 ita
1362 2626 1560 2682 factum
1610 2637 1710 2684 est.

149 2704 307 2775 Plaga:
352 2709 519 2779 igitur
566 2714 894 2785 serpentium
926 2714 1216 2785 ignitorum
1252 2732 1458 2771 venena
1490 2728 1614 2772 sunt
1662 2728 1716 2773 ct

150 2794 402 2849 incentiva
437 2798 708 2864 vitiorum,
741 2816 860 2870 quae
882 2804 1120 2857 animum
1148 2819 1305 2874 quem
1333 2790 1559 2876 tangunt
1607 2808 1715 2877 spi-

153 2887 279 2940 ritali
308 2898 483 2944 morte
518 2892 810 2959 perimunt.
862 2893 928 2945 Et
970 2894 1107 2948 bene
1135 2910 1482 2950 murmurans
1522 2906 1709 2951 contria

152 2978 415 3038 Dominum
447 2982 675 3052 populus
702 2985 1031 3053 serpentium
1077 2987 1343 3040 morsibus
1374 2989 1715 3045 sternebatur

150 3075 219 3128 ut,
244 3084 304 3121 ex
332 3070 523 3126 ordine
564 3070 758 3142 ﬂagelli
804 3074 1112 3137 exterioris,
1169 3084 1489 3145 agnosceret
1542 3092 1715 3145 quan-

153 3166 246 3210 tam
291 3160 435 3214 intus
465 3162 759 3229 perniciem
797 3165 1183 3219 murmurando
1219 3174 1519 3235 pateretur,
1562 3169 1711 3221 exal-

1819 2003 2148 2047 mortuorum
2179 2009 2282 2045 non
2303 2001 2396 2057 est,
2431 2008 2593 2062 neque
2616 1991 2852 2045 Christus
2883 1991 3183 2044 resurrexit.
3218 1986 3274 2043 Si
3300 2003 3402 2040 au-

1817 2090 1921 2136 tem
1938 2081 2174 2136 Christus
2198 2097 2302 2134 non
2329 2081 2633 2145 resurrexit,
2666 2080 2836 2134 inanis
2857 2091 2930 2133 est
2957 2095 3078 2149 ergo
3101 2076 3405 2149 pradicatio

1818 2183 2017 2238 nostra,
2049 2174 2223 2227 inanis
2247 2182 2325 2227 est
2350 2183 2398 2227 et
2426 2174 2556 2241 ﬁdes
2595 2182 2773 2227 nostra
2793 2212 2807 2237 ,
2835 2180 2939 2227 etc.

1889 2262 2013 2317 Haec
2042 2277 2072 2316 a
2108 2261 2258 2317 falsis
2280 2263 2540 2332 apostolis
2562 2270 2717 2316 erant
2743 2263 2962 2327 tradita,
2996 2260 3086 2330 qui
3128 2260 3401 2316 Christum

1817 2367 1991 2420 neque
2020 2362 2226 2416 natum,
2254 2368 2434 2422 neque
2462 2355 2513 2406 in
2547 2368 2710 2407 carne
2752 2368 2993 2422 passum,
3020 2367 3193 2421 neque
3224 2368 3405 2406 resur-

1819 2443 2026 2499 resisse
2059 2443 2392 2498 asserebant.
2442 2442 2586 2510 Quos
2624 2452 2679 2498 et
2712 2442 2945 2497 Joannes
2983 2444 3257 2511 apostolus
3304 2443 3400 2497 εε-

1818 2542 1999 2599 netat,
2057 2534 2150 2603 qui
2192 2533 2466 2588 Christum
2529 2534 2580 2587 in
2628 2548 2792 2589 carne
2844 2533 3058 2587 venisse
3112 2533 3399 2603 negabant.

1817 2622 1972 2678 Unde
1996 2623 2147 2687 dicit,
2163 2624 2253 2694 qui
2274 2633 2424 2693 negat
2440 2622 2701 2677 Christum
2729 2624 2783 2676 in
2804 2639 2959 2675 carne
2982 2623 3195 2685 venisse,
3217 2622 3299 2675 hic
3327 2631 3400 2675 est

1814 2711 2183 2768 Antichristus.
2211 2714 2276 2768 Et
2299 2716 2386 2784 qui
2412 2724 2561 2783 negat
2588 2712 2807 2777 Filium,
2834 2730 2923 2766 nec
2973 2712 3180 2766 Patrem
3223 2713 3397 2777 habet,

1816 2804 1903 2858 isti
1934 2803 2280 2858 ambulabant
2332 2813 2386 2857 et
2416 2802 2767 2873 quorumdam
2802 2800 2958 2855 ﬁdem
2986 2816 3053 2855 ne
3082 2799 3399 2869 impruden-

1818 2900 1951 2947 tesa
1993 2892 2176 2946 trundi
2205 2893 2539 2961 sapientibus
2579 2891 2952 2960 judicarentur
2996 2889 3394 2951 subvertebant,

1816 2982 1940 3050 quia
1970 2981 2260 3050 prudentes
2288 2981 2466 3035 saeculi
2492 2982 2708 3042 stultum
2730 2982 2992 3050 iudicant,
3022 2996 3143 3036 cum
3172 2980 3398 3034 audiunt

1819 3071 2265 3127 resurrectionem
2294 3080 2649 3125 mortuorum.
2702 3070 2853 3135 Quod
2881 3070 2923 3124 si
2946 3110 2960 3134 ,
2999 3070 3193 3138 inquit,
3221 3084 3396 3122 verum

1817 3150 1889 3221 est
1923 3167 2043 3237 quia
2069 3164 2307 3220 Christus
2354 3182 2456 3218 non
2502 3164 2802 3223 resurrexit,
2863 3161 2987 3230 falsi
3034 3177 3215 3215 sumus
3263 3176 3398 3230 pric-

152 3252 271 3307 tatio
293 3261 471 3308 autem
500 3257 767 3325 serpentis
793 3258 947 3322 aenei,
973 3274 1130 3327 quem
1163 3260 1286 3313 dum
1319 3264 1557 3330 percussi
1586 3279 1706 3333 per-
1736 3248 1780 3310 C
1812 3258 2070 3310 dicatores
2092 3296 2106 3321 ,
2170 3266 2217 3309 et
2280 3255 2409 3323 ﬁdes
2474 3264 2649 3307 nostra
2703 3250 2875 3306 inanis
2933 3260 3026 3305 est.
3084 3250 3197 3305 Hoc
3249 3250 3395 3304 enim

148 3346 401 3414 spicerent
426 3349 783 3413 sanabuntur,
811 3350 991 3417 passio
1033 3359 1116 3405 est
1142 3352 1312 3405 nostri
1346 3352 1708 3422 redemptoris

150 3437 194 3489 in
220 3444 394 3502 cruce,
428 3439 485 3492 in
518 3439 669 3510 cujus
705 3439 874 3494 solum
899 3441 1003 3496 ﬁde
1040 3456 1263 3511 regnum
1289 3445 1479 3498 mortis
1505 3456 1559 3498 et
1584 3461 1729 3515 pec-.

148 3527 242 3579 cati
265 3536 570 3596 superatur.
608 3530 775 3585 Recte
829 3532 1027 3591 etenim
1055 3547 1151 3602 per
1198 3546 1474 3603 serpentes
1518 3550 1707 3605 pecca-

148 3622 212 3678 ta,
250 3631 363 3687 qum
400 3618 643 3675 animam
673 3620 833 3674 simul
879 3620 936 3675 et
961 3637 1155 3693 corpus
1181 3626 1249 3677 ad
1289 3624 1564 3679 interitum
1596 3636 1707 3680 tra-

150 3707 288 3771 hunt,
313 3710 711 3780 exprimuntur,
737 3727 841 3766 non
864 3713 1042 3769 solum
1062 3716 1186 3783 quia
1210 3716 1383 3786 igniti,
1411 3712 1535 3786 quia
1558 3719 1705 3772 viru-

150 3796 284 3859 lenti,
344 3801 472 3869 quia
526 3801 595 3855 ad
646 3802 1017 3872 perimendum
1065 3814 1191 3859 Sunt
1243 3808 1470 3873 statuti,
1517 3824 1701 3862 verum

148 3886 291 3941 etiam
321 3890 447 3957 quia
487 3905 582 3960 per
621 3893 1111 3961 serpentem'prir‘ni
1140 3905 1390 3962 parentes
1429 3896 1598 3949 nostri
1636 3897 1703 3950 ad

148 3973 463 4044 peccandum
489 3984 754 4050 persuasi,
790 3998 852 4037 ac
882 3982 947 4038 de
974 3985 1370 4040 immortalibus
1415 3996 1541 4042 sunt
1574 4003 1701 4058 pec—

150 4074 301 4126 eartdo
330 4074 585 4164 mortales
613 4074 811 4135 eﬁ‘ecti.
850 4076 1017 4132 Recte
1036 4092 1139 4148 per
1159 4088 1463 4148 serpentem
1494 4096 1701 4135 aeneum

150 4161 389 4219 Dominus
420 4161 725 4220 ostenditur
753 4168 844 4237 qui
878 4168 1026 4222 venit
1054 4169 1107 4223 in
1145 4170 1549 4226 similitudinem
1583 4186 1705 4227 car-

150 4251 224 4307 nis
243 4256 469 4325 peccati.
498 4255 633 4324 Quia
658 4258 795 4311 sicut
839 4273 1020 4312 tenens
1050 4269 1273 4327 serpens
1327 4259 1555 4331 cﬁigiem
1580 4263 1705 4331 qui-

151 4347 255 4401 dem
282 4348 467 4420 ignitis
508 4350 845 4420 serpentibus
874 4351 1126 4416 similem,
1184 4353 1275 4407 sed
1319 4353 1521 4407 nullum
1550 4370 1705 4423 pror-

151 4450 231 4491 sus
262 4439 311 4491 in
345 4440 459 4494 suis
483 4439 741 4495 membris
764 4440 951 4494 habuit
979 4439 1225 4496 ardorem
1277 4442 1465 4496 veneni
1499 4459 1701 4498 nocen-

152 4528 228 4592 tis,
256 4530 377 4597 quin
426 4530 610 4599 potius
644 4515 952 4599 percussos,
974 4545 1003 4583 a
1031 4533 1369 4600 serpentibus
1426 4549 1521 4588 sua
1557 4536 1702 4588 exal-

1812 3349 2155 3405 crediderunt
2210 3347 2463 3417 Apostolo
2512 3342 2853 3415 praedicante,
2907 3342 3032 3413 quia
3083 3343 3278 3397 mortui
3309 3356 3399 3396 re-

1811 3447 2141 3509 surgent,et
2188 3438 2289 3492 hac
2350 3453 2443 3506 spe
2496 3435 2713 3490 attracti
2745 3443 2871 3488 sunt
2915 3435 2981 3488 ad
3014 3432 3195 3497 ﬁdem,
3252 3430 3397 3501 quod

1808 3532 1995 3600 utique
2054 3531 2119 3584 ad
2170 3529 2551 3583 detrimentum
2601 3527 2810 3580 illorum
2858 3524 3124 3595 proﬁcere
3178 3522 3393 3588 asserit,

1810 3624 1853 3680 si
1905 3622 2254 3686 crediderint,
2308 3620 2450 3689 quod
2505 3619 2743 3673 futurum
2788 3631 2893 3670 non
2940 3626 3042 3671 est.
3100 3615 3168 3669 Et
3220 3613 3395 3684 pudo-

1808 3714 1886 3767 ris
1915 3721 2001 3783 est
2043 3720 2103 3765 ut
2151 3711 2344 3780 aliquis
2386 3708 2719 3779 proﬁteatur,
2771 3708 2872 3762 hoc
2912 3705 3203 3759 credidisse
3249 3701 3392 3772 quod

1806 3800 2002 3855 falsum
2085 3795 2185 3854 est.
2249 3800 2317 3853 Et
2391 3796 2771 3865 verecundiam
2849 3809 2976 3864 ergo
3056 3792 3162 3846 illis
3231 3792 3388 3845 incu-

1807 3892 1893 3955 tit,
1942 3898 1997 3945 et
2043 3890 2255 3944 labores
2302 3889 2514 3948 illorum
2561 3887 2692 3942 dicit
2735 3886 3121 3948 infructuosos,
3166 3882 3212 3936 si
3248 3878 3390 3955 quod

1807 3994 1838 4032 a
1869 3979 2017 4034 falsis
2050 3978 2307 4049 apostolis
2340 3979 2629 4032 audierunt
2656 3993 2841 4032 verum
2872 3984 2974 4041 est,
3024 3975 3165 4044 quod
3189 3972 3390 4028 mortui

1808 4080 1915 4127 non
1942 4080 2241 4142 resurgent.
2279 4070 2433 4137 Quod
2481 4084 2637 4123 nemo
2668 4069 2850 4138 utique
2878 4068 2945 4121 de
2980 4081 3039 4121 se
3064 4066 3267 4135 patitur
3291 4079 3385 4118 au-

1807 4162 1925 4217 dire
1953 4171 2011 4217 ut
2036 4163 2281 4217 videntes
2327 4160 2431 4215 hoc
2454 4167 2643 4215 contra
2687 4173 2743 4213 se
2784 4171 2906 4212 esse
2954 4163 3298 4210 revertentur
3320 4152 3390 4207 ad

1806 4255 2037 4324 primam
2064 4253 2245 4308 ﬁdem.

1880 4344 2190 4398 Invenimur
2219 4350 2395 4395 autem
2420 4350 2467 4395 et
2490 4340 2613 4410 [nisi
2660 4348 2811 4394 testes
2846 4336 2968 4403 Dei,
3014 4336 3264 4407 quoniam
3308 4342 3387 4391 te-

1806 4432 2111 4485 stimonium
2132 4431 2355 4483 dicimus
2379 4430 2628 4483 adversus
2658 4426 2850 4493 Deum,
2894 4427 3031 4497 quod
3064 4422 3393 4480 suscitaverit

1808 4519 2099 4587 Christum,
2155 4536 2307 4591 quem
2336 4536 2441 4573 non
2490 4520 2779 4575 suscitavit.
2842 4518 2942 4584 Qui
3003 4517 3198 4572 asserit
3247 4514 3388 4585 quod

153 4618 334 4673 latione
352 4621 579 4676 sanabat
603 4637 616 4673 :
648 4620 725 4675 sic
747 4620 1003 4678 nimirum
1026 4622 1104 4676 sic
1130 4621 1457 4692 Redemptor
1481 4625 1702 4678 humani

1820 4610 2086 4666 Christum
2117 4612 2259 4665 Deus
2292 4624 2321 4663 a
2359 4610 2608 4671 mortuis,
2660 4608 2961 4669 suscitavit,
2993 4605 3160 4660 falsus
3200 4612 3283 4660 est
3312 4615 3388 4658 te-

150 4711 343 4788 generis
379 4726 487 4767 non
523 4726 741 4794 carnem
774 4713 1003 4782 peccati,
1055 4714 1151 4767 sed
1190 4714 1589 4769 similitudinem
1618 4717 1707 4770 in-

151 4800 251 4855 duit
280 4805 464 4859 camis
487 4803 717 4873 peccati.
758 4804 810 4857 in
834 4816 939 4873 qua
970 4813 1200 4860 mortem
1231 4808 1409 4861 crucis
1431 4808 1704 4876 patiendo,

150 4892 411 4947 credentes
436 4894 490 4947 in
526 4890 583 4947 se
632 4892 696 4946 ab
722 4892 867 4947 omni
896 4902 1119 4962 peccato
1147 4903 1201 4948 et
1253 4897 1322 4949 ab
1371 4895 1485 4965 ipsa
1538 4895 1702 4949 etiam

152 4988 308 5034 morte
333 4982 610 5037 liberaret.

215 5065 274 5121 Ut
296 5066 459 5125 omnis
482 5078 572 5141 qui
596 5072 759 5126 credit
784 5072 840 5127 in
884 5074 1019 5142 ipso,
1051 5090 1153 5127 non
1180 5084 1377 5143 pereat,
1405 5075 1496 5129 sed
1519 5074 1706 5129 habeat

153 5157 289 5210 ritam
330 5170 597 5215 trternam.
645 5160 810 5229 Cujus
842 5163 1058 5230 quidem
1104 5164 1254 5217 verbi
1307 5174 1451 5233 patet
1496 5180 1703 5228 sensus,

154 5248 258 5318 quia
280 5252 364 5318 qui
386 5252 558 5305 credit
579 5253 631 5305 in
659 5251 842 5307 Jesum
881 5267 984 5306 non
1009 5252 1179 5306 solum
1206 5254 1561 5321 perditionem
1590 5270 1708 5307 eva-

156 5336 220 5390 dit
250 5355 553 5409 poenarum,
595 5344 689 5398 sed
730 5352 786 5398 et
830 5343 993 5397 vitam
1040 5342 1268 5413 percipit
1312 5352 1586 5398 reternam.
1643 5346 1710 5399 Et

159 5426 245 5482 hoc
270 5430 401 5486 inter
425 5432 649 5502 ﬁguram
677 5432 841 5487 distat
867 5440 919 5487 et
948 5433 1227 5486 veritatem
1256 5450 1267 5484 :
1293 5433 1417 5501 quia
1448 5449 1544 5502 per
1564 5434 1704 5486 illam

158 5517 249 5571 vita
273 5520 633 5590 protelabatur
664 5522 988 5591 temporalis,
1028 5538 1125 5590 per
1159 5524 1299 5597 hanc
1331 5524 1437 5576 vita
1475 5524 1708 5576 donatur

160 5607 259 5663 sine
297 5609 398 5666 ﬁne
426 5625 701 5665 mansura.
755 5610 857 5666 Sed
904 5613 1200 5681 curandum
1258 5612 1484 5665 solerter
1520 5620 1604 5665 est
1650 5622 1707 5665 ut

160 5700 278 5765 Quod
305 5700 598 5756 intellectus
629 5701 765 5756 bene
792 5705 989 5757 sentio:
1025 5704 1267 5773 operatio
1296 5703 1561 5772 condigna
1585 5718 1707 5770 per-

166 5782 287 5844 ﬁniat
314 5806 327 5843 :
355 5798 617 5867 quatenus
644 5791 907 5849 confessio
946 5803 1089 5847 recte
1126 5802 1321 5847 nostra:
1352 5792 1493 5854 ﬁdei,
1540 5794 1623 5865 pie
1653 5801 1707 5847 et

1807 4702 1907 4755 stis
1934 4702 1980 4754 si
2006 4717 2109 4754 non
2140 4708 2225 4754 est
2250 4698 2473 4753 factum.
2526 4698 2791 4753 Virtutem
2844 4708 3024 4751 tamen
3052 4696 3148 4750 Dei
3191 4695 3389 4765 pracdi-

1806 4799 1916 4855 cat,
1944 4806 2049 4845 non
2077 4790 2263 4859 utique
2290 4796 2349 4841 ut
2377 4788 2627 4842 inimicus
2674 4788 2763 4856 qui
2788 4796 2897 4862 tam
2943 4784 3259 4858 admirabile
3302 4784 3383 4837 fa—

1805 4890 1953 4934 ctum
2000 4879 2188 4932 virtuti
2242 4874 2358 4945 ejus
2385 4878 2626 4931 ascribit.
2656 4876 2804 4943 Quod
2835 4877 2877 4930 si
2911 4890 3095 4929 verum
3126 4882 3225 4939 cst,
3258 4873 3381 4941 quia

1805 4970 2064 5024 excitavit
2098 4968 2373 5023 Christum
2398 4982 2428 5019 a
2471 4966 2720 5029 mortuis,
2764 4965 2892 5034 quid
2924 4964 3009 5017 hic
3038 4963 3279 5017 dicturus
3304 4963 3386 5015 est

1808 5062 1899 5130 qui
1944 5070 1997 5114 et
2028 5059 2183 5115 testis
2210 5066 2404 5113 contra
2438 5058 2605 5113 Deum
2658 5056 2968 5122 factusest,
3000 5065 3054 5109 et
3104 5061 3238 5124 Opus
3270 5054 3388 5123 ejus

1809 5150 2092 5205 stultitiam
2126 5148 2352 5204 asserit.

1885 5243 2027 5295 Nam
2057 5242 2101 5295 si
2146 5242 2338 5295 mortui
2390 5257 2492 5295 non
2524 5249 2817 5310 resurgunt,
2846 5254 3007 5308 neque
3034 5236 3274 5291 Christus
3304 5253 3383 5289 rc-

1810 5336 2054 5406 surrexit.
2121 5335 2275 5401 Quod
2326 5336 2372 5389 si
2426 5336 2664 5389 Christus
2718 5350 2821 5387 non
2866 5333 3174 5397 resurrexit,
3216 5332 3386 5384 adhuc

1809 5430 1930 5483 estis
1964 5430 2019 5481 in
2039 5430 2262 5497 peccatis
2296 5429 2473 5481 vestris
2498 5441 2515 5477 :
2543 5442 2663 5496 ergo
2690 5425 2779 5495 qui
2812 5425 3130 5478 dormierunt
3156 5423 3210 5476 in
3234 5420 3375 5475 Chri-

1808 5530 1913 5583 sto,
1943 5522 2227 5588 perierunt.
2259 5518 2449 5572 Terret
2502 5518 2621 5570 illos
2668 5526 2725 5569 ut
2751 5517 2876 5585 quia
2906 5530 3066 5569 nemo
3088 5519 3091 5522 ‘
3114 5514 3215 5568 sibi
3246 5512 3388 5566 male

1811 5611 1941 5675 vult,
1970 5602 2143 5665 doleat
2177 5610 2294 5663 illos
2326 5611 2430 5663 hoc
2475 5610 2705 5676 cmpisse
2753 5606 2977 5661 credere
3024 5605 3166 5673 quod
3195 5612 3385 5660 contra

1807 5702 1952 5769 ipsos
1966 5710 2076 5763 est;
2105 5699 2226 5767 quis
2245 5699 2386 5753 enim
2406 5704 2623 5767 peccata
2640 5696 2741 5750 sibi
2762 5694 2986 5750 remissa
3008 5695 3141 5749 nolit
3158 5691 3384 5747 audire?

1810 5789 1876 5844 Et
1900 5790 1989 5859 qui
2030 5790 2376 5853 dormierunt,
2405 5790 2499 5851 ait,
2536 5788 2588 5840 in
2630 5785 2856 5851 Christo,
2910 5786 3191 5855 perierunt.
3220 5783 3383 5838 Addit
3416 5840 3420 5850 ι
