3946 6344
465 355 571 411 Ξ87

1154 355 1212 409 Β.
1254 354 1502 410 RABANI
1545 355 1765 412 MAURI
1803 354 2124 411 ARCHIEP.
2161 356 2469 417 MOGUNT.
2505 359 2788 416 OPERUM
2832 359 3009 415 PARS
3048 358 3110 414 ll.

3651 360 3757 416 988

467 473 535 527 ad
565 471 967 543 terroremquia
1000 473 1287 526 cliarorum
1341 488 1562 528 suorum
1594 487 1851 528 excessus
1878 472 2051 528 noluit
2080 474 2127 534 Α
2155 482 2210 528 et
2235 476 2449 545 quando
2472 476 2711 531 futurum
2739 484 2820 532 est
2849 488 2906 531 ut
2934 486 3215 547 resurgant
3241 479 3432 533 mortui
3463 492 3475 529 :
3504 481 3758 546 primitiis

465 564 735 622 aestimare
763 563 1138 635 perditionem.
1181 563 1281 631 Qlll
1308 566 1451 619 enim
1480 565 1581 619 sub
1610 564 1715 619 hac
1748 578 1843 633 spe
1869 564 1938 618 de
1959 578 2053 618 scc-

466 657 588 714 culo
613 658 885 723 exierunt,
916 657 1030 712 sive
1076 656 1248 710 occidi
1278 670 1382 709 non
1436 657 1753 719 timuerunt,
1804 655 1931 725 quia
1964 670 2055 709 re-

466 763 691 819 surgere
717 749 967 818 exemplo
994 747 1195 803 Christi
1238 749 1608 813 crediderunt,
1641 754 1695 801 et
1725 763 1828 802 non
1859 756 1945 801 est
1966 762 2055 802 ve-

468 854 608 903 rum,
647 840 950 909 perierunt.
972 839 1086 894 Hoc
1121 840 1224 895 illis
1254 840 1384 894 dicit
1422 840 1565 908 quod
1600 855 1785 894 amore
1832 854 2056 894 suorum

466 928 845 985 defunctorum
875 936 1066 983 nolunt
1107 930 1314 995 audire,
1342 941 1404 983 ut
1439 930 1546 984 illis
1593 930 1889 1000 imputetur
1912 929 2059 999 quod

464 1022 617 1090 prius
638 1036 738 1091 per
763 1037 1004 1076 errorem
1042 1021 1295 1077 volebant
1324 1021 1533 1075 audire.
1567 1020 1705 1076 Sunt
1725 1021 1890 1077 etiam
1916 1034 2058 1075 vera:

460 1111 855 1166 connectiones
890 1113 944 1165 in
981 1110 1394 1166 ratiocinatione
1433 1109 1595 1165 falsas
1644 1111 1906 1165 habentes
1934 1124 2059 1164 sen-

459 1204 684 1269 tentias,
716 1219 837 1273 quze
868 1210 1271 1272 consequuntur
1308 1217 1550 1257 errorem
1602 1201 1746 1257 illius
1798 1217 1919 1256 cum
1951 1216 2058 1270 quo

463 1295 667 1366 agitur,
700 1311 821 1365 qua:
851 1302 1032 1350 tamen
1068 1296 1137 1349 ad
1164 1296 1266 1351 hoc
1318 1294 1625 1350 inferuntur
1651 1312 1681 1350 a
1705 1296 1848 1350 bono
1877 1304 1933 1350 et
1957 1294 2056 1349 do-

463 1395 552 1441 cto
583 1387 803 1441 homine
834 1394 910 1449 ut,
946 1386 997 1440 in
1027 1387 1113 1442 his
1135 1385 1464 1441 erubescens
1489 1386 1579 1441 ille
1610 1386 1765 1456 cujus
1815 1401 2058 1442 errorem

461 1478 836 1548 consequitur,
877 1479 1129 1533 eumdem
1176 1488 1417 1532 errorem
1448 1477 1735 1547 relinquat,
1765 1477 1891 1548 quia
1921 1478 1965 1532 si
2003 1478 2057 1531 in

460 1568 649 1623 eodem
680 1583 901 1623 manere
922 1568 1175 1634 voluerit,
1200 1582 1424 1623 necesse
1448 1576 1534 1624 est
1554 1574 1613 1622 ut
1638 1568 1802 1623 etiam
1827 1568 1917 1623 illa
1938 1582 2061 1638 quae

465 1660 691 1715 damnat
717 1666 906 1717 tenere
932 1668 1178 1731 cogatur.

532 1750 595 1806 Si
633 1752 687 1806 in
713 1751 813 1805 hac
842 1752 946 1807 vita
981 1761 1187 1806 tantum
1221 1753 1277 1805 in
1312 1750 1520 1807 Christo
1555 1760 1825 1822 sperantes
1853 1767 2054 1816 sumus,

2158 562 2404 621 Christus
2449 567 2590 623 sicut
2640 576 2694 622 et
2742 570 2793 621 in
2836 567 3059 621 Actibus
3109 567 3470 634 apostolorum
3529 574 3762 621 testatur

2158 655 2417 723 scriptum
2439 670 2557 711 esse
2585 656 2636 710 in
2662 656 2864 727 Moyse,
2890 656 2934 710 si
2960 656 3225 724 passibilis
3253 655 3513 721 Christus,
3541 656 3588 709 si
3608 656 3763 722 prior

2158 760 2375 813 surgens
2422 760 2486 799 ex
2530 746 2771 798 mortuis.
2814 754 2919 799 etc.
2968 744 3124 798 Prior
3172 760 3301 815 ergo
3354 744 3658 801 resurrexit
3698 752 3763 801 ut

2159 834 2331 890 forma
2363 836 2514 890 ﬁeret
2537 837 2885 892 credentibus
2913 838 3036 892 sibi.

2229 927 2428 981 Deinde
2465 926 2548 999 [ii]
2587 929 2673 999 qui
2720 938 2838 982 sunt
2885 928 3113 993 Christi,
3142 928 3231 998 qui
3273 928 3325 982 in
3363 930 3595 983 adventu
3642 930 3763 1000 ejus

2159 1018 2509 1073 crediderunt.
2543 1019 2655 1075 Hoc
2698 1020 2899 1089 duplici
2945 1021 3103 1075 modo
3150 1020 3583 1091 intelligendum,
3630 1022 3763 1091 quia

2159 1114 2214 1161 et
2259 1107 2312 1161 in
2348 1108 2576 1163 adventu
2610 1108 2726 1178 ejus
2773 1111 3009 1165 secundo
3056 1111 3230 1166 sancti
3276 1121 3558 1183 resurgant
3601 1114 3763 1183 juxta

2161 1196 2320 1252 ﬁdem
2350 1199 2699 1271 Apocalypsis
2723 1199 2965 1264 Joannis,
2991 1204 3133 1257 sicut
3157 1212 3211 1257 et
3244 1204 3293 1257 in
3323 1204 3498 1273 primo
3523 1205 3764 1259 adventu

2161 1302 2282 1340 cum
2312 1290 2629 1354 resurrexit,
2669 1290 2836 1344 multa
2864 1306 3093 1362 corpora
3122 1304 3307 1348 sancta
3341 1304 3768 1349 rcsurrexerunt

2163 1382 2227 1435 ad
2260 1385 2701 1451 protestationem
2748 1387 2940 1443 evicta:
2989 1389 3181 1443 mortis
3227 1404 3290 1443 ac
3333 1386 3608 1455 spoliatae;
3662 1384 3769 1439 sub

2163 1488 2269 1526 una
2309 1488 2437 1543 ergo
2480 1475 2876 1546 signiﬁcatione
2913 1478 3180 1549 duplicem
3224 1478 3512 1533 adventum
3546 1475 3766 1529 Domini

2162 1567 2593 1635 comprehendit,
2628 1570 2731 1623 hoc
2759 1578 2859 1635 est,
2888 1570 3122 1639 primum
3149 1569 3363 1640 quando
3390 1568 3537 1622 venit
3568 1574 3629 1619 ut
3658 1565 3769 1619 sal-

2163 1665 2315 1710 varet
2341 1672 2510 1727 genus
2536 1657 2853 1724 humanum,
2884 1668 2941 1714 et
2974 1658 3288 1722 secundum,
3318 1657 3536 1730 quando
3566 1666 3767 1711 ventu-

2164 1762 2259 1802 rus
2287 1757 2371 1803 est
2406 1747 2653 1818 judicare
2691 1750 2843 1807 vivos
2870 1766 2935 1807 ac
2968 1760 3213 1808 mortuos
3252 1758 3308 1806 et
3355 1748 3614 1804 saeculum
3668 1760 3770 1818 per

459 1840 861 1896 miserabiliores
891 1857 1073 1896 sumus
1101 1842 1340 1897 omnibus
1362 1841 1677 1896 hominibus.
1720 1838 2063 1896 Manifestum
2093 1845 2140 1905 Β
2170 1836 2368 1907 ignem.

456 1940 563 1997 est,
578 1932 703 2002 quia
733 1941 788 1988 et
807 1933 862 1988 in
880 1934 982 1988 hac
1008 1934 1117 1988 vita
1137 1933 1390 2003 praesenti
1418 1941 1475 1988 et
1497 1933 1550 1987 in
1572 1932 1754 1988 futura
1774 1945 2060 2002 speramus

457 2023 511 2077 in
532 2025 773 2091 Christo,
801 2040 903 2081 nec
923 2026 1067 2080 enim
1098 2026 1186 2080 hic
1206 2026 1408 2081 deserit
1435 2040 1622 2080 servos
1643 2041 1770 2081 suos
1786 2024 2057 2090 Christus,

455 2118 549 2173 sed
592 2117 766 2172 reddit
796 2116 902 2172 illis
942 2118 1173 2187 gratiam
1215 2125 1271 2172 et
1300 2118 1352 2171 in
1387 2116 1569 2171 futuro
1598 2124 1761 2171 erunt
1790 2115 1845 2170 in
1890 2115 2058 2187 gloria

453 2216 677 2262 intenta.
709 2206 767 2263 Si
796 2216 977 2263 autem
1009 2207 1205 2267 futura:
1237 2208 1359 2262 vitae
1388 2223 1513 2277 spes
1554 2223 1660 2263 non
1688 2216 1852 2271 esset,
1882 2206 2059 2263 omni-

454 2299 556 2354 bus
592 2300 925 2365 hominibus,
954 2301 1096 2370 quod
1126 2300 1293 2364 dixit,
1332 2298 1757 2355 miserabiliores
1786 2313 2052 2361 essemus.

458 2386 524 2443 Ut
566 2389 695 2458 quid
738 2390 882 2444 enim
922 2387 1155 2461 jejrunia,
1182 2389 1401 2460 vigiliae,
1446 2389 1645 2454 exitus,
1686 2388 1886 2442 munda
1922 2388 2057 2454 vita,

450 2480 683 2550 justitia,
716 2480 1110 2545 misericordia,
1146 2496 1313 2546 mors,
1338 2480 1383 2533 si
1416 2496 1513 2550 pro
1548 2480 1631 2534 bis
1673 2479 1817 2534 nulla
1847 2493 2059 2533 merces

452 2572 639 2627 eritin
688 2570 908 2645 futuro?
948 2573 1212 2629 increduli
1259 2582 1437 2627 autem
1486 2573 1570 2629 vel
1614 2588 1677 2629 ac
1708 2573 1817 2628 vita
1864 2571 2057 2627 fruun-

458 2674 567 2719 ιιιτ.

527 2753 687 2810 Nunc
712 2766 887 2811 autem
916 2754 1159 2811 Christus
1189 2756 1475 2810 resurrexit
1506 2773 1536 2809 α
1564 2759 1784 2809 mortuis
1805 2754 2059 2825 primititc

453 2846 859 2912 dormientium;
885 2847 1137 2917 quoniam
1166 2845 1378 2917 quidem
1408 2862 1500 2915 per
1523 2845 1789 2898 hominem
1819 2860 1982 2908 mors,
2010 2854 2059 2898 et

451 2956 547 3011 per
573 2938 836 2994 hominem
866 2939 1175 2994 resurrectio
1207 2947 1555 2990 mortuorum.
1579 2935 1694 2991 Hoc
1724 2936 1910 2991 dicens
1940 2945 2059 2990 tan-

452 3031 535 3099 git
572 3030 1091 3101 pseudoprophetas,
1117 3028 1209 3099 qui
1242 3026 1523 3083 Christum
1551 3034 1736 3080 natum
1765 3026 2054 3096 negabant,

453 3139 520 3181 ac
544 3140 642 3196 per
667 3125 771 3179 hoc
796 3138 903 3179 non
936 3122 1303 3177 resurrexisse
1329 3135 1571 3175 carnem.
1596 3118 1699 3185 Qui
1723 3118 1869 3173 enim
1896 3127 2057 3171 natus

2683 1929 2963 1987 HOMILIA
3006 1930 3243 1986 LXXIV.

2745 2038 2877 2076 ΙΤΕΜ
2909 2036 3066 2076 FEBIA
3104 2037 3176 2075 IV.

2304 2108 2491 2164 Lectio
2521 2111 2694 2166 sancti
2726 2111 3002 2180 Evangelii
3031 2112 3325 2166 secundum
3355 2111 3579 2166 Lucam.

2236 2196 2301 2253 In
2330 2199 2421 2253 illo
2449 2209 2679 2270 tempore
2708 2209 3038 2255 accesserunt
3063 2200 3132 2253 ad
3168 2198 3347 2254 Iesum
3378 2202 3595 2270 quidam
3624 2200 3764 2257 Snd~

2161 2287 2484 2355 ducccorum,
2511 2290 2601 2358 qui
2631 2300 2819 2360 negant
2846 2305 2955 2343 esse
2986 2290 3437 2355 resurrectionem,
3461 2300 3565 2344 etc.

2233 2380 2360 2433 Duae
2402 2390 2560 2434 erant
2588 2382 2824 2435 haereses
2854 2382 2905 2435 in
2937 2379 3159 2446 Judreis,
3189 2398 3297 2435 una
3338 2381 3767 2451 Pharisaeorum,

2160 2480 2215 2527 et
2263 2473 2426 2527 altera
2479 2472 2932 2539 Sadducazorum,
2990 2473 3247 2528 Pharisaei
3303 2474 3655 2527 traditionum
3710 2484 3775 2529 et

2160 2564 2598 2619 Observationum
2638 2580 2775 2635 quas
2822 2564 2897 2618 illi
2949 2562 3263 2619 deuteroses
3307 2572 3539 2628 vocant,
3590 2564 3771 2634 justi-

2162 2656 2291 2709 tiam
2322 2654 2699 2726 proferebant,
2738 2655 2880 2710 unde
2907 2663 2962 2710 et
3007 2654 3165 2709 divisi
3205 2655 3540 2708 vocabantur
3584 2670 3611 2707 a
3667 2669 3767 2722 po-

2161 2750 2305 2820 pulo.
2358 2748 2641 2804 Sadducmi
2691 2756 2873 2802 autem
2918 2748 3009 2817 qui
3054 2747 3483 2817 interpretantur
3522 2746 3657 2817 justi
3708 2756 3763 2800 et

2163 2841 2262 2909 ipsi
2305 2840 2664 2895 vendicabant
2702 2838 2804 2894 sibi
2834 2845 2978 2907 quod
3012 2852 3118 2891 non
3166 2846 3339 2892 erant.
3388 2835 3669 2890 Prioribus
3708 2844 3769 2890 et

2161 2934 2405 3003 corporis
2429 2941 2482 2988 et
2528 2932 2723 2987 anima.-
2750 2930 3205 2986 resurrcctiouem
3248 2927 3592 2984 credentibus
3628 2942 3773 2983 con-

2160 3025 2544 3095 ﬁtentibusque
2571 3021 2787 3093 angelos
2808 3032 2863 3077 et
2882 3020 3106 3090 spiritus
3128 3019 3426 3089 sequentia,
3447 3016 3603 3086 juxta
3624 3018 3775 3072 Acta

2159 3114 2548 3185 apostolorum,
2577 3112 2757 3167 omnia
2788 3111 3148 3182 denegabant.

453 3235 561 3274 non
593 3226 678 3273 est
711 3232 811 3273 nec
837 3216 1088 3274 moritur,
1116 3214 1210 3270 Sic
1240 3221 1421 3269 autem
1451 3211 1646 3283 probat
1666 3210 1941 3267 Christum
1973 3224 2061 3265 re-
2086 3208 2131 3271 C
2236 3202 2306 3256 Et
2328 3204 2779 3271 interrogaverunt
2805 3218 2922 3255 eum
2947 3201 3178 3254 dicentes
3203 3213 3219 3251 :
3252 3199 3521 3269 Magister,
3551 3197 3775 3271 Moyses

454 3310 761 3366 surrexisse
786 3323 817 3363 a
840 3310 1091 3373 mortuis,
1119 3308 1245 3378 quia
1268 3306 1430 3362 homo
1460 3304 1560 3359 fuit
1584 3321 1598 3360 :
1626 3312 1687 3357 ut
1707 3301 1930 3357 dubium
1949 3316 2057 3357 non

454 3402 529 3458 sit
555 3401 829 3457 hominem
856 3415 885 3453 a
911 3399 1021 3454 Deo
1044 3414 1074 3452 a
1102 3398 1331 3453 mortuis
1350 3396 1666 3461 excitatum,
1698 3402 1760 3449 ut
1777 3392 1904 3463 quia
1931 3404 2058 3463 pec-

452 3499 578 3549 cato
624 3491 860 3546 hominis
887 3504 1035 3545 mors
1066 3488 1285 3543 inventa
1317 3494 1431 3551 est,
1474 3484 1679 3540 Christi
1718 3482 1931 3552 justitia
1973 3496 2059 3537 re-

455 3582 851 3639 surrectionem
884 3579 1084 3635 meruit
1115 3585 1476 3633 mortuorum.
1984 3582 1985 3585 ‘

528 3672 675 3727 Sicut
721 3671 869 3725 enim
913 3671 969 3724 in
999 3669 1170 3724 Adam
1215 3683 1393 3723 omnes
1436 3667 1756 3729 moriuntur,
1796 3664 1872 3717 ita
1913 3672 1961 3717 et
2000 3662 2059 3715 in

454 3764 663 3820 Christo
711 3780 888 3819 omnes
936 3762 1359 3831 viviﬁcabuntur.
1403 3758 1519 3817 Hoc
1566 3758 1696 3814 dicit
1741 3757 1868 3827 quia
1919 3755 2062 3813 sicut

453 3856 627 3911 Adam
648 3871 888 3926 peccans
920 3863 1151 3909 mortem
1181 3854 1389 3908 invenit
1411 3860 1465 3907 et
1492 3866 1681 3905 omnes
1706 3848 1823 3918 ejus
1849 3848 2058 3919 origine

455 3947 657 4011 tenuit,
700 3954 759 3999 ut
784 3945 1234 4008 dissolverentur,
1279 3943 1353 3998 ita
1386 3942 1634 3999 Christus
1674 3955 1781 3995 non
1828 3954 2060 4010 peccans

454 4049 513 4095 et
550 4055 647 4109 per
678 4040 781 4099 hoc
825 4039 1051 4093 vincens
1097 4046 1351 4100 mortem,
1398 4036 1522 4104 quia
1574 4033 1668 4103 qui
1711 4048 1821 4090 non
1869 4038 2060 4102 peccat

457 4134 627 4188 vincit
656 4141 909 4195 mortem,
940 4130 1065 4199 quia
1092 4144 1241 4183 mors
1268 4126 1599 4194 exspectatio
1619 4125 1911 4194 justorum.
1932 4121 2061 4177 Om-

459 4229 617 4285 nibus
642 4243 774 4298 ergo
796 4226 888 4296 qui
924 4233 1137 4281 suntex
1164 4221 1280 4292 ejus
1302 4234 1527 4289 corpore
1552 4216 1842 4287 acquisivit
1869 4216 2056 4278 vitam,

459 4322 513 4378 id
542 4330 645 4385 est,
678 4317 1157 4380 resurrectionem,
1187 4312 1437 4383 quamvis
1464 4308 1775 4381 generalem
1806 4304 2061 4361 tribuerit

459 4414 916 4470 resurrectionem
936 4451 951 4476 ,
998 4417 1056 4462 ut
1085 4407 1224 4463 sicut
1267 4406 1323 4460 in
1368 4404 1539 4458 Adam
1567 4414 1759 4472 omnes
1790 4398 1905 4453 sive
1927 4396 2062 4465 justi

460 4509 573 4570 sive
610 4504 795 4576 injusti
845 4501 1166 4563 moriuntur,
1202 4498 1274 4552 ita
1300 4496 1438 4551 etin
1468 4492 1685 4548 Christo
1716 4501 1827 4545 tam
1872 4502 2063 4547 omnes

2158 3296 2364 3366 scripsit
2400 3295 2585 3349 nobis:
2622 3292 2680 3348 Si
2712 3293 2878 3363 frater
2909 3291 3135 3362 alicujus
3176 3301 3414 3345 mortuus
3458 3290 3615 3359 fuerit
3664 3289 3779 3343 ha-

2159 3388 2282 3442 bens
2317 3403 2555 3453 uxorem,
2586 3396 2632 3440 et
2663 3386 2747 3439 hic
2779 3385 2892 3439 sine
2925 3383 3053 3453 ﬁliis
3078 3383 3259 3453 fuerit,
3300 3392 3353 3435 ut
3388 3380 3610 3449 accipiat
3640 3396 3771 3434 eam

2158 3477 2328 3548 frater
2369 3476 2483 3548 ejus
2516 3492 2733 3531 uxorem
2764 3485 2812 3529 et
2843 3476 3056 3529 suscitet
3090 3478 3264 3528 semen
3295 3472 3451 3542 fratri
3480 3488 3596 3525 suo.
3624 3471 3774 3526 Vide

2166 3568 2471 3625 distantiam
2504 3568 2701 3621 littera:
2728 3572 2783 3620 et
2812 3564 3057 3634 spiritus.
3096 3560 3258 3619 Juxta
3290 3560 3525 3615 litteram
3558 3560 3777 3613 nubere

2159 3660 2369 3731 cogitur
2408 3660 2462 3714 in
2510 3659 2639 3722 vita,
2671 3664 2730 3710 ut
2774 3655 3015 3711 defuncti
3061 3668 3247 3709 semen
3288 3656 3517 3707 suscitet
3565 3649 3767 3713 frater,

2159 3752 2396 3825 Spiritus
2424 3758 2606 3805 autem
2634 3748 2888 3819 Magister
2915 3756 3000 3803 est
3032 3743 3298 3800 castitatis

2231 3840 2441 3913 Septem
2462 3857 2583 3910 ergo
2606 3839 2797 3909 fratres
2820 3845 3001 3892 erant:
3022 3843 3072 3890 et
3098 3849 3301 3905 primus
3323 3833 3520 3901 accepit
3544 3844 3775 3883 umorem

2159 3942 2205 3988 et
2238 3941 2477 3987 mortuus
2521 3940 2596 3985 est
2626 3930 2737 3984 sine
2764 3928 2926 3999 ﬁliis;
2956 3933 3005 3980 et
3032 3940 3248 3997 sequens
3294 3923 3488 3992 accepit
3517 3920 3689 3984 illam,
3717 3928 3775 3974 et

2160 4023 2267 4092 ipse
2294 4031 2531 4076 mortuus
2557 4028 2630 4075 est
2660 4020 2773 4073 sine
2792 4017 2939 4087 ﬁlio;
2963 4025 3009 4072 et
3042 4016 3225 4069 tertius
3253 4012 3449 4082 accepit
3479 4009 3656 4073 illam,
3694 4009 3776 4061 si-

2159 4112 2353 4171 militer
2392 4121 2441 4167 et
2486 4127 2661 4167 omnes
2694 4118 2907 4180 septem,
2941 4116 2989 4169 et
3025 4124 3129 4161 non
3166 4104 3489 4175 reliquerunt
3512 4116 3686 4155 semen
3716 4109 3769 4153 et

2161 4208 2357 4263 mortui
2378 4216 2517 4262 sunt.
2548 4204 2851 4260 Novissima
2879 4202 3114 4258 omnium
3144 4209 3353 4259 mortua
3374 4205 3449 4251 est
3473 4202 3519 4249 et
3550 4191 3767 4246 mulier.

2163 4302 2265 4369 Qui
2289 4300 2743 4358 resurrectionem
2760 4310 3055 4367 corporum
3080 4308 3187 4347 non
3212 4288 3527 4350 credebant,
3549 4284 3772 4339 animus

2153 4396 2464 4467 judicantes
2490 4393 2715 4447 interire
2736 4372 2865 4445 cum
2893 4385 3230 4455 corporibus,
3268 4387 3418 4435 recte
3447 4374 3765 4467 istiusmodi

2166 4465 2373 4558 ﬁngunt
2400 4482 2659 4547 fabulam,
2688 4495 2809 4552 quae
2834 4474 3171 4533 deliramenti
3208 4476 3401 4543 arguat
3430 4483 3523 4524 eos
3554 4465 3643 4536 qui
3682 4478 3773 4518 re.

458 4564 745 4661 credenles
764 4611 928 4667 quam
953 4592 1253 4649 difﬁdentes
1274 4595 1582 4659 resurgant,
1609 4587 1735 4641 licet
1757 4584 1824 4639 ad
1848 4597 2063 4657 ptenam
2092 4571 2142 4630 D
2171 4576 2558 4634 surrectionem
2623 4577 2872 4626 asseraut
2932 4574 3265 4667 mortuorum
3286 4603 3299 4627 ,
3348 4566 3527 4667 potest
3582 4564 3771 4657 autem

463 4690 755 4756 increduli,
809 4698 989 4743 tamen
1042 4682 1307 4741 viviﬁcari
1343 4682 1611 4743 videntur,
1660 4676 1788 4747 quia
1830 4689 2062 4744 corpora

461 4801 559 4847 sua
589 4783 871 4854 recipient,
897 4781 1009 4850 jam
1035 4793 1144 4832 non
1173 4773 1445 4837 morituri,
1477 4771 1570 4826 sed
1598 4768 1811 4840 passuri
1842 4782 2062 4837 poenam

464 4877 519 4932 in
552 4875 632 4929 eis
657 4873 774 4927 sine
811 4870 936 4935 ﬁne,
967 4883 1034 4923 eo
1068 4866 1211 4936 quod
1240 4864 1464 4919 credere
1494 4860 1803 4919 noluerunt.
1830 4856 1979 4911 Sicut
2009 4856 2063 4909 in

465 4966 668 5031 Adam,
697 4962 908 5034 inquit,
949 4975 1126 5013 omnes
1175 4955 1496 5015 moriuntur,
1538 4949 1613 5003 ita
1662 4957 1711 5002 et
1750 4949 1806 5003 in
1854 4946 2062 5000 Christo

465 5058 885 5125 viviﬁcabuntur.
912 5051 1047 5119 Quia
1074 5050 1215 5104 sicut
1246 5049 1299 5100 in
1338 5058 1507 5114 regno
1534 5040 1727 5096 mortis
1757 5052 1916 5092 nemo
1946 5038 2065 5095 sine

464 5152 658 5215 Adam,
688 5149 762 5203 ita
805 5148 859 5201 in
910 5157 1076 5214 regno
1124 5142 1246 5194 vitae
1283 5151 1442 5192 nezno
1473 5134 1590 5189 sine
1622 5130 1882 5194 Christo;
1926 5128 2068 5182 sicut

468 5258 564 5315 per
608 5240 777 5295 Adam
806 5250 996 5293 omnes
1026 5230 1287 5287 mortales
1332 5230 1386 5281 in
1430 5239 1587 5293 poena
1627 5221 1753 5276 facti
1798 5218 2065 5315 sunt-ﬁlii

468 5310 673 5403 saeculi,
702 5330 773 5385 ita
812 5336 866 5383 et
896 5341 994 5397 per
1021 5324 1301 5379 Christum
1329 5331 1522 5373 omnes
1552 5310 1889 5368 immortales
1927 5310 2067 5365 fiunt

471 5424 528 5496 in
556 5403 729 5495 gratia
761 5419 854 5473 mu
882 5418 1000 5472 Dei.

546 5493 912 5583 Unusquisque
959 5517 1133 5561 autem
1176 5522 1229 5557 tn
1270 5519 1363 5556 suo
1409 5498 1589 5578 ordine
1628 5509 1817 5549 :nunc
1850 5493 2070 5583 ordines

472 5580 893 5665 resurrectionis
940 5598 1056 5661 vult
1089 5608 1397 5664 exponere:
1436 5604 1502 5641 ne
1541 5587 1648 5640 Deo
1696 5590 1947 5655 putarent
1992 5580 2071 5634 fa-

473 5698 722 5758 bulosum
749 5709 891 5757 esse,
921 5692 1045 5761 quia
1077 5689 1276 5743 factum
1307 5683 1480 5736 adhuc
1511 5694 1615 5732 non
1642 5685 1725 5730 est
1754 5676 1806 5727 in
1838 5671 2070 5728 caeteris.

475 5793 706 5848 Ordines
747 5788 852 5843 illis
889 5784 1110 5856 exponit
1153 5790 1201 5835 et
1252 5789 1495 5846 tczupora
1528 5770 1742 5840 quando
1776 5765 1975 5820 factum
2008 5764 2077 5817 sit

2174 4670 2288 4727 ﬁeri
2336 4676 2395 4722 ut
2440 4666 2553 4721 fere
2599 4665 2653 4719 in
2703 4669 2861 4733 gente
2903 4673 3091 4716 eorum
3140 4652 3429 4725 aliquando
3477 4651 3581 4705 hoc
3621 4646 3774 4702 accio

2170 4763 2331 4821 derit.
3404 4832 3414 4843 .
3725 4826 3736 4837 .

2244 4852 2312 4906 In
2356 4847 2733 4904 resurrectione
2776 4859 2898 4913 ergo
2934 4840 3084 4910 cujus
3127 4852 3308 4893 eorum
3339 4840 3435 4887 erit
3482 4841 3655 4884 uxor:
3687 4844 3767 4880 st-

2170 4942 2379 5014 quidem
2424 4949 2615 5008 septem
2664 4934 2955 4989 habuerunt
3006 4945 3120 4983 eam
3171 4940 3405 4980 uxorem.
3453 4918 3772 5014 Turpitudi-

2168 5012 2292 5093 nem
2340 5030 2536 5087 fabulae
2584 5033 2894 5098 opponunt.
2935 5030 2999 5076 ut
3042 5014 3455 5075 resurrectionis
3500 5012 3770 5079 denegeut

2168 5127 2474 5182 veritatem.
2524 5120 2725 5173 Verum
2765 5113 2994 5185 mystice
3042 5117 3249 5179 septem
3295 5106 3350 5161 hi
3403 5102 3599 5159 fratres
3646 5099 3772 5155 sine

2170 5216 2296 5271 ﬁliis
2324 5210 2561 5268 defuncti
2584 5204 2830 5277 reprobis
2867 5203 3167 5272 quibusque
3198 5201 3519 5266 congruunt,
3551 5191 3641 5259 qui
3666 5203 3768 5259 per

2171 5313 2337 5363 totam
2368 5302 2531 5370 hujus
2573 5296 2751 5353 saeculi
2802 5296 2987 5355 vitam,
3035 5304 3153 5360 qua:
3184 5296 3387 5355 septem
3418 5283 3608 5338 diebus
3646 5278 3767 5334 vol-

2171 5400 2317 5453 vitur
2357 5412 2388 5451 a
2431 5394 2589 5449 bonis
2652 5385 2904 5458 operibus
2955 5380 3167 5437 steriles
3214 5378 3459 5431 existunt
3505 5390 3517 5423 :
3571 5370 3770 5441 quibus

2173 5488 2373 5545 viritim
2412 5492 2584 5539 morte
2614 5479 2812 5534 misera
2838 5471 3141 5545 prmreptis,
3173 5468 3240 5533 ad
3269 5468 3521 5533 ultimum
3547 5471 3603 5517 et
3650 5460 3768 5529 ipsa

2175 5578 2445 5633 mundana
2495 5568 2835 5627 conversatio
2884 5578 3045 5635 quam
3096 5560 3169 5615 illi
3227 5558 3343 5612 sine
3402 5553 3553 5609 vitali
3603 5566 3773 5621 opere

2178 5671 2553 5736 transegerant
2589 5660 2741 5730 quasi
2775 5673 2911 5712 ιυιυιτ
2943 5650 3226 5708 infecunda
3258 5644 3530 5701 transibit.

2252 5760 2318 5813 Et
2368 5733 2437 5813 ait
2488 5754 2591 5809 illis
2612 5754 2805 5807 Jesus.
2848 5746 2974 5800 Filii
3045 5742 3223 5799 δαναιιί
3271 5736 3427 5808 hujus
3472 5733 3673 5789 nubunt
3727 5741 3777 5788 et
