3946 6324
158 345 252 407 189

1292 344 1596 400 110ml.le
1640 344 1705 398 IN
1741 342 1993 401 EVANG.
2040 346 2125 401 ΕΤ
2157 338 2379 404 EPIST.

3331 353 3436 412 290

160 460 430 513 traduntur
472 453 539 507 ad
597 455 824 523 nuptias.
877 454 1007 509 Cum
1060 454 1317 509 Dominus
1358 454 1529 519 dicat,
1578 452 1741 507 nolite
1768 458 1817 516 Α
1846 455 1971 510 inde
2014 458 2260 525 proferre
2289 456 2595 512 testimonia
2644 470 2871 527 quorum
2908 460 3284 516 auctoritatem
3323 472 3430 522 non

160 552 279 607 dare
323 557 569 604 sanctum
619 550 867 613 canibus,
918 564 1093 620 neque
1141 549 1370 604 mittatis
1419 549 1739 619 margaritas

163 654 355 700 vestras
401 649 527 696 ante
565 657 782 711 porcos,
814 643 954 711 quod
993 644 1108 712 ipse
1131 630 1377 713 (incedam
1409 643 1490 697 vel
1538 642 1629 698 hic
1676 643 1741 696 de

158 736 311 807 gloria
350 734 783 797 resurrectionis,
815 734 895 788 vel
931 733 1056 788 alibi
1088 734 1153 787 de
1184 733 1623 803 dispensationis,
1649 742 1743 785 aut

158 829 308 883 etiam
334 825 635 880 divinitatis
667 839 776 879 suae
804 825 1063 896 mysterio
1086 824 1289 879 dixisse
1317 824 1591 878 invenitur
1622 839 1741 892 qum

156 918 298 973 inulti
322 916 411 987 qui
443 914 767 970 addiderant
795 914 879 968 vel
907 901 1209 969 resistendo
1235 912 1319 966 vel
1344 912 1739 967 contemnendo

156 1026 251 1064 non
295 1015 650 1078 acceperunt,
694 1021 799 1060 non
831 1007 1099 1074 putandus
1128 1014 1211 1060 est
1256 1012 1501 1059 sanctum
1529 1004 1739 1058 dedisse

154 1099 384 1162 canibus,
436 1106 531 1151 aut
574 1097 897 1168 margaritas
928 1095 1142 1151 misisse
1194 1103 1321 1149 ante
1358 1109 1572 1163 porcos.
1618 1093 1734 1148 Non

154 1191 283 1243 enim
308 1189 383 1243 eis
411 1188 565 1243 dedit
607 1187 699 1256 qui
728 1202 923 1257 capere
956 1201 1059 1242 non
1108 1193 1382 1256 poterant,
1414 1183 1506 1238 sed
1536 1183 1614 1237 eis
1646 1184 1737 1251 qui

151 1293 385 1353 poterant
415 1294 471 1339 et
520 1284 681 1339 simul
737 1281 1000 1345 aderant,
1047 1294 1183 1349 quos
1231 1285 1453 1348 propter
1506 1276 1731 1331 aliorum

149 1374 537 1429 immunditiam
561 1374 752 1444 negligi
782 1388 887 1426 non
916 1372 1224 1441 oportebat,
1250 1378 1448 1423 etcum
1472 1383 1592 1422 cum
1622 1378 1735 1422 ten-

151 1473 343 1519 tatores
391 1465 835 1535 interrogabant,
886 1461 1356 1533 respondebatqne
1401 1460 1506 1514 illis
1534 1460 1641 1523 ita,
1678 1466 1735 1512 ut

146 1556 264 1624 quid
294 1554 732 1610 contradicerent
775 1554 1059 1615 baberent,
1087 1552 1337 1621 quamvis
1370 1551 1596 1605 venenis
1619 1549 1731 1603 suis

146 1646 583 1699 contabescerent
612 1646 790 1715 potius
817 1660 979 1715 quam
1014 1644 1155 1698 illius
1182 1644 1304 1697 cibo
1333 1650 1726 1705 saturarentur,

146 1736 226 1789 alii
255 1746 431 1790 tamen
479 1738 571 1805 qui
603 1744 853 1806 poterant
881 1746 1075 1805 capere
1101 1749 1169 1789 ex
1200 1733 1412 1790 illorum
1444 1734 1730 1789 occasione

145 1829 299 1883 multa
326 1830 535 1885 utiliter
560 1829 868 1884 audiebant.

208 1918 295 1973 Illi
328 1930 505 1973 autem
550 1921 639 1991 qui
668 1919 811 1991 digni
851 1920 1179 1973 habebuntur
1208 1918 1401 1973 swculo
1433 1919 1524 1971 illo
1564 1928 1610 1972 et
1652 1936 1732 1972 re-

147 2015 456 2067 surrectione
504 2030 572 2066 ex
606 2012 846 2078 mortuis,
881 2028 1040 2081 neque
1088 2010 1288 2064 nubunt
1335 2026 1496 2080 neque
1532 2010 1729 2063 ducunt

145 2121 338 2158 uxores.
368 2103 488 2160 Non
529 2104 603 2158 ita
642 2102 1043 2173 intelligendum
1072 2110 1183 2167 est,
1230 2101 1384 2169 quasi
1431 2101 1575 2171 digni
1615 2111 1730 2153 tan-

148 2205 249 2249 tum
276 2197 355 2250 vel
386 2196 749 2251 resurrecturi
779 2195 861 2250 vel
894 2196 1013 2250 sine
1044 2194 1249 2265 nuptiis
1277 2193 1443 2248 futuri
1477 2194 1605 2258 sint,
1650 2195 1731 2247 in-

145 2285 275 2357 digni
313 2297 493 2341 autem
515 2328 529 2351 ,
578 2287 629 2341 id
659 2294 757 2348 est,
792 2297 1127 2355 peccatores,
1164 2285 1249 2339 vel
1295 2285 1517 2339 minime
1550 2300 1730 2339 resur-

147 2379 353 2443 recturi,
377 2377 462 2432 vel
506 2377 576 2431 ad
624 2377 841 2447 nuptias
886 2376 1243 2431 resurrecturi
1287 2376 1396 2429 sint
1430 2374 1727 2429 credendi:

144 2472 228 2526 sed
256 2470 325 2524 ita
366 2470 553 2541 potius
592 2468 931 2525 sentiendum
981 2468 1126 2537 quod
1154 2481 1347 2521 omnes
1391 2477 1445 2520 et
1485 2479 1731 2520 resurre-

144 2562 289 2626 cturi,
318 2571 369 2615 et
397 2562 606 2631 absque
630 2562 834 2630 nuptiis
874 2562 983 2615 sint
1015 2561 1068 2614 in
1100 2559 1297 2615 sacculo
1343 2559 1435 2612 illo
1465 2558 1727 2623 mansuri,

146 2650 390 2707 Dominus
414 2661 600 2706 autem
646 2650 896 2705 Salvator
922 2658 982 2705 ut
1008 2652 1076 2705 ad
1110 2650 1340 2721 gloriam
1376 2649 1728 2703 resurrectio-

145 2741 220 2795 nis
260 2744 469 2796 animos
512 2742 775 2796 excitaret
837 2741 1251 2809 inquirendam,
1281 2741 1347 2795 de
1400 2740 1588 2793 electis
1636 2755 1728 2793 so-

145 2832 401 2887 lummodo
432 2833 604 2887 voluit
638 2833 819 2887 facere
854 2848 1182 2887 sermonem.
1226 2831 1283 2885 Si
1319 2841 1500 2884 autem
1538 2831 1589 2883 in
1641 2846 1727 2883 re-

143 2926 667 2994 sunectionemeque
698 2926 908 2979 nubunt
946 2939 1120 2993 neque
1150 2924 1351 2978 ducunt
1380 2936 1599 2987 uxores,
1647 2938 1730 2977 rc—

143 3025 352 3085 surguut
380 3030 510 3085 ergo
539 3031 786 3085 corpora,
816 3030 936 3085 qua:
981 3025 1205 3084 possunt
1237 3023 1295 3068 et
1339 3013 1545 3068 nubere
1592 3029 1727 3068 uxo-

144 3122 257 3162 res:
292 3110 392 3163 hoe
432 3116 519 3162 est
564 3106 889 3162 feminarum
918 3116 973 3160 et
1015 3108 1255 3160 virorum
1301 3106 1465 3159 certis
1490 3106 1722 3159 discreta

1848 550 2215 618 sequebantur
2240 568 2252 602 :
2282 564 2442 619 porro
2471 550 2537 605 ad
2566 551 2922 605 aeternitatem
2948 552 3251 606 animarum
3304 568 3435 622 pm-

1846 640 2078 694 bandam
2106 642 2171 696 de
2217 641 2383 711 Moysi
2421 642 2571 711 ponit
2613 644 2916 713 exemplum
2947 663 2957 697 :
2990 643 3100 713 Ego
3144 660 3259 698 sum
3290 644 3434 701 Deus

1846 729 2142 797 Abraham,
2170 738 2218 784 et
2255 729 2393 784 Deus
2441 730 2613 796 Isaac,
2644 742 2691 786 et
2735 732 2875 786 Deus
2922 732 3107 786 Jacob.
3156 733 3222 787 Et
3251 738 3432 790 statim

1847 820 2043 875 infert:
3108 838 3111 839 '

1916 912 2055 966 Deus
2088 924 2259 967 autem
2288 930 2389 966 non
2424 924 2497 967 est
2532 923 2879 979 mortuorum,
2908 916 2996 969 sed
3024 916 3326 972 viventium.
3366 918 3435 973 Ut

1845 1004 2219 1070 comprobaret
2250 1004 2465 1058 animas
2489 1018 2806 1074 permanere
2833 1014 2952 1073 post
3005 1016 3255 1072 mortem,
3288 1008 3433 1076 quod

1846 1084 1917 1143 illi
1964 1092 2103 1145 inter
2131 1097 2324 1146 cmtcra
2357 1092 2657 1164 negabant,
2686 1109 2858 1162 neque
2888 1103 3098 1162 poterat
3122 1096 3265 1148 enim
3294 1095 3429 1157 fieri,

1843 1190 1902 1233 ut
1927 1188 2113 1233 eorum
2155 1190 2300 1235 esset
2331 1165 2505 1246 'Deus,
2542 1183 2629 1250 qui
2680 1198 3020 1251 nequaquam
3052 1184 3430 1249 subsisterent,

1842 1279 2238 1339 consequenter
2281 1271 2711 1326 introduceretur
2752 1282 2805 1324 et
2849 1288 3139 1342 corporum
3187 1289 3431 1329 resurre-

1841 1364 1970 1429 ctio,
2006 1380 2125 1434 qua:
2162 1381 2284 1419 cum
2336 1366 2625 1419 animabus
2669 1367 2808 1419 bona
2861 1367 3067 1419 nzalave
3116 1376 3429 1436 gesserunt,

1841 1472 2017 1509 omnes
2063 1457 2197 1510 enim
2231 1457 2405 1510 vivunt
2453 1457 2531 1521 ei,
2577 1471 2765 1510 omnes
2794 1456 3041 1512 videlicet
3077 1457 3149 1509 illi
3200 1473 3431 1526 quorum

1839 1545 2097 1601 Dominus
2134 1554 2215 1601 est
2256 1546 2399 1601 Deus
2432 1546 2615 1600 vivunt
2663 1549 2737 1611 ei,
2781 1548 2888 1599 vita
2938 1546 3122 1615 utique
3166 1562 3292 1601 vera
3324 1562 3429 1617 qua

1830 1640 1961 1707 justi
2011 1641 2214 1703 vivunt,
2266 1640 2430 1693 etiam
2475 1640 2693 1709 quando
2734 1646 2957 1709 corpore
3001 1641 3322 1693 moriuntur.
3358 1640 3437 1693 De

1838 1748 1943 1801 qua
1971 1732 2097 1787 alibi
2129 1733 2387 1787 Dominus
2413 1733 2505 1797 ait,
2538 1731 2639 1796 Qui
2670 1732 2830 1785 credit
2863 1732 2914 1784 in
2944 1748 3023 1785 me
3063 1732 3268 1785 etiamsi
3296 1748 3433 1787 mor-

1757 1816 1802 1874 B
1832 1836 1954 1878 tuus
2003 1825 2193 1894 fuerit,
2236 1824 2383 1877 viret.
2414 1824 2587 1877 Crede
2635 1838 2783 1892 ergo,
2828 1822 2927 1876 etsi
2975 1832 3219 1876 mortuus
3264 1821 3434 1876 fueris

1833 1917 2013 1977 vives;
2042 1916 2087 1969 si
2117 1924 2295 1968 autem
2325 1929 2429 1967 non
2454 1913 2651 1975 credis,
2676 1924 2731 1966 et
2756 1928 2879 1965 cum
2903 1914 3037 1965 vivis
3064 1922 3309 1967 mortuus
3338 1928 3427 1967 es:

1832 2007 1991 2060 vidua
2015 2007 2159 2059 enim
2186 2020 2305 2074 quce
2328 2005 2380 2059 in
2411 2003 2615 2058 deliciis
2646 2004 2799 2067 vivit,
2822 2012 3033 2058 mortua
3058 2013 3159 2058 est.
3197 2004 3427 2073 Respon-

1831 2103 2008 2156 dentes
2036 2110 2207 2155 autem
2231 2101 2445 2170 quidam
2470 2100 3022 2153 scribaruntdircrunt
3041 2101 3086 2152 ei
3115 2095 3427 2169 :Jlagister,

1830 2194 1956 2245 bene
1976 2193 2177 2245 dixisti.
2209 2191 2275 2244 Et
2301 2192 2525 2260 amplius
2550 2204 2650 2244 non
2676 2191 2938 2243 audebant
2962 2207 3077 2243 eum
3106 2191 3431 2260 interrogare

1828 2284 2134 2355 quidquam.
2161 2284 2438 2355 Principes
2465 2282 3121 2339 sacerdotum'Saddueaii
3151 2291 3203 2337 ct
3236 2283 3429 2337 scribe

1830 2386 2134 2445 quaerentes
2162 2377 2505 2432 occasionem
2538 2375 2821 2431 calumnia:
2861 2386 2914 2429 et
2942 2376 3161 2429 verbum
3209 2376 3424 2444 aliquod

1832 2470 2075 2524 invenire
2120 2471 2263 2539 quod
2309 2477 2519 2538 pateret
2550 2469 2759 2523 insidiis
2790 2487 2801 2520 :
2844 2468 2969 2536 quia
3000 2468 3053 2521 in
3083 2469 3429 2522 sermonibus

1831 2561 2092 2616 eonfutati
2118 2569 2261 2627 sunt,
2288 2561 2426 2615 ultra
2452 2576 2556 2614 non
2584 2561 2941 2629 interrogant,
2966 2561 3059 2613 sed
3086 2560 3430 2629 apertissime

1830 2657 2280 2726 comprehensum
2314 2654 2570 2709 Romana:
2622 2655 2840 2707 tradunt
2883 2654 3156 2722 potestati,
3206 2669 3273 2707 ex
3321 2668 3431 2722 quo

1830 2745 2177 2813 intelligimus
2200 2761 2407 2800 venena
2439 2744 2652 2798 invidia:
2681 2759 2838 2813 posse
2882 2745 3098 2813 quidem
3146 2744 3386 2813 soperari
3409 2783 3429 2805 ,

1829 2835 1924 2890 sed
1952 2835 2167 2890 difficile
2190 2836 2597 2905 conquiescere.
2623 2833 2773 2887 Unde
2801 2833 3061 2903 scriptum
3091 2842 3196 2896 est,
3224 2850 3316 2903 per
3345 2834 3427 2897 in-~

1830 2926 2021 2980 vidiam
2051 2926 2247 2979 diaboli
2272 2943 2411 2979 mors
2441 2926 2671 2979 introivit
2696 2926 2750 2977 in
2784 2925 2960 2977 orbem
2986 2934 3279 2977 terrarum:
3311 2924 3427 2977 itni-v

1833 3026 2014 3073 tantur
2045 3026 2225 3070 autem
2265 3032 2408 3080 cum,
2437 3016 2529 3086 qui
2569 3024 2693 3070 sunt
2724 3024 2787 3069 ex
2824 3022 2975 3085 parte
3006 3014 3147 3083 ejus,
3179 3030 3274 3084 per
3300 3014 3424 3068 elia-

1829 3108 2044 3162 ritatem
2082 3123 2209 3177 ergo
2242 3116 2291 3161 et
2324 3105 2759 3160 misericordiam.
2789 3104 3087 3159 conditoris
3114 3104 3286 3157 nostri
3314 3102 3423 3157 col-

142 3201 368 3255 membra
392 3200 679 3270 speciebus
706 3218 718 3253 :
752 3198 843 3254 sed
870 3198 1011 3253 nulla
1038 3197 1428 3253 concumbendi
1449 3198 1723 3267 voluptate
1752 3158 1798 3220 Ο
1829 3200 1941 3278 lata
1964 3208 2048 3255 est
2081 3158 2236 3254 nobis
2276 3198 2421 3252 salus
2469 3204 2668 3251 aeterna
2700 3206 2753 3250 et
2803 3197 2911 3249 vita
2956 3208 3232 3266 perpetua,
3272 3193 3429 3261 cujus
3481 3263 3483 3267 η

140 3291 217 3346 vel
242 3294 569 3348 necessitate
606 3292 933 3361 mancipata.
968 3290 1138 3345 Nemo
1173 3290 1371 3360 quippe
1400 3290 1529 3345 dicit
1555 3291 1619 3344 de
1650 3290 1722 3343 la.

140 3380 249 3447 pide
270 3389 322 3434 et
347 3380 549 3435 arbore
575 3388 631 3435 et
661 3380 745 3434 his
773 3380 934 3434 rebus
961 3395 1081 3449 qua:
1104 3396 1209 3435 non
1247 3380 1450 3433 habent
1478 3381 1721 3434 membra

140 3472 399 3541 genitalia,
430 3471 574 3541 quod
623 3487 727 3526 non
777 3473 985 3526 nubant
1024 3486 1205 3540 neque
1249 3470 1448 3525 ducant
1480 3486 1719 3525 uxores:

140 3561 224 3615 sed
248 3563 313 3617 de
342 3564 431 3617 his
453 3564 694 3632 quicum
740 3564 951 3632 possint
981 3562 1205 3628 nubere,
1244 3570 1425 3616 tamen
1474 3563 1579 3615 alia
1630 3580 1718 3615 ra-

143 3654 271 3707 tione
297 3670 402 3708 non
443 3655 671 3708 nubunt.

205 3742 380 3813 Neque
410 3745 552 3797 enim
600 3744 743 3797 ultra
790 3745 924 3798 mori
972 3753 1236 3812 poterunt.
1268 3742 1401 3809 Quia
1448 3745 1716 3798 connubia

140 3842 344 3902 propter
394 3834 557 3899 filios,
602 3834 694 3888 lilii
727 3843 948 3904 propter
991 3834 1415 3898 successionem,
1447 3836 1726 3889 successio

143 3932 345 3991 propter
382 3933 636 3981 mortem.
669 3924 771 3979 Ubi
804 3940 932 3994 ergo
960 3924 1099 3979 mori
1125 3939 1233 3979 non
1270 3935 1353 3979 est
1394 3940 1569 3994 neque
1599 3940 1711 3979 con-

144 4013 323 4069 nubia,

203 4103 454 4175 Aunales
491 4106 627 4160 enim
658 4106 856 4177 angelis
900 4116 1062 4172 sunt,
1083 4116 1131 4161 et
1158 4105 1258 4175 filii
1302 4117 1423 4160 sunt
1455 4106 1575 4172 Dei,
1601 4122 1720 4159 cum

143 4194 232 4248 sint
274 4196 372 4264 ﬁlii
404 4199 821 4252 resurrectionis.
851 4197 1108 4267 quuales
1150 4198 1348 4268 angelis
1381 4208 1427 4252 et
1471 4197 1571 4266 ﬁlii
1599 4206 1718 4251 sunt

144 4283 260 4347 Dei,
301 4287 391 4356 qui
441 4286 613 4355 gloria
673 4289 1089 4343 resurrectionis
1140 4290 1412 4354 innovati,
1459 4289 1575 4344 sine
1610 4289 1719 4344 ullo

145 4376 317 4430 mortis
356 4386 506 4431 metu
528 4418 544 4441 ,
590 4378 707 4432 sine
732 4377 841 4432 ulla
882 4378 1001 4433 labe
1031 4380 1418 4449 corruptionis,
1444 4380 1567 4434 sine
1610 4379 1718 4434 nilo

1828 3282 2099 3346 mandatis
2124 3291 2171 3345 si
2205 3289 2312 3345 rite
2348 3289 2713 3344 obedierimus
2742 3298 2996 3341 arternam
3026 3288 3187 3340 vitam
3224 3286 3275 3340 in
3306 3299 3417 3340 ca!-

1827 3381 1946 3436 lesli
1999 3396 2163 3451 regno
2207 3380 2571 3450 percipiemus
2616 3384 2907 3447 praestante
2958 3376 3186 3430 Domino
3234 3385 3421 3430 nostro

1824 3469 1955 3525 Iesu
1980 3469 2218 3531 Christo,
2246 3470 2337 3539 qui
2369 3469 2498 3523 vivit
2523 3476 2579 3523 et
2605 3478 2797 3537 regnat
2841 3483 2961 3521 eum
3008 3466 3168 3520 Patre
3216 3467 3268 3519 iu
3296 3467 3418 3519 uni-

1825 3570 1937 3615 tate
1971 3560 2204 3630 Spiritus
2240 3558 2435 3621 sancti,
2474 3571 2571 3629 per
2614 3560 2803 3613 omnia
2843 3557 3038 3613 saecula
3077 3556 3395 3612 SCttClliOl‘Ultl

1826 3652 2019 3707 Anien.

2351 3740 2632 3798 HOMIIJA
2674 3740 2867 3797 LXXV

2501 3852 2658 3889 FERFA
2692 3852 2741 3887 Υ.

1982 3928 2169 3984 Lectio
2198 3927 2371 3983 sancti
2400 3927 2671 3997 Evangelii
2701 3927 2993 3981 secundum
3024 3924 3245 3979 Lucam.

1894 4017 1961 4074 In
2008 4018 2099 4072 illo
2146 4029 2373 4087 tempore
2416 4019 2547 4072 dixit
2593 4017 2755 4072 Jesus-
2793 4018 3064 4086 discipulis
3104 4019 3255 4070 suis:
3285 4015 3414 4069 Cum

1824 4119 1998 4165 autem
2025 4110 2268 4163 inducent
2313 4125 2399 4163 vos
2447 4111 2499 4161 in
2538 4125 2847 4178 synagogas,
2892 4118 2937 4159 et
2978 4108 3053 4160 ad
3076 4107 3421 4177 magistratus

1821 4211 1875 4255 et
1917 4210 2216 4271 potestates,
2257 4200 2415 4253 nolite
2464 4198 2673 4253 solliciti
2722 4216 2834 4252 csse
2877 4199 3102 4269 qualiter
3147 4208 3237 4251 aut
3286 4198 3417 4268 quid

1824 4292 2209 4362 respondeatis,
2250 4301 2341 4345 aut
2389 4291 2524 4361 quid
2555 4292 2742 4344 dicatis
2775 4307 2793 4343 :
2828 4289 3059 4358 Spiritus
3101 4290 3237 4342 enim
3284 4302 3413 4342 sarr-

1822 4395 1950 4437 ctus.
1990 4382 2190 4435 docebit
2248 4396 2336 4434 vos
2390 4383 2447 4434 in
2505 4383 2617 4451 ipsa
2674 4382 2804 4434 hora
2855 4398 2972 4449 qua:
3041 4390 3273 4448 oporteat
3327 4380 3415 4432 (lia

146 4467 325 4522 terreni
350 4476 530 4521 status
557 4476 677 4522 actu
709 4480 965 4538 perpetua
993 4469 1086 4525 Dei
1114 4471 1323 4526 visione
1353 4471 1716 4536 fruuntur,ad
1741 4504 1793 4562 D
1822 4490 1958 4538 cere,
1981 4481 2086 4526 etc.

145 4573 288 4637 quam
338 4572 562 4614 necesse
598 4567 681 4613 est
716 4559 971 4631 angelicae
1002 4561 1277 4631 dignitatis
1310 4561 1669 4629 aequalitatem
1695 4599 1720 4625 γ

145 4648 372 4717 quisquis
408 4658 539 4703 tunc
563 4649 821 4705 accedere
852 4644 1141 4715 desiderat,
1172 4666 1316 4705 nunc
1345 4651 1582 4705 minimis
1611 4650 1717 4705 fra-

147 4736 301 4794 tribus
324 4741 749 4795 eondescendat.

208 4828 337 4895 Quia
385 4848 507 4885 vero
563 4842 838 4901 resurgunt
898 4834 1091 4887 mortui
1136 4842 1184 4887 et
1237 4834 1452 4903 Moyses
1494 4837 1713 4889 ostendit

146 4935 276 4973 usus
306 4922 517 4986 rubum,
558 4923 692 4975 sicut
724 4922 847 4974 dicit
891 4922 1175 4977 Dominum
1218 4923 1383 4977 Deum
1426 4924 1714 4987 Abraham,

146 5018 187 5060 et
218 5009 378 5063 Deum
407 5010 587 5075 Isaac,
617 5019 664 5064 et
715 5010 875 5064 Deum
915 5010 1102 5066 Iacob.
1144 5013 1226 5067 Ad
1256 5015 1709 5083 comprobanrlam

149 5101 543 5155 resurrectionis
564 5100 879 5166 veritatem,
898 5102 1080 5156 multis
1105 5102 1227 5156 aliis
1252 5104 1712 5160 manifestioribus

146 5192 385 5261 exemplis
414 5192 492 5245 uti
528 5193 719 5259 potuit.
745 5208 777 5249 e
806 5191 999 5262 quibus
1032 5201 1115 5247 est
1143 5192 1294 5258 illud,
1322 5195 1713 5249 suscitabttntur

148 5282 339 5344 mortui,
366 5291 416 5333 et
444 5294 731 5351 resurgant,
753 5285 841 5353 qui
888 5285 947 5336 in
974 5282 1229 5353 sepulcris
1268 5294 1409 5337 sunt.
1441 5285 1709 5352 Quaeritur

149 5368 309 5438 itaque
342 5373 473 5442 quid
503 5373 601 5427 sibi
643 5373 872 5427 voluerit
899 5373 1157 5428 Dominus
1197 5375 1300 5428 hoc
1344 5376 1585 5443 proferre
1629 5385 1709 5430 te-

147 5461 463 5528 stiinonium,
493 5464 637 5534 quod
679 5466 892 5521 videtur
924 5466 1253 5537 ambiguum,
1304 5468 1386 5521 vel
1433 5482 1538 5521 non
1576 5470 1708 5521 satis

148 5552 205 5608 ad
238 5556 650 5611 rrsurrectionis
690 5558 968 5625 pertinens
1003 5557 1318 5622 veritatem;
1351 5559 1442 5611 sed
1494 5558 1701 5611 Saddu-

147 5645 232 5698 caci
258 5648 491 5716 quinque
519 5655 727 5701 tantum
773 5647 939 5703 libros
982 5647 1148 5717 Moysi
1182 5648 1542 5715 recipiebant,
1582 5663 1705 5716 pro-

152 5732 411 5803 phctarum
463 5735 715 5789 vaticinia
764 5747 1092 5805 respuentes.
1141 5735 1371 5789 Stultum
1424 5752 1549 5806 ergo
1588 5748 1703 5790 erat

1890 4563 2025 4618 Cum
2054 4581 2183 4636 ergo
2213 4574 2433 4634 propter
2457 4562 2739 4622 Christum
2781 4563 3030 4617 ducimur
3074 4562 3138 4615 ad
3174 4560 3419 4630 iudices,

1819 4655 2149 4711 voluntatem
2197 4665 2401 4710 tantum
2454 4662 2693 4709 nostram
2741 4668 2839 4721 pro
2887 4650 3109 4705 Christo
3151 4651 3419 4705 debemus

1817 4745 2043 4811 olferre;
2090 4755 2343 4801 ueterum
2376 4746 2487 4814 ipse
2517 4744 2763 4798 Christus
2804 4743 2895 4812 qui
2930 4742 2981 4796 in
3018 4742 3172 4797 nobis
3200 4740 3418 4796 habita!

1821 4838 2057 4907 loquitur
2084 4852 2191 4907 pro
2208 4852 2284 4901 se,
2317 4846 2369 4890 et
2400 4836 2634 4905 Spiritus
2666 4845 2889 4890 sanctus
2932 4836 2984 4888 in
3033 4834 3418 4903 respondendo

1820 4930 2057 4999 gratiam
2077 4930 2432 4984 ministrabit.

1890 5022 1974 5073 Ait
2006 5031 2177 5074 atatem
2215 5022 2261 5074 ei
2284 5021 2495 5091 quidam
2525 5028 2587 5073 de
2618 5020 2801 5072 turba:
2832 5016 3103 5087 Magister,
3132 5017 3215 5071 dic
3246 5018 3405 5087 fratri

1817 5124 1929 5162 utea
1966 5118 2023 5160 ut
2050 5110 2246 5162 dividat
2282 5125 2480 5161 mecum
2511 5109 2885 5161 haereditatem.
2914 5108 2979 5161 At
3014 5108 3101 5162 ille
3130 5108 3262 5163 dixit
3300 5108 3348 5163 ei
3382 5124 3400 5161 :

1820 5200 2011 5265 Homo,
2034 5202 2153 5271 quis
2179 5218 2257 5253 me
2283 5200 2545 5253 constituit
2570 5200 2804 5268 judicem
2830 5212 2921 5253 aut
2946 5202 3221 5254 divisorem
3241 5214 3415 5271 supra‘

1818 5292 1944 5344 vos?
1967 5290 2156 5344 Merito
2182 5289 2442 5344 refutatur
2462 5290 2550 5343 hie
2573 5289 2739 5343 frater
2760 5292 2848 5358 qui
2876 5290 3134 5359 magistro
3157 5306 3403 5360 superum

1816 5382 1964 5449 pacis
2011 5380 2340 5447 unitatisque
2384 5380 2575 5449 gaudia
2618 5380 3014 5434 commendanti
3063 5389 3221 5437 terrae
3262 5383 3403 5437 divi:

1815 5468 1985 5541 sionis
2008 5467 2120 5519 vult
2169 5469 2410 5537 ingerere
2448 5468 2771 5532 molestiam,
2805 5470 2996 5523 merito
3034 5472 3266 5526 hominis
3306 5486 3402 5525 vo—

1813 5555 2004 5611 cabulo
2031 5564 2265 5609 notatur.
2296 5556 2369 5610 Cu
2398 5576 2423 5608 ιι
2453 5558 2593 5611 enim
2626 5558 2696 5611 sit
2719 5559 2858 5613 inter
2884 5575 2977 5613 vos
3003 5561 3149 5615 zelus
3177 5571 3231 5616 et
3262 5578 3396 5615 cons

1812 5646 1999 5708 tentio,
2047 5660 2224 5699 nonne
2268 5646 2512 5701 carnales
2547 5649 2699 5711 estis,
2733 5665 2910 5704 nonne
2949 5651 3195 5707 homines
3241 5654 3407 5713 estis.

1810 5745 1862 5789 ct
1893 5734 2184 5788 secundum
2217 5736 2485 5793 hominem
2532 5738 2851 5793 ambulatis?
2889 5740 3160 5810 Negatque
3198 5756 3255 5795 se
3291 5744 3395 5797 Do-
