3946 6366
525 350 623 407 291

1166 343 1226 397 Β.
1270 342 1519 397 RABAN!
1565 340 1784 397 MAURI
1822 338 2138 394 ARClllEP.
2183 337 2492 394 MOCUNT.
2536 336 2820 395 OPEREM
2859 336 3038 392 PARS
3077 337 3137 391 ll.

3698 338 3795 393 291

525 459 705 515 minus
732 453 1009 511 hominum
1037 465 1157 506 esse
1203 451 1525 515 divisorem,
1566 450 1634 504 ad
1665 464 1799 519 quos
1829 457 1883 502 et
1930 462 2112 502 secum
2143 454 2192 509 Α
2216 446 2318 515 ﬁlii
2344 447 2476 501 lucis
2506 449 2648 514 estis,
2672 458 2719 502 et
2750 448 2851 517 ﬁlii
2876 449 3015 511 diei;
3058 466 3162 506 non
3206 467 3393 507 sumus
3421 459 3596 509 noctis
3633 468 3801 523 neque

523 556 580 604 et
620 561 745 603 cum
776 541 981 616 angelis
1024 539 1389 610 paciﬁcandos
1419 546 1660 593 venerat.
1694 536 1817 591 Non
1857 537 1993 591 enim
2039 546 2112 590 est

523 646 665 701 Deus
676 641 1015 699 dissensionis
1032 640 1124 693 sed
1136 637 1283 709 pacis
1311 644 1361 690 et
1375 634 1769 688 multitudinem
1786 629 2108 683 credentium

520 746 636 792 eral
658 752 749 789 cor
765 750 928 789 unum
952 742 1002 787 et
1030 733 1213 786 anima
1230 745 1363 793 una,
1377 743 1470 781 nec
1490 726 1773 796 quisquam
1796 738 1979 776 eurum
1994 736 2109 788 qua:

522 815 857 885 possidebant
885 808 1086 881 aliquid
1126 824 1281 862 suum
1308 824 1419 861 esse
1444 807 1669 874 dicebat,
1697 808 1787 860 sed
1815 815 1964 859 erant
2007 804 2114 859 illis

523 905 699 958 omnia
745 901 1064 955 communia.
1095 897 1255 953 Solus
1303 906 1485 953 autem
1529 896 1885 951 fraternitatis
1914 896 2117 952 divisor

522 1002 577 1048 et
604 1003 793 1048 auctor
822 991 1149 1047 dissentivus
1176 997 1262 1044 est
1309 988 1420 1055 ille,
1450 990 1516 1043 de
1545 1004 1653 1058 quo
1686 1003 1847 1058 supra
1895 987 2110 1053 dicitur,

522 1083 610 1154 qui
632 1099 736 1137 non
762 1080 958 1153 colligit
984 1097 1184 1135 mecum
1209 1080 1492 1150 dispergit;
1520 1089 1573 1135 et
1596 1082 1663 1135 de
1691 1081 1949 1136 membris
1973 1080 2110 1135 illis:

527 1171 691 1227 Omne
719 1187 934 1241 regnum
959 1172 1015 1225 in
1052 1187 1107 1224 se
1134 1170 1245 1241 ipso
1271 1169 1495 1223 divisum
1532 1169 1824 1238 desolatur,
1847 1180 1897 1225 et
1923 1171 2112 1226 domus

519 1277 680 1330 supra
711 1260 927 1315 domum
962 1260 1125 1314 cadit.
1150 1280 1155 1285 ε

590 1352 840 1423 Dixitque
868 1352 938 1406 ad
962 1351 1080 1406 illos
1108 1364 1127 1403 :
1169 1349 1368 1417 Videte,
1400 1362 1445 1406 et
1476 1362 1649 1407 cavete
1678 1352 1743 1407 ab
1776 1355 1916 1407 omni
1940 1353 2114 1406 avari-

519 1448 617 1512 tia,
647 1447 772 1518 quia
802 1462 905 1500 non
935 1447 991 1500 in
1025 1444 1351 1500 abundantia
1388 1444 1704 1516 cujusquam
1729 1446 1832 1501 vita
1861 1446 1978 1516 ejus
2014 1454 2109 1512 est,

518 1554 583 1593 ex
610 1538 691 1592 bis
731 1553 849 1607 qua:
876 1536 1125 1606 possidet.
1156 1534 1309 1590 Sicut
1342 1550 1504 1605 supra
1536 1536 1792 1591 Dominus
1826 1537 2111 1591 adversum

518 1626 863 1698 blasphemas
889 1635 945 1683 et
971 1626 1280 1697 bypocritas
1324 1626 1493 1680 multa
1520 1626 1755 1693 dixerat,
1783 1626 1862 1681 sic
1889 1636 1945 1681 et
1984 1626 2111 1682 hinc

517 1722 803 1777 occasione
851 1719 1011 1789 hujus
1059 1718 1208 1774 stulti
1254 1718 1525 1788 petitoris,
1567 1719 1826 1774 adversus
1867 1719 2109 1774 avaritiae

2219 536 2585 603 tenebrarum,
2615 537 2730 591 dies
2764 538 2908 591 enim
2939 538 3118 592 exitus
3144 547 3399 609 tanquam
3428 539 3518 594 fur
3563 541 3618 595 in
3649 551 3803 598 nocte

2217 626 2663 697 comprehendit:
2694 627 2909 696 quando
2936 627 3223 683 stultorum
3250 630 3460 686 animas
3485 629 3670 687 futura
3702 648 3803 688 nor.

2216 715 2655 783 pratmeditantes
2679 717 2844 787 ejicit.

2287 804 2378 861 Sic
2402 813 2480 859 est
2503 806 2591 877 qui
2619 806 2719 859 sibi
2744 807 3088 872 thesaurizat,
3116 818 3164 863 et
3195 827 3297 864 non
3324 822 3396 865 est
3432 812 3488 865 in
3517 811 3687 867 Deum
3730 812 3809 866 di-

2217 913 2317 951 ves.
2348 895 2559 953 Stultus
2586 908 2690 963 est,
2715 908 2772 954 et
2800 899 2856 954 in
2890 910 3048 955 nocte
3078 902 3392 971 rapiendas,
3421 920 3552 976 ergo
3574 907 3670 976 qui
3696 906 3808 961 vult

2215 1002 2335 1043 esse
2365 990 2419 1042 in
2448 988 2616 1044 Deum
2643 988 2814 1057 dives,
2841 1007 2949 1046 non
2974 992 3077 1047 sibi
3112 994 3463 1059 tbesaurizet,
3489 997 3586 1051 sed
3618 1012 3791 1067 paupe

2217 1079 2364 1134 ribus
2393 1095 2642 1148 possessa
2686 1082 2996 1136 distribuat.
3037 1082 3129 1139 Sic
3154 1085 3297 1139 enim
3328 1088 3546 1155 sapiens
3571 1096 3629 1143 et
3673 1087 3812 1143 illius

2216 1170 2353 1225 lucis
2393 1186 2515 1226 esse
2556 1173 2872 1228 merebitur.
2906 1171 3059 1230 Unde
3089 1175 3226 1231 bene
3254 1176 3544 1234 Psalmisla
3587 1196 3713 1236 eum
3746 1180 3812 1236 de

2217 1276 2379 1316 avaro
2403 1262 2641 1331 quolibet
2666 1263 2832 1319 divite
2859 1258 3231 1335 praemisisset,
3258 1266 3365 1323 Sed
3386 1277 3439 1324 et
3468 1269 3671 1327 frustra
3694 1284 3815 1329 con-

2218 1352 2485 1419 turbatur,
2526 1354 2874 1416 tbesaurizat,
2918 1367 2970 1412 et
3000 1367 3212 1429 Ignorat
3232 1358 3317 1415 cui
3355 1364 3707 1434 congregabit
3729 1379 3809 1427 ea,

2216 1457 2340 1496 mox
2368 1444 2457 1497 ubi
2498 1445 2679 1500 cordis
2710 1446 2795 1500 sui
2825 1448 3143 1502 thesaurum
3180 1450 3433 1517 locasset,
3464 1454 3710 1521 aperuit,
3742 1454 3813 1509 di-

2215 1534 2375 1589 cens:
2396 1533 2462 1587 Et
2479 1551 2615 1589 nunc
2628 1552 2745 1608 qua:
2759 1548 2832 1591 est
2849 1541 3163 1610 exspectatio
3179 1557 3294 1595 mea
3310 1542 3517 1598 ?nonne
3530 1544 3815 1603 Dominus?

2214 1634 2263 1677 et
2295 1625 2587 1680 substantia
2634 1644 2750 1681 mea
2776 1630 2919 1699 apud
2956 1639 3004 1684 te
3029 1641 3121 1684 est.
3150 1632 3244 1686 ilia
3278 1636 3477 1705 quippe
3509 1637 3811 1695 substantia

2215 1716 2356 1786 apud
2379 1716 2548 1780 Deum
2574 1727 2658 1773 est
2682 1735 2804 1789 qua:
2826 1721 2966 1776 bono
2994 1723 3175 1778 animo
3200 1732 3254 1779 et
3279 1726 3444 1781 corde
3469 1726 3661 1783 humili
3692 1746 3813 1800 pau—

515 1822 723 1884 pestem
762 1827 868 1882 qua
912 1810 1157 1881 plerique
1204 1810 1515 1865 mortalium
1560 1812 1803 1880 satisque
1842 1825 2114 1882 superque
2143 1795 2188 1853 Β
2217 1808 2438 1877 peribus
2474 1817 2530 1863 et
2574 1810 2861 1878 egentibus
2902 1827 2934 1865 a
2990 1813 3237 1869 iideiibus
3284 1816 3651 1883 distribuitur,
3690 1795 3813 1891 quia

515 1900 765 1956 laborant
788 1910 845 1955 et
879 1900 1068 1958 turbas
1096 1910 1153 1954 et
1178 1898 1470 1969 discipulos
1497 1900 1783 1970 praeceptis
1821 1900 2028 1969 pariter
2056 1908 2112 1954 et

515 1990 777 2061 exemplis
822 1990 1036 2044 munire
1082 1988 1299 2060 satagit.
1346 1989 1408 2043 Et
1460 1989 1757 2045 notandum
1808 1982 1952 2061 quod
2002 2003 2110 2044 non

515 2080 613 2147 ait,
648 2089 822 2135 cavete
850 2079 914 2133 ab
959 2079 1211 2143 avaritia,
1253 2081 1349 2133 sed
1392 2076 1655 2148 atijunxit,
1684 2078 1748 2132 ab
1786 2082 1949 2145 omni,
1983 2080 2111 2149 quia

514 2167 772 2225 nonnulla
815 2167 1136 2238 simpliciter
1179 2167 1489 2223 hominibus
1526 2167 1642 2239 geri
1692 2168 1967 2235 videntur,
2015 2171 2110 2226 sed

515 2259 763 2317 internus
781 2258 986 2314 arbiter
1009 2273 1115 2329 qua
1146 2258 1448 2324 intentione
1468 2257 1602 2313 tiant
1626 2259 1719 2329 qui
1742 2260 1936 2325 cernit,
1960 2258 2108 2329 judi-

513 2358 623 2404 cat.
649 2348 781 2415 Quis
802 2349 948 2405 enim
970 2363 1093 2404 cum
1114 2346 1285 2403 fratre
1307 2349 1679 2404 hatreditatem
1702 2350 1947 2407 dividens
1960 2351 2111 2406 adul-

516 2450 599 2497 tos
642 2456 774 2513 agro
810 2442 1032 2512 proprio
1061 2440 1272 2497 fructus
1300 2442 1353 2497 in
1386 2435 1585 2499 barren
1625 2444 1845 2500 recondi
1880 2460 1979 2515 pro
2003 2446 2106 2500 cri-

512 2535 660 2591 mine
685 2536 999 2606 deputaret?
1023 2537 1119 2593 sed
1150 2536 1266 2609 ipse
1288 2545 1373 2593 cst
1396 2539 1551 2593 testis
1571 2538 1737 2610 judex
1758 2548 1819 2595 ut
1847 2540 2106 2610 scriptum

511 2632 618 2679 est.

581 2711 829 2768 Hominis
852 2715 1133 2785 cujusdam
1167 2716 1343 2769 divitis
1369 2715 1551 2771 uberes
1578 2716 1782 2787 fructus
1813 2735 1940 2789 ager
1968 2725 2106 2773 attu-

509 2802 609 2857 lit:
638 2814 684 2858 et
726 2806 984 2875 cogitabat
1012 2807 1152 2860 intra
1183 2823 1237 2861 se
1269 2807 1448 2861 dicens
1472 2821 1491 2859 .'
1524 2806 1667 2874 Quid
1698 2808 1920 2887 faciam,
1965 2813 2106 2882 quod

508 2914 613 2953 non
638 2899 801 2953 habeo
823 2916 924 2970 quo
948 2916 1249 2972 congregem
1276 2902 1481 2971 fructus
1505 2903 1685 2955 meos?
1702 2901 1771 2956 Et
1796 2903 1965 2957 dixit:
1988 2902 2105 2957 Hoc

507 2991 703 3061 facium
734 3007 754 3047 .'
780 2991 1047 3045 destruam
1075 2993 1265 3046 horrea
1308 3008 1425 3046 mea
1452 3004 1499 3046 et
1549 2994 1755 3063 majora
1787 2992 2019 3062 faciam,
2056 3004 2103 3049 et

507 3081 633 3136 illuc
681 3082 1001 3153 congregabo
1032 3084 1207 3136 omnia
1240 3098 1357 3154 qua:
1403 3092 1528 3137 nata
1557 3093 1680 3137 sunt
1720 3084 1847 3137 mihi
1872 3094 1920 3138 et
1966 3084 2103 3139 bona

2216 1897 2323 1953 illis
2351 1913 2558 1954 merces
2585 1908 2812 1967 aeterna,
2841 1902 2897 1957 in
2928 1917 3095 1973 regno
3116 1902 3323 1960 caelesti
3352 1922 3451 1978 pro
3476 1910 3581 1965 hoc
3611 1926 3814 1967 reeom~

2214 1988 2534 2055 pensabitur
2581 1986 2635 2044 a'
2651 1988 2834 2058 judice
2887 1992 3133 2047 vivorum
3186 2003 3242 2048 et
3298 2002 3637 2054 mortuorum
3688 1997 3811 2057 Jesu

2213 2077 2431 2134 Christo
2458 2081 2684 2136 Domino
2715 2090 2920 2146 nostro,
2952 2084 3042 2153 qui
3076 2085 3265 2140 reddet
3292 2087 3583 2159 unicuique
3620 2104 3811 2146 secun-

2214 2169 2341 2224 dum
2385 2185 2549 2241 opera
2594 2187 2712 2238 sua,
2761 2172 2919 2227 bonis
2946 2177 3171 2244 praemia
3202 2178 3329 2233 vita)
3370 2186 3612 2247 ueterum,
3657 2184 3813 2239 malis

2210 2276 2431 2333 pcenam
2459 2274 2796 2336 perpetuam.
2824 2265 2930 2337 ipsi
2958 2259 3132 2323 honor
3168 2269 3337 2340 gloria
3380 2272 3433 2327 in
3477 2274 3678 2329 saseuia
3719 2290 3812 2331 sa)-

2212 2354 2413 2409 lorum.
2441 2356 2638 2412 Amen.

2729 2448 3014 2506 HOMiLlA
3039 2452 3289 2510 LXXVI.

2552 2552 2806 2595 DOHINICA
2834 2558 2873 2596 ιι
2906 2557 3035 2598 Ροδτ
3071 2558 3473 2602 ΡΕΝΤΕΕΟδΤΕΝ.

2470 2626 2659 2682 Lectio
2686 2628 2939 2700 Epistula:
2963 2632 3022 2685 Β.
3052 2632 3278 2689 Joannis
3302 2637 3553 2705 apostoli.

2281 2718 2622 2785 Cltartssime,
2650 2720 2791 2775 Deus
2814 2721 3046 2777 cltaritas
3071 2734 3166 2778 est.
3198 2724 3266 2779 In
3289 2726 3386 2779 hoc
3415 2729 3664 2797 apparuit
3693 2728 3811 2783 elia-

2208 2809 2339 2863 rilas
2369 2808 2464 2864 Dei
2504 2812 2559 2865 in
2587 2811 2733 2866 nobis
2760 2814 3009 2882 quoniam
3037 2812 3237 2869 Filium
3282 2833 3437 2871 suum
3484 2820 3808 2887 unigenitum

2208 2900 2348 2955 misit
2380 2900 2520 2957 Deus
2546 2904 2600 2957 in
2626 2904 2902 2970 mundum,
2931 2915 2987 2959 ut
3012 2907 3246 2960 vivamus
3268 2924 3360 2977 per
3385 2926 3523 2975 eum,
3552 2899 3662 2965 etc.

2278 2990 2487 3046 lntente
2517 3002 2729 3063 oportet
2760 2992 2967 3059 audire,
3001 2993 3196 3050 fratres
3228 2996 3558 3062 charissimi,
3584 2997 3810 3069 diligen-

2208 3092 2399 3157 terque
2448 3086 2725 3141 memoriae
2771 3087 3171 3153 commendare,
3234 3088 3394 3142 simul
3450 3097 3506 3143 et
3550 3091 3809 3158 operibus

507 3188 643 3226 mea.
670 3143 802 3227 Noui
831 3143 893 3226 in
924 3187 990 3227 eo
1019 3143 1437 3242 reprehenditur
1478 3173 1579 3229 iste
1605 3172 1775 3239 dives,
1812 3173 1955 3246 quod
1995 3183 2103 3229 ter—
2131 3143 2179 3204 Ο
2207 3143 2523 3244 adimplere,
2550 3176 2696 3244 quod
2712 3162 2879 3231 nobis
2900 3174 3138 3231 Joannes
3157 3143 3439 3247 apostolus
3471 3178 3524 3232 in
3550 3143 3811 3249 pimsenti

508 3276 624 3315 ram
666 3260 911 3325 coluerit,
939 3268 1201 3330 natosque
1238 3277 1305 3315 ex
1334 3276 1398 3317 ea
1445 3258 1654 3317 fructus
1686 3262 1739 3316 in
1769 3262 1964 3317 horrea
1993 3264 2104 3319 coi-

500 3353 720 3423 legerit,
745 3354 840 3408 sed
882 3354 1027 3423 quod
1062 3369 1275 3409 omnem
1307 3354 1431 3411 vita:
1456 3370 1568 3411 sua“:
1601 3355 1852 3412 ﬁduciam
1897 3358 1951 3411 in
1990 3359 2102 3429 ipsa

508 3443 836 3499 abundantia
866 3460 1047 3500 rerum
1072 3445 1333 3515 posuerit,
1382 3440 1700 3518 fructusque
1725 3463 1862 3518 quos
1889 3451 2104 3505 uberio-

505 3550 594 3591 res
618 3536 777 3590 solito
807 3544 951 3591 terra
982 3537 1306 3607 protulerat,
1334 3554 1462 3596 suos
1491 3538 1716 3605 fructus,
1745 3549 1801 3595 et
1837 3556 1935 3596 sua
1959 3542 2100 3597 bona

505 3638 846 3699 computans,
900 3645 1007 3683 non
1054 3616 1386 3701 pauperibus
1424 3640 1695 3703 erogaret,
1743 3631 1899 3701 juxta
1933 3634 2104 3704 impe-

504 3722 646 3776 rium
677 3720 892 3776 Domini
922 3721 1173 3788 dicentis,
1215 3722 1355 3791 quod
1386 3708 1626 3793 superest
1673 3722 1792 3777 date
1822 3722 2102 3793 eleemosy-

507 3825 670 3865 nam:
702 3812 796 3867 sed
828 3810 985 3867 factis
1024 3811 1380 3881 receptaculis
1410 3811 1705 3879 majoribus
1734 3828 1847 3868 sua:
1875 3813 1929 3867 in
1962 3812 2103 3866 futu-

507 3918 628 3957 rum
660 3903 885 3957 luxuria:
911 3918 1189 3957 reservare
1211 3902 1496 3957 studuerit.

576 3995 788 4059 Anima,
823 3994 1095 4063 inquiens,
1122 3993 1278 4047 habes
1302 3994 1467 4046 multa
1492 3991 1624 4047 bona
1651 3994 1822 4064 posita
1851 3993 1905 4046 in
1935 4010 2099 4048 annos

503 4085 755 4158 plurimos
779 4102 796 4139 .'
825 4086 1103 4156 requiesce,
1128 4084 1356 4150 comede,
1383 4083 1515 4149 bibe,
1538 4084 1771 4155 epulare.
1799 4084 1894 4139 Cui
1925 4084 2100 4139 simile

504 4180 562 4235 in
608 4178 990 4234 Ecclesiastico
1039 4176 1254 4246 legitur,
1302 4186 1376 4231 est
1426 4176 1515 4246 qui
1559 4174 1910 4247 locupletatur
1944 4191 2101 4245 parce

504 4270 732 4345 agendo,
767 4283 815 4327 et
852 4281 927 4326 est
967 4288 1091 4342 pars
1144 4270 1393 4323 mercedis
1424 4268 1570 4322 illius
1601 4268 1653 4321 in
1684 4281 1744 4322 eo
1774 4266 1912 4338 quod
1949 4267 2099 4332 dicit,

503 4364 675 4419 inveni
720 4363 947 4434 requiem
1000 4361 1157 4425 mihi,
1192 4370 1239 4414 et
1281 4375 1420 4437 nunc
1466 4356 1794 4412 manducabo
1838 4357 1903 4411 de
1956 4358 2101 4411 bonis

2206 3263 2363 3319 docet
2384 3264 2612 3322 lectione
2636 3266 2821 3321 dicens
2846 3285 2860 3320 :
2884 3266 3027 3322 Deus
3052 3269 3284 3322 cbaritas
3306 3280 3415 3335 est;
3445 3271 3694 3327 cbaritas
3722 3286 3813 3325 au-

2206 3362 2313 3409 tem
2356 3355 2577 3411 dilectio
2606 3365 2691 3411 est
2733 3372 2870 3426 pura
2896 3365 2951 3412 et
2992 3358 3360 3423 immaculata,
3395 3372 3527 3429 pura
3557 3360 3625 3414 ab
3658 3361 3807 3416 omni

2204 3444 2324 3499 labe
2354 3446 2579 3515 peccati,
2630 3461 2767 3515 pura
2811 3461 2843 3500 a
2887 3447 3214 3517 cogitatione
3255 3462 3530 3518 perversa,
3559 3464 3703 3519 pura
3744 3451 3809 3505 ab

2202 3535 2376 3591 otiosa
2412 3544 2465 3592 et
2496 3536 2671 3591 inutili
2717 3536 2950 3605 loquela,
2984 3551 3122 3606 pura
3151 3539 3220 3591 ah
3259 3538 3608 3607 omni.opere
3639 3540 3806 3602 maio,

2199 3634 2339 3697 pura
2381 3629 2447 3682 ab
2487 3628 2633 3682 omni
2665 3612 3107 3698 concupiscentia
3142 3627 3303 3693 maia,
3333 3636 3389 3681 et
3414 3628 3483 3682 ab
3510 3622 3675 3683 omni"
3697 3644 3810 3683 nia~

2200 3718 2317 3773 litin
2344 3734 2497 3788 pura,
2530 3717 2854 3790 [eharitatis]
2882 3728 3065 3775 castus
3087 3735 3271 3786 amor,
3300 3720 3521 3776 dilectio
3564 3722 3808 3787 sincera,

2202 3810 2418 3864 dilectio
2446 3826 2596 3875 vera,
2632 3811 2803 3866 ﬁdelis
2852 3800 3005 3866 amor
3032 3811 3127 3881 qui
3156 3812 3328 3867 nutrit
3372 3827 3532 3867 omne
3575 3815 3807 3879 bonum,

2200 3910 2373 3964 amur,
2401 3900 2491 3969 qui
2522 3899 2657 3970 fugit
2679 3908 2733 3955 et
2758 3901 2871 3954 odit
2901 3915 3059 3955 omne
3093 3901 3314 3966 malum,
3348 3916 3501 3957 amor
3529 3903 3656 3957 sine
3698 3918 3810 3973 quo

2200 3990 2334 4043 nihil
2364 3999 2447 4045 est
2476 3990 2703 4056 bonum,
2731 4004 2885 4044 amor
2914 4007 2944 4044 a
2974 4005 3084 4060 quo
3110 3992 3355 4061 procedit
3382 4005 3542 4045 omne
3574 3992 3802 4047 bonum.

2200 4082 2354 4137 iiunc
2394 4083 2485 4151 qui
2540 4083 2703 4137 habet
2756 4098 2917 4137 omne
2953 4084 3156 4137 bonum
3207 4084 3402 4148 habet,
3447 4084 3575 4154 quia
3625 4085 3807 4153 ipsum

2202 4173 2370 4228 Deum
2407 4172 2590 4238 habet,
2625 4173 2752 4242 quia
2780 4172 2923 4225 Deus
2951 4173 3182 4227 cbaritas
3209 4183 3305 4227 est.
3333 4172 3400 4226 In
3427 4174 3523 4226 hoc
3555 4175 3805 4243 apparuit

2201 4262 2429 4316 cbaritas
2460 4263 2556 4316 Dei
2598 4264 2652 4316 in
2694 4263 2839 4317 nobis
2874 4276 2892 4316 :
2936 4264 3183 4333 quoniam
3220 4262 3391 4332 ﬁlium
3420 4280 3577 4317 suum
3628 4266 3806 4335 unige-

2202 4352 2365 4404 nitum
2396 4352 2537 4404 misit
2574 4350 2716 4405 Deus
2756 4352 2811 4405 in
2847 4352 3134 4417 mundum,
3176 4361 3232 4404 ut
3264 4352 3493 4406 vivamus
3520 4370 3618 4422 per
3664 4370 3805 4408 eum.

507 4455 632 4510 meis
659 4452 825 4517 solus,
853 4462 901 4505 et
932 4451 1085 4518 nescit
1118 4451 1257 4522 quod
1283 4462 1482 4520 tempus
1519 4459 1793 4520 praetereat
1842 4457 1892 4503 et
1942 4447 2101 4502 relin-
2126 4484 2177 4541 Β
2203 4442 2259 4496 in
2297 4444 2398 4496 hoc
2435 4443 2696 4541 probatur
2723 4436 2962 4496 cbaritas
2998 4441 3093 4495 Dei
3144 4440 3324 4495 Patris
3354 4442 3411 4496 in
3455 4442 3615 4497 nobis
3664 4459 3805 4501 esse.

502 4555 632 4613 quat
654 4543 830 4598 omnia
857 4542 997 4595 aliis.

560 4631 723 4695 'Dixit
763 4644 937 4689 autem
966 4633 1046 4687 illi
1077 4633 1335 4687 Dominus
1361 4649 1378 4687 :
1410 4630 1603 4698 Stulte,
1645 4634 1745 4687 hac
1785 4644 1953 4687 nocte-
1980 4636 2098 4687 ani-

505 4745 647 4786 mam
681 4738 826 4781 tuam
869 4735 1095 4797 repetent
1138 4744 1170 4779 a
1209 4736 1299 4779 te:
1330 4742 1446 4796 qua:
1494 4714 1665 4778 autem
1710 4723 1915 4795 parasti
1947 4725 2100 4795 cujus

504 4818 701 4874 erunt?
724 4818 826 4885 Qui
854 4818 1020 4871 multa
1060 4815 1154 4871 tibi
1184 4816 1497 4871 deliciarum
1530 4826 1770 4886 tempora
1800 4816 1999 4872 stultus
2044 4817 2098 4869 in

506 4913 617 4966 vita
644 4910 1013 4981 promittebas,
1054 4910 1299 4980 proxima
1340 4910 1443 4963 hac
1488 4918 1645 4964 nocte
1681 4918 1857 4963 morte
1902 4923 2097 4977 praue-

508 5016 633 5076 ptus
677 5004 798 5059 aliis
840 5010 1162 5073 congregata
1196 5001 1486 5085 relinques.
1520 4998 1647 5054 Haec
1676 5001 1787 5054 Deo
1819 5000 1886 5055 ad
1918 4999 2096 5054 homi-

510 5107 633 5147 nem
678 5092 878 5155 dicere,
932 5098 1017 5144 est
1057 5105 1250 5159 pravas
1293 5091 1411 5160 ejus
1456 5088 1880 5163 machinationes
1919 5088 2097 5143 subita

510 5179 977 5235 animadversione
1006 5192 1366 5247 compescere.
1400 5178 1595 5242 Aliter,
1624 5178 1678 5231 in
1708 5186 1868 5232 nocte
1915 5177 2097 5232 ablata

510 5280 594 5328 est.
618 5271 797 5326 anima
845 5284 965 5337 quae
1011 5268 1063 5321 in
1114 5269 1444 5323 obscuritate
1472 5276 1556 5322 est
1585 5269 1763 5323 cordis
1790 5269 2006 5331 amissa,
2042 5267 2096 5321 in

511 5371 669 5419 nocte
694 5361 871 5415 ablata
914 5368 1013 5423 est,
1056 5374 1174 5428 quze
1201 5358 1650 5413 eonsiderationis
1690 5357 1862 5411 lucem
1894 5358 2099 5411 habere

510 5453 703 5517 uoluit,
729 5451 958 5519 utquod
997 5458 1207 5519 poterat
1247 5450 1357 5520 pati
1402 5450 1745 5518 praevideret.
1781 5446 1934 5504 Unde
1961 5451 2099 5504 bene

512 5542 789 5611 discipulis
834 5542 1015 5595 futura
1065 5543 1445 5612 cogit-intibus,
1480 5541 1676 5601 Paulus
1717 5542 1991 5611 apostolus
2023 5541 2100 5595 di-

513 5632 624 5686 cit:
666 5628 766 5685 Vos
806 5641 1001 5695 autem,
1034 5631 1243 5699 fratres,
1274 5648 1374 5685 non
1404 5632 1525 5684 estis
1559 5632 1609 5684 in
1640 5632 1882 5695 tenebris,
1916 5642 1969 5683 ut
2012 5646 2097 5682 vos

516 5721 625 5775 dies
652 5722 743 5776 illa
770 5732 1014 5789 tanquam
1040 5720 1127 5787 fur
1160 5721 1555 5789 comprehendat
1582 5736 1598 5773 :
1627 5737 1800 5773 omnes
1829 5722 1963 5773 enim
2012 5736 2096 5771 ros

2204 4534 2329 4602 quia
2364 4532 2582 4587 unicum
2615 4531 2784 4586 illium
2813 4549 2971 4587 suum
3018 4533 3169 4607 misit
3215 4533 3350 4587 mori
3382 4546 3482 4603 pro
3530 4535 3719 4589 nobis.
3753 4535 3808 4589 in

2202 4623 2303 4679 hoc
2345 4623 2604 4693 probatur
2656 4622 2861 4678 Christi
2910 4623 3029 4677 Filii
3080 4622 3173 4678 Dei
3226 4624 3465 4677 cbaritas
3510 4623 3567 4677 in
3619 4626 3810 4687 nobis,

2202 4714 2327 4782 quia
2364 4721 2608 4767 mortuus
2643 4722 2726 4767 est
2757 4728 2854 4782 pro
2891 4714 3062 4775 nobis,
3103 4712 3283 4781 justus
3327 4729 3424 4783 pro
3470 4714 3725 4784 injustis,
3757 4725 3813 4769 ut

2194 4804 2573 4873 justilicemur,
2618 4814 2673 4859 et
2720 4806 2865 4875 digni
2919 4804 3028 4858 Deo
3078 4821 3175 4875 per
3223 4819 3387 4874 opera
3434 4805 3575 4859 bona
3623 4816 3684 4860 et
3720 4822 3814 4859 γυ-

2202 4891 2463 4951 luntatem
2493 4910 2683 4965 puram
2712 4897 2765 4949 in
2799 4894 3041 4952 Domino.
3074 4895 3140 4949 Et
3186 4896 3259 4948 itu
3303 4910 3401 4964 pro
3428 4898 3668 4951 mortuis
3699 4912 3813 4951 mo.

2207 4989 2346 5043 ritur
2380 4997 2440 5042 ut
2479 5004 2578 5042 nos
2619 4988 2709 5056 qui
2758 5002 2977 5041 eramus
3024 4988 3221 5041 mortui
3260 4987 3312 5039 in
3350 4986 3612 5055 peccatis,
3649 4998 3709 5042 et
3757 4992 3810 5041 in

2206 5077 2415 5132 delictis
2444 5077 2636 5141 necati,
2667 5077 2737 5131 ab
2775 5076 2922 5130 omni
2966 5075 3222 5129 liberaret
3250 5084 3495 5145 peccato,
3526 5077 3811 5133 remissiu-

2204 5185 2435 5240 nemque
2481 5170 2635 5224 nobis
2665 5170 2893 5223 donaret
2942 5168 3181 5221 omnium
3231 5168 3522 5222 criminum
3554 5178 3736 5239 atque
3780 5187 3811 5223 ει

2204 5271 2379 5318 morte
2423 5277 2520 5316 nos
2559 5270 2835 5315 revocaret
2866 5260 2933 5313 ad
2975 5260 3161 5312 vitam.
3209 5257 3368 5312 Salus
3414 5273 3511 5328 pro
3540 5258 3809 5325 inﬁrm‘s,

2203 5363 2447 5407 mortuus
2469 5360 2550 5407 est
2573 5350 2835 5411 Christus,
2864 5358 2922 5403 ut
2951 5350 3105 5404 nobis
3134 5348 3360 5403 salutem
3386 5349 3621 5403 donaret
3650 5360 3811 5405 teter-

2202 5457 2347 5495 nam.
3402 5490 3405 5493 ς

2272 5532 2341 5588 In
2390 5533 2487 5587 hoc
2536 5544 2608 5587 est
2668 5532 2918 5597 cbaritas,
2958 5547 3061 5583 non
3113 5530 3262 5602 quasi
3321 5546 3415 5583 nos
3456 5527 3805 5583 dilexerimns

2203 5625 2389 5689 Deum,
2420 5626 2510 5679 sed
2536 5626 2657 5695 quia
2684 5624 2790 5696 ipse
2818 5623 2963 5694 prior
2991 5622 3172 5675 dilexit
3214 5637 3305 5674 nos
3339 5631 3387 5673 et
3415 5620 3557 5672 misit
3597 5619 3806 5675 Filium

2200 5733 2351 5770 suum
2381 5716 2800 5787 proliitiationem
2832 5730 2925 5783 pro
2969 5713 3191 5783 peccatis
3234 5710 3445 5765 nostris.
3472 5708 3659 5765 Nullis
3692 5722 3804 5766 ete-
