3946 6364
273 367 380 425 ἱεὶό

1381 369 1682 428 ΗΟΜΙῌᾸΞ
1722 369 1788 423 IN
1830 368 2084 423 EVANG.
2129 368 2216 423 ET
2256 368 2467 435 EPIST.

3457 372 3566 428 ΞΜ

267 477 386 534 nim
418 480 634 543 meritis
671 481 948 535 hominum
988 481 1130 536 Deus
1155 479 1319 535 Pater
1362 479 1548 534 dilexit
1574 478 1822 534 homines
1854 496 1866 531 :
1899 485 1950 543 Α
1978 476 2205 532 Domino
2232 488 2417 533 nostro
2459 477 2586 533 Jcsu
2624 478 2841 534 Christo
2887 482 2974 536 cui
3023 479 3096 538 sit
3122 478 3263 549 laus,
3303 482 3476 545 honor
3507 502 3566 548 et

269 569 370 624 sed
404 569 520 625 sola
547 579 761 626 tantum
789 570 1025 643 gratuita
1050 569 1427 625 misericordia
1455 584 1553 623 sua
1577 568 1631 621 in
1665 576 1873 622 tantum

272 661 463 717 dilexit
517 662 770 719 homines
817 670 877 717 ut
928 662 1146 717 unicum
1201 661 1372 717 ﬁlium
1425 675 1581 715 suum
1636 658 1875 712 mitteret

270 754 415 810 mori
471 768 571 823 pro
605 754 846 824 peccatis
892 752 1195 818 hominum,
1229 766 1296 807 ne
1348 750 1595 806 homines
1643 747 1875 817 amplius

270 848 580 902 moriantur
626 847 682 901 in
732 846 994 916 peccatis.
1050 845 1364 915 quicunque
1408 840 1524 910 ejus
1568 839 1874 895 obedierint

269 938 585 1009 prmceptis.
617 938 683 993 Et
716 937 845 1009 quia
866 952 965 1007 per
993 934 1416 1004 inobedientiam
1446 931 1608 1003 primi
1637 928 1874 984 hominis

268 1028 450 1084 Adam
475 1029 849 1084 moriebantur
871 1041 1062 1082 omnes
1091 1024 1343 1081 homines
1374 1025 1487 1079 Deo
1510 1023 1563 1076 in
1595 1019 1833 1092 peccatis
1858 1036 1870 1072 :

272 1118 401 1175 ideo
432 1119 691 1176 obediens
724 1134 848 1175 esse
874 1119 1127 1190 dignatus
1155 1124 1263 1182 est,
1288 1116 1432 1171 Deus
1461 1115 1576 1185 ipse
1610 1111 1753 1165 ﬁlius
1779 1109 1875 1165 Dei

272 1210 511 1266 Domino
543 1209 690 1265 Patri
732 1224 834 1267 suo
859 1224 1031 1281 usque
1077 1208 1145 1265 ad
1192 1215 1444 1271 mortem,
1476 1213 1537 1259 ut
1571 1218 1671 1274 pro
1700 1200 1879 1257 homi-

272 1318 410 1356 num
440 1308 745 1357 moreretur
770 1302 883 1356 vita
912 1309 968 1356 et
1003 1300 1197 1364 salute,
1228 1306 1291 1353 ut
1336 1295 1587 1351 omnibus
1616 1293 1719 1348 sibi
1757 1305 1877 1346 cre-

272 1393 533 1449 dentibus
562 1392 685 1446 vitae
711 1391 859 1447 viam
887 1390 1145 1461 aperiret,
1168 1400 1371 1457 eosque
1405 1398 1590 1441 secum
1617 1382 1686 1436 ad
1720 1389 1877 1435 aeter-

270 1500 407 1540 nam
438 1493 493 1539 et
522 1484 737 1539 beatam
768 1480 1238 1538 immortalitatem
1260 1476 1583 1546 perduceret
1612 1471 1753 1526 unde
1780 1484 1876 1541 per

271 1574 496 1644 culpam
522 1573 852 1629 ceciderant.

352 1664 682 1730 Charissimi,
714 1665 759 1718 si
795 1665 871 1718 sic
898 1662 1041 1716 Deus
1076 1658 1260 1714 dilexit
1293 1674 1409 1725 nos,
1432 1666 1479 1711 et
1509 1670 1602 1710 nos
1632 1653 1875 1708 debemus

270 1758 500 1812 invicem
528 1754 763 1825 diligere.
790 1754 941 1811 Cum
972 1768 1103 1824 ergo
1132 1752 1186 1805 in
1217 1758 1425 1804 tantum
1459 1761 1559 1802 nos
1582 1746 1727 1801 Deus
1750 1742 1873 1796 nul-

1976 568 2149 639 gloria
2177 584 2274 639 per
2300 569 2507 623 inﬁnita
2539 571 2732 625 saecula
2761 572 3101 628 smculorum.
3129 573 3323 631 Amen.

2424 680 2769 737 IIOMILIA
2810 683 3117 741 LXXVII.

2524 768 2576 805 IN
2612 768 2787 807 εουευ
2829 771 3014 811 FESTO.

2129 837 2314 893 Lectio
2345 840 2519 893 sancti
2546 840 2823 912 Evangelii
2861 846 3154 902 secundum
3184 848 3412 904 Lucam.

2048 926 2115 980 In
2146 928 2236 982 illo
2266 940 2513 997 tempore.
2545 929 2715 985 Ilomo
2740 934 2954 1002 quidam
2980 946 3091 990 erat
3120 938 3282 1005 dives,
3306 951 3353 994 et
3382 941 3569 995 indue-

1978 1016 2133 1070 batur
2157 1033 2391 1087 purpura
2418 1032 2461 1072 εί
2496 1018 2666 1089 bysso,
2698 1032 2746 1076 et
2786 1016 3097 1094 epulabatur
3134 1030 3364 1098 quotidie
3398 1032 3571 1087 solen-

1976 1108 2122 1172 dide,
2146 1116 2251 1163 etc.

2048 1200 2351 1270 Purpuram
2387 1204 2519 1275 regii
2572 1205 2787 1262 habitus
2827 1222 2949 1264 esse
2992 1210 3239 1267 colorem
3279 1216 3505 1271 marinis
3540 1233 3572 1273 e

1978 1290 2260 1345 oonchulis
2289 1293 2524 1348 vinctam
2550 1311 2708 1363 nemo
2736 1295 2850 1354 fere
2877 1300 2970 1369 qui
2998 1302 3205 1358 dubitet
3234 1321 3247 1357 :
3279 1320 3403 1359 nam
3434 1322 3566 1362 cou-

1977 1382 2149 1437 cbulze
2182 1382 2330 1439 ferro
2358 1386 2693 1443 circumcisae
2736 1390 3045 1463 lachrymas
3074 1396 3333 1465 purpurei
3373 1398 3572 1455 coloris

1977 1473 2172 1541 quibus
2193 1473 2313 1529 lana
2347 1476 2584 1547 tingatur
2610 1478 2886 1546 emittunt,
2916 1483 3108 1552 byssus
3137 1500 3268 1540 vero
3294 1503 3465 1558 genus
3492 1499 3576 1544 est

1977 1564 2248 1631 quoddam
2294 1565 2412 1631 lini,
2444 1568 2671 1622 nimium
2716 1570 2931 1625 candidi
2958 1580 3013 1626 et
3049 1574 3358 1633 mollissimi
3384 1597 3399 1633 :
3429 1581 3574 1648 quod

1978 1650 2152 1709 Graeci
2179 1664 2412 1725 papaten
2458 1668 2675 1713 vocant.
2716 1660 3094 1718 Admonuerat
3140 1680 3270 1737 ergo
3314 1667 3580 1726 Dominus

1979 1756 2141 1812 supra
2184 1744 2392 1811 facere,
2431 1747 2625 1802 amicos
2661 1749 2727 1803 de
2778 1768 3078 1807 mammona
3133 1755 3443 1827 iniquitatis,
3483 1762 3574 1830 qui

272 1848 349 1902 lis
369 1847 569 1903 nostris
587 1846 1022 1917 praecedentibus
1047 1842 1259 1897 meritis
1287 1839 1575 1903 dilexit,ut
1602 1836 1835 1891 diximus
1859 1852 1872 1887 :
1903 1845 1951 1905 Β
1978 1849 2097 1888 cum
2122 1834 2190 1888 ab
2215 1835 2316 1890 Itac
2340 1838 2442 1892 vita
2483 1838 2849 1908 defecerimus,
2887 1846 3137 1914 recipiant
3160 1863 3252 1901 nos
3280 1849 3336 1901 in
3374 1860 3573 1905 retenta

272 1952 382 1991 cur
424 1951 522 1991 nos
549 1935 781 1990 invicem
816 1933 942 1988 odio
970 1932 1253 1993 habemus,
1286 1928 1389 1983 nisi
1420 1935 1481 1981 ut
1523 1924 1737 1981 diabolo
1782 1938 1872 1978 sa-

275 2026 621 2082 tisfaciamus
647 2032 705 2079 et
736 2024 833 2080 Dei
866 2022 1128 2078 voluntati
1170 2015 1566 2091 repugnemus?
1589 2014 1697 2071 Cur
1732 2014 1873 2068 invi-

271 2119 369 2174 dia
408 2116 640 2189 proximi
683 2115 1047 2179 stimulamur,
1077 2113 1181 2167 nisi
1212 2120 1271 2166 ut
1319 2111 1587 2182 ingratam
1624 2106 1875 2162 dilectio-

271 2224 404 2264 nem
434 2206 592 2262 nobis
623 2204 922 2274 faciamus?
960 2201 1071 2258 Cur
1098 2201 1375 2258 iracundia
1414 2208 1469 2254 et
1500 2198 1614 2253 zelo
1656 2196 1875 2251 morde-

271 2312 401 2352 mus
430 2296 741 2367 proximos,
783 2294 884 2352 nisi
914 2302 975 2349 ut
1015 2294 1111 2349 Dei
1136 2293 1390 2347 mandata
1420 2289 1784 2359 despiciamus
1821 2294 1878 2341 et

272 2407 386 2445 non
416 2390 527 2444 Deo
552 2388 651 2444 sed
692 2386 907 2444 diabolo
938 2402 1036 2441 nos
1066 2384 1466 2455 mancipemus?
1492 2381 1559 2435 Et
1602 2395 1726 2434 cum
1760 2379 1876 2433 haec

270 2485 353 2539 ita
402 2483 530 2547 sint,
586 2481 807 2547 fratres,
861 2480 1011 2535 omni
1062 2468 1381 2542 intentiOne,
1434 2474 1582 2531 omni
1640 2471 1873 2537 cautela,

270 2577 425 2631 onmi
458 2574 824 2639 festinatione,
852 2555 1110 2642 omnique
1139 2569 1500 2625 sollicitudine
1550 2566 1736 2637 fugere
1772 2566 1876 2621 ista

270 2674 333 2720 et
360 2666 443 2719 his
467 2663 665 2718 similia
688 2662 829 2717 mala
858 2661 1138 2727 debemus,
1166 2669 1223 2714 et
1264 2658 1411 2714 omni
1448 2656 1626 2713 studio
1656 2672 1755 2726 per
1779 2656 1875 2711 Dei

271 2753 704 2808 misericordiam
754 2751 995 2806 devitarc
1029 2767 1041 2803 :
1078 2759 1136 2804 ut
1179 2759 1382 2804 aeterna
1421 2746 1691 2817 possimus
1737 2761 1874 2816 sup-

269 2846 441 2917 plicia
465 2846 717 2900 evadere.
742 2836 1049 2899 Meminisse
1096 2842 1327 2897 sollicite
1356 2842 1635 2905 debemus,
1667 2840 1791 2909 quia
1821 2840 1875 2893 in

274 2946 487 2990 tantum
524 2950 624 2990 nos
676 2934 821 2990 Deus
864 2934 1073 3000 dilexit,
1121 2941 1181 2987 ut
1226 2933 1397 2987 ﬁlium
1450 2946 1603 2986 suum
1656 2930 1875 2984 unicum

270 3026 419 3082 mori
470 3026 711 3081 mitteret
756 3040 858 3095 pro
884 3024 1082 3079 nobis:
1117 3032 1171 3079 et
1221 3024 1347 3093 quia
1394 3021 1488 3077 Dei
1520 3020 1663 3075 illius
1709 3020 1874 3075 etiam

270 3126 529 3172 mortuus
549 3125 632 3172 est
671 3130 771 3189 pro
807 3116 963 3171 nobis
990 3133 1004 3169 :
1034 3124 1089 3170 et
1131 3116 1255 3185 quia
1283 3113 1423 3169 nihil
1448 3114 1563 3168 Deo
1592 3128 1691 3183 pro
1722 3120 1872 3167 tanta

1978 1924 2341 1979 tabernacula.
2392 1926 2547 1994 Quod
2592 1930 2871 1986 audientes
2918 1933 3185 1989 Pharisaei
3231 1936 3576 2007 deridebant,

1976 2027 2167 2068 verum
2192 2013 2281 2069 ille
2295 2030 2414 2084 qua:
2436 2010 2793 2088 proposuerat
2815 2022 3076 2093 exemplis
3103 2033 3374 2094 astruens,
3389 2037 3575 2085 astet).

1976 2105 2057 2161 dit
2084 2106 2207 2163 ideo
2252 2107 2473 2164 divitem
2514 2120 2871 2181 purpuratum
2913 2098 3383 2174 irremediabiliter
3430 2122 3577 2190 apud

1976 2193 2179 2251 inferos
2225 2206 2449 2266 tortum,
2489 2201 2613 2269 quia
2664 2217 2958 2277 pauperem
3006 2204 3297 2275 Lazarum,
3326 2225 3359 2265 a
3387 2212 3577 2280 quoin

1975 2288 2100 2343 vita:
2126 2289 2476 2348 tabernacula
2501 2294 2667 2363 recipi
2690 2304 2874 2365 posset
2890 2296 3124 2353 amicum
3151 2294 3259 2354 sibi
3269 2298 3452 2358 facere
3482 2320 3577 2360 ne-

1975 2377 2255 2447 glexerat:
2285 2382 2529 2438 nonnulli
2581 2393 2762 2440 autem
2816 2396 3008 2455 putant
3047 2398 3315 2461 praecepta
3358 2393 3578 2451 Veteris

1978 2466 2309 2526 Testamenti
2338 2472 2669 2529 districtiora
2693 2490 2835 2542 esse,
2858 2492 3021 2547 quam
3064 2481 3191 2535 novi
3226 2500 3243 2535 :
3266 2482 3363 2538 sed
3406 2484 3463 2539 bi
3490 2485 3576 2539 ni-

1978 2562 2178 2617 mirum
2221 2563 2520 2634 improvida
2565 2567 3001 2626 consideratione
3044 2570 3325 2628 falluntur.
3370 2574 3427 2630 In
3480 2576 3580 2633 illo

1976 2652 2120 2707 enim
2149 2670 2255 2709 non
2282 2657 2490 2711 tenacia
2520 2658 2612 2713 sed
2639 2660 2825 2730 rapina
2851 2660 3128 2728 multatur,
3163 2664 3235 2719 ibi
3262 2680 3351 2721 res
3372 2664 3574 2735 injuste

1977 2742 2187 2798 sublata
2238 2746 2583 2802 restitutione
2627 2748 2966 2820 quadruplici
3020 2753 3245 2822 punitur
3283 2768 3300 2807 :
3338 2754 3427 2821 hic
3476 2770 3573 2811 au-

1978 2840 2085 2887 tem
2114 2834 2263 2890 dives
2311 2836 2415 2891 iste
2441 2854 2547 2892 non
2596 2838 2884 2896 abstulisse
2911 2841 3086 2897 aliena
3133 2846 3573 2916 reprehenditur,

1976 2924 2069 2978 sed
2092 2925 2309 2995 prepria
2342 2942 2451 2982 non
2480 2927 2691 2985 dedisse
2716 2946 2733 2996 ;
2765 2946 2867 2986 nec
2896 2932 3116 2999 dicitur,
3149 2935 3275 3005 quia
3297 2937 3351 2991 vi
3370 2953 3570 2994 unum-

1976 3015 2282 3083 quempiam
2309 3018 2578 3086 oppressit
2605 3037 2619 3072 :
2652 3019 2747 3074 sed
2779 3021 2905 3091 quia
2939 3022 2995 3076 in
3021 3025 3264 3094 acceptis
3296 3026 3479 3096 rebus,
3511 3044 3574 3087 se

1974 3103 2187 3158 extulit.
2213 3104 2353 3161 Hinc
2376 3120 2508 3178 ergo
2538 3108 2667 3165 hinc
2695 3126 3038 3183 summopere
3062 3115 3425 3186 colligendum
3451 3129 3573 3178 est:

270 3218 334 3267 et
362 3225 459 3280 pro
482 3219 588 3264 tam
622 3208 983 3265 inaestimabili
1013 3210 1216 3279 pietate
1247 3224 1345 3263 sua
1379 3208 1683 3263 retribuere
1711 3205 1872 3276 digne
1898 3197 1943 3259 C
1976 3212 2082 3267 qua
2127 3212 2287 3269 Ροεηλ
2323 3201 2634 3258 multandus
2683 3204 2773 3269 sit,
2808 3207 2897 3274 qui
2941 3206 3118 3263 aliena
3164 3210 3370 3282 diripit,
3396 3213 3444 3269 si
3492 3214 3578 3270 in.

269 3297 547 3365 valemus,
573 3299 679 3353 nisi
715 3307 777 3353 ut
804 3313 905 3353 nos
934 3298 1164 3352 invicem
1195 3311 1332 3366 puro
1361 3297 1526 3352 corde
1555 3302 1608 3350 et
1637 3302 1784 3350 casta
1814 3310 1880 3350 ac

271 3392 493 3447 sincera
541 3389 807 3445 charitate
835 3390 1123 3458 diligamus
1174 3388 1225 3441 in
1261 3388 1373 3442 Deo
1425 3400 1531 3441 non
1589 3386 1775 3454 iniquo
1823 3392 1879 3439 et

270 3483 447 3538 noxio
480 3497 665 3536 amore
694 3480 961 3537 sazculari.
991 3480 1137 3535 Nihil
1189 3480 1392 3539 nostris
1421 3478 1685 3549 proximis
1715 3476 1879 3532 facia—

272 3589 401 3630 mus
456 3572 599 3642 quod
634 3571 1035 3641 nobismetipsis
1064 3569 1184 3625 ﬁeri
1232 3570 1486 3624 nolumus
1520 3587 1533 3622 :
1567 3568 1701 3622 nihil
1748 3566 1877 3622 boni

271 3664 425 3735 quod
461 3662 866 3732 nobismetipsis
910 3662 1025 3717 ﬁeri
1072 3669 1343 3731 optamus,
1378 3660 1653 3730 proximis
1677 3659 1879 3714 nostris

272 3754 660 3818 invideamus;
693 3752 890 3807 talibus
919 3754 1064 3807 enim
1099 3752 1280 3808 verbis
1316 3750 1516 3806 fratres
1539 3751 1646 3804 mei
1682 3765 1880 3821 cogno-

271 3856 435 3899 scere
477 3857 767 3911 possumus
800 3859 812 3893 :
842 3842 966 3911 quia
996 3850 1186 3896 contra
1219 3841 1382 3895 talem
1420 3840 1600 3895 facere
1629 3839 1879 3894 dilectio-

272 3949 429 3998 nem,
456 3941 515 3987 ut
542 3933 767 3987 audistis
797 3940 986 3987 contra
1014 3933 1180 3986 Deum
1212 3932 1392 3987 facere
1432 3942 1537 3998 est,
1580 3932 1707 4001 quia
1736 3933 1879 3987 Deus

272 4033 366 4080 est
392 4024 607 4079 dilectio
634 4042 647 4076 :
676 4021 845 4078 Nemo
873 4023 1015 4078 dicat
1042 4023 1095 4077 in
1118 4024 1393 4078 hominem
1424 4037 1592 4092 pecco
1620 4040 1632 4075 :
1660 4020 1877 4091 quando

273 4131 387 4171 non
414 4115 580 4187 diligo
611 4114 835 4169 fratrem
887 4129 1064 4169 meum
1090 4130 1104 4169 :
1131 4112 1245 4182 jam
1276 4113 1321 4167 si
1361 4114 1530 4167 audes
1556 4111 1643 4166 fac
1686 4122 1879 4168 contra

274 4210 451 4264 Deum
484 4222 499 4260 :
530 4216 585 4261 et
610 4206 719 4262 noli
746 4205 969 4276 diligere
997 4204 1221 4259 fratrem
1259 4214 1430 4259 tuum.
1478 4203 1613 4257 Nam
1645 4202 1738 4273 qui
1770 4217 1877 4257 non

274 4302 457 4374 diligit
483 4311 665 4355 manet
699 4300 753 4354 in
785 4308 958 4355 morte
988 4317 1003 4352 :
1035 4298 1137 4365 Qui
1182 4307 1363 4352 autem
1406 4297 1582 4367 diligit
1611 4295 1880 4351 inhabitat

276 4396 335 4451 in
366 4410 433 4449 eo
463 4392 702 4463 Spiritus
740 4397 960 4445 sanctus
990 4388 1153 4445 Deus.
1189 4387 1328 4452 Quia
1358 4387 1500 4442 Deus
1530 4386 1759 4439 charitas
1779 4395 1874 4450 est,

274 4498 328 4545 et
350 4488 443 4560 qui
464 4492 639 4540 manet
666 4486 724 4538 in
759 4484 1014 4538 charitate
1035 4484 1090 4536 in
1111 4481 1220 4535 Deo
1244 4489 1420 4534 manet
1459 4490 1506 4533 et
1535 4479 1677 4533 Deus
1715 4479 1771 4532 in
1794 4494 1871 4531 eo.

1978 3284 2119 3343 ferni
2147 3280 2493 3346 damnatione
2521 3294 2845 3362 percutitur,
2861 3296 2963 3365 qui
3010 3299 3231 3369 propria
3270 3280 3379 3357 non
3408 3302 3575 3375 largi-

1978 3388 2087 3435 tur.
2130 3381 2204 3435 Et
2232 3382 2359 3437 sunt
2410 3385 2654 3439 nonnulli
2688 3387 2789 3455 qui
2812 3386 3015 3443 cultum
3046 3391 3327 3447 subtiliora
3368 3395 3577 3464 pretio-

1977 3488 2270 3543 sarumque
2296 3475 2525 3529 vestium
2557 3492 2664 3532 non
2691 3486 2885 3546 putant
2931 3495 3054 3536 esse
3093 3491 3399 3552 peccatum,
3429 3487 3577 3555 quod

1976 3564 2023 3619 si
2049 3563 2301 3619 videlicet
2331 3566 2489 3635 culpa
2538 3582 2643 3622 non
2671 3576 2819 3624 esset
2860 3585 3208 3642 nequaquam
3252 3589 3432 3631 sermo
3475 3575 3574 3633 Dei

1978 3662 2089 3709 tam
2118 3656 2405 3727 vigilanter
2432 3658 2780 3730 exprimeret,
2806 3664 2949 3733 quod
2975 3663 3127 3721 dives
3149 3666 3241 3736 qui
3292 3675 3571 3739 torquetur

1979 3746 2123 3816 apud
2148 3747 2371 3814 inferos,
2390 3750 2555 3820 bysso
2583 3758 2637 3805 et
2656 3766 2897 3821 purpura
2914 3754 3135 3811 indutus
3162 3755 3349 3814 fuisset
3374 3773 3390 3812 :
3414 3774 3576 3815 nemo

1977 3840 2175 3908 quippe
2201 3841 2525 3895 vestimenta
2552 3844 2823 3913 pmcipua
2850 3846 2953 3900 nisi
2986 3847 3054 3903 ad
3092 3848 3309 3904 inanem
3344 3851 3575 3922 gloriam

1976 3929 2192 3997 quaerit,
2224 3930 2473 3989 videlicet
2501 3941 2560 3989 ut
2588 3932 2956 3991 honorabilior
2982 3938 3197 3994 caneris
3227 3955 3361 4018 esse,
3382 3942 3573 4018 videa-

1978 4030 2067 4075 tur
2096 4040 2108 4075 :
2132 4036 2290 4090 quam
2318 4023 2531 4093 culpam
2557 4040 2848 4095 possumus
2879 4028 3071 4085 melius
3100 4032 3265 4086 etiam
3296 4012 3576 4092 erdiverso

1978 4110 2226 4182 colligere
2242 4155 2263 4181 ,
2300 4113 2426 4181 quia
2453 4114 2497 4169 si
2526 4114 2757 4183 abjectio
2782 4117 2907 4173 vilis
2937 4118 3238 4177 indumenti
3260 4124 3437 4178 virtus
3462 4142 3570 4185 non

1978 4211 2142 4268 esset,
2176 4201 2515 4275 Evangelista
2545 4207 2612 4262 de
2639 4207 2850 4288 Joanne
2878 4210 3164 4283 vigilanter
3212 4229 3319 4270 non
3346 4216 3580 4285 diceret,

1977 4304 2089 4347 erat
2138 4295 2353 4349 indutus
2395 4296 2517 4367 pilis
2565 4299 3057 4357 camelorum.*Sed
3089 4304 3389 4359 notandum
3416 4308 3581 4363 nobis

1980 4400 2304 4455 magnopere
2328 4387 2486 4445 estin
2517 4404 2612 4443 ore
2642 4390 2889 4445 veritatis
2936 4392 3003 4446 de
3040 4372 3273 4462 superbo
3303 4394 3490 4460 divite,
3517 4405 3575 4450 ct

1980 4476 2045 4529 de
2094 4476 2282 4529 humili
2332 4492 2591 4548 paupere,
2620 4490 2856 4550 quantus
2884 4482 2955 4539 sit
2992 4484 3135 4538 ordo
3187 4487 3517 4541 narrationis
3553 4504 3572 4541 :

273 4550 471 4637 omnis
502 4575 649 4630 enim
678 4573 767 4643 qui
800 4587 906 4627 non
928 4571 1101 4642 diligit
1124 4571 1293 4625 Deum
1323 4569 1534 4624 alienus
1564 4577 1646 4623 est
1688 4568 1756 4623 ab
1786 4581 1873 4631 eo,
1904 4550 1954 4609 Ι)
1980 4564 2120 4619 Ecce
2148 4566 2293 4620 enim
2340 4566 2559 4633 dicitur,
2589 4570 2741 4624 homo
2779 4571 2995 4641 quidam
3016 4583 3129 4627 erat
3158 4574 3327 4641 dives,
3352 4584 3408 4630 et
3445 4574 3575 4646 ρω-

275 4679 335 4725 et
358 4669 449 4723 hic
473 4674 557 4723 est
581 4662 970 4728 Antichristus,
1004 4670 1062 4718 et
1086 4662 1333 4732 quamvis
1380 4661 1555 4715 intret.
1594 4660 1647 4713 in
1689 4658 1875 4713 basili-

276 4776 424 4823 cam.
450 4755 730 4813 numerari
764 4754 905 4809 inter
950 4753 1095 4810 ﬁlios
1120 4754 1220 4809 Dei
1270 4766 1378 4809 non
1427 4761 1625 4823 potest.
1664 4749 1875 4805 Habere

274 4852 425 4908 enim
457 4850 783 4921 baptismum
806 4855 864 4903 et
910 4847 1085 4902 malus
1113 4862 1233 4903 esse
1280 4856 1479 4917 potest,
1510 4845 1757 4914 accipere
1783 4858 1873 4897 sa-

276 4948 622 4997 cramentum
652 4937 898 5007 corporis
942 4946 997 4992 et
1045 4938 1324 5007 sanguinis
1350 4936 1589 5002 Domini,
1619 4943 1674 4990 et
1701 4934 1874 4990 malus

277 5046 399 5087 esse
427 5038 628 5100 potest.
658 5027 795 5083 Nam
826 5028 893 5083 de
919 5028 1116 5083 talibus
1150 5030 1412 5098 scriptum
1451 5037 1556 5092 est,
1597 5029 1685 5098 qui
1726 5043 1876 5081 man-

276 5123 438 5176 duca!
466 5131 515 5175 et
542 5121 667 5173 bibit
710 5120 922 5190 indigne
954 5120 1219 5189 judicium
1254 5120 1352 5173 sibi
1384 5119 1669 5173 manducet
1709 5126 1759 5171 et
1800 5117 1877 5171 bi-

275 5212 373 5267 bit.
414 5209 759 5265 Cbristianus
796 5209 941 5263 enim
968 5209 1174 5272 vocari,
1206 5218 1262 5262 et
1304 5209 1477 5263 malus
1526 5224 1645 5264 esse
1676 5216 1870 5278 potest,

274 5299 479 5357 habere
506 5305 690 5351 autem
721 5297 1047 5352 charitatem
1072 5306 1127 5353 et
1158 5298 1331 5352 malus
1359 5312 1481 5352 esse
1535 5314 1640 5352 non
1671 5306 1869 5368 potest.

273 5392 392 5448 lloc
416 5398 505 5445 est
528 5403 661 5460 ergo
689 5390 963 5459 proprium
988 5391 1294 5445 hominibus
1316 5406 1345 5443 a
1369 5389 1479 5445 Deo
1507 5391 1728 5455 donum,
1754 5391 1869 5460 ipse

274 5493 363 5539 est
404 5481 666 5537 salutaris
719 5479 838 5535 forts
880 5498 892 5534 :
929 5482 997 5535 ad
1044 5482 1186 5535 hunc
1236 5480 1527 5535 bibendum
1580 5481 1737 5535 docet
1771 5494 1867 5534 nos

272 5571 587 5642 Apostolus,
623 5569 692 5622 ad
718 5569 859 5623 hunc
884 5571 1169 5626 bibendum
1216 5587 1314 5625 nos
1359 5573 1608 5625 hortatur
1636 5571 1869 5639 Spiritus

273 5672 515 5726 sanctus,
550 5659 683 5731 quia
708 5660 754 5712 si
794 5658 1079 5730 diligamus
1094 5661 1479 5727 invicem,Deus
1497 5663 1550 5714 in
1582 5661 1727 5714 nobis
1757 5678 1870 5713 ma-

275 5762 381 5822 uel,
404 5763 452 5808 et
477 5748 721 5806 Charitas
741 5748 857 5817 ejus
876 5749 929 5802 in
950 5752 1094 5807 nobis
1114 5751 1340 5823 perfecta
1359 5761 1454 5816 est,
1472 5752 1587 5819 ipso
1610 5751 1868 5822 largiente

1983 4656 2129 4709 tinus
2157 4655 2471 4729 subjungit:

2054 4744 2183 4799 Erat
2238 4748 2446 4815 quidem
2510 4748 2776 4803 mendicus
2832 4752 3040 4827 nomine
3093 4752 3352 4808 Lazarus.
3403 4753 3576 4811 Certe

1979 4835 2100 4905 plus
2149 4836 2323 4891 solent
2354 4838 2409 4891 in
2455 4838 2654 4907 populo
2691 4842 2907 4895 nomina
2937 4841 3185 4909 divitum,
3227 4860 3391 4914 quam
3428 4861 3569 4915 pour-

1980 4944 2171 4999 perum
2224 4930 2375 4986 sciri.
2408 4929 2549 4997 Quid
2575 4942 2664 4986 est
2680 4933 2822 5002 quod
2853 4933 3113 4989 Dominus
3157 4936 3223 4990 de
3249 4946 3574 5006 paupertate

1979 5028 2034 5074 et
2062 5020 2228 5095 divite
2255 5022 2480 5076 verbum
2508 5020 2732 5087 faciens,
2774 5039 2969 5078 nomen
3008 5025 3261 5095 pauperis
3289 5025 3439 5091 dicit,
3472 5043 3571 5081 no-

1979 5089 2103 5168 men
2132 5113 2313 5170 divitis
2342 5128 2455 5169 non:
2479 5113 2629 5177 dicit,
2659 5115 2763 5167 nisi
2793 5114 2936 5184 quod
2962 5089 3374 5171 Boos—humiles
3416 5089 3569 5173 novit

1977 5214 2139 5274 atque
2159 5205 2420 5277 approbat
2444 5214 2499 5259 et
2524 5207 2784 5274 superbos
2821 5206 3052 5275 ignorat.
3082 5206 3235 5263 Unde
3260 5216 3317 5262 et
3342 5208 3568 5277 quibus-

1977 5298 2099 5352 dam
2129 5297 2198 5353 de
2223 5296 2609 5352 miraculorum
2657 5298 2855 5353 virtute
2899 5298 3332 5367 superbientibus
3370 5298 3425 5353 in
3456 5299 3564 5355 ﬁne

1975 5389 2217 5443 dicturus
2244 5395 2348 5452 est,
2388 5387 2580 5442 Nescio
2604 5404 2714 5452 vos,
2743 5387 2884 5442 unde
2958 5386 3097 5452 sitis,
3131 5386 3392 5443 discedite
3419 5403 3449 5441 a
3476 5403 3565 5443 me

1970 5494 2159 5535 omnes
2185 5480 2419 5548 operarii
2450 5479 2769 5549 iniquitatis.
2794 5479 2865 5533 At
2914 5487 3104 5533 contra
3142 5478 3311 5548 Moysi
3341 5479 3563 5546 dicitur,

1971 5566 2103 5622 Novi
2138 5577 2189 5620 te
2209 5582 2275 5621 ex
2298 5567 2516 5621 nomine
2541 5584 2553 5618 :
2581 5566 2672 5620 Ait
2695 5580 2823 5635 ergo
2845 5565 2913 5620 de
2931 5564 3311 5630 divite,Homo
3322 5566 3565 5637 quidam,

1970 5660 2046 5713 ait
2074 5659 2139 5712 de
2163 5673 2417 5727 paupere,
2435 5657 2643 5726 Egenus
2672 5657 2876 5710 nomine
2902 5655 3160 5710 Lazarus.
3188 5656 3269 5710 Ac
3296 5656 3344 5715 si
3375 5666 3561 5725 aperti

1971 5752 2139 5815 dicat,
2178 5764 2467 5819 pauperem
2518 5750 2771 5804 humilem
2825 5750 2959 5815 scio,
3000 5748 3291 5821 superbum
3339 5748 3567 5804 divitem
