3946 6348
486 338 593 398 9.95

1166 336 1228 396 Β.
1271 340 1522 396 llABANl
1562 342 1778 399 MAlllll
1818 336 2135 399 AllClllEl’.
2176 338 2487 404 MOGUNT.
2528 342 2813 404 OPERUM
2854 350 3034 407 P.\llS
3076 353 3139 408 ll.

3670 366 3775 421 9.96

486 457 685 513 nescio.
743 447 893 511 illum
940 458 1212 527 cognitum
1268 473 1365 527 per
1410 457 1853 527 approbationem
1883 459 2076 523 habeo,
2110 473 2154 528 Α
2184 459 2486 531 loquacitas
2534 462 2688 527 solet,
2734 465 2778 516 is
2809 466 2897 533 qui
2931 466 3018 519 hic
3057 467 3195 521 niale
3240 470 3559 526 convivales
3585 475 3785 532 dicitur

488 547 634 604 hunc
660 565 758 620 per
772 548 1037 618 judicium
1062 549 1458 619 reprobationis
1487 550 1698 619 ignoro.

562 642 668 709 Qui
687 642 897 712 jacebat
927 642 997 695 ad
1032 644 1261 712 januam
1286 642 1421 710 ejus,
1453 642 1712 695 ulceribus
1753 640 1956 710 plenus,
1998 658 2087 693 ru-

487 735 633 801 piens
673 734 907 788 saturari
941 733 1021 801 de
1043 732 1191 785 micis
1216 748 1335 801 qua:
1365 732 1619 785 cadebant
1661 732 1724 784 de
1749 748 1926 784 mensa
1957 732 2088 785 diri-

487 823 596 874 tis:
627 821 718 874 sed
767 831 814 875 et
860 838 1014 876 canes
1050 822 1318 875 veniebant
1349 833 1399 875 et
1434 822 1693 891 lingcbant
1726 821 1903 875 aloera
1948 823 2081 891 ejus.

488 910 683 965 Plenus
723 912 995 967 ulceribus
1038 914 1319 968 mendicus
1346 913 1585 967 Lazarus
1618 921 1745 966 ante
1788 911 1987 981 ianuas
2008 913 2088 966 di-

489 1001 615 1055 vitis
634 1012 802 1068 iacet,
834 1018 937 1071 qua
974 1007 1038 1059 de
1070 1021 1127 1059 re
1174 1021 1303 1070 una,
1337 1004 1596 1058 Dominus
1629 1005 1736 1059 duo
1755 1003 1959 1072 iudicia
1986 1021 2085 1060 cx-

486 1089 693 1159 plevit:
728 1092 1007 1146 habuisset
1048 1095 1193 1147 enim
1233 1094 1465 1147 fortasse
1505 1094 1742 1161 aliquam
1782 1096 2088 1149 excusatio-

486 1201 609 1240 nem
635 1186 806 1253 dives,
832 1188 876 1243 si
906 1187 1146 1241 Lazarus
1176 1201 1380 1257 pauper
1400 1198 1457 1241 et
1495 1187 1775 1243 ulcerosus
1820 1196 1944 1242 ante
1970 1186 2086 1256 eius

479 1273 700 1343 ianuam
728 1292 833 1330 non
856 1276 1145 1346 iacuisset,
1169 1276 1213 1329 si
1236 1283 1478 1329 remotus
1505 1274 1715 1339 fuisset,
1748 1276 1793 1330 si
1824 1275 1942 1345 ejus
1970 1276 2087 1331 ino~

484 1367 573 1435 pia
614 1382 720 1421 non
751 1375 897 1422 esset
921 1366 976 1420 in
1024 1365 1197 1420 oculis
1238 1365 1582 1435 importuna;
1638 1380 1827 1420 rursus
1855 1367 1899 1420 si
1929 1366 2085 1439 longe

482 1467 629 1512 esset
658 1457 809 1512 dives
830 1457 899 1511 ab
924 1457 1099 1513 oculis
1126 1457 1356 1513 ulcerosi
1380 1458 1634 1528 pauperis
1661 1458 1929 1514 minorem
1952 1460 2084 1514 tole-

485 1555 659 1602 rasset
686 1548 1039 1603 tentationem
1080 1562 1284 1618 pauper
1331 1549 1386 1602 in
1432 1550 1633 1605 animo.
1666 1550 1772 1604 Sed
1796 1549 1922 1604 dum
1961 1565 2084 1621 ege-

486 1655 611 1693 nun'.
644 1648 700 1693 et
723 1638 1025 1693 ulceratum
1058 1647 1185 1692 ante
1211 1639 1433 1707 ianuam
1460 1639 1643 1694 divitis
1676 1647 1731 1693 et
1754 1639 1961 1694 deliciis
1998 1639 2083 1693 af-

482 1726 698 1782 ﬂuentis
728 1727 927 1798 posuit,
966 1726 1020 1781 in
1070 1742 1176 1781 una
1227 1728 1528 1799 eademque
1562 1744 1623 1783 re
1676 1738 1730 1783 et
1780 1744 1843 1784 ex
1876 1730 2082 1785 visione

2190 550 2328 618 apud
2362 550 2563 607 inferos
2595 554 2808 623 gravius
2841 554 2912 606 -in
2968 554 3149 625 lingua
3202 558 3392 613 ardere
3443 563 3782 629 perhibetur.

2190 640 2296 694 Sed
2321 657 2443 695 cum
2474 644 2624 713 gravi
2654 643 2810 697 valde
2846 659 3044 714 pavore
3068 648 3404 717 pensandum
3433 660 3516 705 est
3535 656 3680 723 quod
3704 670 3787 711 se-

2192 736 2379 804 quitur
2413 753 2423 787 :

2260 824 2328 877 Et
2358 824 2489 877 dixit
2521 824 2601 879 illi
2628 825 2891 881 Abraham
2918 844 2935 881 :
2967 826 3096 890 Fili,
3148 833 3425 887 recordare
3464 836 3591 905 quia
3643 854 3793 893 rece-

2187 913 2310 981 pisti
2333 913 2466 965 bona
2487 914 2542 967 in
2570 915 2673 967 vita
2700 924 2814 979 tua,
2842 926 2889 968 et
2916 916 3148 971 Lazarus
3177 921 3422 975 similiter
3450 924 3627 990 mala;
3652 944 3792 983 nunc

2188 1012 2362 1055 autem
2393 1004 2477 1056 Itic
2508 1003 2829 1071 consolatur,
2877 1017 2932 1060 tu
2977 1024 3093 1061 vero
3142 1012 3417 1066 cruciaris.
3449 1013 3592 1069 Ecce
3642 1018 3786 1072 enim

2188 1107 2311 1147 cum
2342 1094 2557 1169 dicitur,
2592 1093 2848 1165 Recepisti
2877 1096 3013 1151 bona
3065 1099 3118 1153 in
3152 1101 3254 1154 vita
3278 1112 3391 1168 tua,
3442 1105 3714 1162 indicatur
3736 1120 3791 1164 et

2187 1183 2340 1238 dives
2382 1185 2486 1241 iste
2528 1186 2656 1240 boni
2685 1187 2889 1256 aliquid
2917 1188 3171 1247 habuisse
3212 1207 3280 1247 ex
3311 1210 3417 1264 quo
3451 1197 3503 1250 in
3544 1200 3649 1253 hae
3678 1202 3787 1253 vita

2186 1274 2330 1329 bona
2376 1278 2665 1345 reciperet,
2698 1294 3022 1351 rursumque
3060 1282 3186 1336 dum
3216 1284 3281 1339 de
3310 1285 3521 1344 Lazaro
3562 1292 3788 1356 dicitur,

2186 1364 2313 1433 quia
2352 1366 2559 1435 recepit
2593 1367 2756 1433 mala,
2779 1369 3023 1439 proiecto
3074 1384 3408 1429 monstratur
3431 1388 3487 1432 et
3516 1378 3783 1436 Lazarum

2187 1456 2441 1511 habuisse
2469 1458 2671 1511 malum
2706 1459 2942 1529 aliquod,
2967 1463 3108 1531 quod
3140 1477 3488 1537 purgaretur,
3522 1472 3616 1525 sed
3643 1477 3781 1529 mala

2187 1544 2379 1599 Lazari
2410 1549 2657 1619 purgavit
2689 1549 2830 1620 ignis
2882 1552 3077 1622 inepiaa
3105 1564 3160 1608 et
3197 1556 3337 1611 bona
3369 1559 3553 1616 divitis
3604 1578 3785 1618 remu-

2186 1637 2398 1690 neravit
2429 1636 2661 1693 felicitas
2691 1644 3027 1697 transeuntis
3052 1646 3196 1700 vitai.

2257 1724 2326 1778 Et
2365 1727 2420 1779 in
2455 1726 2536 1780 his
2564 1731 2824 1795 omnibus,
2864 1732 3004 1785 inter
3032 1751 3125 1788 nos
3149 1746 3196 1789 ct
3227 1753 3316 1791 vos
3346 1739 3503 1792 chaos
3533 1758 3777 1811 magnum

478 1819 743 1890 pauperis
769 1833 875 1873 non
904 1818 1217 1872 miserentis
1255 1818 1437 1872 divitis
1475 1819 1751 1873 cumulum
1783 1820 2083 1874 damnatio—
2112 1816 2159 1876 B
2185 1815 2455 1884 ﬁrmatum
2493 1828 2591 1883 est,
2618 1830 2671 1872 ut
2717 1821 2770 1873 hi
2818 1824 2909 1891 qui
2950 1823 3128 1877 volunt
3158 1826 3279 1881 hinc
3326 1832 3552 1883 transire
3576 1834 3648 1884 ad
3674 1851 3783 1906 ros,

478 1910 568 1963 nis
614 1904 814 1972 intulit,
867 1916 919 1963 et
952 1920 1170 1962 rursum
1222 1923 1290 1962 es
1337 1908 1547 1963 visione
1578 1908 1779 1973 divitis,
1814 1917 2077 1963 tentatum

481 2000 725 2069 quotidie
744 2013 1040 2069 pauperem
1065 1998 1335 2067 probavit,
1357 1998 1445 2052 cui
1470 2008 1616 2053 certe
1645 2006 1857 2068 poterat
1879 1998 1944 2051 ad
1964 2010 2081 2069 poe-

478 2106 610 2146 nam
637 2088 883 2149 sulliccre
906 2096 1219 2159 paupertas,
1251 2090 1415 2142 etiam
1446 2089 1491 2142 si
1523 2104 1686 2143 sanus
1711 2087 1919 2152 luisset,
1962 2103 2081 2140 rur-

482 2197 602 2237 sum
623 2180 925 2237 sutl‘ecisset
948 2180 1234 2249 aegritudo,
1258 2180 1475 2234 etiamsi
1502 2181 1803 2235 subsidium
1831 2180 2074 2243 adesset;

481 2276 577 2330 sed
624 2284 685 2328 ut
732 2272 1055 2344 probaretur
1091 2272 1325 2341 amplius
1372 2288 1596 2342 pauper,
1631 2271 1792 2325 simul
1835 2272 1979 2327 hunc
2025 2280 2081 2325 et

481 2376 774 2437 paupertas
816 2375 874 2419 et
898 2364 1161 2435 tegritudo
1199 2362 1472 2428 labefecit,
1496 2358 1657 2432 atque
1683 2364 1901 2432 insuper
1928 2363 2077 2415 vide-

482 2460 576 2513 bat
622 2455 1003 2528 procedentem
1043 2454 1264 2508 divitem
1295 2452 1721 2522 obscquentibus
1744 2453 1935 2507 cuneis
1979 2451 2081 2505 ful-

481 2552 584 2606 ciri
613 2558 669 2605 et
714 2564 773 2604 se
822 2549 877 2603 in
908 2548 1234 2626 inﬁrmitate
1267 2555 1322 2601 et
1365 2547 1547 2616 inopia
1576 2563 1604 2599 a
1632 2545 1779 2600 nullo
1826 2545 2033 2599 visitari
2063 2564 2076 2598 :

482 2642 617 2697 Nam
649 2642 775 2712 quia
805 2656 964 2695 nemo
1007 2640 1058 2693 ei
1102 2639 1169 2692 ad
1216 2639 1543 2693 visitandum
1573 2638 1779 2703 aderat,
1813 2646 2081 2692 testantur

482 2750 645 2789 canes
670 2734 761 2803 qui
789 2733 1014 2787 licenter
1040 2730 1263 2783 vulnera
1291 2728 1587 2801 lingebant,
1618 2745 1685 2784 ex
1710 2746 1815 2785 una
1847 2746 1975 2799 ergo
2023 2744 2079 2781 re

480 2824 824 2893 omnipotens
876 2818 1019 2874 Deus
1071 2818 1176 2872 duo
1232 2818 1435 2889 iudicia
1489 2817 1759 2882 exhibuit,
1798 2818 1925 2872 dum
1971 2817 2079 2871 La-

482 2928 668 2969 zarum
697 2925 987 2982 pauperem
1036 2920 1161 2964 ante
1186 2907 1412 2977 ianuam
1462 2906 1645 2962 divitis
1668 2908 1853 2977 iacere
1881 2907 2081 2975 permi»

479 2984 661 3069 sit,ut
701 3011 757 3058 et
785 3002 936 3056 dives
978 3000 1176 3068 impius
1204 2999 1573 3053 damnationis
1620 2998 1719 3052 sibi
1750 3010 1973 3067 augeret
2000 2997 2082 3051 ul-

476 3097 703 3159 tionem,
734 3104 788 3149 et
833 3102 1074 3148 tentatus
1100 3106 1304 3163 pauper
1340 3098 1613 3146 cresceret
1663 3090 1731 3144 ad
1766 3105 2081 3145 remunera-

478 3190 707 3244 tionem.

551 3280 779 3334 Factum
802 3286 875 3333 est
904 3287 1077 3333 autem
1107 3286 1161 3329 ut
1194 3287 1484 3330 moreretur
1510 3276 1800 3339 ntemlicus,
1827 3284 1872 3327 et
1901 3282 2081 3345 porta-

480 3384 627 3427 retur
648 3372 712 3423 ab
743 3371 941 3439 angelis
972 3371 1026 3422 in
1056 3369 1231 3422 sinum
1252 3366 1500 3420 Abrahae.
1530 3365 1773 3420 Mortuus
1809 3376 1881 3419 est
1906 3376 2081 3419 autem

478 3474 527 3517 et
566 3459 1057 3529 dives,etsepultas
1100 3469 1175 3513 est
1223 3460 1278 3512 in
1328 3458 1554 3527 inferno.
1598 3456 1762 3511 Sinus
1806 3457 2079 3511 Abraham

480 3553 696 3621 requies
718 3560 803 3606 est
838 3558 1118 3604 beatorum
1144 3563 1464 3620 pauperum,
1488 3564 1717 3617 quorum
1748 3556 1831 3602 est.
1854 3563 2078 3617 regnum

480 3642 769 3706 calorum,
791 3656 900 3711 quo
926 3650 1046 3710 post
1075 3642 1214 3694 hanc
1232 3639 1400 3693 vitam
1424 3640 1776 3709 recipiuntur,
1801 3639 2077 3708 sepultura

480 3732 678 3788 inferni
703 3746 991 3802 poenarum
1015 3732 1357 3804 profunditas
1388 3746 1508 3801 qua:
1536 3733 1797 3800 superbos
1842 3732 2080 3786 immise-

483 3828 721 3881 ricordes
755 3836 880 3895 post
909 3826 1047 3879 hanc
1076 3825 1238 3879 vitam
1264 3824 1511 3879 devorat.

559 3927 784 3981 Elevaus
818 3937 988 3980 autent
1019 3924 1197 3979 oculos
1235 3942 1357 3979 suos
1388 3941 1506 3978 cum
1536 3934 1667 3979 esset
1706 3926 1761 3977 in
1786 3926 2076 3988 tormentis,

482 4016 609 4071 vidit
638 4015 903 4069 Abraham
927 4033 955 4065 ο
981 4015 1131 4083 longe
1156 4023 1203 4067 ct
1228 4013 1491 4067 Lazarum
1514 4014 1569 4068 in
1590 4014 1706 4067 sinu
1729 4015 1845 4083 ejus
1863 4031 1881 4078 ;
1898 4023 1945 4067 et
1974 4016 2081 4085 ipse

482 4108 721 4161 clamans
747 4107 880 4160 dixit
917 4119 935 4156 :
962 4105 1124 4158 Pater
1145 4104 1683 4170 Abraham,miserere
1708 4106 1831 4171 mei,
1858 4116 1905 4159 ct
1935 4106 2081 4159 mitte

485 4198 750 4251 Lazarum
785 4204 840 4249 ut
877 4194 1099 4263 intingat
1145 4204 1431 4247 extremum
1468 4194 1617 4265 digiti
1655 4197 1738 4250 sui
1779 4197 1834 4249 in
1864 4212 2079 4266 aquam,

485 4299 542 4341 ut
568 4288 838 4358 refrigeret
860 4285 1096 4355 linguam
1118 4302 1308 4349 meam,
1325 4287 1450 4355 quia
1479 4286 1687 4339 crucior
1714 4287 1811 4339 hac
1837 4287 2077 4355 ﬂamma.

483 4377 531 4433 0
558 4386 760 4448 quanta
782 4376 1090 4431 sublimitas
1118 4376 1448 4446 iudiciorum
1472 4372 1569 4431 Dei
1593 4381 1607 4429 t
1648 4392 1810 4445 quam
1840 4377 2083 4432 districto

486 4472 669 4542 agitur
683 4471 944 4525 bonorum
967 4480 1185 4523 actuum
1206 4468 1581 4539 malorumque
1601 4469 1909 4524 retributio!
1927 4481 2079 4523 certe

2182 1900 2534 1979 nonpossint,
2582 1928 2743 1982 neque
2790 1914 2909 1966 inde
2956 1916 3059 1969 huc
3102 1926 3445 1973 transmeare.
3492 1920 3607 1988 Qua
3638 1924 3691 1976 in

2182 2002 2337 2059 valde
2363 2006 2711 2073 quaerendum
2739 2015 2821 2061 cst
2846 2010 3117 2077 quomodo
3140 2010 3370 2077 dicatur,
3396 2022 3451 2067 ut
3481 2015 3556 2080 hi,
3577 2017 3667 2084 qui
3692 2033 3777 2071 vo-

2181 2095 2299 2148 lunt
2320 2096 2387 2149 ad
2411 2111 2508 2150 vos
2535 2098 2766 2151 transire
2796 2114 2901 2152 non
2934 2100 3159 2168 possint,
3192 2101 3319 2168 quia
3337 2103 3480 2155 enim
3513 2104 3697 2173 hi,qui
3727 2107 3778 2159 iu

2182 2185 2394 2240 inferno
2434 2196 2581 2252 sunt,
2614 2189 2679 2241 ad
2726 2188 3006 2243 beatorum
3036 2201 3236 2245 sortem
3270 2192 3501 2247 transire
3530 2196 3781 2265 cupiunt,

2182 2273 2406 2329 dubium
2438 2291 2542 2330 non
2588 2286 2692 2342 est,
2732 2278 2821 2347 qui
2850 2294 2978 2332 vero
3019 2281 3128 2349 iam
3157 2281 3209 2334 in
3256 2282 3608 2339 beatitudinis
3636 2297 3784 2343 sorte

2182 2364 2418 2433 suscepti
2446 2374 2571 2418 sunt
2611 2381 2717 2434 quo
2743 2375 2903 2436 pacto
2932 2368 3128 2423 dicitur
3156 2372 3281 2438 quia
3312 2374 3543 2428 transire
3570 2373 3633 2427 ad
3661 2391 3780 2439 eos,

2181 2456 2274 2523 qui
2303 2454 2355 2508 in
2378 2454 2588 2512 inferno
2624 2458 2956 2524 cruciantur,
2980 2460 3167 2514 volunt
3190 2464 3213 2513 γ
3237 2461 3341 2516 Sed
3373 2464 3514 2518 sicut
3548 2467 3783 2520 transire

2184 2545 2399 2612 reprobi
2445 2544 2511 2598 ad
2555 2546 2755 2601 electos
2787 2550 3028 2617 cupiunt,
3074 2551 3130 2604 id
3164 2561 3267 2616 est,
3311 2567 3340 2605 a
3387 2554 3774 2623 suppliciorum

2183 2650 2405 2689 suorum
2433 2633 2722 2693 amictione
2752 2640 3012 2709 migrare.
3045 2642 3119 2694 ita
3165 2645 3231 2697 ad
3260 2642 3487 2699 afﬂictos
3533 2658 3697 2715 atque
3726 2648 3779 2700 in

2185 2728 2465 2781 tormentis
2492 2729 2695 2796 positos
2720 2732 2951 2785 transire
2966 2731 3232 2805 iustorum
3257 2743 3360 2799 est,
3386 2748 3566 2790 mente
3588 2738 3664 2791 ire
3686 2752 3783 2807 per

2184 2817 2637 2885 misericordiam,
2660 2834 2859 2889 eosque
2886 2822 3022 2875 velle
3051 2822 3299 2888 liberare,
3327 2827 3420 2880 sed
3456 2826 3548 2895 qui
3594 2827 3781 2880 velunt

2185 2908 2253 2963 de
2274 2909 2554 2963 beatorum
2586 2911 2713 2964 sede
2754 2911 2820 2963 ad
2847 2910 3075 2966 alllictos
3100 2922 3261 2981 atque
3290 2916 3341 2967 in
3374 2918 3658 2969 tormentis
3689 2932 3783 2986 po-

2185 2997 2319 3053 sitos
2361 2998 2609 3062 transire,
2656 3016 2762 3054 non
2815 3010 3061 3068 possunt,
3092 3004 3219 3071 quia
3266 3002 3537 3071 iustorum
3588 3007 3782 3061 anima:

2186 3090 2435 3157 quamvis
2464 3090 2519 3142 in
2549 3104 2660 3144 sua:
2706 3101 2913 3145 naturae
2945 3094 3185 3147 bonitate
3225 3096 3649 3151 misericordiam
3688 3100 3785 3152 ha—

2103 3188 2149 3250 ρ
2181 3180 2344 3235 beant
2381 3221 2395 3247 ,
2440 3179 2547 3249 iam
2590 3178 2766 3237 tamen
2816 3186 3055 3239 auctoris
3114 3187 3197 3240 sui
3236 3186 3462 3255 iustitia:
3506 3190 3783 3259 coniuncti

2186 3280 2335 3327 tanta
2365 3272 2687 3328 rectitudine
2715 3277 3181 3347 conStringuntnr,
3222 3290 3281 3332 ut
3321 3279 3465 3333 nulla
3494 3283 3560 3335 ad
3589 3299 3779 3353 repro-

2180 3364 2281 3418 bos
2306 3365 2684 3433 compassione
2713 3376 3049 3422 moveantur.
3087 3370 3191 3422 Sed
3236 3380 3520 3439 postquam
3563 3375 3781 3428 ardenti

2182 3454 2333 3508 diviti
2359 3454 2425 3509 de
2454 3469 2510 3508 se
2532 3466 2655 3525 Spes
2688 3456 2909 3521 tollitur,
2939 3456 3053 3525 eius
3104 3462 3318 3515 animus
3357 3461 3422 3515 ad
3452 3464 3785 3533 ptOpinquos

2180 3562 2315 3615 quos
2340 3546 2652 3616 reliquerat,
2684 3549 2932 3613 recurrit,
2981 3550 3107 3619 quia
3154 3551 3502 3619 reproborum
3543 3562 3779 3611 mentem

2177 3654 2344 3707 pinna
2372 3655 2469 3695 sua
2497 3642 2815 3711 quandoque
2841 3642 3105 3697 inutiliter
3126 3645 3303 3699 erudit
3333 3646 3398 3699 ad
3429 3647 3788 3717 charitatem,

2180 3739 2238 3782 ut
2258 3730 2373 3799 iam
2408 3741 2533 3787 tunc
2560 3733 2723 3786 etiam
2752 3748 2879 3787 suos
2918 3733 3235 3802 spiritaliter
3257 3733 3503 3805 diligant,
3532 3736 3624 3805 qui
3647 3736 3781 3789 dum

2180 3821 2270 3877 hic
2296 3831 2520 3890 peccata
2564 3824 2868 3895 diligerent,
2896 3839 2995 3879 nec
3041 3839 3101 3879 se
3138 3825 3413 3881 amabant.
3458 3825 3605 3880 Unde
3634 3842 3783 3881 nunc

2181 3915 2466 3985 sequitur:

2254 4004 2323 4059 Et
2354 4007 2469 4059 ait:
2502 4003 2648 4076 Rogo
2676 4021 2798 4076 ergo
2825 4016 2893 4071 te,
2922 4004 3106 4071 Pater,
3146 4015 3202 4060 ut
3244 4006 3422 4060 mittas
3462 4022 3577 4059 eum
3601 4006 3655 4059 in
3689 4008 3785 4063 do‘

2183 4113 2326 4149 mum
2355 4097 2521 4167 patris
2559 4096 2681 4149 mei.
2726 4095 2911 4149 Habeo
2954 4095 3093 4149 enim
3119 4096 3346 4167 quinque
3381 4096 3595 4165 fratres,
3622 4107 3686 4151 ut
3714 4107 3784 4152 te-

2180 4196 2349 4241 stetur
2369 4185 2475 4241 illis
2502 4203 2565 4240 ne
2602 4196 2652 4239 et
2695 4186 2796 4255 ipsi
2840 4186 3045 4239 veniant
3080 4185 3135 4238 in
3164 4184 3337 4238 locum
3364 4184 3505 4239 hunc
3544 4196 3772 4241 tomen-

2183 4288 2377 4331 torum.
2410 4276 2526 4343 Qua
2562 4276 2617 4331 in
2645 4290 2706 4330 re
2751 4274 3069 4340 notandum,
3119 4276 3329 4329 ardenti
3379 4275 3529 4330 diviti
3577 4286 3780 4344 quanta

2183 4368 2252 4422 ad
2276 4368 2601 4438 supplicium
2626 4366 2988 4422 cumulantur.
3015 4366 3098 4421 Ad
3125 4382 3343 4436 pinnam
3372 4381 3601 4436 namque
3624 4383 3779 4421 suam

2185 4459 2235 4512 ei
2258 4469 2312 4513 et
2340 4458 2574 4528 cognitio
2597 4466 2847 4513 servatur
2882 4465 2938 4512 et
2983 4456 3265 4511 memoria.
3317 4457 3605 4528 Cognoscit
3634 4459 3778 4512 enim

484 4563 742 4632 superius
797 4562 998 4616 dictum
1028 4570 1150 4616 est:
1184 4562 1307 4630 quia
1342 4561 1395 4615 in
1436 4562 1541 4615 hac
1564 4562 1673 4615 vita
1704 4561 1945 4617 Lazarus
1986 4578 2077 4616 ca-

2188 4548 2471 4612 Lazarum,
2501 4561 2657 4615 quem
2704 4545 2970 4616 despexit,
3026 4545 3254 4600 fratrum
3300 4562 3513 4617 quoque
3556 4562 3778 4601 suorum

484 4654 681 4708 dentes
710 4652 879 4706 micas
903 4652 967 4706 de
998 4666 1183 4705 mensa
1212 4650 1395 4705 divitis
1428 4651 1726 4720 quinrebat,
1750 4661 1797 4703 et
1830 4668 1978 4704 nemo
2000 4650 2078 4703 illi

487 4738 670 4804 dabat,
701 4758 844 4796 nunc
870 4743 934 4797 de
968 4741 1228 4812 supplicio
1260 4742 1441 4797 divitis
1488 4742 1687 4796 dicitur
1710 4741 1835 4811 quia
1881 4743 1947 4797 de
1987 4759 2079 4797 ex—

494 4846 667 4889 tremo
698 4834 865 4903 digito
892 4833 1081 4887 Lazari
1113 4833 1361 4887 distillari
1389 4850 1585 4903 aquam
1622 4834 1675 4888 in
1703 4850 1798 4889 ore
1830 4850 1927 4889 suo
1952 4851 2081 4890 con-

491 4924 739 4997 cupiscit.
766 4926 870 4992 Qui
898 4939 1026 4995 ergo
1058 4940 1258 4979 mensa:
1284 4942 1394 4980 suae
1438 4925 1519 4981 vel
1568 4927 1789 4980 minima
1830 4928 1959 4981 dare
1979 4943 2079 4982 no-

494 5014 617 5081 luit,
649 5016 702 5069 in
729 5015 943 5083 inferne
968 5014 1197 5086 positus,
1241 5031 1412 5086 usque
1448 5017 1515 5071 ad
1542 5018 1763 5071 minima
1788 5020 2077 5088 qumrcnda

493 5107 740 5174 pervenit
770 5123 784 5160 :
817 5105 911 5160 sed
938 5104 1231 5159 notandum
1266 5106 1420 5161 valde
1442 5116 1543 5173 est,
1572 5108 1700 5177 quid
1742 5109 1811 5162 sit
1836 5110 1978 5178 quod
2000 5109 2081 5163 di-

492 5209 587 5250 ves
615 5196 671 5250 in
701 5196 824 5267 igne
882 5195 1089 5265 pesitus
1126 5195 1362 5265 linguam
1416 5197 1725 5269 refrigerari
1762 5203 1917 5268 petit.
1968 5200 2083 5255 Mos

495 5283 693 5353 quippe
714 5292 799 5339 est
820 5284 961 5338 sacri
984 5282 1141 5353 elogii
1176 5293 1246 5337 ut
1284 5283 1573 5354 aliquando
1603 5287 1747 5341 aliud
1794 5289 1957 5352 dicat,
1987 5289 2082 5343 sed

494 5386 563 5427 ex
588 5372 776 5427 eodem
808 5373 951 5427 dicto
978 5371 1120 5425 aliud
1159 5372 1365 5427 innuat.
1402 5371 1663 5444 Superius
1714 5377 1857 5431 hunc
1896 5393 2081 5446 super-

495 5463 624 5517 bum
644 5462 867 5517 divitem
886 5462 1147 5518 Dominus
1170 5477 1273 5518 non
1298 5463 1609 5533 loquacitati
1630 5476 1910 5520 vacantem
1931 5467 2081 5520 dive-

497 5562 605 5623 rat,
628 5555 727 5610 sed
773 5554 1039 5625 superflue
1064 5556 1460 5621 convivantem,
1491 5572 1665 5627 neque
1714 5559 1859 5612 hunc
1898 5558 1965 5613 de
2003 5558 2081 5612 lo-

494 5646 769 5715 quacitate
814 5646 1072 5709 narravit,
1107 5646 1201 5700 sed
1234 5662 1356 5701 cum
1409 5648 1640 5702 elatione
1690 5656 1743 5702 et
1775 5648 1983 5702 tenacia
2014 5647 2081 5700 de

496 5733 761 5788 edacitate
787 5749 1074 5804 peccasse;
1113 5736 1206 5789 sed
1230 5736 1355 5804 quia
1398 5737 1671 5791 abundare
1722 5738 1773 5790 in
1820 5736 2080 5792 conviviis

2186 4640 2449 4703 meminit,
2481 4652 2617 4708 quos
2663 4636 2898 4707 reliquit.
2942 4636 3186 4692 Perfecta
3222 4638 3419 4707 quippe
3455 4639 3506 4692 ei
3552 4639 3689 4693 ultio
3718 4641 3780 4692 de

2185 4752 2421 4807 paupere
2452 4751 2558 4790 non
2603 4747 2766 4801 esset,
2806 4738 2850 4790 si
2893 4738 3036 4793 hunc
3061 4738 3126 4792 de
3157 4738 3515 4793 retributione
3550 4753 3661 4792 non
3689 4754 3767 4793 co-

2187 4838 2488 4898 gnosceret.
2536 4828 2602 4881 Et
2631 4827 2869 4897 perfecta
2908 4842 3072 4896 pmna
3121 4829 3174 4881 in
3224 4829 3348 4899 igne
3396 4844 3502 4883 nou
3540 4839 3706 4893 esset,
3736 4830 3775 4883 si

2190 4934 2296 4972 nou
2326 4920 2430 4971 hoc
2455 4917 2597 4985 quod
2627 4917 2740 4985 ipse
2767 4919 2970 4987 patitur
2991 4917 3102 4970 suis
3129 4917 3380 4983 timeret;
3411 4928 3465 4972 ut
3497 4934 3629 4989 ergo
3648 4935 3771 4988 pec-

2184 5018 2397 5065 eatores
2426 5008 2653 5078 amplius
2679 5010 2733 5062 in
2777 5008 3037 5078 supplicio
3066 5010 3357 5077 puniantur
3382 5020 3440 5063 et
3477 5025 3666 5066 eorum
3705 5013 3773 5066 vi-

2184 5104 2314 5156 dent
2328 5100 2571 5171 gloriam,
2587 5115 2723 5169 quos
2747 5110 3276 5171 contempserunt,et
3295 5103 3362 5155 de
3382 5101 3594 5156 illorum
3614 5105 3775 5159 etiam

2188 5207 2349 5263 poena
2376 5201 2718 5261 torquentur,
2774 5207 2908 5261 quos
2954 5192 3215 5247 inutiliter
3258 5204 3598 5249 amaverunt.
3645 5194 3773 5249 Cre-

2190 5282 2422 5337 dendum
2454 5296 2582 5337 vero
2620 5291 2722 5345 est,
2769 5284 2912 5350 quod
2952 5291 3078 5336 ante
3107 5284 3515 5338 retributionem
3544 5284 3771 5338 extremi

2180 5372 2392 5439 iudicii.
2421 5373 2604 5443 iniusti
2634 5374 2685 5427 in
2712 5375 2895 5442 requie
2922 5375 3181 5443 quosdam
3208 5373 3383 5443 iustos
3410 5377 3770 5445 conspiciunt,

2188 5470 2246 5515 ut
2271 5478 2365 5517 eos
2387 5462 2629 5517 videntes
2645 5463 2696 5516 in
2718 5462 2935 5532 gaudio,
2953 5480 3055 5517 non
3080 5464 3253 5519 solum
3280 5466 3345 5519 de
3368 5480 3464 5519 suo
3490 5466 3769 5536 supplicio,

2188 5554 2279 5608 sed
2310 5554 2473 5607 etiam
2511 5554 2577 5608 de
2616 5553 2828 5607 illorum
2872 5555 3012 5607 bono
3033 5556 3362 5610 crucientur.
3398 5553 3538 5610 Justi
3566 5571 3696 5611 vero
3718 5556 3768 5609 in

2186 5644 2471 5697 tormentis
2506 5644 3013 5712 semperintuentur
3053 5645 3301 5715 iniustos,
3331 5654 3389 5698 ut
3417 5644 3545 5701 hinc
3585 5660 3777 5700 eorum

2188 5735 2439 5805 paullum
2468 5746 2695 5801 crescat,
2729 5737 2852 5804 quia
2894 5735 3090 5789 malum
3123 5736 3461 5804 conspiciunt
3493 5736 3637 5807 quod
3675 5733 3769 5787 mi-
