3946 6336
286 376 383 433 ἳθῒ

281 489 635 548 scrieorditer
682 493 987 541 evaserunt.
1040 484 1323 555 Tantaque
1376 484 1610 552 majores
1643 481 1877 552 ereptori
1909 487 1957 544 Α

283 598 383 639 suo
408 580 618 654 gratias
641 580 880 635 referant
908 588 1109 647 quanto
1150 578 1333 632 vident
1375 578 1427 631 in
1456 576 1576 631 aliis
1600 576 1741 646 quod
1778 574 1878 644 ipsi

285 673 493 746 perpeti
522 671 568 727 si
596 680 783 726 essent
829 669 1050 740 neglecti
1096 674 1409 738 potuerunt,
1446 667 1572 735 quia
1602 665 1692 734 qui
1723 678 1878 717 crea-

286 766 423 821 toris
452 764 535 817 sui
561 761 867 817 claritatem
903 759 1106 825 vident,
1151 758 1284 812 nihil
1319 758 1371 811 in
1422 764 1672 811 creatura
1704 754 1882 825 agitur

282 859 431 929 quod
461 856 647 911 videre
672 870 779 909 non
817 852 1043 923 possint.

364 946 429 999 Et
464 946 538 997 ait
578 941 658 997 illi
688 942 993 997 Abraham:
1021 938 1225 994 [labent
1256 932 1470 1009 Moysen
1500 946 1547 991 et
1581 936 1880 1005 prophetas,

282 1038 513 1091 audiant
548 1036 686 1091 illos.
723 1033 830 1092 Sed
866 1036 956 1106 qui
988 1036 1155 1089 verba
1185 1030 1277 1087 Dei
1305 1033 1628 1102 despexerat
1656 1029 1761 1085 hoc
1790 1044 1884 1084 au-

283 1128 407 1181 dire
436 1142 541 1180 non
588 1141 745 1196 posse
789 1140 917 1180 suos
963 1137 1223 1193 sequaces
1251 1121 1576 1184 :estimabat,
1606 1118 1747 1174 unde
1802 1132 1885 1173 re-

285 1217 513 1289 spondit
544 1217 695 1271 dives
718 1234 732 1270 :

364 1309 514 1375 Non,
535 1307 699 1363 Pater
721 1306 1005 1370 Abraham,
1031 1306 1123 1360 sed
1143 1306 1190 1359 si
1206 1306 1321 1376 quis
1341 1322 1405 1360 ex
1434 1303 1653 1359 mortuis
1672 1303 1790 1358 ierit
1817 1302 1886 1356 ad

285 1418 402 1466 eos,
448 1400 803 1470 paenitentiam
850 1407 1024 1468 agent.
1069 1395 1167 1452 Cui
1216 1411 1341 1451 mox
1388 1392 1571 1449 veraci
1619 1392 1886 1449 sententia

284 1494 494 1550 dicitur
519 1506 536 1546 :

363 1583 424 1639 Si
456 1581 671 1654 Moysen
715 1591 763 1636 et
788 1579 1065 1651 prophetas
1098 1595 1201 1633 non
1230 1576 1478 1643 audiunt,
1518 1593 1680 1647 neque
1702 1576 1748 1631 si
1770 1576 1886 1649 quis

284 1690 359 1728 ea:
387 1673 608 1725 mortuis
637 1670 1001 1733 resurrexerit,
1048 1668 1278 1722 credent.
1327 1666 1465 1735 Quia
1510 1665 1767 1720 nimirum
1795 1666 1885 1735 qui

286 1761 456 1817 verba
484 1760 620 1831 legis
649 1757 968 1828 despiciunt,
1005 1754 1361 1823 redemptoris
1397 1745 1665 1823 praecepta
1690 1752 1781 1821 qui
1820 1767 1887 1807 ex

1392 369 1697 429 IiOMlLl/E
1739 369 1806 425 IN
1847 368 2101 425 EV'ANG.
2143 367 2231 423 ΕΤ
2271 365 2487 423 EPIST.

3467 364 3572 422 298

2131 482 2317 538 Lectio
2358 480 2535 537 sancti
2574 479 2845 551 Evangelii
2888 479 3180 534 secundant
3212 478 3431 535 Lucam.

2058 573 2124 628 In
2165 572 2257 627 illo
2302 582 2528 643 tempore
2575 571 2708 625 dixit
2753 572 2906 625 Iesus
2950 569 3223 640 discipulis
3264 571 3414 625 suis:
3461 568 3577 625 Sint

1984 664 2146 718 lumbi
2169 664 2321 719 vestri
2345 662 2632 731 pra'cincti,
2664 664 2765 717 etc.

2477 770 2759 827 HOMlLlA
2791 770 3070 827 LXXVIII.

2651 878 2809 917 FERIA
2839 879 2911 916 IV.

1986 954 2171 1009 Lectio
2217 953 2468 1025 Epistolas
2508 954 2567 1008 Β.
2631 952 2783 1008 Pauli
2828 953 3052 1023 apostoli
3095 954 3160 1008 ad
3210 954 3579 1013 Colossenses.

2058 1047 2298 1113 Fratres,
2327 1047 2635 1115 mortiﬁcate
2664 1048 2895 1100 membra
2934 1056 3099 1101 vestra
3133 1063 3248 1116 qum
3276 1060 3395 1102 sunt
3424 1066 3587 1121 super

1987 1149 2200 1200 terram,
2232 1147 2338 1192 etc.

2059 1228 2195 1295 Quia
2234 1229 2570 1283 immortales
2599 1236 2721 1299 post
2756 1228 3215 1284 resurrectionem
3244 1227 3418 1285 effecti
3448 1245 3581 1299 pce-

1990 1338 2116 1377 care
2155 1321 2295 1375 ultra
2348 1335 2454 1375 non
2492 1320 2811 1389 poterimus,
2863 1319 3119 1375 mortales
3160 1336 3290 1375 vero
3339 1321 3584 1390 sequitur

1990 1420 2051 1466 ut
2077 1418 2320 1481 peccent.
2373 1408 2546 1464 Sicuti
2574 1422 2703 1479 ergo
2730 1422 2797 1463 ex
2822 1407 3051 1463 diversis
3081 1409 3338 1464 membris
3384 1424 3583 1480 pecca-

1990 1515 2169 1560 torum
2236 1502 2594 1573 compositum
2652 1499 2935 1556 mortalem
2989 1500 3264 1555 hominem
3332 1501 3587 1571 supponit

1988 1604 2209 1666 propter
2234 1593 2378 1663 quod
2406 1601 2463 1647 et
2486 1590 2746 1647 mortales
2783 1590 2907 1647 talia
2955 1606 3119 1661 agere
3169 1592 3401 1662 possint,
3455 1606 3582 1647 nam

1989 1684 2135 1755 quod
2192 1682 2368 1748 dixit,
2418 1678 2649 1735 membra
2694 1695 2813 1751 qua:
2858 1691 2979 1735 sunt
3037 1697 3194 1750 super
3232 1691 3426 1735 terram
3456 1721 3471 1748 ,
3522 1688 3585 1737 ut

1991 1776 2137 1830 dicat
2166 1782 2320 1828 actus
2350 1788 2548 1844 pravos
2581 1787 2717 1842 quos
2741 1770 2916 1827 solent
2950 1772 3209 1828 mortales
3233 1772 3408 1843 sequi.
3435 1772 3581 1829 Mor-

288 1851 525 1907 ¹¹¹⁰Γ¹¹¹ί⁸
550 1850 792 1905 surtu“
813 1854 1017 1938 quam”
1042 1845 1223 1901 minus
1246 1842 1567 1938 “9‘?ng
1599 1851 1748 1938 ί³¹ξί⁰
1773 1846 1889 1938 {me
1920 1844 1964 1903 Β
1998 1867 2215 1922 tilieatis
2244 1842 2375 1937 ergo
2404 1866 2525 1921 istis
2550 1865 2813 1921 membris
2837 1864 3170 1936 resurgimus
3195 1865 3249 1920 in
3281 1842 3386 1921 fide
3408 1866 3583 1938 prius.

286 1941 584 2006 difficilius,
633 1947 691 1994 et
738 1937 994 1993 nimirum
1035 1942 1273 2000 constat,
1317 1934 1441 2003 quia
1484 1933 1638 2002 cujus
1670 1932 1890 2003 implere

286 2033 439 2089 dicta
484 2036 757 2088 renuunt:
810 2027 860 2082 ei
904 2024 1094 2097 procul
1136 2023 1299 2079 dubio
1344 2023 1567 2083 credere
1616 2029 1887 2077 recusant.

286 2125 440 2181 Inter
480 2123 600 2178 hinc
642 2118 938 2175 notandum
979 2126 1082 2185 est,
1114 2115 1257 2186 quod
1285 2114 1335 2168 ei
1360 2112 1583 2176 dicitur,
1610 2121 1885 2177 memento,

284 2219 393 2289 ﬁli,
425 2233 555 2274 ecce
582 2215 727 2270 enim
756 2211 1027 2267 Abraham
1060 2209 1227 2264 lilium
1266 2215 1423 2262 vocat
1468 2214 1833 2285 quem/tamen
1855 2221 1887 2259 a

288 2317 566 2368 tormento
616 2322 725 2361 non
774 2303 989 2367 liberat,
1038 2300 1294 2371 quoniam
1327 2296 1487 2365 hujus
1534 2296 1765 2351 infidelis
1793 2310 1889 2365 po-

290 2402 404 2474 puli
430 2398 796 2471 przecedeutes
815 2402 995 2465 patres
1020 2391 1204 2448 ﬁdeles
1224 2390 1352 2460 quia
1381 2390 1579 2444 multos
1612 2405 1641 2443 a
1665 2404 1758 2445 sua
1786 2388 1889 2444 [ide

289 2492 542 2547 deviasse
578 2486 942 2549 considerant,
976 2496 1071 2537 eos
1109 2477 1257 2537 nulla
1296 2478 1676 2550 compa'ssione
1716 2493 1746 2532 a
1779 2488 1889 2533 tor-

288 2584 493 2639 mentis
520 2581 780 2651 eripiunt,
817 2592 954 2651 quos
996 2583 1175 2630 tamen
1223 2588 1320 2649 per
1357 2588 1577 2629 carnem
1624 2572 1764 2627 ﬁlios
1809 2586 1888 2627 re-

286 2670 717 2744 cognoscunt.ln
735 2666 1018 2725 tormentis
1042 2675 1219 2720 autem
1246 2663 1399 2719 dives
1424 2662 1632 2734 positus
1650 2663 1885 2732 quinque

288 2768 492 2822 fratres
534 2763 738 2818 habere
763 2776 822 2817 se
845 2759 1113 2830 perhibet,
1139 2757 1265 2827 quia
1303 2756 1567 2827 superbus
1605 2755 1773 2810 isdem
1797 2752 1887 2809 Ju-

286 2863 480 2917 daicus
506 2856 733 2928 populus
762 2854 853 2925 qui
896 2868 964 2908 ex
1010 2866 1203 2921 magna
1249 2859 1401 2922 parte
1456 2850 1742 2905 damnatus
1779 2856 1883 2915 est,

287 2964 557 3020 sequaces
582 2961 727 3009 suos,
754 2960 888 3014 quos
937 2957 1098 3013 super
1128 2951 1329 2997 terram
1371 2941 1607 3011 reliquit,
1649 2942 1884 3011 quinque

286 3040 541 3095 sensibus
587 3034 829 3105 corporis
878 3032 1087 3088 deditos
1136 3036 1301 3087 novit.
1342 3030 1603 3099 Quinario
1631 3047 1760 3103 ergo
1786 3048 1884 3086 nu-

1995 1956 2274 2024 Quomodo
2311 1965 2490 2018 autem
2528 1956 2789 2028 praecedit
2817 1971 2965 2012 mors
2992 1958 3285 2013 secundum
3329 1960 3585 2030 spiritum

1995 2049 2480 2114 resurrectionem,
2533 2063 2655 2120 quae
2696 2057 2782 2104 est
2828 2048 3127 2104 secundum
3174 2050 3457 2121 Spiritum,
3506 2051 3588 2108 sic

1992 2154 2326 2211 prrecessura
2364 2148 2449 2198 est
2474 2154 2621 2196 mors
2654 2139 2951 2196 secundum
2972 2153 3195 2195 carnem
3227 2141 3588 2197 resurrectio-

1993 2246 2139 2295 nem,
2167 2246 2287 2301 quac
2318 2230 2497 2289 futura
2523 2238 2606 2285 est
2630 2230 2927 2291 secundum
2953 2245 3195 2285 carnem.

2064 2320 2523 2387 Fornicationem,
2554 2320 2965 2387 immunditiam,
2998 2320 3287 2387 libidinem,
3340 2323 3587 2389 concupi-

1991 2413 2243 2467 scentiam
2275 2412 2494 2477 malam,
2523 2422 2571 2466 et
2594 2412 2893 2479 avaritiam,
2924 2430 3042 2483 qua:
3066 2424 3140 2468 est
3172 2414 3583 2471 simulacrorum

1991 2503 2231 2557 semitas.
2264 2501 2449 2573 Neque
2470 2503 2619 2561 enim
2650 2501 2842 2559 beatus
2870 2503 3163 2575 Apostolus
3192 2504 3259 2560 ad
3290 2507 3587 2563 abscissio-

1989 2609 2114 2649 nem
2145 2609 2400 2649 manuum
2430 2602 2524 2649 aut
2559 2594 2757 2665 pedum
2786 2604 2881 2651 aut
2908 2596 3223 2667 genitalium
3262 2598 3456 2654 immiti
3484 2614 3585 2655 nos

1987 2678 2350 2755 praeceptione
2400 2685 2692 2755 compellit,
2742 2687 2838 2743 sed
2882 2702 3080 2762 corpus
3125 2689 3332 2759 peccati
3361 2699 3413 2743 et
3461 2706 3584 2760 qua:

1987 2778 2060 2832 sit
2104 2775 2223 2847 ejus
2248 2776 2547 2833 destructio
2595 2787 2991 2849 consequenter
3038 2780 3278 2850 exponit.
3336 2778 3404 2836 Ut
3444 2764 3583 2851 jam,

1989 2868 2180 2938 inquit,
2218 2883 2323 2923 non
2358 2866 2646 2924 serviamus
2685 2878 2919 2937 peccato,
2966 2883 2995 2923 a
3026 2884 3133 2939 quo
3166 2869 3331 2925 etiam
3356 2885 3414 2925 se
3445 2870 3581 2926 libe-

1987 2957 2094 3011 rari
2126 2972 2250 3012 eum
2278 2955 2482 3025 ejulatu
2510 2956 2749 3027 postulat
2776 2956 2985 3021 dicens,
3040 2957 3225 3027 infelix
3264 2974 3355 3028 ego
3402 2959 3582 3023 homo,

1984 3050 2101 3117 quis
2128 3064 2209 3101 me
2234 3048 2473 3103 liberabit
2501 3049 2565 3103 de
2592 3064 2805 3119 corpore
2833 3050 3016 3103 mortis
3042 3049 3245 3119 hujus?
3265 3048 3378 3104 Hoc
3401 3049 3586 3121 itaque

286 3145 446 3187 mero
482 3129 680 3183 fratres
706 3140 840 3197 quos
874 3125 1165 3194 reliquerat
1194 3124 1486 3195 exprimit:
1523 3125 1649 3195 quia
1694 3139 1789 3181 eos
1815 3126 1883 3181 ad
1916 3202 1954 3215 Λ
1984 3142 2193 3211 peccati
2230 3156 2427 3213 corpus
2473 3140 2656 3207 multis
2702 3141 2960 3203 νίιίοιιυιη
3016 3143 3275 3198 membris
3319 3144 3585 3215 probam,

280 3220 592 3292 spiritalem
641 3215 1049 3285 intelligentiam
1084 3231 1203 3285 non
1242 3230 1528 3287 assurgere
1577 3216 1631 3269 in
1670 3215 1882 3271 inferno

1993 3202 2348 3295 exstructum,
2403 3240 2459 3287 et
2486 3220 2553 3285 ad
2586 3202 2704 3301 ejus
2730 3202 2923 3286 attinet
2967 3232 3267 3303 portionem
3318 3202 3582 3307 quidquid

282 3312 499 3385 positus
528 3308 713 3380 gemit.
744 3306 882 3360 Petit
915 3314 975 3360 ut
1000 3306 1065 3360 ad
1092 3320 1186 3360 eos
1222 3304 1459 3365 Lazarus
1503 3304 1771 3371 mittatur,
1797 3306 1885 3361 cui

280 3402 435 3473 quod
462 3400 680 3471 Moysen
722 3404 775 3452 et
820 3396 1112 3466 prephetas
1152 3396 1389 3450 habeant
1426 3395 1644 3449 dicitur.
1692 3395 1795 3450 Sed
1826 3404 1885 3451 ut

282 3495 437 3566 quod
476 3510 579 3547 non
616 3491 845 3547 credunt
874 3489 975 3544 nisi
1000 3489 1121 3558 quis
1145 3502 1211 3565 ex
1240 3488 1469 3545 mortuis
1498 3488 1879 3543 resurrexerit.

280 3587 391 3645 Cui
422 3586 669 3655 protinus
716 3581 1117 3653 respondetur:
1148 3578 1206 3635 Si
1245 3578 1462 3651 Moysen
1516 3588 1563 3633 et
1607 3580 1884 3649 prophetas

282 3693 400 3734 non
430 3676 649 3730 audiunt
682 3691 772 3727 nec
811 3674 856 3727 si
889 3673 1003 3742 quis
1029 3688 1093 3724 ex
1138 3671 1357 3724 mortuis
1405 3669 1743 3723 resurrexerit
1769 3686 1883 3723 cre-

282 3770 417 3825 dent
444 3771 511 3824 ei.
537 3768 697 3823 Certe
732 3767 797 3820 de
843 3764 1025 3835 Moyse
1047 3762 1263 3818 Veritas
1306 3760 1471 3816 dicit:
1505 3758 1565 3815 Si
1609 3762 1885 3833 crederetis

284 3860 488 3931 Moysi,
513 3858 788 3912 crederetis
818 3858 996 3925 utique
1017 3865 1063 3908 et
1094 3854 1240 3917 mihi,
1267 3853 1333 3907 de
1359 3868 1446 3906 me
1476 3850 1727 3907 enimille
1752 3852 1887 3907 seri—

282 3954 419 4025 psit.
449 3950 705 4021 impletur
730 3962 858 4019 ergo
890 3946 1031 4018 quod
1072 3960 1170 4016 per
1203 3943 1433 3998 Abrahae
1480 3942 1883 4013 responsionem

283 4048 605 4107 dieitur,.ex
658 4042 886 4097 mortuis
934 4040 1077 4096 enim
1120 4040 1376 4095 Dominus
1420 4038 1739 4103 resurrexit,
1791 4040 1885 4095 sed

282 4136 551 4193 Iudaicus
600 4132 828 4203 populus
866 4132 1003 4201 quia
1066 4130 1234 4202 Moysi
1286 4129 1508 4185 credere
1563 4128 1774 4197 noluit,
1834 4130 1882 4183 ei

282 4228 459 4283 etiam
484 4225 573 4297 qui
604 4223 901 4280 resurrexit
938 4236 1003 4277 ex
1034 4220 1262 4276 mortuis
1286 4218 1507 4275 credere
1537 4222 1882 4292 contempsit.

283 4319 535 4387 Cumque
556 4311 723 4387 Moysi
760 4314 923 4369 verba
969 4310 1321 4383 spiritualiter
1351 4310 1649 4381 intelligere
1680 4312 1883 4374 renuit,

286 4410 361 4465 ad
382 4424 505 4463 eum
537 4406 603 4461 de
628 4422 735 4475 quo
763 4405 969 4477 Moyses
1015 4403 1227 4457 loeutus
1258 4398 1436 4456 fuerat
1470 4418 1576 4457 non
1612 4403 1881 4472 pervenit.

285 4498 428 4555 Nam
458 4497 667 4567 Moyses
692 4496 760 4550 de
805 4494 1035 4548 Domino
1075 4502 1263 4551 nostro
1310 4490 1437 4546 Jesu
1488 4491 1705 4548 Christo
1730 4493 1884 4548 audi—

286 4588 502 4643 toribus
527 4586 638 4640 suis
670 4584 744 4641 ita
771 4582 1140 4652 pronuntiavit
1161 4581 1376 4659 dicens:
1397 4578 1714 4653 PrOphetam
1741 4583 1881 4637 vobis

283 4676 564 4735 suscitabit
593 4672 847 4729 Dominus
874 4672 938 4725 de
981 4671 1233 4741 fratribus
1276 4671 1454 4725 vestris
1500 4680 1749 4742 tanquam
1778 4689 1880 4738 me,

283 4772 465 4839 ipsum
499 4766 742 4820 audietis.
776 4762 931 4819 Unde
950 4763 1127 4817 adhuc
1156 4762 1415 4832 scriptum
1442 4770 1544 4827 est,
1584 4771 1633 4827 et
1666 4762 1885 4832 quicun-

284 4876 390 4931 que
425 4874 530 4911 non
556 4854 780 4909 audierit
820 4853 1144 4925 prophetam,
1185 4851 1335 4931 illum
1364 4852 1796 4907 exterminabitur
1819 4853 1883 4907 de

286 4930 484 5025 populo
520 4964 635 5012 suo,
684 4946 805 5015 quia
850 4945 964 5028 ipse
989 4952 1073 4999 cst
1119 4930 1433 4999 Dominator
1459 4944 1580 5000 emli
1616 4951 1672 5000 et
1702 4954 1880 5011 terrm,

288 5041 383 5105 cui
418 5040 598 5096 honor.
622 5048 678 5092 et
701 5036 872 5107 gloria
896 5036 949 5091 in
988 5036 1183 5091 saacula
1218 5036 1557 5091 szeculorUm.
1592 5038 1785 5093 Amen.

464 5164 519 5204 ιι(
547 5164 745 5202 RATALI
776 5162 1088 5211 δηοτωιωι
1114 5162 1340 5202 NLBORIS
1373 5162 1441 5203 ET
1472 5165 1709 5203 NAZABII.

294 5239 592 5297 Lectionem
620 5248 669 5291 et
697 5236 1039 5359 Erangeliluut
1067 5238 1270 5306 require
1301 5237 1357 5292 in
1393 5237 1557 5292 natali
1582 5247 1882 5295 sanctorum

901 5324 934 5359 ο
959 5323 1266 5359 unmorum.

901 5323 1266 5378 plurimorum.

582 5399 767 5456 Lectio
792 5399 1041 5469 Epistolas
1077 5397 1137 5451 Β.
1177 5398 1320 5453 Petri
1347 5397 1594 5469 apostoli.

372 5495 683 5551 Benedictus
724 5492 974 5549 Dominus
1021 5492 1165 5546 Deus.
1191 5501 1239 5546 et
1288 5491 1449 5549 Pater
1485 5492 1693 5547 Domini
1724 5494 1887 5546 nostri

290 5584 427 5643 Iesu
462 5581 687 5649 Christi,
714 5599 805 5654 qut
847 5582 1131 5642 secundum
1180 5599 1425 5653 magnam
1468 5582 1884 5637 misericordiam

293 5693 451 5734 suam
478 5672 797 5744 regeneravit
824 5686 917 5725 nos
955 5671 1011 5723 in
1046 5687 1189 5740 spem
1228 5671 1393 5727 vivam
1417 5687 1509 5741 per
1551 5671 1885 5726 resurrectio-

297 5786 414 5824 nem
446 5766 575 5821 Jesu
603 5762 801 5817 Christi
833 5777 898 5815 ea:
934 5762 1171 5815 mortuis.

584 5857 859 5918 ΡΑτιιοι..
907 5853 1038 5913 CX.

1986 3320 2208 3377 etfacto
2261 3320 2509 3391 et‘dicto
2541 3321 2623 3375 vel
2672 3321 2997 3392 cogitatione
3036 3332 3311 3393 peccatur.
3374 3322 3580 3379 Notan-

1985 3410 2112 3464 dum
2158 3409 2302 3480 quod
2346 3410 2611 3466 idolorum
2672 3408 2937 3466 culturam
2996 3414 3282 3469 avaritiam
3329 3414 3576 3477 vocavit,

1984 3499 2137 3567 quasi
2177 3515 2297 3569 quae
2320 3514 2353 3562 _a
2403 3500 2753 3556 similitudine
2805 3502 2900 3556 Dei
2932 3517 3027 3558 eos
3070 3505 3243 3573 possit
3300 3504 3579 3561 divellere.

1986 3586 2265 3644 Necicnim
2317 3590 2577 3662 possibile
2604 3602 2689 3647 est
2714 3600 2787 3665 ut
2818 3593 2941 3663 quis
2966 3608 3026 3649 se
3056 3610 3085 3648 a
3115 3596 3298 3664 pravis
3348 3597 3583 3667 negotiis

1986 3678 2275 3744 abstineat,
2308 3680 2398 3747 qui
2432 3679 2551 3749 plus
2580 3681 2813 3736 habendi
2840 3682 3134 3751 cupiditate
3175 3690 3410 3749 tenetur,
3458 3685 3582 3741 ideo

1985 3769 2267 3824 avaritiam
2300 3770 2564 3825 idolorum
2590 3760 2837 3827 servititti
2882 3781 3181 3843 comparat.
3232 3772 3419 3845 Neque
3467 3776 3572 3831 hoc

1985 3860 2247 3915 silendum
2276 3860 2530 3926 arbitror,
2577 3861 2719 3935 quod
2752 3861 2895 3917 sicut
2950 3860 3323 3919 fornicationis
3377 3880 3578 3937 genera

1985 3962 2112 4008 sunt
2138 3954 2263 4020 tria,
2318 3955 2461 4024 quod
2504 3968 2601 4023 per
2629 3954 3061 4009 eommistionem
3092 3970 3256 4011 sexus
3284 3966 3577 4029 utrumque

1985 4041 2263 4110 perficitur
2293 4041 2586 4096 secundum
2616 4041 2758 4112 quod
2788 4042 2992 4112 absque
3016 4042 3252 4100 femineo
3288 4054 3435 4101 tactu
3478 4062 3582 4115 pro

1986 4148 2092 4203 quo
2130 4132 2384 4188 Jeremia:
2460 4133 2781 4203 patriarchae
2843 4131 2996 4189 ludas
3057 4134 3200 4192 ﬁlius
3268 4152 3299 4191 a
3351 4130 3583 4196 Domino

1985 4237 2274 4292 percussus
2328 4221 2555 4291 legitur,
2598 4221 2741 4292 quod
2786 4221 2839 4275 in
2887 4221 3183 4293 Scripturis
3224 4226 3429 4281 sanctis
3476 4226 3582 4282 im-

1985 4310 2247 4366 munditia
2299 4319 2675 4381 nuncupatur:
2734 4326 2896 4380 super
2930 4327 3037 4381 quo
3076 4313 3391 4389 ApoStolus,
3429 4316 3577 4387 dico,

1986 4401 2161 4471 inquit
2184 4401 2426 4472 innuptis
2469 4409 2522 4457 et
2545 4402 2744 4469 viduis,
2794 4403 2987 4457 bonum
3024 4416 3099 4459 est
3122 4405 3230 4461 illis
3276 4408 3322 4462 si
3346 4409 3423 4463 sic
3459 4426 3579 4481 per-

1987 4501 2286 4555 manserunt
2316 4493 2449 4547 sicut
2476 4508 2588 4567 ego.
2614 4491 2768 4559 Quod
2792 4494 2838 4548 si
2864 4511 2917 4548 se
2945 4511 3049 4550 non
3075 4496 3338 4552 continent
3356 4499 3579 4567 nubant,

1989 4582 2173 4636 melius
2224 4592 2298 4637 est
2353 4584 2492 4637 enim
2536 4583 2728 4638 nubere
2771 4597 2929 4657 quam
2975 4586 3058 4639 uri
3086 4625 3103 4649 ,
3156 4586 3378 4646 tertium
3430 4592 3579 4661 quod

1990 4671 2169 4727 animo
2196 4686 2261 4725 ac
2285 4678 2467 4726 mente
2491 4670 2791 4740 concipitur
2814 4672 2879 4725 de
2900 4686 3008 4741 quo
3028 4672 3287 4731 Dominus
3314 4676 3369 4731 in
3396 4676 3578 4734 Evan-

1988 4762 2149 4834 gelio,
2176 4765 2263 4834 qui
2289 4763 2493 4828 viderit,
2522 4762 2618 4826 ait,
2669 4762 2939 4819 mulierem
2982 4765 3053 4829 ad
3103 4768 3574 4839 concupiscendum

1986 4871 2101 4908 eam
2118 4854 2239 4924 jam
2255 4854 2538 4909 moechatus
2562 4863 2635 4908 est
2664 4870 2776 4907 eam
2802 4854 2855 4906 in
2875 4854 3029 4909 corde
3053 4871 3168 4932 suo.
3188 4855 3265 4911 Ita
3296 4852 3575 4932 philargy-

1987 4945 2081 5009 rite
2125 4958 2318 5015 genera
2371 4954 2495 4999 sunt
2537 4944 2683 4999 tria:
2720 4942 2955 5012 primum
3003 4930 3147 5013 quod
3201 4930 3575 5007 renuntiantes

1986 5034 2188 5089 divitiis
2223 5050 2253 5088 a
2278 5030 2622 5089 facultatibus
2652 5033 2764 5088 suis
2794 5033 3015 5104 spoliari
3047 5052 3156 5091 non
3185 5037 3337 5104 sinit,
3380 5055 3576 5097 secun-

1986 5126 2113 5180 dum
2138 5126 2280 5196 quod
2308 5140 2370 5179 ea
2401 5139 2520 5194 quae
2545 5138 2575 5177 a
2604 5124 2760 5179 nobis
2804 5125 3049 5196 dispersa
3095 5136 3243 5194 sunt,
3297 5128 3379 5184 vel
3434 5131 3573 5188 indi-

1984 5214 2235 5285 gentibus
2263 5214 2571 5278 distributa,
2611 5229 2888 5277 resumere
2928 5214 3087 5276 nobis
3114 5217 3318 5287 majore
3364 5218 3573 5291 cupidi-

1987 5313 2095 5360 tate
2155 5304 2484 5374 persuadet:
2545 5304 2766 5359 tcrtium
2818 5305 2959 5374 quod
3008 5314 3072 5359 ea
3120 5321 3239 5375 qua:
3283 5324 3352 5365 ne
3414 5321 3572 5372 antea

1991 5396 2206 5466 quidem
2229 5395 2633 5465 possidebamus
2674 5396 2969 5451 desiderari
3000 5406 3055 5452 et
3090 5400 3296 5468 acquiri
3341 5402 3572 5475 compel-

1990 5487 2090 5551 lit;
2123 5494 2178 5540 ct
2223 5495 2281 5540 ut
2315 5485 2627 5540 ostenderet
2649 5486 2917 5555 quomodo
2946 5502 3051 5541 non
3087 5496 3264 5557 potest
3304 5490 3428 5561 quis
3472 5492 3577 5549 ista

1993 5578 2110 5633 sine
2133 5593 2270 5632 noxa
2300 5577 2497 5642 facere,
2525 5587 2732 5647 propter
2770 5594 2909 5648 qutr,
2942 5578 3137 5648 inquit,
3185 5581 3320 5633 venit
3362 5581 3443 5635 ira
3480 5582 3573 5638 Det

1993 5684 2148 5737 super
2205 5668 2344 5735 ﬁlios
2405 5668 2734 5740 diﬁidentiw,
2795 5684 2899 5725 non
2965 5669 3139 5727 solum
3195 5686 3422 5741 peccare
3475 5689 3575 5730 nos

1998 5758 2288 5812 absurdum
2322 5767 2424 5822 est,
2476 5758 2567 5814 sed
2614 5768 2666 5813 et
2709 5768 3055 5832 resurgentes
3088 5759 3133 5814 si
3188 5761 3573 5831 deliquerimus

2979 5856 3053 5914 10
