3946 6360
413 390 518 447 299

1055 392 1114 447 Β.
1159 394 1410 451 ΒΑΒΑΝΙ
1450 394 1667 450 ΜΑῐΞῐὶΙ
1706 394 1992 451 ARClllEF

2099 393 2375 451 [OGUNT.
2422 394 2706 453 OPERUM
2744 395 2924 452 PARS
2964 396 3028 453 ll.

3591 406 3701 460 500

415 517 624 569 paenam
654 502 1013 558 necessariam
1040 508 1461 575 expectabimus,
1512 508 1564 562 in
1596 508 1790 578 quibus
1822 516 1877 563 et
1904 524 1999 564 vos
2030 516 2077 572 Α
2176 508 2469 578 Postquam
2514 508 2759 564 hortatus
2805 518 2885 564 est
2932 509 3231 573 audientes,
3280 517 3338 564 ut
3374 526 3431 569 se
3483 528 3700 584 prmpa.

408 592 729 647 ambulastis
771 591 1063 663 aliquando
1093 612 1217 651 cum
1243 598 1497 654 viveretis
1526 600 1582 653 in
1620 598 1747 664 illis,
1797 599 1998 655 dudum

406 683 623 754 quidem
676 683 975 753 agebantur
1022 702 1052 741 a
1096 687 1249 743 vobis
1293 690 1511 759 quando
1564 705 1687 745 cum
1743 690 1997 760 prmsenti

401 773 516 827 vita
550 782 718 828 totam
740 789 890 845 spem
918 784 1157 831 vestram
1198 777 1659 845 demetiebamini,
1710 777 1841 833 nihil
1891 794 1999 831 am-

405 867 548 937 plius
581 877 982 936 exspectantes.

476 954 634 1010 Nunc
664 966 837 1010 autem
867 958 1104 1029 deponite
1141 969 1189 1014 et
1239 977 1325 1015 vos
1365 962 1559 1025 omnia,
1582 960 1694 1031 jam
1724 961 1864 1015 ultra
1916 977 2001 1016 se-

402 1048 637 1102 cundum
665 1045 755 1100 illa
783 1047 965 1102 vivere
986 1064 1084 1105 vos
1112 1065 1217 1104 non
1255 1050 1511 1105 convenit
1554 1050 1645 1120 qui
1677 1052 1915 1105 maxime
1944 1053 1998 1105 in

402 1139 812 1194 immortalitate
843 1140 1014 1206 eritis,
1079 1142 1131 1195 in
1161 1157 1269 1212 qua
1294 1143 1592 1198 consistere
1639 1148 1779 1199 nunc
1825 1143 1997 1198 {arma

398 1229 811 1286 existimamini.
855 1229 961 1286 Sed
1004 1232 1391 1288 discedendum
1441 1241 1525 1289 est
1572 1234 1730 1288 nobis
1792 1235 1860 1289 ab
1913 1234 1998 1288 bis

398 1323 676 1387 omnibus,
702 1331 755 1376 et
780 1323 1047 1395 deponere
1089 1323 1348 1380 debemus
1371 1325 1530 1391 iram,
1560 1326 1994 1396 indignationem,

399 1416 691 1481 malitiam,
740 1414 1149 1486 blasphemiam,
1206 1426 1408 1488 turpem
1454 1434 1744 1473 sermonem
1791 1417 1856 1471 a'e
1909 1434 1998 1472 ore

400 1518 598 1563 nostra.
632 1508 922 1563 Sciendum
962 1518 1139 1563 autem
1172 1510 1316 1580 quod
1359 1510 1453 1565 ira:
1488 1510 1589 1565 tria
1621 1519 1747 1565 sunt
1774 1524 1993 1581 genera,

400 1615 567 1654 unum
620 1600 763 1669 quod
805 1598 1111 1653 exardescit
1155 1598 1502 1659 intrinsecus,
1554 1599 1699 1654 aliud
1746 1598 1889 1669 quod
1940 1598 1993 1651 in

397 1689 625 1746 verbum
690 1698 747 1744 et
794 1702 932 1758 opus
1006 1687 1370 1758 effectumque
1426 1688 1775 1760 prorumpit,
1848 1688 1992 1759 quod

397 1784 581 1839 odium
624 1790 989 1853 nuncupatur,
1038 1781 1106 1837 de
1148 1783 1344 1852 quibus
1386 1790 1441 1838 et
1489 1781 1799 1851 Apostolus,
1850 1797 1990 1835 nunc

2104 609 2291 655 rarent
2327 600 2393 653 ad
2424 600 2604 654 omnia
2644 601 2958 657 sustinenda
2996 616 3096 671 pro
3131 604 3362 662 veritate
3398 616 3563 677 atque
3606 606 3702 675 ju-

2102 691 2268 757 stitia,
2298 699 2354 745 et
2390 705 2497 745 non
2534 691 2930 747 absconderem
2964 693 3186 762 bonum,
3228 699 3369 767 quod
3418 703 3703 770 accepturi

2102 792 2279 850 erant,
2308 785 2402 839 sed
2443 798 2506 838 ea
2546 783 2919 839 benevolentia
2960 787 3232 845 discerent
3259 800 3317 846 ut
3341 802 3571 849 ceteros
3600 792 3700 850 do-

2102 884 2288 931 cerent
2308 890 2415 930 no"
2446 876 2512 928 ad
2536 873 2748 929 laudem
2774 891 2945 941 suam,
2966 879 3061 933 sed
3085 880 3152 934 ad
3180 881 3406 951 gloriam
3436 882 3527 937 Dei
3549 884 3697 939 bona

2102 982 2198 1021 sua
2224 981 2389 1037 opera
2426 964 2748 1032 referentes,
2778 967 2967 1038 incipit
2993 983 3087 1024 eos
3108 970 3404 1027 informare
3418 981 3473 1029 et
3499 974 3700 1031 docere

2101 1056 2231 1127 quid
2265 1056 2514 1120 doceant,
2552 1065 2806 1126 tanquam
2830 1057 2873 1113 si
2903 1070 3207 1128 quaererent
3244 1063 3523 1119 dicentes:
3557 1064 3699 1120 Ecce

2101 1146 2337 1202 volumus
2368 1147 2544 1201 omnia
2565 1148 2822 1201 sustinere
2850 1165 2943 1219 pro
2979 1159 3066 1203 tuo
3095 1154 3302 1206 nomine
3326 1154 3696 1209 etdoctrinam

2101 1249 2246 1292 tuam
2287 1254 2389 1292 non
2430 1238 2767 1293 abscondere.
2802 1238 2909 1295 Sed
2943 1242 3071 1310 quid
3105 1250 3189 1298 est
3214 1244 3316 1298 hoc
3344 1244 3520 1314 ipsum
3549 1246 3697 1316 quod

2099 1338 2253 1385 vetas
2282 1330 2562 1395 abscondi,
2602 1338 2657 1385 et
2692 1346 2792 1401 pro
2832 1347 2939 1401 quo
2985 1331 3145 1401 jubes
3195 1336 3375 1389 omnia
3425 1336 3692 1393 tolerari:

2099 1420 2341 1489 nunquid
2386 1418 2529 1474 aliud
2590 1420 2835 1476 dicturus
2871 1436 2929 1476 es
2968 1432 3158 1478 contra
3207 1439 3271 1478 ea
3308 1439 3427 1494 quae
3468 1426 3521 1481 in
3572 1425 3697 1499 lege

2100 1514 2301 1582 scripta
2346 1520 2516 1567 sunt:
2550 1529 2673 1579 non,
2709 1512 2903 1582 inquit,
2954 1515 3113 1569 nolite
3157 1518 3300 1570 enim
3342 1527 3529 1587 putare
3556 1535 3693 1588 quo-

2099 1607 2241 1660 niam
2272 1607 2383 1658 veni
2405 1603 2602 1658 solvere
2631 1604 2795 1674 legem
2824 1615 2915 1658 aut
2946 1608 3244 1677 praphetas.
3290 1608 3413 1663 Non
3444 1612 3560 1664 veni
3581 1612 3691 1665 sol—

2096 1712 2213 1750 vere
2240 1696 2330 1749 sed
2357 1695 2659 1765 adimplere.
2685 1696 2741 1749 ln
2771 1696 2873 1750 hac
2892 1698 3036 1751 enim
3062 1700 3326 1755 sententia
3353 1716 3546 1757 sensus
3594 1706 3690 1759 du-

2097 1787 2219 1858 plex
2260 1796 2361 1851 est,
2424 1794 2479 1841 et
2528 1786 2823 1841 secundum
2880 1798 3172 1859 utrumque
3219 1794 3533 1849 tractandus
3583 1805 3688 1850 est.

398 1885 575 1930 autem
598 1874 861 1946 deponite,
921 1874 1117 1945 inquit,
1145 1884 1192 1929 et
1225 1891 1311 1928 vos
1345 1878 1544 1939 omnia,
1578 1874 1714 1928 iram
1763 1885 1811 1928 et
1850 1873 1991 1927 indi-
2025 1885 2069 1943 Β
2095 1876 2231 1931 Nam
2274 1877 2366 1947 qui
2401 1876 2553 1940 dicit,
2606 1892 2707 1929 non
2736 1880 2848 1930 veni
2900 1878 3097 1933 solvere
3139 1880 3325 1951 legem,
3357 1883 3449 1937 sed
3510 1883 3690 1937 adim-

396 1966 695 2036 gnationem
713 1983 732 2031 ;
749 1966 963 2019 tertium
987 1965 1129 2034 quod
1157 1980 1265 2019 non
1282 1974 1341 2018 ut
1361 1963 1449 2018 illa
1474 1964 1688 2018 fervens
1712 1963 1779 2018 ad
1799 1963 1988 2017 horam

396 2058 685 2130 digeritur,
720 2058 815 2113 sed
839 2071 937 2127 per
972 2056 1087 2111 dies
1109 2064 1163 2110 et
1207 2063 1456 2125 tempora
1486 2062 1800 2109 reservatur
1848 2050 1991 2122 quod

395 2151 523 2204 anni
548 2135 764 2205 centum
788 2148 1008 2213 dicitur,
1044 2161 1165 2217 quae
1185 2146 1368 2201 omnia
1398 2144 1591 2215 aequali
1623 2152 1749 2199 sunt
1779 2160 1808 2199 a
1834 2144 1992 2199 nobis

395 2244 623 2298 horrore
670 2241 997 2297 damnanda.
1061 2238 1405 2310 Quapropter
1454 2238 1498 2294 si
1522 2238 1670 2293 illam
1723 2252 1990 2292 summam

395 2339 559 2394 divini
612 2339 823 2409 praemii
867 2338 1117 2407 cupimus
1170 2336 1398 2406 adipisci
1459 2336 1525 2391 de
1595 2351 1701 2405 quo
1766 2336 1989 2400 dicitur,

398 2432 550 2487 Beati
571 2434 769 2486 mundo
796 2430 976 2495 corde,
1004 2429 1253 2500 quoniam
1275 2429 1375 2499 ipsi
1410 2427 1575 2482 Deum
1594 2426 1858 2492 videbunt,
1880 2440 1988 2480 non

395 2522 569 2579 solum
621 2524 740 2578 haec
781 2535 811 2575 e
850 2520 1053 2576 nostris
1098 2518 1311 2582 actibus
1355 2517 1686 2590 amputanda
1733 2526 1836 2583 est,
1898 2518 1992 2573 sed

396 2613 559 2667 etiam
583 2612 650 2667 de
676 2610 881 2666 intimis
906 2609 1100 2663 anima:
1120 2608 1383 2664 radicitus
1404 2607 1773 2676 exstirpanda.

470 2698 649 2753 Nolite
710 2698 921 2753 mentiri
993 2698 1231 2752 invicem.
1299 2695 1418 2751 Non
1464 2696 1600 2752 dixit
1648 2696 1989 2761 alterutrum,

395 2791 489 2848 sed
538 2791 790 2855 invicem,
825 2790 927 2845 hoc
973 2789 1118 2844 enim
1165 2788 1283 2841 vult
1329 2787 1533 2851 dicere,
1586 2787 1844 2856 quoniam
1883 2803 1989 2840 non

395 2892 481 2938 est
516 2883 723 2953 justum
763 2889 821 2935 ut
859 2896 982 2935 cum
1022 2878 1365 2939 simulatione
1394 2877 1546 2932 vobis
1588 2880 1841 2941 narretis,
1898 2877 1993 2931 sed

397 2974 609 3029 sincera
671 2978 871 3043 mente.
936 2970 1004 3024 Et
1055 2968 1311 3039 quoniam
1366 2968 1609 3021 membra
1670 2966 1990 3029 nominavit,

400 3074 557 3121 actus
603 3064 838 3132 seipsum
875 3069 1164 3131 sequentes
1192 3057 1395 3127 adjicit.
1562 3056 1569 3065 '

472 3154 938 3227 Exspoliantesvos
955 3162 1169 3207 veterem
1194 3151 1455 3206 hominem
1478 3166 1594 3204 cum
1625 3150 1827 3203 actibus
1853 3147 1989 3219 ejus.

2094 1966 2259 2039 plere,
2287 1975 2381 2020 aut
2424 1966 2669 2022 addendo
2710 1966 2841 2020 dicit
2871 1969 3013 2038 quod
3045 1971 3223 2027 minus
3266 1972 3450 2038 habet,
3487 1982 3582 2028 aut
3612 1976 3694 2028 fa-

2094 2061 2288 2116 ciendo
2333 2062 2478 2131 quod
2517 2062 2701 2118 habet.
2734 2065 2879 2136 Ergo
2907 2063 3061 2134 prius
3105 2065 3513 2121 consideremus
3544 2067 3692 2135 quod

2092 2152 2271 2221 primo
2292 2153 2466 2222 posui.
2512 2154 2646 2209 Nam
2663 2156 2754 2226 qui
2786 2155 2993 2211 addidit
3015 2155 3158 2224 quod
3187 2155 3366 2209 minus
3388 2155 3550 2211 habet
3581 2172 3691 2213 non

2094 2242 2280 2311 utique
2297 2242 2455 2322 solvit
2478 2245 2621 2313 quod
2638 2245 2862 2309 invenit,
2882 2245 2975 2300 sed
3003 2244 3174 2315 magis
3197 2244 3525 2313 perﬁciendo
3554 2260 3690 2301 con-

2094 2333 2348 2388 ﬁrmavit.
2374 2334 2499 2390 Sive
2514 2351 2642 2407 ergo
2665 2352 2728 2391 ea
2741 2337 2939 2408 quaade
2960 2352 3019 2391 se
3044 2338 3365 2406 prophetata
3393 2345 3517 2392 sunt
3540 2353 3693 2393 com-

2094 2424 2240 2493 plere
2255 2426 2404 2481 venit
2436 2426 2843 2492 inhumanatus,
2863 2428 2976 2482 sive
3014 2426 3100 2481 illa
3123 2442 3242 2497 quae
3273 2436 3431 2481 antea
3466 2439 3694 2498 propter

2096 2514 2466 2571 inﬁrmitatem
2494 2518 2827 2572 audientium
2854 2518 3006 2572 rudia
3022 2526 3078 2571 et
3101 2516 3414 2588 imperfecta
3473 2518 3695 2574 fuerant

2095 2607 2539 2675 eomplere,iram
2570 2608 2761 2664 tollens
2792 2618 2847 2663 et
2869 2610 3038 2664 vicem
3068 2608 3285 2663 talionis
3306 2609 3599 2679 excludens
3630 2619 3696 2665 et

2095 2698 2361 2753 occultam
2384 2699 2436 2752 in
2455 2708 2632 2753 mente
2645 2699 3139 2769 concupiscentiam
3155 2700 3352 2753 habere
3368 2700 3689 2769 prohibens.

2165 2790 2354 2855 Amen,
2400 2792 2598 2861 quippe
2630 2832 2645 2857 ,
2681 2792 2797 2845 dico
2856 2791 3020 2855 vobis,
3073 2791 3237 2844 donec
3286 2799 3521 2844 transeat
3581 2806 3691 2844 caro

2094 2879 2202 2933 lum
2238 2890 2284 2934 et
2334 2890 2497 2945 terra,
2524 2882 2629 2935 iota
2676 2898 2838 2935 unum
2875 2891 2963 2934 aut
3003 2897 3139 2933 unus
3170 2896 3303 2950 apex
3328 2896 3429 2932 non
3464 2890 3692 2950 pra’ter-

2094 2971 2184 3025 ibit
2237 2989 2269 3025 a
2320 2971 2429 3041 lege
2473 2972 2637 3025 donec
2687 2972 2864 3024 omnia
2906 2970 3057 3039 fiant.
3109 2969 3509 3023 Promittuntur
3554 2968 3686 3023 ςαξιί

2094 3063 2218 3117 novi
2286 3070 2341 3116 et
2394 3072 2535 3117 terra
2600 3077 2740 3115 nova
2806 3077 2927 3131 qua:
2983 3060 3225 3115 facturus
3282 3062 3366 3113 eSt
3423 3059 3691 3113 Dominus

2096 3156 2254 3220 Deus,
2312 3156 2354 3211 si
2408 3154 2550 3209 enim
2600 3169 2739 3209 nova
2794 3153 3026 3209 creanda
3082 3160 3230 3217 sunt,
3289 3160 3687 3221 consequenter

400 3250 477 3307 Ex
503 3225 730 3320 integro,
759 3246 953 3316 inquit,
973 3243 1225 3300 convenit
1248 3258 1347 3298 vos
1364 3241 1645 3297 mortalem
1663 3240 1993 3310 deponentes
2020 3225 2064 3288 Ο
2097 3246 2212 3300 haec
2258 3253 2417 3299 erunt
2453 3243 2769 3299 transitura.
2824 3241 2975 3308 Quod
3028 3250 3208 3295 autem
3267 3240 3532 3309 sequitur,
3563 3237 3685 3291 Iota

400 3342 696 3404 hominem,
712 3339 981 3410 deponere
992 3336 1154 3392 etiam
1168 3343 1224 3389 et
1240 3342 1394 3389 actus
1409 3340 1805 3403 consequentes
1817 3330 1987 3386 illum.

460 3428 531 3486 Et
545 3429 746 3485 induite
772 3444 979 3492 novum,
996 3442 1114 3480 eum
1129 3426 1219 3494 qui
1236 3431 1513 3477 renovatur
1526 3422 1580 3475 in
1595 3421 1858 3492 agnitione
1873 3419 1991 3485 Dei,

404 3522 688 3577 secundum
707 3520 987 3590 imaginem
1013 3518 1127 3587 ejus
1141 3516 1229 3586 qui
1249 3513 1438 3567 creavit
1460 3529 1597 3567 eum.
1616 3510 1991 3566 Consentanea

398 3609 563 3684 agere
605 3610 816 3666 debetis
852 3610 980 3663 huic
1034 3621 1195 3669 novo,
1211 3602 1989 3675 quemindutiestis,renovati

395 3713 452 3757 et
479 3701 608 3757 lacti
638 3699 937 3756 secundum
968 3698 1259 3769 imaginem
1290 3695 1432 3765 ejus,
1464 3692 1555 3763 qui
1581 3693 1739 3747 istius
1770 3707 1988 3747 recrea-

400 3792 565 3847 tionis
594 3791 749 3845 nobis
794 3796 985 3843 auctor
1021 3785 1249 3850 exstitit,
1280 3793 1340 3838 ut
1367 3783 1621 3838 dicamini
1662 3781 1987 3837 Christiani:

400 3884 585 3951 itaque
613 3877 1055 3944 inconvertibiles
1084 3888 1304 3930 manere
1323 3890 1421 3929 vos
1452 3874 1505 3929 in
1529 3874 1668 3927 bono
1690 3888 1787 3943 per
1811 3873 1989 3927 omnia

400 3971 673 4035 convenit,
707 3970 811 4024 hoc
838 3968 983 4023 enim
1007 3966 1160 4020 vobis
1187 3965 1239 4019 in
1276 3964 1457 4018 futuro
1505 3963 1677 4018 aderit
1722 3979 1820 4033 pro
1861 3978 1988 4033 pos-

401 4062 660 4117 sibilitate
709 4060 763 4115 in
809 4057 1062 4131 praesenti
1124 4056 1255 4110 vita.
1329 4054 1534 4110 Deinde
1594 4062 1649 4109 et
1699 4054 1992 4109 ostendens

404 4156 565 4226 hujus
601 4150 954 4209 recreationis
980 4150 1206 4212 bonum,
1250 4147 1465 4216 inquit:

476 4244 575 4302 Ubi
606 4262 708 4300 non
723 4254 797 4299 est
814 4241 1021 4314 gentilis
1047 4249 1093 4295 et
1113 4238 1356 4304 Judtrus,
1379 4237 1703 4291 circumcisio
1716 4246 1764 4291 et
1780 4251 1959 4306 pnepu
1974 4264 1991 4275 -

401 4338 817 4406 tium,barbarus
838 4342 885 4388 et
903 4332 1114 4403 Scytha,
1138 4346 1313 4384 servus
1328 4339 1374 4384 et
1397 4328 1545 4393 liber,
1567 4328 1657 4382 sed
1674 4327 1848 4381 omnia
1864 4336 1908 4381 et
1937 4326 1992 4381 in

403 4431 644 4489 omnibus
672 4428 932 4484 Christus.
957 4425 1027 4479 At
1061 4424 1172 4487 ubi,
1193 4421 1459 4491 inquit,in
1504 4420 1592 4474 illa
1640 4417 1993 4473 transforma-

405 4524 553 4578 tione
566 4517 996 4579 constiterimus,
1018 4513 1160 4567 ultra
1187 4528 1293 4566 non
1311 4512 1416 4566 erit
1431 4510 1696 4564 discretus
1710 4506 1927 4561 Iudaeus
1937 4513 1992 4559 et

405 4609 641 4685 gentilis,
669 4622 792 4663 nam
824 4602 1253 4660 circumcisionis
1288 4610 1341 4656 et
1363 4616 1427 4671 pr
1454 4599 1610 4668 :putii
1639 4597 1894 4652 discretio
1915 4596 1996 4649 in-

406 4709 674 4771 terempta
702 4706 803 4762 est,
835 4712 901 4753 eo
927 4694 1071 4767 quod
1096 4690 1433 4749 immortales
1463 4704 1651 4745 sumus
1672 4687 1867 4751 eﬁ‘ecti,
1918 4688 1993 4742 ita

405 4800 465 4846 ut
493 4792 667 4861 neque
687 4786 973 4851 barbarus,
996 4799 1175 4854 neque.
1198 4781 1375 4848 liberi,
1395 4797 1568 4851 neque
1609 4781 1751 4835 servi
1787 4779 1994 4850 possint

407 4881 637 4938 ulterius
659 4876 915 4951 perspici,
956 4874 1175 4932 Christo
1212 4874 1266 4927 in
1303 4872 1557 4927 omnibus
1577 4879 1894 4941 apparente,
1922 4868 1990 4923 ad

405 4974 561 5045 Cujus
608 4970 1016 5031 similitudinem
1060 4964 1468 5022 immortalitate
1517 4964 1809 5034 potiemur,
1847 4975 1989 5031 pra:-

407 5072 586 5119 stante
616 5063 733 5132 ipso
758 5059 1001 5118 omnium
1033 5057 1300 5113 bonorum
1328 5054 1605 5125 largitore,
1635 5053 1729 5123 qui
1781 5052 1913 5105 vivit
1942 5058 1996 5105 et

412 5163 602 5226 regnat
648 5166 772 5209 cum
812 5149 926 5206 Deo
983 5146 1144 5202 Patre
1181 5147 1237 5202 in
1290 5146 1499 5201 unitate
1548 5145 1783 5215 Spiritus
1823 5144 1997 5200 sancti

410 5258 506 5315 per
542 5241 723 5298 omnia
755 5240 949 5296 saecula
980 5236 1319 5292 saeculorum.
1352 5236 1503 5290 Amet

934 5345 1213 5404 IIOMILIA
1252 5345 1489 5401 LXXIX.

1006 5453 1135 5493 ιΤΕὶΙ
1158 5452 1314 5491 ΡΕΜΑ
1353 5452 1406 5490 ιγ

501 5528 689 5585 Lectio
723 5530 901 5586 sancti
930 5528 1201 5597 Evangelii
1246 5527 1542 5582 secundum
1576 5526 1904 5579 Matthzeum.

481 5619 549 5674 In
576 5619 668 5673 illo
690 5629 917 5689 tempore
959 5617 1090 5670 dixit
1112 5616 1266 5670 Iesus
1306 5615 1577 5685 discipulis
1613 5618 1719 5668 suis
1755 5630 1769 5667 :
1818 5612 1995 5667 Nolite

411 5721 592 5781 putare
613 5710 858 5780 quoniam
884 5710 997 5763 veni
1022 5706 1215 5761 solvere
1237 5706 1396 5777 legem
1426 5717 1516 5761 aut
1544 5707 1815 5767 prophetas
1846 5721 1865 5759 .'
1891 5721 1995 5758 non

414 5804 526 5857 veni
551 5808 766 5859 solvere.
798 5802 887 5857 sed
926 5799 1232 5867 adimplere,
1262 5809 1366 5852 etc.

2092 3353 2257 3391 unum
2286 3346 2377 3390 aut
2401 3353 2534 3390 unus
2558 3350 2690 3405 apex
2706 3351 2808 3387 non
2829 3334 3114 3403 praeteribit
3152 3350 3184 3386 a
3217 3331 3326 3402 lege
3360 3332 3525 3385 donec
3575 3330 3688 3383 ha‘c

2093 3428 2269 3482 omnia
2300 3428 2453 3496 ﬁant,
2490 3441 2556 3481 ex
2586 3424 2755 3495 ﬁgura
2782 3424 2979 3478 litterae
3018 3422 3322 3477 ostenditur
3348 3420 3490 3489 quod
3519 3422 3687 3473 etiam

2093 3537 2212 3592 qua:
2256 3521 2480 3575 minima
2523 3526 2783 3588 putantur
2823 3518 2879 3570 in
2930 3516 3049 3586 lege
3081 3512 3435 3570 sacramentis
3478 3513 3682 3582 Specio-

2093 3612 2231 3667 libus
2282 3611 2438 3681 plena
2476 3610 2621 3673 sunt,
2652 3617 2707 3663 et
2739 3611 2921 3663 omnia
2956 3603 3378 3675 recapitulantur
3404 3603 3459 3657 in
3509 3603 3679 3656 Evan-

2093 3700 2251 3773 gelio.
2308 3702 2450 3754 Inter
2488 3699 2694 3753 litteras
2748 3712 2897 3765 ergo,
2949 3695 3061 3750 lota
3092 3695 3268 3748 minor
3316 3702 3399 3749 est
3446 3693 3683 3758 caateris,

2094 3808 2213 3863 qua:
2240 3808 2346 3848 uno
2370 3794 2512 3847 dicto
2539 3792 2616 3857 Iit,
2637 3807 2770 3862 apex
2797 3800 2976 3845 autem
3004 3790 3167 3845 etiam
3203 3789 3370 3859 ipsius
3393 3797 3476 3843 est
3499 3787 3682 3856 aliqua

2096 3887 2147 3940 in
2189 3900 2398 3940 sununa
2437 3884 2722 3955 particula,
2783 3883 2982 3952 quibus
3016 3881 3195 3935 verbis
3224 3880 3461 3935 ostendit
3484 3880 3535 3933 in
3566 3879 3687 3949 lege

2093 3978 2157 4032 ad
2203 3976 2449 4032 eﬁ‘ectum
2503 3976 2667 4031 etiam
2714 3976 2936 4029 minima
2990 3986 3217 4043 quaeque
3253 3971 3498 4041 produci.
3546 3972 3689 4040 Apte

2094 4078 2274 4124 autem
2325 4067 2434 4122 Iota
2462 4064 2708 4122 Grmcum
2756 4073 2812 4119 et
2854 4078 2960 4117 non
2993 4063 3109 4117 loth
3159 4060 3442 4115 Hebrzeum
3476 4060 3684 4129 posuit,

2093 4160 2219 4230 quia
2275 4159 2389 4213 lota
2442 4158 2495 4212 in
2550 4169 2773 4210 numero
2814 4153 2861 4207 Χ
2910 4150 3220 4223 signiﬁcat,
3262 4160 3316 4205 et
3367 4149 3684 4218 deealogum

2095 4252 2227 4322 legis
2253 4257 2555 4313 enumerat,
2578 4246 2732 4317 cujus
2770 4244 2987 4315 quidem
3028 4258 3162 4313 apex
3208 4250 3262 4296 et
3301 4239 3561 4311 perfectio
3597 4249 3688 4295 est

2096 4342 2465 4412 Evangelium.

2167 4434 2292 4499 Qui,
2316 4447 2464 4503 ergo,
2496 4430 2703 4485 solverit
2732 4446 2893 4483 unum
2925 4440 2989 4481 ae
3028 4426 3292 4479 mandatis
3316 4423 3429 4476 istis
3449 4421 3683 4474 minimis

2097 4535 2144 4579 et
2167 4525 2401 4579 docuerit
2435 4524 2509 4577 sic
2556 4523 2811 4585 homines,
2856 4518 3104 4573 minimus
3148 4515 3416 4569 vocabitur
3443 4512 3497 4567 in
3520 4526 3685 4582 regno

2099 4613 2364 4667 caelorum.
2402 4611 2588 4681 Itaque
2625 4624 2725 4664 nec
2762 4609 2981 4663 minima
3028 4605 3246 4676 quidem
3302 4604 3683 4658 mandatorum

2098 4703 2212 4768 Dei,
2251 4703 2352 4758 nisi
2385 4717 2506 4757 cum
2546 4700 2756 4770 piaculo
2802 4698 2896 4752 Dei
2946 4695 3223 4752 consututi
3249 4708 3369 4749 esse
3399 4690 3682 4756 solvenda,

2095 4795 2304 4851 futuros
2342 4795 2616 4855 minimos,
2651 4792 2704 4846 id
2733 4800 2813 4846 est
2862 4787 3183 4844 novissimos
3208 4802 3273 4841 ac
3313 4799 3471 4855 paene
3505 4782 3688 4839 nullos

2094 4888 2415 4944 denuntians
2451 4885 2674 4939 minima
2715 4882 2999 4938 solventes.
3038 4879 3193 4935 Nulla
3225 4886 3404 4931 autem
3448 4876 3531 4931 bis
3572 4876 3684 4930 mi-

2094 4993 2230 5033 nora
2256 4984 2483 5047 possunt
2523 4988 2661 5037 esse,
2694 4986 2813 5041 qua:
2834 4970 3055 5026 minima
3089 4977 3238 5032 sunt,
3267 4966 3549 5019 minimum
3593 4974 3685 5019 est

2103 5077 2283 5122 autem
2303 5064 2565 5129 omnium,
2590 5061 2800 5118 Domini
2825 5061 3005 5132 passio
3033 5067 3089 5113 et
3110 5057 3291 5113 crucis
3320 5070 3487 5119 mors,
3517 5066 3683 5123 quam

2103 5158 2148 5213 si
2175 5156 2295 5225 quis
2342 5164 2599 5223 tanquam
2627 5150 3048 5207 erubescendam
3071 5162 3177 5202 non
3195 5143 3558 5207 conﬁtebitur,
3574 5143 3689 5197 erit

2102 5247 2377 5310 minimus,
2428 5242 2706 5299 conﬁtenti
2744 5255 2875 5296 vero
2897 5252 3106 5310 magna:
3137 5238 3192 5291 in
3222 5234 3360 5290 caelo
3384 5233 3686 5288 vocationis

2102 5338 2326 5407 gloriam
2356 5335 2661 5405 pollicetur.
2692 5331 2863 5386 Aliter
2887 5339 3067 5385 autem
3093 5327 3344 5398 suggillat
3376 5324 3686 5380 Pharis-mos

2102 5430 2203 5483 hoc
2216 5426 2472 5496 capitulo,
2501 5424 2592 5494 qui
2622 5422 2946 5491 contemptis
2963 5419 3229 5475 mandatis
3256 5416 3353 5472 Dei
3375 5423 3690 5472 statuerunt

2096 5520 2343 5589 proprias
2371 5516 2687 5571 traditiones
2712 5514 2854 5583 quod
2882 5527 2989 5566 non
3028 5512 3107 5567 eis
3136 5511 3307 5581 prosit
3335 5510 3583 5565 doctrina
3625 5508 3690 5564 in

2099 5608 2327 5679 populis,
2362 5608 2405 5661 si
2440 5606 2524 5659 vel
2562 5620 2788 5674 parvum
2830 5603 2971 5673 quod
3004 5602 3058 5656 in
3100 5602 3217 5671 lege
3244 5608 3573 5671 praeceptum
3599 5608 3691 5653 est

2100 5705 2399 5757 destruant.
2454 5699 2701 5753 Mandata
2733 5711 2861 5766 ergo
2901 5697 3120 5750 minima
3165 5692 3542 5763 signiﬁcantur
3587 5706 3693 5760 per

2100 5806 2264 5844 unum
2297 5789 2467 5843 lotam
2500 5796 2590 5841 aut
2633 5800 2795 5840 unum
2824 5785 3052 5853 apicem,
3110 5784 3249 5837 sicut
3287 5796 3450 5852 supra
3496 5791 3687 5835 esten-
