3946 6374
164 448 247 503 301

1231 443 1536 500 ΗΟΜΙΜΑΞ
1577 442 1645 498 ΙΝ
1684 440 1939 499 EV'ANG.
1980 441 2070 497 ET
2112 440 2334 498 EPIST.

3307 443 3417 498 502

163 576 267 617 sum
298 566 413 623 est;
468 556 555 624 qui
619 571 738 624 ergo
774 554 979 609 soluerit
1017 566 1062 608 et
1106 555 1342 610 docuerit
1384 556 1481 621 sic,
1514 554 1566 609 id
1618 563 1723 619 est,
1754 560 1801 616 Α
1831 561 2052 623 petuum
2082 552 2252 608 vitare
2310 552 2581 626 possimus
2631 554 2889 622 insinuat,
2936 554 2981 608 si
3026 568 3124 608 nos
3165 551 3419 611 videlicet

160 650 429 707 secundum
460 648 512 701 id
557 647 702 715 quod
754 646 931 709 solvit,
982 663 1089 702 non
1138 646 1433 702 secundum
1472 640 1542 701 ’id
1573 646 1717 717 quod

164 742 341 797 invenit
365 748 417 793 et
441 738 589 807 legit,
622 738 867 791 minimus
890 738 1159 793 vocabitur
1178 738 1232 791 in
1256 754 1412 808 regno
1436 736 1717 792 caelorum:

162 832 239 887 ubi
260 830 354 886 nisi
382 828 557 898 magni
590 843 709 883 esse
740 843 845 881 non
867 835 1112 897 possunt.
1138 826 1321 883 Potest
1346 834 1401 881 et
1444 827 1549 881 hoc
1603 840 1719 881 mo.

166 924 331 978 raliter
348 920 547 989 accipi;
570 920 729 975 solvit
752 928 931 974 autem
962 920 1273 974 mandatum
1300 920 1394 975 Dei
1422 919 1472 975 is
1491 918 1583 989 qui
1610 934 1717 975 non

164 1014 345 1084 implet,
371 1026 673 1083 quanquam
697 1026 802 1065 non
825 1000 879 1065 in
909 1014 1160 1066 mandato
1183 1012 1505 1067 solutionem
1528 1012 1712 1074 faciat,

163 1104 245 1158 sed
274 1103 323 1156 in
350 1102 655 1171 semetipso,
687 1098 904 1154 ﬁrmum
925 1108 1008 1155 est
1031 1101 1173 1155 enim
1206 1100 1300 1155 Dei
1323 1101 1636 1156 mandatum
1664 1107 1721 1155 et

159 1200 321 1266 potest
349 1190 480 1247 solvi
507 1191 798 1259 scriptura,
830 1190 914 1245 lex
947 1206 1075 1262 ergo
1114 1192 1510 1261 quodammodo
1536 1190 1720 1262 ligatio

157 1295 252 1349 est,
291 1284 377 1355 qui
412 1291 590 1337 autem
626 1281 910 1353 ligaliones
934 1282 1031 1339 Dei
1061 1284 1282 1345 excidit,
1311 1284 1427 1354 ipse
1465 1282 1718 1351 mandata

159 1377 321 1439 solvit,
353 1376 402 1430 in
426 1374 716 1443 semetipso
740 1382 795 1428 et
821 1389 925 1429 non
954 1374 1005 1428 in
1036 1376 1185 1445 ipsis.
1207 1375 1353 1430 Talis
1376 1374 1593 1445 quidem
1631 1375 1720 1430 ille

162 1469 396 1523 minimus
422 1466 708 1521 vocabitur
749 1465 801 1519 in
840 1480 1006 1535 regno
1028 1466 1290 1521 caelorum
1325 1484 1339 1520 :
1373 1466 1499 1536 quia
1525 1467 1717 1537 despe-

158 1558 413 1612 rtissimus
439 1565 521 1610 est
547 1556 598 1609 in
623 1555 862 1612 Ecclesia
896 1564 1228 1612 sanctorum.
1254 1556 1391 1612 Nam
1421 1565 1475 1612 et
1494 1572 1719 1629 regnum

158 1648 394 1702 oculorum
418 1647 506 1701 hic
528 1653 849 1717 praesentem
870 1646 1166 1701 Ecclesium
1183 1646 1475 1717 signiﬁcat,
1500 1648 1641 1702 sicut
1668 1655 1724 1703 et

160 1737 291 1801 alibi,
341 1736 431 1790 ubi
497 1738 755 1807 scriptum
797 1747 927 1792 est:
966 1736 1149 1792 Simile
1195 1749 1270 1792 est
1314 1740 1723 1810 regnum‘calo-

159 1843 261 1879 ram
288 1845 489 1897 sagena:
518 1828 695 1881 missa:
717 1828 769 1882 in
798 1841 974 1893 mare;
1006 1837 1062 1883 et
1078 1828 1310 1899 Regnum
1331 1829 1430 1883 Dei
1453 1830 1591 1884 intra
1633 1848 1721 1884 vos

1824 642 1970 712 ipsos
2040 658 2108 697 ne
2166 656 2327 711 quem
2396 640 2653 697 laudamus
2716 642 3048 698 attendimus
3095 681 3113 707 .
3177 643 3223 697 si
3287 657 3413 715 pec-

1820 744 2034 789 cantem
2088 733 2226 796 cmlo
2266 733 2491 804 justitize
2534 733 2883 805 corripimus,
2914 734 2960 789 si
2989 748 3055 789 ex
3100 733 3266 791 corde
3297 748 3419 807 pm—

1821 823 2011 879 nitenti
2041 822 2427 879 misericordiae
2448 823 2771 894 pietatisque
2796 822 3009 879 viscera
3040 823 3347 894 pandimus.

1890 914 1963 968 Et
1984 916 2030 969 si
2063 914 2252 985 septies
2288 913 2344 968 in
2362 915 2446 968 die
2470 913 2753 985 peccaverit
2776 916 2831 968 in
2853 923 2920 979 te,
2952 924 2999 969 et
3025 915 3211 987 septies
3249 914 3304 970 in
3327 913 3416 971 die

1820 1021 2098 1059 conversus
2147 1003 2305 1074 fuerit
2342 1004 2412 1059 ad
2437 1013 2509 1071 te,
2536 990 2727 1058 dicens
2750 1016 2770 1055 .'
2801 1001 3022 1058 Paenitet
3065 1020 3170 1070 me,
3213 1003 3415 1059 dimitte

1819 1096 1921 1153 illi.
1968 1098 2293 1169 Septenario
2320 1111 2551 1153 numero
2581 1112 2691 1152 non
2719 1097 2889 1153 veniae
2914 1096 3109 1153 dandae.
3145 1097 3414 1155 terminus

1821 1188 2060 1259 ponitur,
2104 1187 2199 1244 sed
2225 1188 2310 1244 vel
2332 1188 2517 1243 omnia
2543 1196 2767 1258 peccata
2797 1185 3119 1243 dimittenda
3155 1188 3239 1243 vel
3273 1201 3419 1244 sem-

1820 1296 1916 1350 per
1944 1281 2232 1351 poenitenti
2264 1279 2643 1337 dimittendum
2680 1280 3013 1351 praecipitur.
3045 1279 3197 1335 Solet
3215 1280 3419 1337 etenim

1821 1390 1962 1444 saepe
1990 1388 2089 1445 per
2126 1370 2333 1444 septem
2361 1372 2727 1443 cujuscunque
2760 1373 2836 1427 rei
2866 1381 2958 1427 aut
2986 1374 3245 1443 temporis
3289 1375 3417 1430 uni-

1821 1464 2053 1520 versitas
2080 1464 2334 1529 indicari,
2362 1463 2506 1519 unde
2534 1471 2589 1520 et
2622 1464 2678 1519 in
2712 1462 2919 1527 psalmo
2949 1464 3188 1519 canitur:
3217 1462 3421 1535 Septies

1821 1556 1875 1610 in
1900 1556 1984 1609 die
2007 1554 2219 1609 laudem
2241 1553 2353 1609 dixi
2374 1555 2488 1629 tibi.

1897 1643 1963 1697 Et
1996 1643 2244 1697 dixerunt
2284 1642 2509 1715 apostoli
2535 1641 2604 1698 ad
2654 1641 2972 1699 Dominum:
3032 1644 3251 1717 Adauge
3273 1644 3425 1702 nobis

1823 1733 2001 1803 ﬁdem.
2052 1733 2277 1790 Dixerat
2300 1747 2466 1805 super
2492 1734 2774 1799 Dominus,
2801 1735 2893 1807 qui
2913 1734 3089 1805 ﬁdelis
3121 1736 3177 1791 in
3201 1735 3422 1791 minimo

1825 1837 1871 1880 et
1905 1828 1959 1881 in
1988 1828 2192 1897 majore
2219 1826 2392 1898 ﬁdelis
2416 1837 2514 1893 est,
2568 1832 2696 1883 etsi
2743 1826 2800 1883 in
2851 1827 3028 1883 alieno
3081 1827 3269 1884 ﬁdeles
3313 1842 3423 1884 non

157 1928 242 1971 est.
271 1918 365 1983 Qui
392 1928 570 1971 autem
600 1916 786 1973 fecerit
812 1927 865 1972 et
894 1919 1158 1985 docuerit,
1189 1919 1279 1974 hic
1302 1935 1531 1991 magnus
1556 1935 1721 1975 voca-
1757 1907 1799 1963 Β
1828 1918 2027 1986 fuistis,
2071 1920 2214 1991 quod
2244 1929 2485 1975 vestrum
2525 1929 2610 1977 est
2642 1904 2765 1992 quis
2804 1920 2952 1977 dabit
2988 1921 3180 1978 vobis?
3208 1921 3276 1977 Et
3303 1922 3426 1978 ideo

157 2008 283 2062 bitur
304 2008 353 2061 in
378 2023 544 2079 regno
573 2007 833 2064 caelorum
852 2025 879 2082 ς,
898 2009 952 2063 in
978 2008 1226 2064 faciendo
1248 2008 1396 2065 enim
1415 2009 1548 2080 leg-is
1576 2025 1726 2064 maii-

158 2100 267 2155 data
307 2102 485 2170 magni
529 2117 727 2157 nomen
752 2111 989 2158 meretur
1011 2102 1098 2157 ille
1121 2102 1211 2172 qui
1239 2102 1398 2157 docet
1448 2103 1573 2173 quia
1624 2120 1724 2157 non

158 2192 392 2259 doctores,
429 2209 524 2247 nec
557 2193 842 2257 auditores,
875 2192 965 2247 sed
1010 2192 1235 2263 factores
1286 2192 1413 2265 legis
1460 2194 1729 2265 justiﬁed-

160 2283 335 2339 buntur
359 2285 499 2353 apud
528 2283 717 2338 Deum.
752 2284 957 2352 Quibus
987 2300 1198 2340 merces
1244 2285 1445 2340 etenim
1489 2284 1560 2339 ab
1608 2284 1729 2354 ipso

162 2376 405 2429 honorum
470 2375 714 2431 omnium
760 2374 1015 2447 largitore
1058 2375 1110 2429 in
1154 2375 1334 2430 futuro
1373 2375 1726 2439 retribuetur,

161 2467 365 2521 Domino
392 2467 644 2523 videlicet
685 2466 808 2522 Jesu
833 2466 1051 2522 Christo
1074 2466 1167 2536 qui
1198 2467 1400 2521 vivitet
1422 2474 1613 2537 regnat
1634 2480 1729 2536 per

161 2556 322 2610 onuﬁa
349 2557 543 2611 saecula
575 2556 918 2610 smnulorum.
951 2558 1143 2612 Amen.

660 2670 940 2727 llOMlLlA
990 2669 1204 2727 LXXX.

816 2779 973 2818 FERIA
995 2780 1047 2819 Vl
1058 2803 1072 2817 .

310 2850 491 2907 Lectio
512 2853 685 2908 sancti
712 2852 983 2924 Evangelii
1011 2854 1304 2934 secundum
1327 2854 1551 2910 Lucam.

223 2940 284 2995 lu
307 2942 396 2997 illa
424 2954 655 3015 tempore
680 2945 813 2999 dixit
860 2945 1015 2999 Jesus
1042 2937 1312 3021 discipulis
1342 2947 1452 3001 suis
1478 2960 1497 2998 :
1522 2945 1731 3015 Impos-

160 3032 292 3087 sibile
312 3046 383 3088 est
418 3047 474 3090 ut
504 3053 609 3090 non
642 3036 847 3091 reniant
869 3036 1122 3092 scandala
1144 3051 1161 3089 :
1184 3054 1258 3093 me
1306 3049 1482 3094 autem
1524 3039 1603 3093 illi
1642 3056 1735 3110 per

159 3138 295 3190 quem
319 3126 552 3190 uariunt,
579 3133 683 3179 etc.

228 3214 355 3268 Dicit
386 3215 771 3287 etApostolus,
811 3215 1024 3290 Oportet
1053 3232 1229 3274 autem
1252 3230 1307 3277 et
1326 3220 1548 3277 liazreses
1596 3240 1728 3282 esse.

163 3313 211 3356 ut
230 3306 313 3374 qui
339 3306 546 3375 probati
588 3316 709 3361 sunt
752 3308 1017 3379 manifesti
1051 3309 1182 3377 ﬁant
1225 3312 1279 3365 in
1323 3310 1483 3367 vobis.
1527 3312 1732 3383 Impos—

161 3394 301 3450 sibile
349 3411 481 3468 ergo
523 3398 578 3452 in
647 3400 748 3454 hoc
804 3401 1008 3455 mundo
1057 3403 1335 3458 erroribus
1371 3406 1733 3475 :erumnisque

159 3486 459 3555 plenissimo
520 3490 774 3545 scandala
832 3492 1131 3561 sepissime
1188 3510 1293 3548 non
1359 3496 1582 3560 venire,
1642 3497 1733 3550 sed

159 3591 227 3627 rte
256 3576 352 3640 illi,
392 3579 485 3647 qui
542 3580 685 3648 quod
736 3580 1067 3650 impossibile
1114 3590 1193 3636 est
1253 3598 1360 3637 non
1412 3584 1596 3639 venire
1634 3600 1734 3640 suo

161 3664 277 3719 vitio
323 3666 474 3733 facit,
540 3678 597 3722 ut
636 3684 733 3737 per
775 3684 833 3723 se
878 3669 1059 3725 veniat
1114 3670 1205 3725 ubi
1276 3675 1524 3742 quamvis
1576 3689 1735 3746 gene-

161 3756 245 3810 rali
276 3758 541 3813 sententia
564 3759 647 3813 vel
680 3759 873 3829 aliquis
903 3758 1068 3814 falsus
1091 3760 1277 3827 frater,
1309 3762 1391 3816 vel
1430 3763 1543 3834 ipse
1568 3764 1734 3819 ludas

165 3847 247 3914 qui
274 3847 568 3916 proditioni
616 3848 854 3902 animum
896 3852 1230 3921 praeparabat
1283 3852 1506 3925 intelligi
1547 3863 1732 3924 queat,

161 3947 327 3993 tamen
366 3936 528 4007 juxta
564 3940 1012 4007 consequentiam
1038 3942 1306 3996 sermonis
1347 3943 1435 3997 hic
1473 3944 1623 3998 locus
1667 3945 1735 3998 ad

161 4030 423 4098 superiora
453 4030 698 4099 respicit,
723 4031 811 4085 ubi
836 4030 1097 4085 Dominus
1111 4032 1176 4086 de
1197 4032 1538 4105 eleemosyna
1555 4036 1736 4090 danda

160 4118 357 4175 locutus
394 4136 426 4173 a
474 4119 769 4175 Pharismis
821 4120 1093 4175 irridetur.
1143 4120 1245 4188 Qui
1283 4124 1431 4192 enim
1481 4133 1628 4179 recta
1658 4127 1737 4181 lo-

159 4218 396 4277 quentem
416 4210 711 4279 vituperat,
727 4209 1034 4264 scandalum
1048 4211 1313 4280 profecto,
1332 4198 1500 4279 idest,
1514 4213 1738 4271 oll'endi-

158 4300 321 4354 culum
336 4311 391 4357 et
415 4301 635 4355 ruinam
652 4301 985 4356 auditoribus
1011 4302 1214 4371 praebet
1242 4303 1489 4370 inﬁrmis,
1504 4306 1738 4363 maxime

161 4394 199 4444 si
229 4403 280 4446 et
300 4394 413 4462 ipse
435 4408 563 4447 eum
588 4391 875 4447 Pharisazis
894 4392 1030 4463 legis
1053 4393 1298 4448 videatur
1327 4394 1529 4451 habere
1558 4397 1734 4451 scien-

161 4479 296 4536 tiam.
319 4480 495 4548 Quem
510 4481 794 4551 increpans
815 4480 1103 4551 Apostolus
1118 4482 1212 4545 ait,
1226 4493 1272 4536 et
1287 4484 1471 4553 peribit
1496 4484 1737 4553 inﬁrmus

161 4571 208 4624 in
220 4580 304 4623 tua
318 4572 540 4629 scientia
556 4571 724 4640 frater
737 4580 947 4641 propter
960 4587 1110 4642 quem
1126 4570 1375 4627 Christus
1389 4584 1625 4628 mortuus
1638 4584 1732 4629 est.

224 4659 417 4716 Utilius
479 4672 556 4717 est
592 4661 669 4716 illi
720 4662 766 4715 si
822 4660 955 4732 lapis
988 4659 1205 4715 molaris
1238 4662 1541 4732 imponatur
1593 4665 1734 4719 circa

159 4750 337 4804 collum
362 4753 506 4823 ejus,
539 4761 587 4805 et
602 4750 914 4821 proﬁciatur
948 4752 1003 4805 in
1032 4768 1196 4813 mare,
1224 4769 1381 4822 quam
1417 4762 1472 4806 ut
1507 4754 1735 4809 scanda-

160 4837 269 4894 lizet
291 4858 453 4895 unum
495 4826 559 4895 de
588 4839 795 4911 pusillis
834 4842 970 4895 istis.
1007 4840 1312 4898 Secundum
1361 4860 1567 4900 morem
1612 4860 1739 4917 pro-

161 4931 336 4986 vinciae
364 4932 631 5003 loquitur,
654 4933 796 5002 quod
826 4934 1091 5009 majorum
1130 4934 1420 4990 criminum
1464 4937 1566 4991 ista
1598 4941 1738 5008 apud

163 5018 358 5081 veteres
379 5024 599 5080 ludmos
630 5040 787 5095 pinna
816 5023 1004 5091 fuerit,
1037 5035 1097 5080 ut
1124 5026 1174 5080 in
1202 5026 1530 5097 profundum
1568 5028 1737 5100 ligato

163 5128 280 5170 saxo
303 5116 775 5186 demet-gerentur,
817 5123 873 5171 et
914 5132 1102 5172 revera
1137 5119 1321 5172 utilius
1349 5128 1431 5175 est
1458 5120 1734 5176 innoxium

162 5219 303 5271 plena
325 5209 579 5277 quamvis
606 5208 967 5273 atrocissima,
995 5211 1317 5280 temporaria
1343 5220 1547 5277 tamen,
1572 5213 1735 5267 vitam

164 5296 304 5352 linire
365 5314 689 5369 corpoream
743 5314 905 5369 quam
966 5298 1120 5354 fratri
1168 5310 1451 5355 nocentem
1508 5312 1759 5358 mortem

164 5390 339 5445 anima:
389 5392 589 5445 mereri
620 5401 955 5462 perpetuam.
996 5392 1258 5447 Attendite
1286 5394 1449 5457 vobis,
1490 5395 1535 5448 si
1559 5411 1743 5464 pecca-

162 5484 275 5535 rerit
302 5484 355 5535 in
376 5494 428 5536 te
445 5484 769 5552 fratertuus,
798 5484 1007 5553 increpa
1031 5482 1218 5548 illum;
1248 5493 1293 5537 et
1314 5486 1360 5537 si
1384 5486 1740 5554 paenitentiam

161 5573 329 5639 egerit,
378 5572 583 5625 dimitte
626 5570 724 5625 illi.
775 5571 903 5626 Tale
951 5572 1078 5643 quid
1123 5584 1177 5627 et
1227 5572 1281 5627 in
1324 5572 1743 5628 Deuteronomio

163 5658 404 5731 legimus,
440 5659 524 5716 Ne
584 5662 757 5716 oderis
818 5662 1037 5729 fratrem
1090 5673 1236 5716 tuum
1295 5664 1349 5716 in
1398 5664 1553 5717 corde
1615 5675 1739 5728 tuo,

163 5750 245 5803 sed
274 5752 478 5819 publice
526 5768 689 5822 argue
716 5767 855 5817 eum,
895 5768 957 5806 ne
1003 5752 1193 5807 Italicus
1232 5770 1384 5823 super
1421 5752 1511 5806 illo
1558 5770 1741 5823 pecca-

165 5850 281 5894 tum.
306 5842 422 5910 Quo
444 5843 611 5913 igitur
624 5842 814 5896 ordine
838 5844 1085 5897 scandala
1114 5844 1401 5909 declinare,
1430 5853 1483 5897 et
1513 5860 1593 5898 vae
1620 5860 1741 5914 per-

1764 4625 1814 4684 D

1830 2012 2070 2085 Apostoii
2099 2014 2192 2086 qui
2220 2014 2273 2071 in
2304 2013 2481 2069 alieno
2507 2028 2570 2069 ac
2592 2013 2839 2081 minimo,
2889 2014 2993 2070 hoc
3013 2023 3121 2083 est,
3149 2015 3208 2071 in
3251 2023 3428 2071 terre-

1830 2118 2027 2158 uorum
2052 2095 2377 2173 contemptui
2391 2102 2507 2172 jam
2563 2102 2717 2160 fuere
2759 2105 2966 2172 ﬁdeles,
2989 2106 3045 2161 in
3084 2120 3185 2162 suo
3218 2105 3319 2163 sibi
3359 2121 3426 2162 ac

1833 2191 2039 2260 majore
2072 2192 2232 2247 ﬁdem
2262 2192 2542 2263 postulant
2566 2192 2774 2264 augeri.

1904 2283 2052 2338 Dixit
2088 2292 2265 2338 autem
2317 2282 2615 2338 Dominus:
2667 2280 2727 2338 Si
2766 2282 3026 2339 haberetis
3073 2283 3233 2355 fidem
3289 2286 3427 2341 sicut

1831 2392 2056 2446 granum
2083 2376 2303 2447 sinapis,
2326 2375 2567 2429 diceretis
2590 2375 2709 2429 huic
2736 2374 2914 2429 arbori
2942 2391 3091 2444 moro
3114 2391 3135 2432 :
3162 2376 3425 2432 Eradic‘a-

1834 2484 1888 2521 re
1914 2476 1961 2521 et
1991 2464 2381 2537 transplantare
2400 2467 2455 2519 in
2478 2482 2645 2531 mare,
2674 2474 2723 2520 et
2751 2464 2982 2520 obediret
3021 2466 3185 2521 vobis.
3231 2466 3424 2524 Fidem

1832 2555 2129 2628 perfectam
2153 2570 2323 2629 grano
2345 2556 2549 2628 sinapis
2578 2565 2879 2627 comparat,
2912 2572 3033 2628 qua:
3066 2559 3139 2614 sit
3176 2559 3428 2616 videlicet

1834 2657 1889 2701 et
1929 2647 1995 2701 ad
2040 2646 2235 2703 faciem
2286 2646 2507 2702 humilis
2554 2649 2682 2704 etin
2726 2661 2947 2718 peetorc
3004 2648 3251 2715 fervens,
3280 2646 3430 2706 ‘vilis

1836 2743 2055 2812 quidem
2099 2742 2302 2812 passim
2355 2742 2743 2799 contuentihus
2789 2742 3173 2815 nullarumque
3226 2738 3429 2800 virium

1836 2849 2136 2904 apparens,
2194 2832 2288 2889 sed
2338 2833 2612 2905 pressuris
2661 2833 2846 2889 attrita
2894 2834 3025 2906 quid
3078 2835 3227 2891 intus
3275 2843 3433 2907 gerat

1836 2926 2145 2981 ostendens.
2188 2925 2296 2981 Sed
2336 2935 2393 2981 et
2432 2926 2730 2981 notandum
2771 2926 2914 2997 quod
2946 2941 3178 3000 granum
3222 2926 3429 2998 sinapis

1837 3020 1902 3075 ad
1935 3019 2311 3091 purgationem
2342 3019 2536 3088 capitis
2557 3018 2912 3075 saluberrime
2934 3016 3174 3090 predest,
3221 3036 3348 3096 nam
3377 3022 3427 3078 si

1836 3112 2039 3183 optime
2074 3108 2261 3164 tritum
2309 3117 2365 3165 et
2409 3108 2751 3165 cribellatum
2796 3109 2976 3180 tepide
3018 3110 3203 3184 pingui
3250 3109 3429 3169 mulso

1838 3202 2159 3265 admisceas,
2202 3208 2259 3255 et
2282 3200 2387 3255 hoc
2424 3196 2645 3270 jejunus
2668 3208 2859 3255 contra
2879 3199 3051 3256 solem
3083 3201 3316 3268 calidum
3340 3202 3432 3259 vel

1760 3263 1805 3324 (ἶ
1839 3293 1891 3347 in
1915 3293 2107 3348 balneo
2122 3292 2450 3364 gargarizcs,
2467 3307 2682 3347 omnem
2707 3293 2989 3349 humorem
3003 3295 3247 3363 noxium,
3263 3297 3431 3356 etiam

1834 3388 1879 3442 si
1916 3387 2154 3442 crassior
2185 3384 2364 3448 fuerit,
2390 3385 2458 3440 de
2502 3385 2679 3465 capite
2721 3394 2920 3456 purgat
2944 3395 3000 3441 et
3026 3386 3425 3443 imminentium

1835 3494 2051 3548 quoque
2102 3477 2531 3533 imbecillitatum
2593 3478 2725 3533 facit
2788 3479 3025 3550 pericula
3088 3480 3274 3537 vitari.
3334 3479 3429 3539 Sic

1834 3569 2075 3641 profecto
2104 3568 2237 3625 ﬁdes
2270 3570 2625 3626 tentationum
2666 3570 2867 3641 pistillo
2887 3569 3136 3641 probata,
3183 3572 3258 3628 ah.
3275 3574 3425 3629 omni

1837 3668 2034 3722 levium
2086 3652 2475 3738 cogitationum
2531 3665 2819 3736 superﬁcie
2868 3667 3019 3721 eribo
3080 3667 3427 3723 discretionis

1837 3764 2132 3833 castigata,
2184 3771 2241 3816 et
2282 3760 2541 3832 perfectae
2588 3759 2892 3815 dilectionis
2944 3758 3104 3817 melle
3144 3760 3424 3817 duleorata

1837 3871 2026 3911 omnes
2048 3855 2114 3911 de
2136 3853 2322 3917 corde,
2373 3852 2515 3922 quod
2539 3860 2622 3908 est
2656 3852 2937 3908 interioris
2966 3853 3139 3909 nostri
3189 3854 3430 3911 hominis

1839 3953 2023 4016 caput,
2073 3944 2330 3999 vitiorum
2381 3942 2647 4007 sentinas,
2702 3956 2809 3996 non
2854 3941 3029 3997 solum
3078 3942 3145 3997 ad
3182 3958 3424 4013 praesens

1838 4035 2121 4098 exhaurit,
2173 4032 2268 4087 sed
2315 4040 2371 4088 et
2417 4032 2472 4085 in
2523 4030 2765 4085 futurum
2805 4046 2874 4086 ne
2922 4032 3163 4105 recolligi
3212 4033 3430 4089 valeant

1837 4129 2126 4194 praecavet.
2176 4120 2352 4175 Arbor
2373 4128 2553 4176 autem
2582 4134 2765 4176 morus
2785 4120 3111 4176 eradicanda
3142 4122 3273 4178 etin
3310 4139 3426 4195 ma:

1838 4229 1899 4268 re
1926 4209 2365 4281 tranSplantanda
2394 4208 2481 4263 vel
2514 4202 2834 4279 simpliciter
2860 4210 3037 4279 posita
3066 4220 3242 4281 potest
3269 4212 3430 4279 intel-

1840 4303 1954 4373 ligi,
1997 4302 2141 4371 quod
2175 4300 2427 4355 videlicet
2475 4310 2867 4355 consummatae:
2891 4300 3013 4356 ﬁdei
3054 4300 3315 4358 indicium
3356 4304 3431 4359 sit

1838 4394 2006 4450 verbo
2035 4392 2317 4448 elementis
2356 4391 2645 4461 imperare,
2678 4390 2900 4460 utquod
2929 4390 2997 4447 de
3042 4407 3152 4447 uno
3176 4393 3427 4465 speciali-

1843 4494 1926 4539 ter
1947 4484 2149 4538 dictum
2174 4491 2279 4547 est,
2309 4482 2413 4537 hoc
2433 4479 2760 4553 generaliter
2803 4480 2872 4535 de
2901 4481 3152 4539 omnibus
3192 4484 3431 4541 sentien-

1839 4575 1968 4630 dum
1995 4574 2270 4629 credatur.

1913 4664 2043 4730 Quis
2088 4674 2262 4718 autem
2299 4672 2552 4728 vestrum,
2575 4661 2768 4717 habens
2814 4678 3020 4717 servum
3061 4664 3301 4719 arentem
3331 4678 3426 4722 aut

1836 4766 2131 4828 pascentem
2159 4756 2183 4810 ?
2222 4754 2349 4809 Haec
2370 4753 2630 4824 parabola
2660 4754 2819 4809 docet
2842 4762 2905 4809 ut
2924 4752 3059 4810 ﬁdes
3082 4769 3191 4825 quo
3254 4756 3429 4811 virtu-

1843 4848 1986 4903 tibus
2015 4846 2149 4901 foris
2186 4844 2559 4912 excellentior,
2589 4859 2655 4901 eo
2716 4845 2772 4899 in
2814 4845 2930 4914 ipsa
2960 4844 3293 4900 conscientia
3334 4844 3429 4900 ﬁat

1840 4939 1989 4994 intus
2025 4937 2301 4993 humilior.
2347 4934 2553 4991 Servus
2597 4936 2798 5006 quippe
2844 4950 3006 4990 arans
3040 4943 3133 4991 aut
3170 4949 3425 5005 pascens,

1841 5028 2068 5100 quilibet
2098 5028 2353 5083 Ecclesia:
2381 5026 2574 5081 doctor
2617 5026 2958 5098 intelligitur,
3013 5022 3082 5083 de
3110 5040 3220 5098 quo
3244 5027 3419 5086 Domi-

1839 5138 1941 5176 nus
1967 5122 2042 5176 ait
2071 5137 2083 5175 :
2121 5120 2290 5175 Nemo
2316 5120 2521 5173 mittens
2570 5120 2784 5172 marium
2826 5134 2978 5171 suam
3005 5118 3061 5171 in
3089 5128 3329 5172 aratrum
3380 5134 3417 5173 e.

1839 5211 2093 5282 aspiciens
2139 5219 2275 5263 retro
2300 5219 2452 5279 aptus
2489 5218 2564 5262 est
2614 5223 2773 5278 regno
2819 5204 2939 5261 Dei.
2986 5205 3055 5262 Et
3101 5205 3256 5261 alteri
3302 5221 3421 5263 sese

1841 5315 2027 5355 amare
2051 5300 2298 5363 testanti,
2332 5300 2497 5354 tertio
2532 5296 2812 5368 respondit
2844 5314 2857 5350 :
2889 5295 3058 5351 Pasce
3086 5311 3210 5351 oves
3238 5306 3403 5351 meas.

1915 5390 2019 5455 Qui
2044 5405 2273 5457 regresso
2303 5388 2367 5442 de
2406 5403 2531 5458 agro
2555 5387 2689 5440 dicet
2717 5384 2831 5439 illi:
2881 5384 3075 5441 Statim
3114 5385 3304 5449 transi,
3349 5401 3429 5438 re-

1846 5483 2058 5547 cumbe;
2114 5491 2160 5535 et
2199 5498 2304 5536 non
2334 5482 2467 5534 dicet
2495 5480 2543 5532 ei
2577 5495 2597 5533 :
2626 5495 2757 5547 para
2795 5478 2935 5548 quod
2976 5494 3190 5533 canem.
3241 5475 3432 5533 Serius

1844 5573 1911 5627 de
1939 5588 2069 5643 agro
2100 5571 2401 5641 regreditur
2425 5583 2548 5624 cum
2584 5568 2897 5625 intermisso
2919 5570 2991 5625 ad
3024 5578 3239 5640 tempus
3262 5582 3430 5640 opere

1844 5664 2195 5733 praedicandi,
2228 5663 2294 5715 ad
2321 5659 2713 5715 conscientiam
2738 5662 2928 5716 doctor
2962 5660 3219 5726 recurrit,
3264 5667 3431 5731 atque

1846 5771 1875 5808 a
1902 5755 2117 5825 publico
2148 5754 2434 5808 locutionis
2476 5752 2544 5808 ad
2594 5753 2805 5807 curiam
2846 5753 3028 5808 cordis
3072 5753 3289 5809 rediens
3334 5768 3432 5807 sua

1845 5862 2027 5901 secum
2078 5857 2339 5909 secretus,
2392 5854 2511 5898 acta
2554 5844 2640 5898 vel
2696 5845 2836 5899 dicta
2882 5852 3159 5899 retractat.
3197 5844 3295 5899 Cui
3324 5858 3432 5899 non
