3946 6354
502 358 610 416 503

1144 363 1203 418 Β.
1252 365 1501 423 RABANI
1543 368 1764 425 MAURI
1800 368 2119 426 ARCIHEP.
2163 368 2473 429 MOGUNT.
2508 373 2791 431 OPERUM
2833 376 3010 433 PARS
3045 380 3105 434 ll.

3688 387 3793 444 304

502 475 686 530 statim
718 473 977 530 Dominus
1003 478 1191 540 transi,
1218 478 1458 531 recumbe
1502 480 1655 544 dicit,
1708 481 1883 545 idest,
1923 479 2093 534 transi
2124 485 2453 552 Amagnam
2521 483 2732 539 Domini
2785 489 2957 542 nostri
3008 488 3134 543 Jesu
3186 487 3382 545 Christi
3444 492 3789 549 clementiam

501 571 569 623 de
593 569 692 622 hac
717 566 826 622 vita
870 567 1084 621 mortali
1121 577 1176 623 et
1207 568 1262 622 in
1310 578 1528 625 mternte
1577 573 1702 626 vita:
1749 574 1904 627 beata
1959 572 2087 627 sede

503 659 763 715 rel‘overe.
827 658 951 714 Haec
996 660 1141 714 enim
1192 670 1377 731 postea
1424 663 1671 718 dicturus
1712 665 1925 719 interim
1968 673 2094 734 post

500 759 712 822 pastum
748 757 909 821 atque
950 750 1334 823 agriculturam
1369 754 1513 809 domi
1557 755 1659 811 sibi
1690 754 1846 823 jubet
1894 771 2092 825 parare

497 842 641 912 quod
672 845 869 903 emnet‘,
893 841 996 897 hoc
1019 850 1103 896 est
1126 851 1245 911 post
1274 844 1513 899 laborem
1544 855 1745 914 aperta:
1775 845 2088 912 locutionis,

498 932 859 987 humilitatem
901 947 1116 1004 quoque
1162 935 1397 1006 propria:
1427 934 1883 991 considerationis
1929 937 2089 992 exhi-

494 1024 645 1079 bere.

567 1100 636 1169 Et
669 1116 932 1187 pra'cinge
952 1127 1020 1181 te,
1053 1125 1101 1171 et
1122 1117 1365 1172 ministra
1405 1117 1535 1171 mihi
1564 1116 1729 1173 donec
1774 1120 2090 1175 manducem

492 1216 538 1261 et
599 1206 793 1260 bibam.
852 1206 1112 1278 l‘rzecingi
1166 1215 1285 1273 est,
1341 1218 1577 1264 mentem
1629 1210 1969 1265 bumiliatam
2020 1210 2089 1265 ab

492 1295 744 1351 omnibus
774 1295 1149 1353 ﬂuctuantium
1188 1299 1576 1370 cogitationum
1617 1301 1848 1366 sinibus,
1888 1302 2089 1371 quibus

490 1404 739 1463 operum
769 1406 989 1462 gressus
1042 1391 1307 1462 impedire
1346 1392 1483 1447 solet
1532 1394 1928 1465 con'stringere,
1962 1410 2087 1449 nam

492 1481 585 1551 qui
612 1482 935 1536 vestimenta
968 1482 1275 1553 przecingit,
1322 1483 1424 1538 hoc
1471 1484 1582 1554 agit
1617 1484 1806 1555 utique
1833 1499 1900 1538 ne
1943 1485 2089 1539 incc-

493 1574 628 1629 dens
681 1574 985 1629 involvatur
1030 1576 1097 1629 ad
1146 1575 1388 1646 lapsum,
1438 1562 1771 1631 ministrare
1800 1594 1930 1633 vero
1976 1579 2087 1633 Deo

491 1674 575 1719 est
618 1663 900 1719 minimum
949 1680 1008 1720 se
1037 1680 1134 1735 per
1180 1666 1367 1721 omnia
1396 1674 1450 1721 et
1478 1667 1682 1738 absque
1737 1670 1925 1738 gratize
1969 1667 2087 1737 ejus

492 1753 696 1809 auxilio
742 1753 875 1807 nihil
915 1753 1114 1809 virium
1170 1754 1461 1811 habentem
1514 1757 1782 1827 profiteri.
1838 1759 2086 1815 Minister

2196 572 2441 626 translati
2466 588 2672 642 sumus,
2697 590 2795 645 per
2815 575 2931 646 ejus
2957 579 3262 648 passionem
3288 592 3346 636 et
3369 592 3597 638 mortem
3627 596 3799 656 atque

2194 662 2648 721 resurrectionem
2688 667 2754 721 de
2793 679 2967 722 morte
3002 679 3055 724 et
3092 681 3362 740 potestate
3390 675 3590 730 diaboli
3622 677 3692 731 ad
3721 675 3783 733 ii-

2194 752 2379 807 beram
2430 754 2643 810 Domini
2694 758 2867 812 nostri
2914 760 3006 815 Dei
3058 763 3398 832 servitutem,
3431 767 3497 821 de
3549 769 3801 825 tenebris

2194 846 2380 900 κιθτηί
2409 848 2657 919 supplicii
2682 852 2749 903 ad
2772 852 3125 907 beatitudinis
3147 865 3362 911 mternte
3381 860 3574 928 gaudia
3602 876 3800 918 sumus

2192 938 2469 1005 perducti;
2502 943 2682 997 ethoc
2705 942 2758 996 in
2787 954 2972 999 nostra
2999 948 3162 1000 situm
3187 956 3269 1002 est
3292 933 3579 1018 potestate,
3604 964 3795 1008 utrum

2193 1037 2422 1083 mortem
2451 1029 2747 1101 eligamus,
2780 1050 2847 1089 an
2878 1037 3065 1091 vitam.
3104 1032 3330 1093 Mortem
3361 1040 3611 1112 eligimus
3646 1044 3691 1098 si
3732 1044 3795 1100 in

2191 1120 2315 1175 odio
2344 1123 2575 1191 proximi
2607 1132 2662 1179 ct
2690 1126 2743 1180 in
2774 1142 2961 1183 amare
2986 1112 3329 1205 persistimus
3357 1136 3564 1189 mundi.
3598 1131 3791 1193 Vitam

2190 1226 2320 1282 ergo
2351 1213 2603 1285 eligimus
2642 1215 2689 1271 si
2734 1216 2902 1273 Deum
2954 1229 3065 1277 toto
3101 1225 3282 1289 corde,
3317 1233 3425 1279 tota
3472 1238 3653 1282 mente
3700 1238 3795 1283 to-

2192 1312 2353 1375 taque
2392 1308 2593 1362 virtute
2639 1309 2914 1381 diligimus
2958 1321 3014 1369 et
3059 1316 3336 1383 proximos
3380 1325 3600 1373 nostros
3646 1320 3795 1376 sicut

2193 1400 2573 1470 nosmetipsos.

2262 1488 2368 1555 Qui
2394 1508 2497 1545 non
2524 1492 2715 1563 diligit,
2746 1504 2919 1549 manet
2949 1497 3002 1550 in
3032 1508 3217 1551 morte.
3256 1497 3462 1555 Redeat
3494 1505 3791 1574 unusquis-

2190 1594 2295 1649 que
2323 1582 2389 1634 ad
2417 1596 2513 1636 cor
2539 1599 2726 1648 suum,
2761 1586 2805 1640 si
2836 1587 2907 1640 ibi
2941 1588 3181 1643 inveniet
3210 1592 3555 1661 eharitatem,
3606 1597 3657 1651 id
3707 1607 3797 1653 est

2190 1672 2532 1728 dilectionem
2566 1674 2661 1729 Dei
2694 1684 2747 1731 et
2777 1678 3007 1746 proximi
3041 1695 3255 1750 puram,
3287 1698 3513 1737 securus
3540 1686 3628 1749 sit,
3658 1689 3787 1757 quia

2193 1766 2442 1819 transivit
2465 1767 2532 1821 de
2550 1776 2725 1822 morte
2754 1769 2821 1823 ad
2847 1770 3033 1825 vitam.
3054 1771 3133 1827 Ne
3158 1788 3287 1844 ergo
3316 1776 3538 1844 putetis,
3561 1776 3791 1847 fratres,

490 1845 635 1900 enim
666 1860 695 1899 a
728 1844 937 1900 minore
972 1854 1139 1913 statu,
1180 1845 1233 1901 id
1265 1856 1369 1913 est,
1422 1848 1785 1919 subjectione,
1837 1852 1981 1907 sicut
2028 1863 2084 1907 et
2116 1842 2158 1901 Β
2189 1858 2307 1914 leve
2355 1875 2473 1915 esse
2520 1862 2703 1918 odisse
2764 1871 2858 1917 aut
2899 1879 3006 1919 non
3051 1842 3276 1937 diligere
3318 1842 3569 1936 iratrem,
3603 1842 3794 1928 audite

494 1938 748 2009 Magister
780 1954 821 1991 a
869 1936 1062 2007 majori
1120 1939 1444 1996 vocabulum
1496 1942 1747 2013 sumpsit.
1811 1942 2085 1999 Ministrat

491 2044 621 2100 ergo
650 2029 937 2096 conditori,
984 2030 1077 2100 qui
1104 2029 1223 2099 ejus
1261 2038 1514 2087 naturam
1564 2033 1915 2093 considerans
1940 2035 2084 2105 ejus-

492 2136 597 2192 que
620 2121 823 2190 judicia
858 2121 1274 2192 pertimescens,
1321 2124 1389 2181 de
1428 2125 1542 2181 suis
1569 2140 1627 2181 se
1658 2126 1955 2183 virtutibus
1986 2128 2085 2181 hu-

493 2214 683 2269 miliat.

565 2306 631 2360 Et
675 2317 730 2361 tu
782 2308 1011 2385 posthac
1046 2306 1395 2366 manducabis
1445 2318 1494 2364 et
1538 2309 1697 2371 bibes.
1760 2308 2080 2388 Postquam,

490 2406 706 2477 inquit,
754 2406 871 2477 ipse
914 2414 1021 2462 tute
1074 2406 1483 2478 praedicationis
1532 2422 1698 2477 opere
1762 2408 2082 2473 delectatus,

490 2507 703 2569 tumque
748 2500 1180 2569 compunctionis
1220 2500 1393 2569 epulis
1444 2500 1597 2555 fuero
1652 2500 1910 2564 refectus,
1956 2511 2085 2556 tunc

490 2591 705 2646 demum
747 2602 805 2648 tu
848 2602 1094 2661 transeas
1122 2598 1178 2645 et
1218 2592 1526 2655 recumbes,
1569 2593 1899 2661 teter-nisque
1948 2606 2085 2647 mea:

490 2681 775 2753 sapientia:
802 2680 1027 2753 dapibus
1052 2682 1107 2737 in
1134 2692 1400 2737 aeternxtm
1436 2681 1727 2739 reﬁcietis.

564 2770 823 2843 Nunquid
853 2774 1086 2847 gratiam
1135 2772 1287 2827 habet
1342 2788 1489 2827 servo
1535 2772 1616 2827 illi
1670 2774 1761 2843 qui
1800 2773 1918 2843 fecit
1967 2790 2086 2844 qua:

487 2863 588 2917 sibi
624 2862 1011 2934 imperaverat?
1036 2878 1141 2918 non
1177 2872 1322 2934 puto.
1353 2863 1443 2919 Sic
1477 2874 1524 2919 et
1556 2882 1645 2919 vos
1687 2881 1806 2919 cum
1853 2865 2082 2935 feceritis

488 2955 666 3008 omnia
690 2970 805 3025 qum
831 2964 1086 3025 praecepta
1112 2964 1233 3009 sunt
1258 2954 1419 3017 vobis,
1449 2954 1639 3009 dicite:
1681 2954 1830 3011 Servi
1878 2954 2085 3010 inutiles

492 3063 699 3101 sumus.
756 3045 813 3100 Si
858 3046 1045 3112 homo,
1097 3046 1296 3115 inquit,
1360 3046 1428 3101 ab
1488 3047 1707 3101 homine
1755 3062 1915 3101 servo
1981 3063 2080 3102 non

493 3134 766 3192 uniforme
831 3137 930 3193 sed
974 3136 1254 3209 multiplex
1305 3138 1670 3194 ministerium
1716 3139 1921 3211 exigit,
1985 3156 2086 3195 nec

2190 1949 2333 2018 quod
2362 1950 2642 2019 sequitur:

2261 2038 2445 2094 Omnis
2471 2042 2560 2111 qui
2588 2042 2696 2095 odit
2725 2041 2945 2110 fratrem
2983 2062 3137 2099 suum
3158 2087 3173 2111 ,
3217 2048 3482 2103 homicida
3512 2060 3605 2105 est.
3662 2050 3789 2107 Jam

2187 2128 2331 2182 enim
2379 2131 2423 2184 si
2466 2132 2765 2187 continebit
2795 2136 2919 2203 quis
2947 2137 3127 2190 odium
3162 2137 3458 2194 fraternum
3480 2182 3497 2207 ,
3539 2143 3791 2213 nunquid

2188 2218 2541 2275 homicidium
2574 2222 2626 2275 in
2654 2226 2821 2279 corde
2850 2240 2948 2280 suo
2976 2229 3315 2283 contemnit?
3352 2234 3601 2299 quamvis
3637 2234 3789 2289 enim

2187 2326 2381 2372 manus
2409 2327 2516 2368 non
2552 2321 2764 2373 moveat
2806 2316 2874 2371 ad
2916 2316 3271 2376 occidendum
3316 2320 3628 2381 hominem.
3688 2340 3793 2395 per

2187 2406 2369 2461 odium
2395 2408 2630 2477 proximi
2649 2406 2763 2476 jam
2788 2418 2848 2462 ut
2876 2409 3146 2465 homicida
3177 2425 3301 2467 reus
3325 2421 3411 2467 est
3435 2423 3560 2466 ante
3591 2413 3790 2467 Deum.

2192 2498 2337 2553 Vivit
2378 2499 2467 2555 ille
2499 2507 2556 2555 et
2584 2500 2689 2556 iste
2722 2501 2834 2571 jam
2874 2502 3535 2575 interfectorjudieatur:
3575 2508 3703 2576 quia
3743 2509 3793 2563 si

2189 2604 2294 2642 non
2324 2589 2657 2657 proximum,
2691 2598 2872 2647 tamen
2904 2593 3141 2663 seipsum
3167 2603 3221 2650 et
3248 2598 3482 2652 animam
3513 2613 3665 2653 suam
3697 2615 3799 2655 oc-

2189 2682 2319 2736 cidit
2347 2674 2551 2737 in'odio
2577 2682 2664 2737 vel
2694 2684 2893 2739 invidia
2923 2687 3157 2755 proximi
3186 2690 3289 2743 sui.

2258 2771 2327 2825 Et
2357 2772 2500 2826 scitis
2529 2774 2781 2842 quoniam
2813 2778 2981 2831 omnis
3007 2778 3274 2833 homicida
3306 2798 3411 2835 non
3441 2783 3593 2836 habet
3624 2785 3798 2839 vitam

2189 2872 2439 2919 .eternam
2468 2864 2521 2917 in
2552 2866 2827 2934 semetipso
2857 2880 3172 2924 manentem.
3228 2870 3459 2941 Spiritus
3486 2875 3626 2929 enim
3660 2892 3803 2930 san-

2190 2960 2319 3010 ctus.
2357 2952 2658 3023 disciplina:
2704 2954 2924 3026 effugiet
2970 2957 3198 3013 ﬁctum:
3244 2969 3299 3015 et
3348 2962 3437 3015 ubi
3484 2963 3667 3018 odium
3707 2965 3800 3021 vel

2191 3040 2389 3095 invidia
2428 3052 2645 3108 manet,
2688 3060 2792 3098 non
2834 3047 2997 3100 habet
3027 3047 3208 3103 locum
3247 3049 3317 3103 ibi
3346 3052 3614 3117 Charitas,
3664 3072 3803 3124 qua:

2191 3132 2332 3186 Deus
2358 3140 2458 3198 est,
2486 3133 2587 3189 nisi
2614 3150 2711 3204 per
2736 3135 2945 3207 longam
2964 3138 3373 3209 benignitatem,
3394 3143 3801 3201 humanitatem

491 3241 671 3285 tamen
702 3230 751 3284 ei
775 3230 1004 3301 gratiam
1035 3207 1219 3295 habﬁel,
1255 3240 1462 3300 quanto
1499 3230 1671 3299 magis
1699 3245 1816 3295 vos,
1842 3231 1933 3300 qui
1969 3232 2087 3286 sine
2116 3207 2160 3268 C
2192 3224 2447 3290 proximi,
2478 3239 2576 3292 per
2601 3225 2995 3280 confessionem
3027 3236 3079 3281 et
3101 3228 3473 3297 pcenitcntiam
3493 3233 3747 3288 emendet
3779 3253 3797 3287 :

490 3335 578 3375 me
614 3320 747 3377 nihil
782 3321 1009 3392 potestis
1050 3319 1253 3393 facere,
1300 3336 1407 3376 non
1443 3332 1747 3392 temporum
1792 3320 2088 3392 longitudi-

493 3426 615 3467 nem
650 3422 706 3467 et
742 3412 990 3467 laborum
1021 3411 1215 3466 merita
1236 3426 1471 3481 pensare
1501 3411 1733 3476 debetis,
1773 3412 1867 3466 sed
1902 3424 2089 3465 amore

489 3514 547 3559 et
588 3502 848 3558 famulatu
878 3512 1174 3574 spontaneo
1217 3504 1370 3558 novis
1403 3518 1618 3573 semper
1651 3503 1844 3558 studiis
1890 3519 2091 3574 augere

492 3598 695 3666 priora.
742 3595 927 3665 Itaque
981 3595 1174 3661 dicite,
1220 3593 1353 3649 servi
1407 3594 1619 3649 inutiles
1672 3610 1878 3649 sumus.
1944 3592 2090 3649 Servi

494 3690 712 3759 quidem
760 3689 851 3759 qui
878 3688 1070 3758 *prctio
1112 3687 1279 3757 empti
1334 3688 1490 3753 estis,
1531 3686 1742 3741 inutiles
1788 3703 1918 3742 vero
1962 3687 2090 3757 quia

497 3780 760 3835 Dominus
813 3780 1077 3833 bonorum
1131 3785 1437 3832 vestrorum
1493 3792 1600 3831 non
1658 3776 1883 3847 indiget.

565 3868 719 3935 Quod
745 3867 1019 3922 debuimus
1042 3862 1238 3937 facere,
1263 3864 1501 3937 fecimus.
1538 3865 1749 3921 Revera
1777 3867 2087 3933 debuimus,

495 3962 623 4032 quia
650 3960 741 4030 qui
775 3974 883 4013 non
915 3959 1062 4012 venit
1099 3957 1419 4023 ministrari,
1451 3958 1545 4013 sed
1569 3958 1898 4023 ministrare,
1936 3958 2089 4014 debi-

496 4061 639 4107 tores
667 4048 771 4105 sibi
801 4063 900 4103 nos
927 4047 1055 4103 fecit
1080 4062 1149 4103 ne
1178 4046 1379 4102 nostris
1406 4046 1659 4101 videlicet
1682 4046 1937 4115 operibus
1964 4060 2092 4102 con-

496 4144 746 4207 ﬁdentes,
774 4142 869 4197 sed
896 4142 963 4197 de
991 4142 1108 4212 ejus
1140 4154 1355 4210 semper
1380 4140 1630 4194 examine
1654 4148 1930 4209 paventes,
1966 4155 2089 4195 cum

494 4233 757 4303 propheta
805 4232 1089 4286 dicamus:
1145 4229 1286 4295 Quid
1335 4229 1679 4283 retribuemus
1724 4229 1950 4283 Domino
1996 4246 2091 4299 pro

497 4319 738 4376 omnibus
766 4337 885 4391 qua:
915 4319 1153 4374 retribuit
1187 4318 1333 4372 nobis
1363 4318 1386 4373 ?
1412 4318 1573 4373 Dabit
1609 4318 1755 4372 enim
1795 4317 1883 4372 ille
1913 4318 1965 4371 in
2002 4316 2089 4371 fu-

498 4421 622 4466 turo
652 4411 861 4481 judicio
888 4409 1182 4479 unicuique
1213 4392 1521 4464 mercedem
1548 4402 1900 4477 condignam,
1934 4408 2091 4462 bonis

497 4503 751 4559 videlicet
772 4502 938 4557 vitam
966 4510 1222 4556 aeternam
1249 4508 1303 4555 et
1329 4494 1485 4555 malis
1509 4514 1724 4570 poenam
1749 4509 2085 4570 perpetuam.

2191 3329 2315 3367 nam
2348 3314 2437 3367 ubi
2479 3330 2583 3368 non
2616 3325 2698 3369 est
2728 3317 2989 3381 Charitas,
3019 3319 3069 3375 id
3100 3328 3212 3385 est,
3255 3322 3343 3375 ubi
3385 3320 3613 3391 Spiritus
3653 3340 3802 3379 san-

2192 3412 2311 3458 ctus
2341 3404 2393 3457 in
2427 3404 2588 3459 corde
2619 3406 2854 3460 hominis
2898 3406 3075 3461 locum
3119 3426 3223 3463 non
3273 3412 3467 3477 habet,
3511 3414 3803 3471 diabolum

2192 3494 2355 3549 habet
2381 3496 2760 3551 hahitatcrem.
2790 3498 3149 3569 Quapropter,
3183 3503 3533 3570 dilectissimi,
3567 3504 3807 3573 aijicite

2196 3585 2262 3640 de
2292 3586 2548 3641 cordibus
2580 3590 2773 3643 vestris
2799 3590 2981 3644 odium
3010 3601 3063 3645 et
3092 3592 3383 3658 invidiam,
3425 3612 3542 3665 qua:
3576 3614 3804 3669 pracpa-

2192 3683 2317 3729 rant
2370 3676 2421 3730 in
2475 3678 2627 3732 vobis
2674 3679 2870 3733 diaboli
2924 3684 3279 3738 mansionem.
3335 3686 3517 3741 Estote.
3563 3688 3799 3762 benigni

2192 3781 2317 3835 erga
2347 3768 2623 3837 proximos
2662 3777 2717 3823 et
2756 3770 2960 3840 diligite
2989 3788 3081 3825 eos
3117 3781 3171 3826 et
3202 3772 3427 3844 Spiritui
3461 3787 3649 3832 sancto
3692 3796 3803 3850 per

2192 3860 2588 3916 confessionem
2617 3872 2671 3916 et
2700 3864 3073 3931 pmnitentiam
3098 3879 3313 3934 puram,
3339 3868 3553 3937 dignum
3585 3870 3634 3923 in
3665 3887 3803 3926 eor—

2195 3936 2351 4006 dibus
2395 3953 2594 4006 vestris
2640 3953 3009 4007 habitaculum
3060 3971 3161 4025 per
3190 3972 3351 4026 Opera
3401 3936 3806 4017 misericordia!

2194 4053 2514 4113 prmliat'ate.

2266 4133 2333 4187 In
2358 4135 2453 4187 hoc
2480 4135 2813 4204 cognovimus
2837 4134 3147 4192 charitatem
3172 4135 3289 4202 Dei,
3311 4140 3553 4209 quoniam
3580 4138 3671 4193 ille
3695 4158 3803 4211 pro

2196 4226 2344 4280 nobis
2376 4227 2607 4280 animam
2637 4244 2789 4281 suam
2818 4229 3015 4298 posuit,
3056 4238 3103 4282 et
3144 4246 3236 4285 nos
3266 4230 3509 4286 debemus
3542 4250 3634 4303 pro
3668 4234 3800 4303 fra-

2194 4316 2361 4371 m‘bus
2383 4318 2587 4372 animos
2610 4327 2817 4372 nostras
2838 4335 3049 4389 ponere.
3070 4320 3388 4389 Exemplum
3415 4324 3558 4377 enim
3581 4323 3801 4381 Christi

2193 4414 2249 4458 et
2287 4406 2653 4475 apostolorum
2695 4422 2793 4461 nos
2831 4407 3032 4461 imitari
3073 4416 3285 4478 oportet
3330 4418 3390 4463 ut
3428 4412 3674 4465 doctrina
3708 4416 3803 4469 vel

2194 4498 2506 4569 praedicatio
2535 4507 2719 4553 nostra
2750 4499 3002 4567 operibus
3033 4501 3442 4569 comprobetur;
3478 4501 3608 4555 nihil
3636 4504 3801 4559 enim

494 4594 595 4653 Cui
636 4595 708 4649 sit
733 4594 867 4658 laus,
902 4595 1079 4649 honor
1106 4601 1161 4647 et
1186 4600 1429 4663 potestas
1459 4591 1513 4645 in
1554 4590 1737 4645 omnia
1768 4590 1961 4645 sazcula
1992 4606 2091 4645 sae-
2116 4576 2169 4634 D
2199 4592 2407 4659 turpius
2436 4606 2596 4659 quam
2628 4592 2670 4644 si
2699 4592 2896 4645 bonum
2924 4592 3067 4660 quod
3090 4580 3318 4661 quisque
3364 4593 3639 4661 praedicat,
3697 4610 3804 4649 ex-

496 4687 766 4745 culorum.
801 4686 993 4742 Amen.

1024 4774 1306 4832 HOMILIA
1344 4774 1581 4830 LXXXL

820 4884 1074 4924 DOIINICA
1112 4883 1170 4923 III
1213 4882 1340 4922 POST
1378 4880 1773 4922 PENTECOSTEN.

748 4959 933 5015 Lectio
963 4958 1217 5029 Epistolas
1243 4952 1305 5012 Β.
1334 4956 1558 5012 Joannis
1589 4954 1836 5026 apostoli.

571 5050 902 5114 Charissimi,
933 5048 1091 5103 nolite
1120 5049 1306 5102 mirari
1336 5048 1381 5101 si
1409 5048 1517 5108 adit
1548 5063 1635 5099 vos
1675 5045 1923 5099 mundus.
1976 5045 2088 5100 Nos

495 5148 691 5200 scimus
716 5143 966 5214 quoniam
1004 5142 1249 5195 translati
1284 5156 1463 5194 sumus
1501 5140 1565 5191 de
1595 5147 1759 5191 morte
1791 5138 1861 5191 ad
1896 5139 2050 5191 vitam
2072 5178 2085 5201 ,

494 5237 745 5309 quoniam
774 5232 1044 5303 diligimus
1074 5231 1288 5303 fratres,
1316 5239 1422 5285 etc.

568 5330 645 5384 De
674 5325 1013 5383 humanitate
1041 5340 1169 5396 erga
1199 5324 1475 5395 proximos
1503 5332 1558 5377 et
1581 5323 1647 5379 de
1672 5323 1913 5379 cavendo
1941 5324 2086 5389 odio,

495 5423 750 5494 prasenti
798 5420 1032 5476 lectione
1076 5420 1430 5475 admonemur
1475 5428 1532 5473 ut
1580 5420 1807 5474 audistis
1849 5420 2087 5474 dilectis—

495 5508 621 5567 simi
650 5511 837 5574 ttobis;
869 5508 1027 5563 nolite
1054 5509 1260 5575 mirari,
1286 5509 1478 5577 inquit,
1502 5510 1548 5561 si
1576 5508 1681 5562 odit
1712 5525 1797 5562 vos
1824 5508 2089 5561 mundus:

500 5599 683 5657 mundi
706 5605 849 5654 enim
872 5599 1090 5655 nomine
1107 5598 1160 5651 in
1184 5595 1481 5675 Scripturis
1504 5598 1799 5668 sepissime
1822 5605 2091 5651 amatores

499 5692 685 5747 mundi
707 5692 989 5757 dicuntur;
1022 5706 1115 5745 nos
1146 5691 1337 5747 scimus
1366 5692 1612 5760 quoniam
1637 5689 1884 5755 translati
1908 5705 2089 5743 sumus

499 5782 562 5837 de
592 5792 757 5835 morte
794 5781 862 5835 ad
905 5782 1095 5847 vitam,
1140 5781 1386 5853 quoniam
1415 5768 1683 5850 diligimus
1713 5780 1927 5849 fratres.
1984 5780 2091 5833 Per

2196 4684 2342 4753 plere
2374 4700 2536 4754 opere
2578 4684 2852 4753 negligat:
2893 4691 3021 4739 tunc
3052 4683 3195 4737 enim
3232 4684 3541 4753 prtedicatio
3579 4685 3805 4742 utiliter

2196 4774 2468 4843 profertur
2493 4776 2708 4844 quando
2738 4773 3029 4828 eliicaciter
3059 4773 3401 4843 adimpletur.
3440 4774 3673 4830 Proinde
3702 4792 3803 4831 sa-

2196 4866 2442 4920 cerdotes
2476 4855 2673 4918 nullius
2722 4865 2958 4919 hominis
3002 4866 3312 4920 inimicitias
3352 4866 3642 4921 formidare
3683 4870 3799 4923 ha-

2196 4956 2357 5020 bent,
2388 4956 2480 5009 sed
2510 4967 2857 5023 oppressores
2886 4969 3180 5023 pauperum
3199 4995 3214 5020 ,
3242 4964 3296 5008 et
3328 4962 3573 5023 potentes
3598 4955 3801 5027 inique

2196 5056 2417 5117 agentes
2467 5046 2643 5115 palam
2699 5044 2897 5100 debent
2936 5060 3162 5114 arguere
3202 5054 3363 5114 atque
3396 5045 3463 5099 ad
3503 5045 3799 5117 indulgen-

2196 5140 2322 5192 tiam
2350 5139 2569 5207 inopum
2598 5146 2652 5191 et
2678 5138 2743 5191 ad
2771 5138 2851 5192 sui
2877 5137 3307 5191 emendationem
3333 5137 3559 5193 sollicite
3587 5156 3802 5209 provo-

2196 5246 2338 5285 cere.
2387 5230 2539 5295 Quod
2582 5230 2625 5283 si
2666 5238 2903 5299 arguunt
2944 5230 2997 5282 in
3029 5230 3294 5283 charitate
3328 5231 3422 5285 Dei
3458 5241 3513 5285 et
3544 5232 3794 5299 proximi

2198 5320 2380 5374 fideles
2410 5320 2709 5389 probantur
2736 5322 2990 5375 existere.
3032 5319 3139 5374 Sed
3169 5321 3213 5375 si
3242 5322 3334 5389 qui
3367 5330 3553 5375 contra
3586 5321 3796 5378 divites

2198 5412 2381 5480 inique
2430 5418 2650 5481 agentes
2699 5425 2806 5463 non
2859 5424 2917 5465 se
2964 5410 3031 5464 ad
3079 5410 3457 5479 corrigendum
3505 5411 3798 5466 erexerint

2199 5506 2530 5568 sacerdotes,
2570 5505 2933 5557 mercenaries
2975 5517 3033 5556 se
3080 5518 3186 5557 non
3230 5511 3478 5573 pastores
3507 5517 3625 5557 esse
3684 5505 3791 5557 de-

2199 5604 2522 5659 monstrant,
2552 5604 2607 5648 et
2632 5610 2662 5649 a
2690 5594 2784 5648 Dei
2811 5594 3080 5648 charitate
3104 5603 3412 5658 extraneos,
3443 5594 3571 5664 quia
3596 5593 3793 5647 vident

2198 5687 2378 5754 lupum
2410 5686 2715 5738 venientem
2742 5693 2795 5739 et
2828 5683 3062 5754 fugiunt,
3095 5684 3222 5738 dum
3255 5683 3425 5737 malos
3456 5682 3793 5752 redarguere

2197 5786 2460 5830 metuunt.
2521 5777 2585 5828 Et
2635 5791 2732 5845 pro
2766 5774 2992 5829 aliorum
3023 5775 3308 5843 iniquitate
3336 5774 3688 5838 damnantur,
3737 5772 3789 5824 si
