3946 6368
520 377 623 433 ΞΜ

1158 374 1220 430 Β.
1258 373 1510 429 RABANI
1550 373 1770 431 MAURI
1804 374 2125 431 ARClllEP.
2169 374 2480 436 MOGUNT.
2524 377 2808 434 OPERUM
2848 378 3027 435 PARS
3065 380 3129 435 ll.

3687 377 3791 431 5t‘:8

517 490 608 545 siti
641 488 694 541 in
740 492 1057 557 paupertate
1105 484 1442 555 superbiant.
1496 482 1639 539 Casei
1676 498 1805 538 vero
1845 490 1970 539 sunt
2008 484 2098 553 qui
2129 485 2178 544 Α
2205 486 2579 556 cupiscentiis,
2632 486 2727 542 sed
2756 487 2979 556 spiritus
3007 488 3234 558 imperio
3264 489 3405 543 illam
3436 489 3796 559 subjicientes

519 577 727 634 nullum
773 574 971 648 ingenii
1017 574 1199 633 lumen
1247 573 1484 635 habent:
1523 572 1701 629 claudi
1744 586 1962 643 quoque
2006 572 2100 641 qui

516 677 695 727 rectos
723 680 941 738 gressus
968 665 1024 720 in
1053 664 1369 736 operatione
1409 680 1515 739 non
1555 664 1772 720 habent.
1829 663 1939 719 Sed
1972 663 2100 719 dum

520 770 732 813 morum
760 755 889 828 vitia
943 755 998 809 in
1048 754 1422 811 membrorum
1471 754 1748 811 debilitate
1800 755 2098 825 signantur,

516 844 759 918 profecto
792 845 964 916 liquet
988 844 1115 915 quia
1146 845 1288 899 sicut
1318 843 1395 899 illi
1429 854 1745 916 peccatores
1766 843 1984 899 fuerunt
2011 846 2101 914 qui

522 937 698 992 vocati
750 935 938 991 venire
985 933 1297 1000 noluerunt,
1348 934 1425 989 ita
1475 934 1531 989 hi
1579 948 1795 1004 quoque
1842 950 2105 1005 pauperes

517 1036 681 1093 sunt,
733 1029 828 1100 qui
872 1027 1173 1083 invitantur
1218 1036 1275 1083 et
1323 1027 1589 1093 veniunt,
1644 1028 1736 1082 sed
1788 1036 2106 1097 peccatores

518 1118 736 1189 spperbi
769 1125 1098 1188 respuuntur
1122 1124 1175 1173 et
1211 1126 1525 1187 peceatores
1552 1116 1783 1175 humiles
1809 1116 2101 1186 eliguntur.

520 1202 628 1265 Sed
657 1200 902 1265 deductis
936 1207 1004 1263 ad
1036 1222 1248 1263 cmnam
1278 1206 1625 1276 pauperibus,
1654 1207 1783 1277 quid
1817 1220 1953 1276 puer
1986 1206 2107 1260 sub—

516 1296 711 1371 iungat
735 1296 1016 1351 audiamus
1042 1311 1058 1349 :

594 1386 838 1453 Domine,
865 1386 1062 1457 factum
1088 1393 1164 1440 est
1186 1394 1239 1438 ut
1264 1400 1530 1456 imperasti
1560 1395 1607 1438 et
1637 1385 1808 1439 adhuc
1838 1380 1983 1438 locus
2011 1394 2105 1437 est.

522 1477 675 1534 Multi
706 1476 841 1531 tales
872 1475 940 1531 ad
968 1475 1307 1532 Dominicam
1342 1490 1555 1531 ctenam
1585 1492 1651 1532 ex
1684 1475 1869 1535 Juda’a
1898 1476 2109 1531 collecti

523 1575 668 1624 sunt.
709 1566 818 1623 Sed
849 1565 1140 1621 multitudo
1165 1580 1284 1635 qua
1325 1582 1390 1621 ex
1429 1565 1729 1621 Israelitico
1759 1566 1956 1636 populo
1991 1582 2111 1621 cre—

528 1656 686 1724 didit,
718 1656 896 1713 locum
927 1656 1148 1728 superni
1178 1657 1411 1713 convivii
1453 1672 1560 1711 non
1601 1657 1861 1727 implevit,
1894 1657 2115 1711 intravit

523 1756 705 1805 autem
722 1748 835 1820 jam
858 1746 1161 1817 frequentia
1182 1745 1514 1811 Iudaeorum,
1531 1748 1623 1802 sed
1650 1748 1827 1802 adhuc
1848 1746 1999 1801 locus
2021 1763 2111 1801 va-

524 1847 615 1893 cat
640 1840 694 1893 in
714 1852 881 1909 regno
901 1837 992 1892 ubi
1018 1836 1221 1906 suscipi
1246 1835 1439 1892 debeat
1463 1838 1827 1893 numerositas
1845 1838 2106 1900 gentium.
2141 1820 2185 1878 Β

527 1928 681 1987 Unde
702 1938 761 1985 et
784 1929 959 1984 eidem
988 1944 1144 1984 servo
1170 1927 1404 1983 dicitur:

597 2019 701 2075 Exi
730 2021 787 2075 in
815 2021 925 2075 vias
965 2029 1014 2074 et
1050 2035 1215 2089 sepes,
1265 2028 1312 2073 et
1357 2017 1603 2087 compelle
1646 2020 1863 2083 intrare,
1907 2030 1961 2073 ut
2006 2019 2108 2072 im-

524 2114 732 2185 pleatur
756 2112 941 2167 domus
971 2129 1107 2166 mea.
1160 2112 1296 2166 Cum
1334 2111 1400 2166 de
1429 2110 1564 2165 vicis
1595 2119 1651 2165 et
1682 2110 1875 2180 plateis
1904 2110 1971 2164 ad
2000 2127 2110 2165 cce-

527 2218 651 2259 nam
681 2201 940 2257 Dominus
980 2201 1212 2265 invitat,
1262 2199 1410 2255 illum
1439 2199 1688 2255 videlicet
1726 2201 1980 2271 populum
2020 2202 2111 2256 de-

527 2296 735 2366 signat,
783 2291 873 2363 qui
916 2299 1102 2347 tenere
1130 2292 1301 2363 legem
1332 2292 1433 2347 sub
1462 2292 1665 2347 urbana
1700 2293 2111 2348 conversatione

529 2399 787 2452 noverat;
824 2403 944 2443 eum
986 2402 1116 2442 vero
1154 2392 1411 2441 convivas
1449 2401 1575 2441 suos
1605 2385 1781 2457 colligi
1821 2402 1887 2441 ex
1916 2387 2019 2440 viis
2056 2395 2111 2441 et

528 2481 747 2551 sepibus
772 2477 1043 2549 przecipit,
1081 2476 1339 2532 nimirum
1374 2484 1641 2547 agrestem
1670 2475 1924 2546 populum
1956 2476 2109 2531 colli-

528 2587 671 2643 gere.
703 2572 757 2625 id
781 2578 898 2635 est,
932 2568 1188 2640 gentilem
1219 2568 1434 2638 quaarit.
1482 2565 1790 2621 Notandum
1816 2582 1943 2623 vero
1971 2568 2112 2637 quod

532 2667 586 2721 in
619 2666 723 2721 hac
752 2662 1065 2719 invitatione
1095 2662 1259 2719 tertio
1290 2676 1397 2715 non
1427 2660 1625 2715 dicitur
1649 2659 1941 2724 ineita,sed
1974 2677 2113 2713 com-

529 2757 661 2828 pelle
694 2757 912 2811 intrare.
963 2753 1099 2809 Nam
1134 2761 1261 2809 sunt
1291 2752 1531 2809 nonnulli
1559 2752 1651 2823 qui
1689 2753 1828 2807 bona
1866 2752 2113 2807 facienda

531 2847 855 2919 intelligunt,
873 2845 965 2901 sed
994 2845 1110 2901 haec
1136 2844 1315 2899 facere
1345 2844 1630 2909 desistunt,
1651 2844 1756 2909 his,
1784 2852 1844 2898 ut
1870 2843 2115 2914 superius

530 2935 785 3000 diximus,
812 2934 1129 3006 plerumque
1170 2934 1439 3003 contingit
1480 2941 1540 2987 ut
1577 2948 1670 2988 eos
1712 2933 1763 2986 in
1808 2932 2117 2987 carnalibus

530 3025 810 3081 desideriis
839 3026 953 3080 suis
979 3023 1163 3079 mundi
1191 3023 1353 3094 hujus
1393 3023 1695 3078 adversitas
1729 3020 1889 3077 feriat
1914 3063 1928 3087 ,
1976 3037 2117 3091 εαξρο

532 3130 767 3185 namque
794 3123 888 3170 aut
920 3115 1076 3185 longa
1104 3114 1421 3186 aegritudine
1451 3115 1773 3178 tabescunt,
1813 3123 1906 3167 aut
1933 3112 2114 3167 amicti

532 3206 741 3277 injuriis
768 3207 1088 3273 concidunt,
1124 3216 1217 3264 aut
1245 3208 1487 3278 percussi
1528 3207 1865 3279 gravioribus
1902 3208 2114 3263 damnis

532 3300 863 3371 aﬂliguntur,
892 3314 1058 3369 seque
1088 3299 1232 3370 ipsos
1274 3300 1327 3353 in
1353 3300 1464 3354 suis
1495 3296 1777 3355 desideriis
1818 3299 2111 3367 reprehen-

526 3384 717 3448 dentes
738 3390 805 3446 ad
824 3389 1114 3445 Dominum
1136 3378 1299 3445 corda
1322 3395 1661 3445 convertunt.
1687 3386 1789 3455 Qui
1809 3403 1938 3458 ergo
1957 3385 2115 3455 hujus

529 3481 714 3537 mundi
740 3479 1161 3535 adversitatihus
1186 3479 1343 3534 fracti
1372 3480 1438 3533 ad
1454 3478 1560 3534 .Dei
1595 3492 1833 3533 amorem
1869 3479 2111 3541 redeunt,

528 3580 691 3643 atque
721 3586 751 3625 a
777 3569 1061 3641 pmentis
1088 3570 1214 3625 vita:
1247 3569 1532 3625 desideriis
1569 3568 1937 3639 corriguntur,
1984 3570 2113 3638 quid

527 3662 619 3717 isti
666 3661 772 3717 nisi
820 3660 1215 3731 compelluntur
1268 3668 1329 3715 ut
1387 3659 1632 3714 intrent?
1693 3659 1787 3714 sed
1832 3659 1986 3713 valde
2031 3666 2114 3713 est

528 3751 804 3809 tremenda
839 3751 1140 3811 sententia,
1179 3766 1300 3820 qua:
1334 3750 1585 3805 protinus
1619 3748 1973 3804 subinl'ertur.
2024 3748 2115 3801 Ait

529 3846 677 3900 enim
702 3860 715 3896 :

600 3936 732 3990 Dico
753 3944 935 3990 autem
972 3932 1112 3988 vobis
1146 3932 1285 4003 quod
1322 3947 1472 3985 nemo
1510 3932 1738 3985 virorum
1777 3929 1988 3984 illorum
2025 3931 2115 4000 qui

527 4028 698 4084 vocati
727 4036 872 4093 sunt,
900 4024 1127 4097 gustabit
1157 4040 1355 4078 canam
1384 4039 1574 4077 meam.
1624 4024 1763 4078 Ecce
1804 4038 1899 4093 per
1929 4038 1986 4077 se
2016 4038 2112 4077 vo-

528 4129 646 4185 cat,
686 4132 785 4187 per
812 4116 1031 4187 angelos
1060 4124 1247 4178 vocat,
1279 4130 1378 4184 per
1402 4122 1586 4185 patres
1613 4110 1768 4170 vocat
1788 4155 1801 4179 ,
1849 4129 1946 4184 per
1984 4129 2112 4183 pro-

527 4210 723 4281 phetas
763 4214 921 4263 vocat
946 4247 961 4271 ,
1024 4219 1122 4275 per
1168 4204 1440 4275 apostolos
1482 4216 1677 4271 vocat,
1732 4220 1829 4274 per
1867 4213 2115 4275 pastores

530 4308 687 4355 vocat
710 4340 725 4365 ,
771 4298 1084 4369 plerumque
1126 4312 1222 4368 per
1259 4296 1516 4351 miracula
1552 4304 1749 4362 vocat,
1798 4296 2113 4368 plerumque

532 4407 628 4463 per
659 4389 866 4462 ﬂagella
913 4396 1094 4454 vocat,
1128 4387 1417 4458 aliquando
1452 4404 1549 4458 per
1584 4384 1742 4456 hujus
1774 4388 1955 4443 mundi
1990 4404 2116 4459 pro-

531 4498 688 4553 spera
733 4490 933 4546 vocat,
994 4481 1283 4550 aliquando
1333 4494 1428 4550 per
1473 4482 1723 4546 adversa,
1773 4495 1931 4537 nemo
1979 4497 2111 4536 con-

534 4585 738 4629 temnat
763 4589 830 4628 ne
851 4570 977 4629 dum
1000 4582 1223 4628 vocatus
1246 4582 1491 4638 excusat,
1520 4590 1641 4629 cum
1665 4574 1889 4629 voluerit
1913 4574 2113 4629 intrare

533 4680 638 4719 non
668 4664 861 4719 valeat.

1027 4756 1309 4815 HOMILIA
1345 4758 1621 4814 LXXXllI.

1189 4867 1345 4905 FERIA
1386 4867 1458 4904 IV.

976 4939 1161 4994 Lectio
1196 4940 1315 4993 libri
1353 4938 1662 5009 Sapientizn.

607 5028 669 5083 In
697 5028 878 5083 diebus
907 5028 1013 5083 illis
1040 5029 1173 5083 dixit
1205 5028 1456 5084 Salomon
1494 5029 1623 5097 ﬁliis
1659 5028 1863 5083 Israel:
1902 5034 2113 5101 Uiligite

527 5118 793 5190 justitiam
818 5119 908 5187 qui
924 5118 1181 5189 judicatis
1210 5129 1424 5172 terram.

607 5208 873 5263 Admonet
914 5208 1175 5279 sapientia
1219 5209 1400 5263 divina
1446 5209 1761 5280 praepesitos
1797 5209 1976 5279 populi
2016 5210 2109 5265 Dei

533 5296 731 5363 quibus
762 5296 1040 5367 judicandi
1070 5298 1192 5353 data
1230 5305 1314 5352 est
1348 5307 1607 5367 potestas,
1648 5307 1706 5353 ut
1734 5298 1999 5367 justitiam
2028 5300 2108 5354 di—

534 5383 703 5455 ligant
751 5397 808 5439 et
860 5386 1165 5457 {equitatem
1221 5388 1275 5443 in
1324 5388 1529 5462 judicio
1572 5398 1909 5444 conservent.
1974 5390 2121 5444 Alias

535 5483 713 5544 potest
740 5476 856 5530 haec
880 5477 1145 5531 sententia
1168 5481 1237 5531 ad
1256 5491 1446 5531 onmes
1476 5478 1799 5547 generaliter
1826 5478 2118 5546 pertinere,

536 5564 629 5633 qui
661 5565 869 5619 ratione
894 5566 1077 5636 vigent
1112 5574 1166 5620 et
1196 5566 1582 5635 intelligihilem
1614 5575 1846 5621 mentem
1879 5566 2075 5621 habent
2101 5584 2113 5631 ;

539 5663 598 5707 ut
621 5664 837 5720 terram,
856 5656 960 5713 hoc
984 5668 1069 5714 est
1096 5670 1316 5713 carnem
1346 5674 1521 5723 suam,
1537 5657 2115 5728 judicantcsjustitiam

543 5744 783 5815 diligant,
813 5746 1017 5806 scilicet
1047 5756 1105 5801 ut
1132 5763 1237 5802 non
1267 5747 1464 5802 iaciant
1493 5748 1669 5802 carnis
1697 5762 1879 5803 curam
1911 5748 1961 5801 in
1992 5764 2117 5802 con-

2206 576 2513 641 virtutibus,
2548 578 2743 646 quibus
2778 578 2955 632 anima
2988 581 3248 646 nutritur,
3292 580 3525 636 maxime
3564 596 3792 652 operam

2203 664 2518 734 impendant
2570 665 2766 721 deinde
2826 666 3040 735 corpori
3093 683 3192 723 suo
3243 669 3537 724 secundum
3598 685 3792 727 neces-

2204 752 2420 808 sitatem
2475 762 2529 807 et
2578 769 2685 809 non
2734 755 3030 810 secundum
3075 757 3403 828 voluptatem
3459 760 3749 817 consulant
3782 806 3803 833 ,

2206 843 2506 899 recolentes
2546 860 2757 915 semper
2784 846 2928 899 illam
2960 850 3285 903 sententiam
3315 850 3448 920 legis
3478 869 3491 905 :
3518 851 3659 916 Quia
3688 870 3798 907 non

2204 936 2261 988 in
2290 934 2401 989 solo
2434 952 2569 1005 pane
2599 938 2717 991 vivit
2738 939 2913 1003 homo,
2933 939 3022 992 sed
3061 940 3117 994 in
3152 942 3291 994 omni
3320 942 3469 997 verbo
3497 943 3639 1013 quod
3667 961 3799 1015 pra-

2206 1027 2339 1081 cedit
2368 1026 2431 1080 de
2462 1043 2551 1080 ore
2578 1025 2695 1081 Dei.

2277 1137 2475 1205 Sentite
2514 1141 2577 1192 de
2613 1141 2840 1193 Domino
2876 1140 2931 1194 in
2970 1140 3231 1208 bonitate,
3275 1152 3323 1197 et
3363 1144 3417 1197 in
3455 1144 3801 1214 simplicitate

2206 1228 2379 1284 cordis
2407 1231 2623 1301 quwrite
2662 1229 2827 1284 illum.
2885 1231 2941 1285 in
2981 1231 3223 1288 bonitate
3264 1244 3444 1289 autem
3471 1236 3536 1290 de
3564 1235 3801 1292 Domino

2208 1321 2376 1376 sentit
2402 1320 2495 1391 qui
2537 1330 2782 1377 sanctam
2819 1322 3155 1393 Scripturam
3198 1327 3493 1383 secundum
3537 1330 3800 1398 pietatem

2209 1413 2337 1485 legit
2369 1422 2532 1483 atque
2563 1414 2834 1485 intelligit.
2888 1416 2955 1470 Et
2985 1417 3037 1471 in
3070 1418 3415 1489 simplicitate
3453 1422 3633 1475 cordis
3671 1438 3798 1477 eum

2209 1505 2404 1576 quaerit
2442 1506 2534 1576 qui
2574 1507 2852 1562 humiliter
2888 1506 3005 1576 ejus
3045 1511 3313 1567 voluntati
3360 1527 3418 1568 se
3465 1512 3684 1582 subiicit
3730 1517 3796 1570 ait

2210 1595 2618 1651 custodiendum
2666 1598 2917 1653 videlicet
2962 1602 3214 1655 mandata
3262 1602 3450 1672 ipsius.
3510 1596 3647 1659 Nam
3704 1606 3796 1675 qui

2210 1686 2298 1757 pie
2345 1688 2515 1742 Deum
2560 1689 2753 1757 quaerit
2802 1689 3033 1744 honorat
3077 1700 3320 1748 sanctam
3363 1692 3697 1764 Seripturam
3747 1706 3797 1750 et

2214 1796 2320 1834 non
2369 1780 2720 1850 reprehendit
2771 1782 2913 1849 quod
2973 1782 3208 1837 nondum
3264 1784 3511 1856 intelligit
3560 1796 3617 1841 et
3668 1802 3793 1857 pro-

2212 1879 2396 1940 pterea
2426 1886 2533 1925 non
2566 1871 2790 1926 resistit.
2842 1870 2992 1939 Quod
3022 1881 3107 1927 est
3145 1875 3331 1929 mitem
3359 1890 3479 1931 esse
3509 1878 3574 1932 de
3602 1892 3715 1947 quo
3748 1877 3795 1931 ir.

2212 1960 2501 2031 Evangelia
2532 1962 2640 2015 ait:
2670 1959 2822 2015 Beati
2864 1962 3011 2016 mites
3041 1964 3289 2018 nuoniam
3328 1966 3427 2035 ipsi
3462 1966 3797 2036 possidebunt

2212 2061 2426 2105 terram.

2285 2143 2549 2209 Quoniam
2587 2145 2850 2199 invenitur
2878 2146 2941 2199 ab
2973 2146 3053 2201 his
3092 2150 3182 2218 qui
3225 2164 3327 2202 non
3368 2157 3565 2203 tentant
3606 2149 3757 2203 illum
3791 2171 3803 2205 :

2212 2244 2429 2305 apparet
2460 2244 2632 2288 autem
2663 2234 2736 2288 eis
2767 2236 2853 2305 qui
2884 2235 3039 2303 ﬁdem
3067 2237 3254 2291 habent
3285 2239 3338 2291 in
3366 2237 3535 2295 illum.
3576 2239 3808 2295 Pericu—

2211 2325 2382 2380 losum
2412 2333 2495 2380 est.
2515 2313 2661 2378 enim
2678 2325 2909 2379 humana
2932 2327 3347 2396 praesumptione
3372 2328 3538 2383 Deum
3568 2337 3802 2395 tentare,

2213 2432 2333 2473 cum
2357 2417 2617 2485 scriptum
2633 2414 2722 2479 sit,
2748 2415 2870 2470 Non
2899 2416 3118 2471 tentabis
3135 2417 3416 2473 Dominum
3438 2420 3605 2473 Deum
3629 2430 3806 2483 tuum.

2214 2508 2307 2562 sed
2328 2505 2542 2561 salubre
2563 2514 2644 2560 est
2684 2506 2788 2560 (ide
2816 2515 2959 2561 recta
2987 2508 3135 2561 illum
3160 2509 3446 2575 honorare,
3472 2510 3597 2581 quia
3616 2511 3807 2581 justus

2214 2611 2279 2651 ex
2312 2596 2417 2651 (ide
2442 2596 2595 2653 vivit.

2286 2704 2555 2760 Perversa:
2579 2707 2713 2759 enim
2743 2708 3079 2776 cogitationes
3106 2720 3349 2777 separant
3378 2727 3409 2763 a
3431 2709 3562 2775 Deo,
3582 2711 3811 2781 probata

2215 2797 2377 2851 virtus
2402 2798 2613 2866 corripit
2639 2798 2958 2866 insipientes.
2991 2798 3329 2853 Manifestum
3354 2809 3435 2854 est
3461 2804 3601 2871 quod
3624 2803 3813 2857 omnis

2216 2886 2469 2956 cogitatio
2502 2886 2664 2955 impia
2695 2895 2749 2939 et
2776 2900 2940 2954 prava
2970 2888 3219 2942 voluntas
3249 2887 3394 2942 nullo
3423 2889 3582 2944 modo
3606 2891 3813 2963 junga-

2217 2986 2306 3031 tur
2334 2978 2478 3041 Deo;
2515 2992 2621 3031 non
2653 2977 2945 3031 concordet
2983 2992 3194 3033 summo
3232 2978 3401 3044 bono,
3439 2981 3561 3049 quia
3592 2997 3699 3035 non
3729 2992 3813 3035 est

2218 3067 2440 3120 societas
2481 3064 2612 3118 lucis
2657 3065 2725 3117 ad
2768 3065 3026 3131 tenebras,
3071 3084 3161 3121 nec
3201 3070 3466 3123 conventio
3496 3067 3695 3125 Christi
3737 3073 3811 3125 ad

2144 3166 2187 3228 C
2221 3156 2411 3212 Belial.
2431 3157 2532 3213 Ubi
2561 3167 2743 3211 autem
2768 3157 2906 3212 bona
2938 3159 3164 3214 intentio
3190 3169 3244 3216 et
3263 3172 3498 3216 studium
3525 3176 3811 3219 sacrarum

2217 3249 2476 3303 virtutum
2517 3248 2734 3301 inerunt
2772 3248 2946 3312 cordi,
3009 3249 3379 3319 insipientium
3421 3268 3632 3324 semper
3671 3254 3811 3309 vitia

2220 3338 2509 3409 reprobant
2546 3346 2707 3406 atque
2737 3347 2970 3407 arguunt
2995 3355 3231 3406 errores,
3264 3356 3405 3397 unae
3437 3359 3654 3399 necesse
3710 3347 3811 3401 ha-

2217 3430 2345 3485 bent
2370 3437 2643 3483 amatores
2671 3444 2812 3483 verae
2841 3430 3119 3498 sapientius
3144 3439 3203 3485 ut
3228 3433 3483 3487 mundent
3514 3448 3609 3487 sua
3634 3437 3811 3490 corda

2216 3529 2271 3574 et
2299 3528 2467 3574 totam
2494 3520 2851 3574 intentionem
2880 3519 3047 3575 animi
3077 3520 3131 3576 in
3161 3519 3412 3577 allectum
3437 3531 3643 3578 vertant
3670 3540 3812 3580 cono

2218 3610 2411 3665 ditoris
2446 3612 2548 3665 sui.

2290 3719 2553 3786 Quoniam
2594 3724 2649 3775 in
2692 3721 3000 3777 malevolam
3039 3724 3272 3778 animant
3306 3740 3410 3778 non
3436 3724 3668 3779 introibit
3715 3746 3810 3782 su-

2215 3814 2451 3879 pientia,
2502 3832 2592 3868 nec
2641 3815 2893 3869 habitabit
2945 3817 2999 3869 in
3051 3833 3263 3887 corpore
3306 3818 3513 3871 subdito
3555 3823 3809 3889 peccatis.

2217 3903 2354 3957 lluic
2398 3904 2708 3960 testimonio
2734 3905 2969 3961 Jacobus
3007 3907 3285 3976 apostolus
3328 3909 3479 3977 paria
3519 3909 3809 3965 sentiendo

2217 3997 2270 4051 in
2300 3996 2537 4067 Epistola
2570 4013 2665 4051 sua
2698 3999 2913 4067 scripsit
2942 3998 3165 4053 dicens:
3204 3997 3458 4069 Nunquid
3488 4013 3676 4069 potest,
3697 4001 3810 4070 [ra-

2217 4091 2319 4139 tres
2351 4086 2471 4150 mei,
2493 4086 2625 4154 ﬁcus
2652 4085 2814 4140 olivas
2846 4086 3146 4155 facere,aat
3175 4087 3289 4141 vitis
3314 4087 3492 4155 ficus?
3525 4087 3609 4142 Sic
3639 4106 3814 4160 neque

2215 4175 2358 4229 salsa
2401 4176 2603 4229 dulcem
2646 4186 2810 4246 potest
2849 4176 3021 4245 facere
3061 4194 3270 4248 aquam.
3328 4178 3457 4243 Quis
3503 4180 3714 4248 sapiens
3763 4192 3809 4234 et

2216 4267 2578 4340 disciplinatus
2604 4269 2739 4321 inter
2758 4284 2865 4333 vos,
2890 4268 3126 4322 ostendat
3153 4268 3339 4322 bonam
3362 4272 3810 4326 conversationem

2214 4364 2271 4415 in
2322 4360 2719 4414 mansuetudine
2767 4360 3055 4428 sapientiw.
3119 4360 3286 4424 Quasi
3338 4358 3504 4413 selum
3556 4377 3808 4419 amatum

2216 4454 2415 4507 habetis
2450 4462 2498 4507 et
2532 4454 2883 4506 contentiones
2913 4454 2967 4505 in
2996 4452 3241 4505 cordibus
3270 4454 3471 4517 vestris,
3504 4452 3662 4507 nolite
3693 4463 3809 4527 glo-

2145 4534 2191 4593 D
2221 4546 2378 4609 riari,
2424 4555 2471 4598 et
2514 4543 2786 4597 mendaces
2828 4558 2937 4596 esse
2980 4541 3227 4596 adversus
3260 4543 3543 4608 veritatem,
3589 4560 3695 4597 non
3732 4555 3808 4599 est

2222 4641 2323 4693 ista
2353 4637 2609 4706 sapientia
2637 4634 2700 4687 de
2726 4651 2934 4687 sursum
2948 4632 3260 4687 descendens
3284 4649 3312 4685 a
3335 4632 3496 4686 Patre
3513 4633 3805 4696 inminui...

2222 4728 2310 4781 sed
2345 4737 2573 4789 terrena,
2616 4723 2880 4787 animalis,
2926 4723 3203 4776 diabolica.
3255 4721 3352 4775 Ubi
3392 4724 3529 4775 enim
3568 4722 3716 4779 zelus
3758 4736 3806 4779 et

2220 4823 2516 4885 contentio,
2565 4821 2636 4873 ibi
2684 4820 3034 4872 inconstantia
3084 4826 3131 4872 et
3176 4835 3326 4871 omne
3368 4834 3495 4887 opus
3543 4834 3805 4889 pravum,

2223 4927 2561 4980 nequaquam
2603 4909 2747 4964 enim
2798 4910 2849 4961 iu
2894 4908 3209 4963 malevolam
3256 4917 3488 4962 mentem
3536 4922 3658 4961 vera
3713 4923 3805 4963 sa-

2217 5005 2421 5073 pientia
2468 5004 2667 5064 intrat,
2713 5015 2811 5054 nec
2852 5000 2904 5054 in
2950 4998 3253 5054 facinoroso
3300 4999 3516 5054 homine
3555 4998 3805 5055 habitare

2216 5093 2433 5164 poterit.

2291 5204 2515 5274 Spiritus
2552 5204 2689 5257 enim
2724 5212 2933 5256 sanctus
2963 5200 3253 5271 disciplina!
3282 5202 3493 5271 e/fugiet
3520 5200 3723 5269 ﬁctum,
3754 5212 3801 5257 et

2218 5297 2418 5364 auferet
2449 5312 2503 5349 se
2532 5313 2563 5349 a
2592 5296 2993 5365 cogitationibus
3037 5312 3154 5365 qum
3195 5306 3314 5349 sunt
3359 5297 3469 5349 sine
3511 5296 3797 5350 intellectu.

2226 5388 2379 5443 Unde
2408 5386 2782 5451 Manichmum,
2833 5387 3017 5441 Arium
3042 5396 3095 5443 et
3118 5386 3436 5442 Eunomiuu:
3470 5395 3814 5454 czeterosque

2224 5479 2508 5534 haereticos
2555 5482 2803 5547 dogmata
2851 5496 2945 5533 sua
2994 5481 3270 5535 erroribus
3322 5479 3634 5549 plenissima
3683 5479 3798 5533 sine

2223 5567 2458 5637 Spiritus
2488 5570 2658 5624 sancti
2691 5570 2863 5639 gratia
2899 5570 3237 5635 condidisse,
3277 5571 3639 5624 certissimum
3670 5584 3797 5623 con-

2220 5666 2357 5723 stat;
2398 5660 2522 5727 quia
2555 5659 2774 5727 spiritus
2810 5660 3019 5713 Domini
3050 5660 3223 5715 bonus
3253 5674 3467 5729 semper
3501 5660 3716 5715 deducit
3745 5658 3793 5711 in

2222 5751 2362 5804 viam
2412 5760 2641 5818 rectam,
2694 5750 2956 5820 malignus
3005 5762 3180 5806 autem
3228 5751 3449 5821 spiritus
3498 5751 3699 5808 seducit
3745 5758 3792 5802 et
