3946 6362
275 386 382 444 509

1359 376 1660 435 llOMlLHi
1701 376 1769 431 1N
1808 373 2060 433 EVANG.
2105 372 2192 427 ΕΤ
2232 370 2450 427 EPIST.

3442 365 3547 420 3w

276 508 562 556 secutores
586 510 717 552 suos
741 495 791 548 in
819 493 1070 563 laqueum
1098 491 1415 561 perditionis
1438 500 1654 546 tutemet
1677 506 1861 546 secum
1892 496 1937 552 Α
1969 486 2107 553 Quia
2144 503 2235 557 ego
2265 502 2380 539 sum
2406 483 2497 554 qui
2532 482 2678 538 deleo
2714 482 3008 554 iniquitates
3039 469 3159 536 tuas
3202 492 3405 550 propter
3447 494 3548 542 ine,

278 590 471 655 trahit,
501 590 567 644 de
595 602 703 656 quo
731 595 785 640 et
809 584 1053 640 subditur
1077 601 1088 636 :

351 679 681 750 Corripietur
709 659 1091 748 superveniente
1133 675 1424 745 iniquitate.
1464 675 1599 742 Quia
1629 690 1748 728 cum
1778 689 1863 728 re-

279 770 593 825 tributionis
620 778 827 837 tempus
859 767 1155 831 advenerit,
1189 781 1375 821 oumes
1404 766 1552 836 impii
1587 775 1639 819 et
1675 780 1868 834 pecca-

281 875 433 919 tores
474 878 573 934 pro
612 860 982 931 iniquitatibus
1007 860 1118 915 suis
1143 874 1358 928 plenam
1392 858 1865 929 recipientperpe-

281 966 456 1009 tuam.

355 1043 622 1114 Benignus
651 1050 724 1096 est
751 1042 887 1096 enim
928 1042 1143 1112 spiritus
1174 1022 1441 1111 sapientia:
1465 1049 1513 1094 et
1544 1054 1646 1092 non
1684 1036 1869 1092 libera-

280 1134 356 1189 bit
400 1134 733 1188 maledictum
761 1150 794 1186 a
823 1132 973 1186 labiis
1024 1132 1153 1196 suis,
1202 1133 1449 1202 quoniam
1498 1145 1678 1183 renum
1727 1127 1868 1182 illius

278 1227 431 1281 testis
464 1234 539 1279 est
568 1225 729 1287 Deus,
772 1233 821 1277 et
863 1223 1034 1277 cordis
1061 1224 1176 1293 ejus
1212 1230 1474 1277 scrutator
1499 1237 1666 1285 uerus,
1694 1229 1742 1273 et
1770 1219 1872 1273 lin-

280 1334 404 1388 gua:
445 1317 589 1370 illius
636 1315 866 1369 auditor.
911 1314 1038 1369 llaec
1070 1314 1334 1369 sententia
1377 1312 1605 1367 destruit
1632 1324 1871 1365 errorem

277 1424 475 1464 eorum
503 1409 593 1478 qui
620 1408 758 1462 sicut
787 1408 958 1462 bonas
983 1406 1334 1476 cogitationes
1363 1420 1393 1459 a
1424 1404 1533 1459 Deo
1559 1404 1713 1459 nobis
1747 1418 1874 1458 con-

278 1509 394 1554 stat
426 1498 698 1569 inspirari.
733 1499 808 1551 lta
837 1498 1001 1551 etiam
1030 1498 1199 1551 malas
1228 1497 1343 1567 ipso
1369 1497 1658 1567 instigante
1687 1504 1875 1565 putant

280 1591 339 1645 in
369 1600 551 1645 nostra
580 1598 759 1645 mente
794 1589 1063 1660 generari.
1090 1589 1224 1643 Cum
1257 1588 1401 1643 nullo
1429 1588 1586 1643 modo
1619 1590 1761 1643 Deus
1782 1588 1874 1658 qui

279 1696 496 1735 summe
527 1681 697 1735 bonus
723 1689 807 1735 est
829 1690 883 1735 et
908 1694 1097 1736 omnes
1120 1680 1366 1735 homines
1408 1679 1519 1733 vult
1548 1679 1767 1743 salvari,
1795 1688 1874 1733 at-

278 1788 389 1841 que
416 1772 480 1827 ad
509 1771 836 1843 agnitionem
880 1773 1124 1827 veritatis
1153 1774 1455 1841 pervenire,
1494 1773 1873 1827 necessitatem

1966 588 2010 633 et
2041 587 2365 648 peccatorum
2410 587 2616 628 tuorum
2647 591 2751 628 non
2795 574 3127 628 recordabar.
3169 568 3307 655 Quia
3346 571 3549 624 miseri-

1968 683 2082 721 cors
2128 682 2243 719 sum
2286 675 2333 718 et
2380 665 2664 718 multarum
2712 664 3127 728 miserationum,
3167 662 3344 716 delebo
3374 676 3551 716 omnes

1968 753 2267 829 iniquitates
2318 768 2432 811 tuas
2472 760 2527 812 in
2569 758 2863 825 aspersione
2906 758 3177 828 sanguinis
3219 756 3359 821 mei;
3398 772 3550 825 quem

1969 868 2062 919 pro
2109 851 2263 903 totius
2300 849 2480 902 mundi
2518 849 2735 918 [undam
2788 850 3173 917 redemptione:
3206 848 3388 904 delens
3430 848 3551 901 chi-

1970 942 2294 1013 rographum
2354 940 2789 1005 maledictionis,
2844 941 2983 1009 quod
3042 941 3211 995 Adam
3262 941 3457 995 meruit
3497 943 3551 995 in

1972 1034 2220 1103 paradiso
2266 1032 2688 1103 transgressione
2730 1031 3006 1101 praecepti,
3037 1033 3176 1101 quod
3223 1042 3411 1088 contra
3458 1033 3554 1086 hn-

1974 1145 2189 1184 manum
2219 1143 2387 1199 genus
2421 1129 2681 1197 scriptum
2709 1136 2847 1189 erat,
2894 1136 2942 1181 et
2978 1138 3306 1198 peccatorum
3340 1138 3550 1183 tuorum

1973 1219 2113 1273 ultra
2154 1236 2256 1272 non
2298 1218 2628 1272 recordabar.
2673 1217 2716 1273 Ο
2750 1218 2900 1287 plebs
2938 1216 3155 1282 ﬁdelis,
3197 1235 3315 1289 qum
3365 1220 3459 1275 tibi
3504 1218 3549 1273 si

1976 1306 2027 1366 in
2052 1327 2137 1367 me
2156 1319 2303 1366 recte
2325 1326 2388 1366 ac
2413 1311 2620 1365 sincere
2641 1310 2934 1366 credideris
2950 1310 3002 1363 in
3023 1309 3345 1379 baptismate
3362 1311 3550 1365 dimis—

1976 1418 2137 1457 surus
2165 1417 2304 1457 sum.
2354 1401 2533 1455 Deduc
2580 1417 2667 1456 me
2712 1401 3219 1459 in.memoriamet
3248 1400 3553 1470 judicemus

1974 1494 2150 1559 simul,
2204 1508 2363 1547 narra
2403 1493 2447 1547 si
2478 1492 2607 1562 quid
2653 1493 2819 1547 habes
2848 1500 2909 1546 ut
2947 1492 3280 1561 justificeris.
3312 1492 3444 1546 Vide
3485 1492 3557 1547 si-

1975 1585 2085 1641 mul
2118 1596 2172 1640 et
2203 1586 2433 1655 recogita
2463 1600 2523 1640 ea
2551 1599 2670 1655 quas
2698 1600 2889 1656 passus
2911 1601 2969 1640 es
2998 1602 3101 1642 non
3141 1586 3410 1641 immerito
3435 1601 3557 1641 sns-

1978 1679 2171 1743 tinere,
2223 1680 2346 1747 quia
2376 1686 2593 1748 peccata
2624 1679 2789 1733 multa
2813 1693 2933 1749 quae
2953 1680 3162 1749 gessisti
3186 1679 3288 1735 hoc
3311 1681 3403 1735 tibi
3428 1696 3554 1750 pro—

1975 1773 2346 1836 merebantur,
2386 1780 2442 1825 ut
2470 1780 2619 1826 tanto
2650 1780 2893 1840 tempore
2923 1774 3022 1827 sub
3061 1781 3325 1842 potestate
3358 1772 3557 1828 diaboli

278 1864 410 1918 mali
439 1863 587 1918 verbi
618 1872 710 1917 aut
738 1864 890 1934 pravi
933 1874 1086 1918 actus
1122 1864 1281 1918 alicui
1327 1864 1583 1933 imponat,
1632 1880 1726 1933 per
1752 1879 1871 1939 qua;
1901 1853 1945 1911 Β
1968 1861 2211 1930 iaceres;
2255 1861 2340 1915 cui
2382 1870 2531 1915 tanto
2576 1870 2815 1931 tempore
2860 1863 3147 1917 deseruisti
3192 1879 3277 1917 me
3324 1864 3563 1918 derelin-

277 1953 465 2024 perire
508 1953 699 2022 possit.
749 1953 901 2007 Sicut
940 1952 1173 2008 Iacobus
1217 1953 1489 2022 apostolus
1522 1954 1759 2007 ostendit
1787 1953 1868 2006 di-

276 2059 454 2100 cens:
500 2042 671 2097 Nemo
715 2059 835 2112 ergo
885 2060 1001 2096 cum
1052 2053 1285 2097 tentatur
1316 2042 1456 2096 dicat
1494 2042 1634 2112 quod
1680 2059 1710 2094 a
1760 2041 1871 2095 Deo

276 2143 549 2197 tentatur;
597 2131 737 2185 Deus
789 2133 926 2185 enim
982 2132 1265 2185 intentator
1312 2129 1571 2184 malorum
1618 2141 1713 2195 est,
1764 2131 1871 2199 ipse

276 2222 419 2274 enim
449 2220 704 2273 neminem
728 2229 912 2273 tentat.

355 2310 621 2375 Quoniam
648 2310 860 2380 spiritus
897 2309 1111 2363 Domini
1148 2308 1355 2379 replevit
1386 2309 1558 2363 orbem
1586 2320 1865 2363 terrarum.

278 2396 519 2468 Spiritus
542 2413 673 2468 ergo
694 2408 933 2463 sanctus,
962 2398 1054 2467 qui
1085 2399 1138 2453 in
1166 2398 1461 2466 primordio
1495 2409 1868 2454 creaturarum

278 2489 539 2545 invisibili
578 2493 814 2561 potentia
857 2491 1131 2546 ferebatur
1164 2506 1325 2559 super
1360 2506 1547 2561 aquas,
1587 2491 1868 2559 majestate

277 2596 381 2637 sua
407 2596 625 2637 omnem
654 2582 840 2652 implet
866 2591 920 2637 et
943 2584 1185 2638 continet
1206 2591 1537 2648 creaturam,
1578 2584 1695 2639 sine
1731 2583 1870 2638 dono

279 2673 499 2728 virtutis
534 2690 644 2729 sua:
695 2674 864 2743 replet
889 2676 1075 2729 orbem
1120 2676 1373 2731 Ecclesiae
1411 2676 1463 2729 in
1495 2692 1598 2745 qua
1629 2676 1870 2744 quotidie

277 2764 550 2819 universis
577 2765 659 2819 sui
688 2765 921 2820 ostendit
945 2766 1247 2837 largitatem
1275 2785 1288 2821 :
1320 2768 1442 2823 inde
1468 2775 1552 2822 est
1572 2768 1713 2838 quod
1738 2768 1866 2823 sub-

274 2851 524 2922 iungitur
546 2871 558 2908 :

358 2940 422 2994 Et
447 2940 545 2994 Itoc
572 2942 711 3013 quod
751 2944 973 2997 continet
1012 2946 1189 2999 omnia
1219 2947 1488 3000 scientiam
1518 2948 1669 3001 habet
1706 2948 1863 3000 vocis.

279 3031 444 3098 Quia,
469 3042 529 3087 ut
577 3033 776 3089 Paulus
812 3036 907 3101 ait,
964 3037 1067 3089 Alii
1112 3054 1203 3107 per
1236 3040 1473 3107 spiritum
1513 3039 1673 3091 datur
1701 3056 1868 3093 sermo

277 3124 573 3192 sapientia',
604 3126 695 3178 alii
733 3143 900 3179 sermo
926 3129 1155 3181 scientiis
1184 3128 1464 3183 secundum
1499 3128 1730 3183 eumdem
1758 3129 1865 3197 spi-

1972 1968 2160 2021 quens,
2216 1962 2270 2008 et
2318 1962 2583 2023 praecepta
2633 1969 2750 2009 mea
2795 1956 2949 2023 quasi
3000 1955 3131 2009 nihil
3183 1964 3551 2011 contemnens.

1973 2042 2078 2099 Sed
2107 2052 2160 2097 et
2187 2059 2327 2099 nunc
2355 2044 2490 2098 scito
2537 2060 2623 2099 me
2667 2044 2911 2099 misereri
2945 2045 3019 2098 tui
3062 2062 3165 2099 non
3197 2047 3267 2099 ob
3302 2046 3555 2101 meritum

1974 2143 2142 2199 tuum,
2177 2135 2268 2189 sed
2298 2144 2516 2205 propter
2546 2151 2720 2190 meam
2751 2144 2960 2191 tantum
2987 2136 3347 2192 clementiam.

2043 2265 2167 2319 Noli
2195 2266 2396 2331 timere,
2436 2283 2579 2321 serve
2607 2284 2748 2321 meus
2774 2269 2961 2333 Jacob,
2992 2278 3039 2323 et
3076 2271 3376 2335 rectissime,
3404 2288 3556 2341 quem

1970 2356 2117 2427 elcgi.
2149 2356 2300 2411 Nunc
2327 2357 2451 2427 quia
2478 2372 2774 2413 conversus
2804 2373 2833 2411 a
2869 2358 3071 2413 malitia
3113 2368 3224 2424 tua,
3258 2360 3397 2415 idola
3424 2376 3558 2413 vana

1972 2456 2118 2500 muta
2150 2463 2268 2516 qua:
2298 2463 2402 2502 non
2434 2447 2751 2517 profuerunt
2781 2449 2875 2504 tibi
2905 2450 3259 2520 dereliquisti,
3295 2460 3348 2506 ct
3375 2451 3439 2505 ad
3475 2469 3559 2505 me

1970 2554 2066 2608 per
2089 2540 2459 2607 pmnitentiam
2487 2539 2747 2595 scelerum
2781 2555 3093 2605 conversus,
3129 2550 3184 2597 et
3208 2542 3560 2613 supplicando

1970 2638 2025 2682 et
2050 2629 2346 2683 deserendo
2377 2629 2506 2683 vitia
2544 2638 2596 2683 et
2628 2638 2869 2699 peccata,
2915 2630 3118 2685 electus
3149 2646 3299 2687 meus
3331 2633 3550 2689 vocabe-

1970 2720 2063 2786 ris,
2091 2722 2215 2790 quia
2236 2719 2347 2788 jam
2369 2736 2428 2775 es
2454 2736 2572 2776 mea
2607 2731 2824 2778 secutus
2849 2734 3136 2794 prmcepta.

2040 2829 2327 2901 E/fundam
2371 2834 2507 2886 enim
2561 2850 2725 2904 aquas
2782 2852 2938 2905 super
2982 2837 3258 2892 sitientem.
3304 2838 3404 2905 Qui
3446 2839 3561 2894 sitit

1971 2922 2171 2979 fontem
2206 2923 2458 2979 salutaris
2498 2925 2776 2992 doctrinm,
2806 2927 3075 2983 effundam
3117 2944 3278 2998 super
3306 2946 3426 2984 eum
3460 2947 3560 3001 per

1967 3030 2061 3069 ora
2082 3024 2389 3069 sanctorum
2413 3016 2691 3072 doctorum
2717 3018 2769 3071 in
2792 3017 3326 3084 Ecclesia,veletiam
3356 3020 3557 3076 fontem

1970 3105 2307 3175 baptismatis
2341 3106 2609 3162 ell‘undam
2662 3124 2821 3178 super
2866 3110 3049 3165 ﬁdeles
3098 3120 3158 3165 ut
3199 3114 3562 3167 emundentur

279 3218 466 3280 mum.
498 3217 650 3270 aum-
676 3217 805 3285 βάκ
836 3220 889 3271 δη
915 3218 1092 3273 eodem
1123 3221 1329 3290 spiritu.
1370 3221 1474 3275 Am
1510 3222 1679 3291 arma
1722 3194 1869 3275 δῶκέ,
1903 3200 1946 3260 (j
1980 3194 2047 3248 ab
2075 3196 2323 3250 omnibus
2350 3196 2640 3251 sceleribus
2680 3199 2814 3263 suis,
2839 3206 2898 3254 ‘et
2927 3200 3297 3256 remissionem
3318 3203 3556 3257 omnium

277 3316 451 3363 totum
479 3310 535 3362 in
571 3325 671 3362 uno
698 3310 904 3378 spiritu,
946 3310 1039 3363 alii
1069 3312 1297 3381 operatio
1330 3314 1597 3374 virtutum,
1634 3313 1725 3366 alii
1745 3330 1870 3383 pro-

276 3398 477 3469 pltetia,
504 3400 595 3453 alii
618 3400 859 3454 discretio
888 3403 1186 3471 spirituum,
1217 3403 1309 3456 alii
1332 3420 1518 3473 genera
1550 3405 1867 3473 linguarum,

277 3490 378 3545 alii
405 3494 759 3563 interpretatio
793 3511 1106 3548 sermonum.
1141 3495 1265 3551 Hmc
1302 3497 1447 3552 enim
1476 3497 1656 3551 omnia
1680 3513 1870 3567 opera-

282 3593 377 3639 tur
410 3599 547 3638 unus
572 3596 732 3654 atque
760 3587 897 3640 idem
922 3585 1156 3656 Spiritus
1185 3588 1425 3642 dividens
1453 3588 1676 3657 singulis
1715 3597 1873 3658 prout

281 3674 420 3729 vult.
460 3676 560 3742 Qui
605 3691 725 3729 cum
769 3676 929 3733 Patre
963 3686 1017 3732 et
1058 3678 1191 3732 Filio
1230 3680 1361 3733 vivit
1407 3690 1461 3735 et
1509 3690 1699 3751 regnat
1735 3698 1873 3735 llllllS

278 3765 430 3823 Deus
452 3783 550 3839 per
574 3771 754 3826 omnia
787 3771 980 3825 szecnla
1004 3772 1342 3827 saeculorum.
1375 3774 1568 3828 Amen.

779 3878 1060 3935 HOMILIA
1096 3880 1379 3936 LXXXIV.

851 3986 980 4025 ITE“
1024 3986 1178 4025 FEBIA
1216 3987 1287 4025 ιν.

742 4060 921 4116 Lectio
957 4062 1106 4117 Isaiae
1133 4064 1425 4132 prophetae.

361 4166 488 4223 Ha‘c
518 4170 645 4222 dicit
683 4170 933 4225 Dominus
966 4171 1100 4225 Deus
1124 4192 1141 4227 :
1165 4173 1324 4237 Audi,
1350 4172 1513 4226 Jacob
1543 4190 1684 4227 serve
1708 4190 1871 4237 utens,

279 4250 336 4293 et
377 4237 567 4312 Israel,
594 4256 744 4307 quem
788 4240 934 4309 elegi,
963 4243 1159 4310 faciens
1190 4253 1236 4296 et
1264 4243 1497 4312 formans
1529 4254 1593 4306 te,
1632 4244 1695 4296 ab
1731 4254 1872 4297 utero

284 4308 577 4361 auxiliator
606 4318 748 4375 tuus,
778 4308 882 4364 etc.

360 4397 511 4452 Nunc
540 4414 662 4452 cum
680 4401 987 4469 prephetica
1013 4401 1167 4456 lectio
1194 4404 1480 4471 leg:,‘t'etur,
1501 4404 1745 4467 audistis,
1773 4405 1874 4457 t'ra-

286 4498 400 4544 tres
426 4489 755 4553 cbarissimt,
792 4491 1141 4545 lsraeliticuin
1172 4492 1424 4562 populant
1456 4494 1521 4546 ad
1550 4492 1707 4547 [idem
1742 4494 1875 4548 inci—

286 4587 493 4635 tantem
512 4589 566 4634 et
588 4582 727 4635 bona
752 4582 1012 4649 spiritalia
1036 4583 1112 4637 eis
1135 4584 1532 4651 promittentem
1556 4583 1871 4653 prophetam

283 4679 451 4741 atque
488 4671 757 4727 dicentem
794 4692 805 4726 :
849 4675 1004 4738 Audi,
1046 4674 1209 4728 Jacob
1249 4690 1388 4729 serve
1426 4691 1591 4739 meus,
1618 4684 1665 4728 et
1684 4673 1873 4739 Israel,

283 4778 438 4835 quem
458 4765 611 4834 elegi.
630 4762 773 4818 Bene
794 4766 935 4819 enim
959 4782 1171 4820 servum
1192 4767 1338 4835 prius
1360 4776 1413 4821 et
1432 4778 1617 4837 postea
1641 4770 1877 4823 nomina-

287 4856 365 4908 vit
381 4854 635 4918 electum,
650 4855 774 4924 quia
797 4865 1014 4924 pr0pter
1033 4858 1311 4911 servitium
1330 4859 1504 4912 sancti
1527 4859 1759 4913 nominis
1782 4859 1874 4913 Dei

286 4947 611 5001 electionem
639 4947 865 5015 quisque
911 4948 1205 5003 merebitur
1252 4959 1374 5003 ante
1407 4948 1572 5003 Deum
1611 4958 1667 5003 ut
1697 4948 1875 5018 justus

287 5033 575 5099 efﬁciatur,
605 5050 669 5089 ae
695 5035 883 5089 deinde
911 5052 1031 5090 cum
1058 5039 1178 5106 quis
1208 5038 1335 5092 vitia
1385 5046 1440 5093 et
1481 5049 1702 5109 peccata
1754 5056 1877 5109 sup-

288 5123 499 5194 plantat
527 5134 582 5179 et
609 5125 818 5180 Domini
868 5129 945 5181 sui
990 5128 1317 5183 voluntatem
1358 5131 1602 5201 sequitur
1626 5140 1684 5185 ut
1714 5130 1875 5185 Iacob

288 5213 666 5281 supplantator
713 5215 1096 5286 interpretatur
1153 5226 1317 5282 tunc,
1364 5229 1639 5289 postremo
1692 5220 1871 5285 Israel,

289 5304 431 5373 quod
468 5314 554 5359 est
586 5306 669 5357 vir
695 5306 879 5360 videns
910 5305 1100 5372 Deum,
1126 5316 1268 5362 recte
1289 5308 1392 5363 dici
1422 5319 1616 5380 potest,
1640 5311 1728 5378 qui
1761 5310 1873 5377 jam

289 5393 357 5447 ad
402 5402 666 5448 :cternam
716 5395 808 5449 Dei
854 5397 1112 5453 visionem
1152 5397 1309 5453 bonis
1344 5398 1563 5454 festinat
1598 5401 1870 5473 operibus,

289 5482 487 5551 faciens
514 5494 562 5537 et
588 5484 825 5553 formans
866 5496 912 5539 te
970 5486 1033 5539 ab
1068 5497 1214 5541 utero
1253 5487 1539 5543 auxiliator
1563 5500 1706 5554 tuus,
1749 5491 1872 5559 quia

287 5571 342 5627 in
380 5574 651 5644 principio
681 5576 952 5631 nascentis
1002 5577 1252 5632 Ecclesia:
1289 5594 1477 5634 omnes
1514 5581 1794 5636 credentes
1822 5592 1875 5637 et

288 5664 573 5733 praeceptis
616 5663 751 5718 meis
801 5665 1111 5722 obedientes
1147 5668 1211 5721 de
1252 5680 1656 5738 persecutorum
1702 5674 1873 5727 mani-

289 5750 390 5811 bus
429 5756 777 5822 conservavi,
823 5764 878 5809 et
915 5774 942 5812 a
989 5760 1303 5817 crudelitate
1354 5763 1685 5819 saevientium
1728 5782 1869 5821 eum.

1974 3287 2265 3356 percipiant
2292 3296 2655 3356 peccatorum,
2673 3298 2726 3344 et
2741 3289 2937 3345 fluenta
2956 3292 3287 3363 Evangelica:
3297 3293 3559 3349 doctrina:

1974 3375 2243 3430 ell‘andam
2293 3393 2456 3446 super
2499 3380 2661 3434 corda
2698 3380 2868 3445 arida,
2916 3396 3037 3451 quae
3078 3399 3221 3438 nunc
3272 3399 3441 3454 usque
3492 3386 3559 3438 ad

1973 3466 2300 3534 baptismum
2334 3467 2535 3522 nullum
2568 3467 2801 3525 fructum
2832 3472 2955 3526 boni
2982 3474 3161 3543 operis
3197 3476 3557 3546 protulerunt.

2048 3574 2113 3627 Et
2138 3574 2403 3644 e/fuiulam
2435 3578 2498 3632 de
2526 3579 2711 3648 spiritu
2761 3598 2872 3636 meo
2916 3599 3072 3653 super
3112 3602 3283 3639 semen
3314 3597 3479 3649 tuum,
3508 3599 3559 3642 et

1975 3668 2377 3722 benedictionem
2404 3686 2574 3724 meam
2619 3688 2771 3742 super
2799 3676 3181 3744 generationem
3218 3687 3384 3742 tuam,
3429 3680 3561 3734 dicit

1978 3758 2235 3812 Dominus
2264 3762 2621 3830 omnipotens.
2649 3763 2726 3817 Ac
2754 3764 2800 3819 si
2830 3765 3054 3831 diceret,
3092 3768 3215 3836 quia
3244 3783 3341 3838 per
3369 3786 3560 3826 manus

1975 3849 2369 3917 impositionem
2408 3861 2715 3907 sanctorum
2768 3870 3009 3909 meorum
3049 3858 3388 3913 sacerdotum
3438 3872 3560 3929 post

1974 3940 2224 4008 baptismi
2261 3952 2684 4011 sacramentum,
2722 3945 2990 4002 effundam
3030 3965 3192 4020 super
3232 3950 3370 4009 ﬁlios
3408 3968 3559 4009 meos

1974 4044 2109 4097 quos
2155 4031 2284 4085 mihi
2336 4048 2533 4102 sponsa
2566 4035 2803 4091 Ecclesia
2852 4040 3157 4109 parturivit,
3200 4044 3445 4112 spiritum
3476 4061 3561 4099 sa-

1974 4121 2189 4189 pientire
2234 4129 2287 4177 et
2320 4123 2644 4191 intellectus,
2691 4127 2937 4198 spiritum
2970 4132 3175 4186 consilii
3205 4144 3260 4186 et
3286 4132 3558 4189 fortitudi—

1976 4217 2078 4280 nis,
2112 4218 2357 4286 spiritum
2394 4220 2633 4274 scicntiae
2671 4230 2725 4275 et
2765 4223 3000 4291 pietatis,
3043 4235 3096 4280 et
3138 4225 3442 4296 adimplet-0
3468 4243 3560 4283 eos

1975 4308 2162 4376 spiritu
2194 4310 2401 4363 timoris
2427 4318 2480 4364 et
2510 4312 2710 4367 amoris
2757 4315 2881 4379 mei,
2912 4326 2966 4370 et
3008 4317 3335 4373 haereditabo
3378 4335 3472 4374 eos
3505 4321 3557 4373 in

1977 4399 2344 4454 benedictione
2364 4411 2620 4471 perpetua
2649 4404 2740 4474 qui
2772 4406 2905 4461 meis
2928 4407 3158 4463 fideliter
3183 4410 3402 4465 obedire
3425 4426 3562 4480 prse-
3638 4456 3645 4463 ς

1978 4491 2145 4559 ceptis
2171 4494 2509 4559 curaverint;
2541 4507 2800 4566 agnoscat
2828 4514 2955 4570 ergo
2983 4502 3281 4558 catholicus
3298 4503 3560 4561 Christia—

1978 4596 2078 4634 nus
2108 4579 2316 4637 fructus
2343 4585 2521 4654 operis
2546 4589 2648 4652 sui,
2680 4590 2805 4658 quia
2850 4601 2905 4647 et
2945 4593 3079 4646 nihil
3118 4603 3239 4649 sunt
3271 4597 3406 4651 bona
3438 4612 3557 4667 qua:

1977 4670 2201 4737 fecerat,
2236 4677 2336 4730 nisi
2367 4677 2433 4732 de
2465 4681 2636 4734 sancti
2669 4679 2907 4750 Spiritus
2939 4684 3253 4755 irrigatione
3282 4704 3561 4759 processe-

1976 4761 2104 4816 rint.
2147 4763 2297 4820 Unde
2323 4766 2451 4821 dicit
2490 4768 2797 4839 Apostolus,
2839 4775 3012 4828 nullas
3060 4778 3260 4832 homini
3301 4778 3558 4847 proﬁcere
3630 4822 3635 4830 .

1975 4854 2202 4911 virtutes
2224 4857 2340 4912 sine
2368 4859 2651 4915 charitate.
2682 4862 2933 4934 Idemque
2961 4868 3089 4922 dicit
3116 4871 3435 4926 charitatem
3464 4874 3558 4928 Dei

1975 4944 2221 5000 diffusam
2238 4962 2357 5002 esse
2372 4950 2427 5003 in
2448 4952 2688 5007 cordibus
2705 4958 2894 5011 nostris
2915 4975 3007 5027 per
3027 4958 3279 5030 Spiritum
3294 4975 3555 5033 sanctum,

1977 5037 2068 5102 qui
2093 5039 2249 5094 datus
2271 5051 2345 5095 est
2374 5044 2539 5098 nobis.
2570 5044 2876 5105 Cavendum
2910 5062 2991 5108 est
3016 5069 3145 5126 ergo
3166 5073 3240 5112 ne-
3258 5058 3393 5114 forte
3416 5061 3552 5115 bona

1977 5144 2095 5196 quae
2127 5128 2351 5187 facimus
2394 5133 2622 5192 elatione
2644 5142 2949 5209 perdamus.
2993 5145 3127 5203 Nam
3170 5152 3313 5204 omni
3346 5168 3405 5207 se
3444 5170 3557 5209 me-

1980 5217 2081 5271 rito
2107 5220 2369 5289 despoliat
2391 5225 2482 5293 qui
2509 5226 2575 5281 de
2606 5230 2797 5286 studiis
2824 5233 3099 5291 industriae
3129 5254 3237 5293 sum
3273 5240 3325 5295 in
3358 5257 3413 5297 se
3442 5261 3555 5298 ma-

1976 5306 2057 5376 gis
2080 5323 2237 5376 quam
2263 5311 2489 5369 Domino
2516 5315 2791 5385 gloriatur.
2816 5323 2963 5378 Vana
2991 5336 3116 5380 sunt
3137 5331 3279 5385 enim
3310 5340 3363 5387 et
3393 5336 3555 5390 noxia

1980 5400 2120 5454 unde
2161 5416 2258 5457 nos
2297 5403 2510 5471 gloriari
2548 5410 2659 5464 vult
2695 5415 2947 5483 mundus,
2980 5434 3101 5474 cum
3151 5425 3263 5479 suis
3299 5431 3554 5484 amatori-

1982 5491 2078 5545 bus
2120 5494 2411 5561 periturus,
2459 5512 2576 5566 quae
2605 5504 2925 5562 omnimodis
2972 5513 3249 5580 repudiare
3276 5517 3551 5586 debemus,

1982 5589 2039 5632 ut
2071 5582 2207 5636 bona
2242 5587 2566 5641 conscientia
2600 5590 2665 5643 de
2700 5597 2981 5654 sanctitate
3010 5617 3241 5669 morum,
3276 5606 3341 5662 de
3371 5582 3555 5679 aequi;

1981 5671 2173 5727 sitione
2210 5675 2485 5744 virtutum,
2520 5681 2583 5736 de
2626 5683 2766 5741 dono
2796 5687 2886 5742 Dei
2923 5700 2975 5743 et
3007 5696 3359 5761 promissione
3388 5671 3552 5756 fuiuri

1984 5770 2129 5841 regni
2181 5770 2517 5831 inell‘abiliter
2573 5777 2862 5847 gloriemur
2908 5804 2999 5856 per
3048 5788 3229 5847 Jcsum
3281 5792 3551 5850 Christum
