  <div class='ocr_page' id='page_1' title='image "/cluster/home/n/w/nwhite01/storage/ocr_20150623/110/uva.x000827066/163.png"; bbox 0 0 3946 6334; ppageno 0'>
   <div class='ocr_carea' id='block_1_1' title="bbox 437 331 534 386">
    <p class='ocr_par' dir='ltr' id='par_1_1' title="bbox 437 331 534 386">
     <span class='ocr_line' id='line_1_1' title="bbox 437 331 534 386; baseline 0.01 -1"><span class='ocrx_word' id='word_1_1' title='bbox 437 331 534 386; x_wconf 78' lang='grc'><strong>511</strong></span> 
     </span>
    </p>
   </div>
   <div class='ocr_carea' id='block_1_2' title="bbox 1049 333 3006 404">
    <p class='ocr_par' dir='ltr' id='par_1_2' title="bbox 1049 333 3006 404">
     <span class='ocr_line' id='line_1_2' title="bbox 1049 333 3006 404; baseline 0.008 -15"><span class='ocrx_word' id='word_1_2' title='bbox 1049 334 1110 389; x_wconf 86' lang='grc' dir='ltr'><strong>Β.</strong></span> <span class='ocrx_word' id='word_1_3' title='bbox 1151 333 1401 389; x_wconf 79' lang='lat' dir='ltr'><strong>RABANI</strong></span> <span class='ocrx_word' id='word_1_4' title='bbox 1442 333 1659 390; x_wconf 75' lang='grc' dir='ltr'><strong>ΜΛυηί</strong></span> <span class='ocrx_word' id='word_1_5' title='bbox 1695 334 2013 391; x_wconf 78' lang='lat' dir='ltr'><strong>ARCHIEP.</strong></span> <span class='ocrx_word' id='word_1_6' title='bbox 2058 336 2364 396; x_wconf 79' lang='lat' dir='ltr'><strong>MOGUNT.</strong></span> <span class='ocrx_word' id='word_1_7' title='bbox 2410 343 2693 400; x_wconf 78' lang='lat' dir='ltr'><strong>OPERUM</strong></span> <span class='ocrx_word' id='word_1_8' title='bbox 2726 346 2906 403; x_wconf 72' lang='grc' dir='ltr'><strong>ΡΑιῶ</strong></span> <span class='ocrx_word' id='word_1_9' title='bbox 2946 350 3006 404; x_wconf 90' lang='lat' dir='ltr'><strong>ll.</strong></span> 
     </span>
    </p>
   </div>
   <div class='ocr_carea' id='block_1_3' title="bbox 3600 352 3708 406">
    <p class='ocr_par' dir='ltr' id='par_1_3' title="bbox 3600 352 3708 406">
     <span class='ocr_line' id='line_1_3' title="bbox 3600 352 3708 406; baseline 0.019 -2"><span class='ocrx_word' id='word_1_10' title='bbox 3600 352 3708 406; x_wconf 71' lang='grc' dir='ltr'><strong>5ιὲ</strong></span> 
     </span>
    </p>
   </div>
   <div class='ocr_carea' id='block_1_4' title="bbox 439 444 3707 519">
    <p class='ocr_par' dir='ltr' id='par_1_4' title="bbox 439 444 3707 519">
     <span class='ocr_line' id='line_1_4' title="bbox 439 444 3707 519; baseline 0.006 -20"><span class='ocrx_word' id='word_1_11' title='bbox 439 444 722 501; x_wconf 74' lang='lat' dir='ltr'><strong>licininum</strong></span> <span class='ocrx_word' id='word_1_12' title='bbox 749 450 1016 511; x_wconf 88' lang='lat' dir='ltr'><strong>nostrum,</strong></span> <span class='ocrx_word' id='word_1_13' title='bbox 1051 448 1140 515; x_wconf 87' lang='lat' dir='ltr'><strong>qui</strong></span> <span class='ocrx_word' id='word_1_14' title='bbox 1170 461 1292 501; x_wconf 89' lang='lat' dir='ltr'><strong>cum</strong></span> <span class='ocrx_word' id='word_1_15' title='bbox 1329 446 1487 500; x_wconf 79' lang='lat' dir='ltr'><strong>Patre</strong></span> <span class='ocrx_word' id='word_1_16' title='bbox 1514 454 1569 500; x_wconf 92' lang='lat' dir='ltr'><strong>et</strong></span> <span class='ocrx_word' id='word_1_17' title='bbox 1595 444 1798 515; x_wconf 88' lang='lat' dir='ltr'><strong>Spiritu</strong></span> <span class='ocrx_word' id='word_1_18' title='bbox 1829 455 2017 503; x_wconf 89' lang='lat' dir='ltr'><strong>sancto</strong></span> <span class='ocrx_word' id='word_1_19' title='bbox 2045 452 2096 512; x_wconf 83' lang='grc' dir='ltr'><strong>Α</strong></span> <span class='ocrx_word' id='word_1_20' title='bbox 2120 452 2566 508; x_wconf 73' lang='lat' dir='ltr'><strong>manducaverunt</strong></span> <span class='ocrx_word' id='word_1_21' title='bbox 2601 472 2776 510; x_wconf 84' lang='lat' dir='ltr'><strong>omnes</strong></span> <span class='ocrx_word' id='word_1_22' title='bbox 2806 468 2853 511; x_wconf 88' lang='lat' dir='ltr'><strong>et</strong></span> <span class='ocrx_word' id='word_1_23' title='bbox 2883 462 3110 514; x_wconf 85' lang='lat' dir='ltr'><strong>saturati</strong></span> <span class='ocrx_word' id='word_1_24' title='bbox 3158 472 3299 515; x_wconf 85' lang='lat' dir='ltr'><strong>sunt.</strong></span> <span class='ocrx_word' id='word_1_25' title='bbox 3350 462 3545 519; x_wconf 89' lang='lat' dir='ltr'><strong>Turbis</strong></span> <span class='ocrx_word' id='word_1_26' title='bbox 3580 478 3707 519; x_wconf 81' lang='lat' dir='ltr'><strong>esu-</strong></span> 
     </span>
    </p>
   </div>
   <div class='ocr_carea' id='block_1_5' title="bbox 437 535 1696 607">
    <p class='ocr_par' dir='ltr' id='par_1_5' title="bbox 437 535 1696 607">
     <span class='ocr_line' id='line_1_5' title="bbox 437 535 1696 607; baseline -0.002 -15"><span class='ocrx_word' id='word_1_27' title='bbox 437 540 635 607; x_wconf 84' lang='lat' dir='ltr'><strong>regnat</strong></span> <span class='ocrx_word' id='word_1_28' title='bbox 648 535 792 592; x_wconf 82' lang='lat' dir='ltr'><strong>Deus</strong></span> <span class='ocrx_word' id='word_1_29' title='bbox 826 536 880 590; x_wconf 92' lang='lat' dir='ltr'><strong>in</strong></span> <span class='ocrx_word' id='word_1_30' title='bbox 911 536 1105 591; x_wconf 73' lang='lat' dir='ltr'><strong>saecula</strong></span> <span class='ocrx_word' id='word_1_31' title='bbox 1135 537 1475 593; x_wconf 66' lang='lat' dir='ltr'><strong>saeculorum.</strong></span> <span class='ocrx_word' id='word_1_32' title='bbox 1505 538 1696 594; x_wconf 81' lang='lat' dir='ltr'><strong>Amen.</strong></span> 
     </span>
    </p>
   </div>
   <div class='ocr_carea' id='block_1_6' title="bbox 933 645 1522 707">
    <p class='ocr_par' dir='ltr' id='par_1_6' title="bbox 933 645 1522 707">
     <span class='ocr_line' id='line_1_6' title="bbox 933 645 1522 707; baseline 0.012 -7"><span class='ocrx_word' id='word_1_33' title='bbox 933 645 1213 702; x_wconf 83' lang='lat' dir='ltr'><strong>IlOMlLIA</strong></span> <span class='ocrx_word' id='word_1_34' title='bbox 1261 648 1522 707; x_wconf 78' lang='lat' dir='ltr'><strong>LXXXV.</strong></span> 
     </span>
    </p>
   </div>
   <div class='ocr_carea' id='block_1_7' title="bbox 1005 754 1445 796">
    <p class='ocr_par' dir='ltr' id='par_1_7' title="bbox 1005 754 1445 796">
     <span class='ocr_line' id='line_1_7' title="bbox 1005 754 1445 796; baseline 0.007 -3"><span class='ocrx_word' id='word_1_35' title='bbox 1005 754 1135 793; x_wconf 68' lang='grc' dir='ltr'><strong>ΙΤΕΜ</strong></span> <span class='ocrx_word' id='word_1_36' title='bbox 1177 754 1336 793; x_wconf 70' lang='lat' dir='ltr'><strong>FERIA</strong></span> <span class='ocrx_word' id='word_1_37' title='bbox 1373 757 1445 796; x_wconf 82' lang='lat' dir='ltr'><strong>IV.</strong></span> 
     </span>
    </p>
   </div>
   <div class='ocr_carea' id='block_1_8' title="bbox 584 828 1856 901">
    <p class='ocr_par' dir='ltr' id='par_1_8' title="bbox 584 828 1856 901">
     <span class='ocr_line' id='line_1_8' title="bbox 584 828 1856 901; baseline 0.005 -18"><span class='ocrx_word' id='word_1_38' title='bbox 584 828 771 885; x_wconf 87' lang='lat' dir='ltr'><strong>Lectio</strong></span> <span class='ocrx_word' id='word_1_39' title='bbox 799 830 971 884; x_wconf 79' lang='lat' dir='ltr'><strong>sancti</strong></span> <span class='ocrx_word' id='word_1_40' title='bbox 1010 829 1284 901; x_wconf 73' lang='lat' dir='ltr'><strong>Evangelii</strong></span> <span class='ocrx_word' id='word_1_41' title='bbox 1316 833 1607 888; x_wconf 89' lang='lat' dir='ltr'><strong>secundum</strong></span> <span class='ocrx_word' id='word_1_42' title='bbox 1634 833 1856 889; x_wconf 84' lang='lat' dir='ltr'><strong>Lucam.</strong></span> 
     </span>
    </p>
   </div>
   <div class='ocr_carea' id='block_1_9' title="bbox 503 940 2013 1013">
    <p class='ocr_par' dir='ltr' id='par_1_9' title="bbox 503 940 2013 1013">
     <span class='ocr_line' id='line_1_9' title="bbox 503 940 2013 1013; baseline 0.005 -19"><span class='ocrx_word' id='word_1_43' title='bbox 503 940 567 996; x_wconf 89' lang='lat' dir='ltr'><strong>In</strong></span> <span class='ocrx_word' id='word_1_44' title='bbox 591 940 683 1013; x_wconf 83' lang='lat' dir='ltr'><strong>illo</strong></span> <span class='ocrx_word' id='word_1_45' title='bbox 717 952 942 1013; x_wconf 79' lang='lat' dir='ltr'><strong>tempore</strong></span> <span class='ocrx_word' id='word_1_46' title='bbox 970 943 1269 996; x_wconf 77' lang='lat' dir='ltr'><strong>accedentes</strong></span> <span class='ocrx_word' id='word_1_47' title='bbox 1294 944 1536 1013; x_wconf 75' lang='lat' dir='ltr'><strong>discipuli</strong></span> <span class='ocrx_word' id='word_1_48' title='bbox 1557 945 1625 998; x_wconf 92' lang='lat' dir='ltr'><strong>ad</strong></span> <span class='ocrx_word' id='word_1_49' title='bbox 1650 944 1831 1000; x_wconf 86' lang='lat' dir='ltr'><strong>Jesum</strong></span> <span class='ocrx_word' id='word_1_50' title='bbox 1862 947 2013 1003; x_wconf 75' lang='lat' dir='ltr'><strong>dixe-</strong></span> 
     </span>
    </p>
   </div>
   <div class='ocr_carea' id='block_1_10' title="bbox 430 1011 2015 1076">
    <p class='ocr_par' dir='ltr' id='par_1_10' title="bbox 430 1011 2015 1076">
     <span class='ocr_line' id='line_1_10' title="bbox 430 1011 2015 1076; baseline 0.006 -15"><span class='ocrx_word' id='word_1_51' title='bbox 430 1021 552 1063; x_wconf 84' lang='lat' dir='ltr'><strong>runt</strong></span> <span class='ocrx_word' id='word_1_52' title='bbox 602 1012 732 1066; x_wconf 88' lang='lat' dir='ltr'><strong>illi:</strong></span> <span class='ocrx_word' id='word_1_53' title='bbox 776 1011 991 1066; x_wconf 85' lang='lat' dir='ltr'><strong>Dimitte</strong></span> <span class='ocrx_word' id='word_1_54' title='bbox 1030 1012 1233 1076; x_wconf 87' lang='lat' dir='ltr'><strong>turbas,</strong></span> <span class='ocrx_word' id='word_1_55' title='bbox 1277 1024 1334 1066; x_wconf 90' lang='lat' dir='ltr'><strong>ut</strong></span> <span class='ocrx_word' id='word_1_56' title='bbox 1378 1011 1555 1069; x_wconf 83' lang='lat' dir='ltr'><strong>euntes</strong></span> <span class='ocrx_word' id='word_1_57' title='bbox 1581 1016 1635 1069; x_wconf 86' lang='lat' dir='ltr'><strong>in</strong></span> <span class='ocrx_word' id='word_1_58' title='bbox 1664 1016 1877 1071; x_wconf 87' lang='lat' dir='ltr'><strong>castella</strong></span> <span class='ocrx_word' id='word_1_59' title='bbox 1921 1019 2015 1073; x_wconf 78' lang='lat' dir='ltr'><strong>ril-</strong></span> 
     </span>
    </p>
   </div>
   <div class='ocr_carea' id='block_1_11' title="bbox 425 1080 2009 1152">
    <p class='ocr_par' dir='ltr' id='par_1_11' title="bbox 425 1080 2009 1152">
     <span class='ocr_line' id='line_1_11' title="bbox 425 1080 2009 1152; baseline 0.004 -17"><span class='ocrx_word' id='word_1_60' title='bbox 425 1080 607 1152; x_wconf 83' lang='lat' dir='ltr'><strong>lasque</strong></span> <span class='ocrx_word' id='word_1_61' title='bbox 623 1098 739 1152; x_wconf 79' lang='lat' dir='ltr'><strong>qua:</strong></span> <span class='ocrx_word' id='word_1_62' title='bbox 759 1083 900 1135; x_wconf 89' lang='lat' dir='ltr'><strong>circa</strong></span> <span class='ocrx_word' id='word_1_63' title='bbox 922 1092 1065 1148; x_wconf 88' lang='lat' dir='ltr'><strong>sunt,</strong></span> <span class='ocrx_word' id='word_1_64' title='bbox 1087 1082 1341 1137; x_wconf 79' lang='lat' dir='ltr'><strong>diuertunt</strong></span> <span class='ocrx_word' id='word_1_65' title='bbox 1366 1092 1414 1137; x_wconf 87' lang='lat' dir='ltr'><strong>et</strong></span> <span class='ocrx_word' id='word_1_66' title='bbox 1440 1084 1701 1139; x_wconf 83' lang='lat' dir='ltr'><strong>inveniunt</strong></span> <span class='ocrx_word' id='word_1_67' title='bbox 1721 1103 1885 1152; x_wconf 88' lang='lat' dir='ltr'><strong>escas,</strong></span> <span class='ocrx_word' id='word_1_68' title='bbox 1905 1097 2009 1142; x_wconf 82' lang='lat' dir='ltr'><strong>etc.</strong></span> 
     </span>
    </p>
   </div>
   <div class='ocr_carea' id='block_1_12' title="bbox 502 1170 2014 1245">
    <p class='ocr_par' dir='ltr' id='par_1_12' title="bbox 502 1170 2014 1245">
     <span class='ocr_line' id='line_1_12' title="bbox 502 1170 2014 1245; baseline 0.005 -19"><span class='ocrx_word' id='word_1_69' title='bbox 502 1172 598 1227; x_wconf 84' lang='lat' dir='ltr'><strong>Die</strong></span> <span class='ocrx_word' id='word_1_70' title='bbox 625 1171 890 1227; x_wconf 88' lang='lat' dir='ltr'><strong>declinata</strong></span> <span class='ocrx_word' id='word_1_71' title='bbox 922 1172 1108 1227; x_wconf 91' lang='lat' dir='ltr'><strong>turbas</strong></span> <span class='ocrx_word' id='word_1_72' title='bbox 1138 1170 1387 1227; x_wconf 78' lang='lat' dir='ltr'><strong>Salvator</strong></span> <span class='ocrx_word' id='word_1_73' title='bbox 1418 1174 1608 1240; x_wconf 83' lang='lat' dir='ltr'><strong>reficit,</strong></span> <span class='ocrx_word' id='word_1_74' title='bbox 1648 1176 1771 1245; x_wconf 83' lang='lat' dir='ltr'><strong>quia</strong></span> <span class='ocrx_word' id='word_1_75' title='bbox 1801 1177 1881 1230; x_wconf 86' lang='lat' dir='ltr'><strong>vel</strong></span> <span class='ocrx_word' id='word_1_76' title='bbox 1909 1178 2014 1234; x_wconf 84' lang='lat' dir='ltr'><strong>line</strong></span> 
     </span>
    </p>
   </div>
   <div class='ocr_carea' id='block_1_13' title="bbox 424 1262 2014 1338">
    <p class='ocr_par' dir='ltr' id='par_1_13' title="bbox 424 1262 2014 1338">
     <span class='ocr_line' id='line_1_13' title="bbox 424 1262 2014 1338; baseline 0.004 -21"><span class='ocrx_word' id='word_1_77' title='bbox 424 1264 747 1331; x_wconf 69' lang='lat' dir='ltr'><strong>executorum</strong></span> <span class='ocrx_word' id='word_1_78' title='bbox 772 1268 1160 1334; x_wconf 84' lang='lat' dir='ltr'><strong>propugnante,</strong></span> <span class='ocrx_word' id='word_1_79' title='bbox 1190 1262 1273 1318; x_wconf 90' lang='lat' dir='ltr'><strong>vel</strong></span> <span class='ocrx_word' id='word_1_80' title='bbox 1293 1265 1515 1320; x_wconf 79' lang='lat' dir='ltr'><strong>cum&#39;sol</strong></span> <span class='ocrx_word' id='word_1_81' title='bbox 1536 1264 1769 1335; x_wconf 67' lang='lat' dir='ltr'><strong>iustitiae,</strong></span> <span class='ocrx_word' id='word_1_82' title='bbox 1791 1284 1889 1338; x_wconf 89' lang='lat' dir='ltr'><strong>pro</strong></span> <span class='ocrx_word' id='word_1_83' title='bbox 1911 1264 2014 1324; x_wconf 78' lang='grc' dir='ltr'><strong>ἠο-</strong></span> 
     </span>
    </p>
   </div>
   <div class='ocr_carea' id='block_1_14' title="bbox 427 1352 2010 1423">
    <p class='ocr_par' dir='ltr' id='par_1_14' title="bbox 427 1352 2010 1423">
     <span class='ocr_line' id='line_1_14' title="bbox 427 1352 2010 1423; baseline 0.003 -15"><span class='ocrx_word' id='word_1_84' title='bbox 427 1352 508 1409; x_wconf 87' lang='lat' dir='ltr'><strong>bis</strong></span> <span class='ocrx_word' id='word_1_85' title='bbox 546 1352 815 1417; x_wconf 86' lang='lat' dir='ltr'><strong>occubuit,</strong></span> <span class='ocrx_word' id='word_1_86' title='bbox 858 1352 1115 1423; x_wconf 74' lang='lat' dir='ltr'><strong>spiritalis</strong></span> <span class='ocrx_word' id='word_1_87' title='bbox 1160 1353 1353 1408; x_wconf 67' lang='lat' dir='ltr'><strong>inedia:</strong></span> <span class='ocrx_word' id='word_1_88' title='bbox 1393 1353 1591 1410; x_wconf 83' lang='lat' dir='ltr'><strong>fuimus</strong></span> <span class='ocrx_word' id='word_1_89' title='bbox 1635 1355 1761 1411; x_wconf 83' lang='lat' dir='ltr'><strong>tabe</strong></span> <span class='ocrx_word' id='word_1_90' title='bbox 1798 1357 2010 1413; x_wconf 87' lang='lat' dir='ltr'><strong>salvati.</strong></span> 
     </span>
    </p>
   </div>
   <div class='ocr_carea' id='block_1_15' title="bbox 498 1443 2012 1505">
    <p class='ocr_par' dir='ltr' id='par_1_15' title="bbox 498 1443 2012 1505">
     <span class='ocr_line' id='line_1_15' title="bbox 498 1443 2012 1505; baseline 0.003 -4"><span class='ocrx_word' id='word_1_91' title='bbox 498 1448 586 1501; x_wconf 79' lang='lat' dir='ltr'><strong>Ait</strong></span> <span class='ocrx_word' id='word_1_92' title='bbox 609 1457 781 1501; x_wconf 87' lang='lat' dir='ltr'><strong>autem</strong></span> <span class='ocrx_word' id='word_1_93' title='bbox 814 1446 882 1501; x_wconf 89' lang='lat' dir='ltr'><strong>ad</strong></span> <span class='ocrx_word' id='word_1_94' title='bbox 908 1445 1027 1501; x_wconf 86' lang='lat' dir='ltr'><strong>illos</strong></span> <span class='ocrx_word' id='word_1_95' title='bbox 1050 1462 1071 1501; x_wconf 85' lang='lat'><strong>.°</strong></span> <span class='ocrx_word' id='word_1_96' title='bbox 1116 1443 1219 1499; x_wconf 83' lang='lat' dir='ltr'><strong>Vos</strong></span> <span class='ocrx_word' id='word_1_97' title='bbox 1243 1445 1364 1499; x_wconf 89' lang='lat' dir='ltr'><strong>date</strong></span> <span class='ocrx_word' id='word_1_98' title='bbox 1390 1444 1494 1499; x_wconf 89' lang='lat' dir='ltr'><strong>illis</strong></span> <span class='ocrx_word' id='word_1_99' title='bbox 1519 1446 1856 1502; x_wconf 79' lang='lat' dir='ltr'><strong>manducare.</strong></span> <span class='ocrx_word' id='word_1_100' title='bbox 1882 1450 2012 1505; x_wconf 86' lang='lat' dir='ltr'><strong>Pro-</strong></span> 
     </span>
    </p>
   </div>
   <div class='ocr_carea' id='block_1_16' title="bbox 422 1534 2012 1607">
    <p class='ocr_par' dir='ltr' id='par_1_16' title="bbox 422 1534 2012 1607">
     <span class='ocr_line' id='line_1_16' title="bbox 422 1534 2012 1607; baseline 0.001 -15"><span class='ocrx_word' id='word_1_101' title='bbox 422 1545 588 1593; x_wconf 84' lang='lat' dir='ltr'><strong>vocat</strong></span> <span class='ocrx_word' id='word_1_102' title='bbox 624 1536 897 1607; x_wconf 87' lang='lat' dir='ltr'><strong>apostolos</strong></span> <span class='ocrx_word' id='word_1_103' title='bbox 930 1537 997 1591; x_wconf 88' lang='lat' dir='ltr'><strong>ad</strong></span> <span class='ocrx_word' id='word_1_104' title='bbox 1034 1534 1355 1591; x_wconf 89' lang='lat' dir='ltr'><strong>fractionem</strong></span> <span class='ocrx_word' id='word_1_105' title='bbox 1392 1536 1569 1604; x_wconf 89' lang='lat' dir='ltr'><strong>panis,</strong></span> <span class='ocrx_word' id='word_1_106' title='bbox 1614 1545 1674 1590; x_wconf 90' lang='lat' dir='ltr'><strong>ut</strong></span> <span class='ocrx_word' id='word_1_107' title='bbox 1710 1538 1785 1591; x_wconf 87' lang='lat' dir='ltr'><strong>illi</strong></span> <span class='ocrx_word' id='word_1_108' title='bbox 1818 1554 1875 1593; x_wconf 91' lang='lat' dir='ltr'><strong>se</strong></span> <span class='ocrx_word' id='word_1_109' title='bbox 1905 1555 2012 1594; x_wconf 88' lang='lat' dir='ltr'><strong>non</strong></span> 
     </span>
    </p>
   </div>
   <div class='ocr_carea' id='block_1_17' title="bbox 423 1625 2013 1696">
    <p class='ocr_par' dir='ltr' id='par_1_17' title="bbox 423 1625 2013 1696">
     <span class='ocr_line' id='line_1_17' title="bbox 423 1625 2013 1696; baseline 0.001 -14"><span class='ocrx_word' id='word_1_110' title='bbox 423 1628 626 1682; x_wconf 86' lang='lat' dir='ltr'><strong>habere</strong></span> <span class='ocrx_word' id='word_1_111' title='bbox 673 1625 994 1680; x_wconf 83' lang='lat' dir='ltr'><strong>testantibus</strong></span> <span class='ocrx_word' id='word_1_112' title='bbox 1029 1625 1342 1696; x_wconf 83' lang='lat' dir='ltr'><strong>magnitudo</strong></span> <span class='ocrx_word' id='word_1_113' title='bbox 1373 1625 1508 1696; x_wconf 80' lang='lat' dir='ltr'><strong>signi</strong></span> <span class='ocrx_word' id='word_1_114' title='bbox 1544 1626 1723 1681; x_wconf 86' lang='lat' dir='ltr'><strong>notior</strong></span> <span class='ocrx_word' id='word_1_115' title='bbox 1759 1626 1853 1681; x_wconf 82' lang='lat' dir='ltr'><strong>fiat</strong></span> <span class='ocrx_word' id='word_1_116' title='bbox 1885 1648 1897 1681; x_wconf 89' lang='lat'><strong><em>:</em></strong></span> <span class='ocrx_word' id='word_1_117' title='bbox 1941 1629 2013 1683; x_wconf 87' lang='lat' dir='ltr'><strong>si-</strong></span> 
     </span>
    </p>
   </div>
   <div class='ocr_carea' id='block_1_18' title="bbox 424 1714 2011 1786">
    <p class='ocr_par' dir='ltr' id='par_1_18' title="bbox 424 1714 2011 1786">
     <span class='ocr_line' id='line_1_18' title="bbox 424 1714 2011 1786; baseline 0.001 -15"><span class='ocrx_word' id='word_1_118' title='bbox 424 1716 535 1772; x_wconf 91' lang='lat' dir='ltr'><strong>mul</strong></span> <span class='ocrx_word' id='word_1_119' title='bbox 558 1715 859 1781; x_wconf 86' lang='lat' dir='ltr'><strong>insinuans,</strong></span> <span class='ocrx_word' id='word_1_120' title='bbox 886 1716 1010 1784; x_wconf 88' lang='lat' dir='ltr'><strong>quia</strong></span> <span class='ocrx_word' id='word_1_121' title='bbox 1058 1730 1155 1785; x_wconf 92' lang='lat' dir='ltr'><strong>per</strong></span> <span class='ocrx_word' id='word_1_122' title='bbox 1199 1728 1293 1770; x_wconf 86' lang='lat' dir='ltr'><strong>eos</strong></span> <span class='ocrx_word' id='word_1_123' title='bbox 1321 1715 1559 1785; x_wconf 87' lang='lat' dir='ltr'><strong>quotidie</strong></span> <span class='ocrx_word' id='word_1_124' title='bbox 1593 1714 1798 1786; x_wconf 87' lang='lat' dir='ltr'><strong>jejunia</strong></span> <span class='ocrx_word' id='word_1_125' title='bbox 1826 1726 2011 1773; x_wconf 87' lang='lat' dir='ltr'><strong>nostra</strong></span> 
     </span>
    </p>
   </div>
   <div class='ocr_carea' id='block_1_19' title="bbox 418 1804 2084 1876">
    <p class='ocr_par' dir='ltr' id='par_1_19' title="bbox 418 1804 2084 1876">
     <span class='ocr_line' id='line_1_19' title="bbox 418 1804 2084 1876; baseline 0.001 -14"><span class='ocrx_word' id='word_1_126' title='bbox 418 1815 548 1862; x_wconf 88' lang='lat' dir='ltr'><strong>sunt</strong></span> <span class='ocrx_word' id='word_1_127' title='bbox 585 1806 750 1862; x_wconf 90' lang='lat' dir='ltr'><strong>corda</strong></span> <span class='ocrx_word' id='word_1_128' title='bbox 792 1805 1080 1876; x_wconf 88' lang='lat' dir='ltr'><strong>pascenda.</strong></span> <span class='ocrx_word' id='word_1_129' title='bbox 1139 1804 1277 1872; x_wconf 85' lang='lat' dir='ltr'><strong>Quid</strong></span> <span class='ocrx_word' id='word_1_130' title='bbox 1322 1807 1465 1860; x_wconf 90' lang='lat' dir='ltr'><strong>enim</strong></span> <span class='ocrx_word' id='word_1_131' title='bbox 1514 1807 1590 1861; x_wconf 89' lang='lat' dir='ltr'><strong>ait</strong></span> <span class='ocrx_word' id='word_1_132' title='bbox 1640 1806 1833 1863; x_wconf 83' lang='lat' dir='ltr'><strong>Petrus</strong></span> <span class='ocrx_word' id='word_1_133' title='bbox 1885 1824 2006 1863; x_wconf 90' lang='lat' dir='ltr'><strong>cum</strong></span> <span class='ocrx_word' id='word_1_134' title='bbox 2038 1813 2084 1873; x_wconf 82' lang='grc' dir='ltr'><strong>Β</strong></span> 
     </span>
    </p>
   </div>
   <div class='ocr_carea' id='block_1_20' title="bbox 418 1897 2009 1969">
    <p class='ocr_par' dir='ltr' id='par_1_20' title="bbox 418 1897 2009 1969">
     <span class='ocr_line' id='line_1_20' title="bbox 418 1897 2009 1969; baseline 0.003 -18"><span class='ocrx_word' id='word_1_135' title='bbox 418 1914 514 1968; x_wconf 88' lang='lat' dir='ltr'><strong>per</strong></span> <span class='ocrx_word' id='word_1_136' title='bbox 554 1897 809 1968; x_wconf 83' lang='lat' dir='ltr'><strong>epistolas</strong></span> <span class='ocrx_word' id='word_1_137' title='bbox 859 1897 1115 1967; x_wconf 87' lang='lat' dir='ltr'><strong>loquitur,</strong></span> <span class='ocrx_word' id='word_1_138' title='bbox 1168 1897 1271 1952; x_wconf 89' lang='lat' dir='ltr'><strong>nisi</strong></span> <span class='ocrx_word' id='word_1_139' title='bbox 1313 1906 1379 1952; x_wconf 32' lang='lat' dir='ltr'><strong>ut.</strong></span> <span class='ocrx_word' id='word_1_140' title='bbox 1409 1898 1561 1953; x_wconf 86' lang='lat' dir='ltr'><strong>verbi</strong></span> <span class='ocrx_word' id='word_1_141' title='bbox 1606 1898 1802 1969; x_wconf 86' lang='lat' dir='ltr'><strong>pabulo</strong></span> <span class='ocrx_word' id='word_1_142' title='bbox 1845 1902 2009 1956; x_wconf 90' lang='lat' dir='ltr'><strong>corda</strong></span> 
     </span>
    </p>
   </div>
   <div class='ocr_carea' id='block_1_21' title="bbox 418 1984 2010 2055">
    <p class='ocr_par' dir='ltr' id='par_1_21' title="bbox 418 1984 2010 2055">
     <span class='ocr_line' id='line_1_21' title="bbox 418 1984 2010 2055; baseline 0.001 -13"><span class='ocrx_word' id='word_1_143' title='bbox 418 1996 601 2042; x_wconf 89' lang='lat' dir='ltr'><strong>nostra</strong></span> <span class='ocrx_word' id='word_1_144' title='bbox 650 1986 792 2041; x_wconf 88' lang='lat' dir='ltr'><strong>male</strong></span> <span class='ocrx_word' id='word_1_145' title='bbox 829 1984 1015 2055; x_wconf 84' lang='lat' dir='ltr'><strong>jejuna</strong></span> <span class='ocrx_word' id='word_1_146' title='bbox 1067 1985 1366 2040; x_wconf 86' lang='lat' dir='ltr'><strong>satientur?</strong></span> <span class='ocrx_word' id='word_1_147' title='bbox 1412 1986 1548 2053; x_wconf 86' lang='lat' dir='ltr'><strong>Quid</strong></span> <span class='ocrx_word' id='word_1_148' title='bbox 1587 1986 1816 2044; x_wconf 87' lang='lat' dir='ltr'><strong>Paulus?</strong></span> <span class='ocrx_word' id='word_1_149' title='bbox 1870 1988 2010 2055; x_wconf 87' lang='lat' dir='ltr'><strong>Quid</strong></span> 
     </span>
    </p>
   </div>
   <div class='ocr_carea' id='block_1_22' title="bbox 413 2074 2009 2145">
    <p class='ocr_par' dir='ltr' id='par_1_22' title="bbox 413 2074 2009 2145">
     <span class='ocr_line' id='line_1_22' title="bbox 413 2074 2009 2145; baseline 0.004 -16"><span class='ocrx_word' id='word_1_150' title='bbox 413 2075 649 2130; x_wconf 86' lang='lat' dir='ltr'><strong>Joannes</strong></span> <span class='ocrx_word' id='word_1_151' title='bbox 695 2090 792 2145; x_wconf 89' lang='lat' dir='ltr'><strong>per</strong></span> <span class='ocrx_word' id='word_1_152' title='bbox 824 2074 1080 2144; x_wconf 88' lang='lat' dir='ltr'><strong>epistolas</strong></span> <span class='ocrx_word' id='word_1_153' title='bbox 1120 2074 1401 2143; x_wconf 86' lang='lat' dir='ltr'><strong>loquentes</strong></span> <span class='ocrx_word' id='word_1_154' title='bbox 1432 2086 1757 2144; x_wconf 84' lang='lat' dir='ltr'><strong>cperantur,</strong></span> <span class='ocrx_word' id='word_1_155' title='bbox 1799 2078 1904 2132; x_wconf 87' lang='lat' dir='ltr'><strong>nisi</strong></span> <span class='ocrx_word' id='word_1_156' title='bbox 1948 2089 2009 2137; x_wconf 90' lang='lat' dir='ltr'><strong>ut</strong></span> 
     </span>
    </p>
   </div>
   <div class='ocr_carea' id='block_1_23' title="bbox 416 2166 2008 2237">
    <p class='ocr_par' dir='ltr' id='par_1_23' title="bbox 416 2166 2008 2237">
     <span class='ocr_line' id='line_1_23' title="bbox 416 2166 2008 2237; baseline 0.001 -14"><span class='ocrx_word' id='word_1_157' title='bbox 416 2177 623 2224; x_wconf 86' lang='lat' dir='ltr'><strong>mentes</strong></span> <span class='ocrx_word' id='word_1_158' title='bbox 663 2174 861 2222; x_wconf 73' lang='lat' dir='ltr'><strong>nostra:</strong></span> <span class='ocrx_word' id='word_1_159' title='bbox 896 2166 1138 2222; x_wconf 77' lang='lat' dir='ltr'><strong>etelestia</strong></span> <span class='ocrx_word' id='word_1_160' title='bbox 1179 2167 1434 2221; x_wconf 87' lang='lat' dir='ltr'><strong>alimenta</strong></span> <span class='ocrx_word' id='word_1_161' title='bbox 1462 2167 1783 2237; x_wconf 86' lang='lat' dir='ltr'><strong>percipiant,</strong></span> <span class='ocrx_word' id='word_1_162' title='bbox 1827 2177 1883 2224; x_wconf 92' lang='lat' dir='ltr'><strong>et</strong></span> <span class='ocrx_word' id='word_1_163' title='bbox 1928 2170 2008 2224; x_wconf 91' lang='lat' dir='ltr'><strong>in-</strong></span> 
     </span>
    </p>
   </div>
   <div class='ocr_carea' id='block_1_24' title="bbox 412 2258 2008 2328">
    <p class='ocr_par' dir='ltr' id='par_1_24' title="bbox 412 2258 2008 2328">
     <span class='ocr_line' id='line_1_24' title="bbox 412 2258 2008 2328; baseline -0.001 -14"><span class='ocrx_word' id='word_1_164' title='bbox 412 2259 547 2314; x_wconf 76' lang='lat' dir='ltr'><strong>ediae</strong></span> <span class='ocrx_word' id='word_1_165' title='bbox 578 2274 689 2315; x_wconf 83' lang='lat' dir='ltr'><strong>suae</strong></span> <span class='ocrx_word' id='word_1_166' title='bbox 718 2258 991 2314; x_wconf 88' lang='lat' dir='ltr'><strong>fastidium</strong></span> <span class='ocrx_word' id='word_1_167' title='bbox 1024 2273 1131 2328; x_wconf 92' lang='lat' dir='ltr'><strong>quo</strong></span> <span class='ocrx_word' id='word_1_168' title='bbox 1155 2258 1525 2313; x_wconf 85' lang='lat' dir='ltr'><strong>moriebantur</strong></span> <span class='ocrx_word' id='word_1_169' title='bbox 1553 2258 1809 2314; x_wconf 86' lang='lat' dir='ltr'><strong>vincant?</strong></span> <span class='ocrx_word' id='word_1_170' title='bbox 1834 2259 1901 2313; x_wconf 84' lang='lat' dir='ltr'><strong>At</strong></span> <span class='ocrx_word' id='word_1_171' title='bbox 1930 2259 2008 2313; x_wconf 84' lang='lat' dir='ltr'><strong>illi</strong></span> 
     </span>
    </p>
   </div>
   <div class='ocr_carea' id='block_1_25' title="bbox 412 2347 2007 2419">
    <p class='ocr_par' dir='ltr' id='par_1_25' title="bbox 412 2347 2007 2419">
     <span class='ocr_line' id='line_1_25' title="bbox 412 2347 2007 2419; baseline -0.001 -15"><span class='ocrx_word' id='word_1_172' title='bbox 412 2350 657 2404; x_wconf 76' lang='lat' dir='ltr'><strong>dixerunt</strong></span> <span class='ocrx_word' id='word_1_173' title='bbox 687 2363 705 2399; x_wconf 91' lang='lat'><strong><em>:</em></strong></span> <span class='ocrx_word' id='word_1_174' title='bbox 737 2348 862 2404; x_wconf 86' lang='lat' dir='ltr'><strong>Non</strong></span> <span class='ocrx_word' id='word_1_175' title='bbox 894 2358 1016 2403; x_wconf 87' lang='lat' dir='ltr'><strong>sunt</strong></span> <span class='ocrx_word' id='word_1_176' title='bbox 1055 2349 1203 2403; x_wconf 88' lang='lat' dir='ltr'><strong>nobis</strong></span> <span class='ocrx_word' id='word_1_177' title='bbox 1242 2347 1361 2419; x_wconf 84' lang='lat' dir='ltr'><strong>plus</strong></span> <span class='ocrx_word' id='word_1_178' title='bbox 1402 2365 1557 2419; x_wconf 87' lang='lat' dir='ltr'><strong>quam</strong></span> <span class='ocrx_word' id='word_1_179' title='bbox 1590 2350 1816 2419; x_wconf 88' lang='lat' dir='ltr'><strong>quinque</strong></span> <span class='ocrx_word' id='word_1_180' title='bbox 1846 2366 2007 2419; x_wconf 88' lang='lat' dir='ltr'><strong>panes</strong></span> 
     </span>
    </p>
   </div>
   <div class='ocr_carea' id='block_1_26' title="bbox 414 2435 2005 2510">
    <p class='ocr_par' dir='ltr' id='par_1_26' title="bbox 414 2435 2005 2510">
     <span class='ocr_line' id='line_1_26' title="bbox 414 2435 2005 2510; baseline -0.003 -16"><span class='ocrx_word' id='word_1_181' title='bbox 414 2448 463 2494; x_wconf 82' lang='lat' dir='ltr'><strong>et</strong></span> <span class='ocrx_word' id='word_1_182' title='bbox 498 2440 603 2493; x_wconf 91' lang='lat' dir='ltr'><strong>duo</strong></span> <span class='ocrx_word' id='word_1_183' title='bbox 649 2440 834 2510; x_wconf 77' lang='lat' dir='ltr'><strong>pisces.</strong></span> <span class='ocrx_word' id='word_1_184' title='bbox 880 2437 1130 2492; x_wconf 87' lang='lat' dir='ltr'><strong>Nondum</strong></span> <span class='ocrx_word' id='word_1_185' title='bbox 1173 2446 1330 2492; x_wconf 90' lang='lat' dir='ltr'><strong>erant</strong></span> <span class='ocrx_word' id='word_1_186' title='bbox 1381 2435 1637 2505; x_wconf 86' lang='lat' dir='ltr'><strong>apostolis</strong></span> <span class='ocrx_word' id='word_1_187' title='bbox 1681 2437 1800 2507; x_wconf 87' lang='lat' dir='ltr'><strong>plus</strong></span> <span class='ocrx_word' id='word_1_188' title='bbox 1843 2452 2005 2507; x_wconf 90' lang='lat' dir='ltr'><strong>quam</strong></span> 
     </span>
    </p>
   </div>
   <div class='ocr_carea' id='block_1_27' title="bbox 414 2522 2008 2601">
    <p class='ocr_par' dir='ltr' id='par_1_27' title="bbox 414 2522 2008 2601">
     <span class='ocr_line' id='line_1_27' title="bbox 414 2522 2008 2601; baseline -0.002 -18"><span class='ocrx_word' id='word_1_189' title='bbox 414 2528 655 2601; x_wconf 86' lang='lat' dir='ltr'><strong>quinque</strong></span> <span class='ocrx_word' id='word_1_190' title='bbox 700 2542 869 2597; x_wconf 90' lang='lat' dir='ltr'><strong>panes</strong></span> <span class='ocrx_word' id='word_1_191' title='bbox 926 2522 1179 2583; x_wconf 65' lang='lat' dir='ltr'><strong>Mosaicae</strong></span> <span class='ocrx_word' id='word_1_192' title='bbox 1213 2525 1346 2596; x_wconf 80' lang='lat' dir='ltr'><strong>legis</strong></span> <span class='ocrx_word' id='word_1_193' title='bbox 1373 2535 1428 2580; x_wconf 91' lang='lat' dir='ltr'><strong>et</strong></span> <span class='ocrx_word' id='word_1_194' title='bbox 1449 2526 1555 2581; x_wconf 90' lang='lat' dir='ltr'><strong>duo</strong></span> <span class='ocrx_word' id='word_1_195' title='bbox 1590 2525 1767 2596; x_wconf 90' lang='lat' dir='ltr'><strong>pisces</strong></span> <span class='ocrx_word' id='word_1_196' title='bbox 1810 2526 2008 2580; x_wconf 79' lang='lat' dir='ltr'><strong>utrius-</strong></span> 
     </span>
    </p>
   </div>
   <div class='ocr_carea' id='block_1_28' title="bbox 411 2614 2004 2689">
    <p class='ocr_par' dir='ltr' id='par_1_28' title="bbox 411 2614 2004 2689">
     <span class='ocr_line' id='line_1_28' title="bbox 411 2614 2004 2689; baseline -0.003 -18"><span class='ocrx_word' id='word_1_197' title='bbox 411 2633 518 2689; x_wconf 84' lang='lat' dir='ltr'><strong>que</strong></span> <span class='ocrx_word' id='word_1_198' title='bbox 560 2617 911 2680; x_wconf 88' lang='lat' dir='ltr'><strong>testamenti,</strong></span> <span class='ocrx_word' id='word_1_199' title='bbox 955 2631 1077 2686; x_wconf 64' lang='lat' dir='ltr'><strong>quae</strong></span> <span class='ocrx_word' id='word_1_200' title='bbox 1126 2615 1329 2669; x_wconf 88' lang='lat' dir='ltr'><strong>diutius</strong></span> <span class='ocrx_word' id='word_1_201' title='bbox 1380 2614 1562 2669; x_wconf 89' lang='lat' dir='ltr'><strong>abdito</strong></span> <span class='ocrx_word' id='word_1_202' title='bbox 1620 2615 2004 2685; x_wconf 80' lang='lat' dir='ltr'><strong>mysteriorum</strong></span> 
     </span>
    </p>
   </div>
   <div class='ocr_carea' id='block_1_29' title="bbox 412 2704 2011 2777">
    <p class='ocr_par' dir='ltr' id='par_1_29' title="bbox 412 2704 2011 2777">
     <span class='ocr_line' id='line_1_29' title="bbox 412 2704 2011 2777; baseline -0.003 -13"><span class='ocrx_word' id='word_1_203' title='bbox 412 2709 696 2764; x_wconf 84' lang='lat' dir='ltr'><strong>latentium</strong></span> <span class='ocrx_word' id='word_1_204' title='bbox 736 2707 891 2777; x_wconf 88' lang='lat' dir='ltr'><strong>quasi</strong></span> <span class='ocrx_word' id='word_1_205' title='bbox 930 2706 1086 2762; x_wconf 85' lang='lat' dir='ltr'><strong>undis</strong></span> <span class='ocrx_word' id='word_1_206' title='bbox 1132 2704 1310 2775; x_wconf 83' lang='lat' dir='ltr'><strong>abyssi</strong></span> <span class='ocrx_word' id='word_1_207' title='bbox 1349 2705 1666 2776; x_wconf 82' lang='lat' dir='ltr'><strong>tegebantur</strong></span> <span class='ocrx_word' id='word_1_208' title='bbox 1704 2714 1863 2775; x_wconf 87' lang='lat' dir='ltr'><strong>atque</strong></span> <span class='ocrx_word' id='word_1_209' title='bbox 1899 2705 2011 2760; x_wconf 68' lang='lat' dir='ltr'><strong>ale-‘</strong></span> 
     </span>
    </p>
   </div>
   <div class='ocr_carea' id='block_1_30' title="bbox 414 2797 874 2855">
    <p class='ocr_par' dir='ltr' id='par_1_30' title="bbox 414 2797 874 2855">
     <span class='ocr_line' id='line_1_30' title="bbox 414 2797 874 2855; baseline -0.011 0"><span class='ocrx_word' id='word_1_210' title='bbox 414 2800 616 2855; x_wconf 85' lang='lat' dir='ltr'><strong>bantur</strong></span> <span class='ocrx_word' id='word_1_211' title='bbox 640 2797 874 2855; x_wconf 83' lang='lat' dir='ltr'><strong>occulta.</strong></span> 
     </span>
    </p>
   </div>
   <div class='ocr_carea' id='block_1_31' title="bbox 484 2886 2001 2959">
    <p class='ocr_par' dir='ltr' id='par_1_31' title="bbox 484 2886 2001 2959">
     <span class='ocr_line' id='line_1_31' title="bbox 484 2886 2001 2959; baseline 0 -15"><span class='ocrx_word' id='word_1_212' title='bbox 484 2889 653 2944; x_wconf 82' lang='lat' dir='ltr'><strong>Erant</strong></span> <span class='ocrx_word' id='word_1_213' title='bbox 676 2898 851 2942; x_wconf 89' lang='lat' dir='ltr'><strong>autem</strong></span> <span class='ocrx_word' id='word_1_214' title='bbox 872 2886 980 2957; x_wconf 85' lang='lat' dir='ltr'><strong>fere</strong></span> <span class='ocrx_word' id='word_1_215' title='bbox 1005 2887 1100 2942; x_wconf 88' lang='lat' dir='ltr'><strong>viri</strong></span> <span class='ocrx_word' id='word_1_216' title='bbox 1119 2887 1349 2959; x_wconf 86' lang='lat' dir='ltr'><strong>quinque</strong></span> <span class='ocrx_word' id='word_1_217' title='bbox 1386 2887 1574 2942; x_wconf 85' lang='lat' dir='ltr'><strong>millia.</strong></span> <span class='ocrx_word' id='word_1_218' title='bbox 1603 2887 1739 2955; x_wconf 85' lang='lat' dir='ltr'><strong>Quia</strong></span> <span class='ocrx_word' id='word_1_219' title='bbox 1763 2889 2001 2958; x_wconf 89' lang='lat' dir='ltr'><strong>quinque</strong></span> 
     </span>
    </p>
   </div>
   <div class='ocr_carea' id='block_1_32' title="bbox 408 2977 1999 3047">
    <p class='ocr_par' dir='ltr' id='par_1_32' title="bbox 408 2977 1999 3047">
     <span class='ocr_line' id='line_1_32' title="bbox 408 2977 1999 3047; baseline -0.002 -13"><span class='ocrx_word' id='word_1_220' title='bbox 408 2987 539 3035; x_wconf 85' lang='lat' dir='ltr'><strong>sunt</strong></span> <span class='ocrx_word' id='word_1_221' title='bbox 564 2978 862 3033; x_wconf 78' lang='lat' dir='ltr'><strong>exteriores</strong></span> <span class='ocrx_word' id='word_1_222' title='bbox 888 2977 1121 3032; x_wconf 86' lang='lat' dir='ltr'><strong>hominis</strong></span> <span class='ocrx_word' id='word_1_223' title='bbox 1149 2992 1369 3043; x_wconf 88' lang='lat' dir='ltr'><strong>sensus,</strong></span> <span class='ocrx_word' id='word_1_224' title='bbox 1415 2978 1651 3047; x_wconf 90' lang='lat' dir='ltr'><strong>quinque</strong></span> <span class='ocrx_word' id='word_1_225' title='bbox 1701 2978 1867 3031; x_wconf 89' lang='lat' dir='ltr'><strong>millia</strong></span> <span class='ocrx_word' id='word_1_226' title='bbox 1897 2978 1999 3031; x_wconf 91' lang='lat' dir='ltr'><strong>viri</strong></span> 
     </span>
    </p>
   </div>
   <div class='ocr_carea' id='block_1_33' title="bbox 415 3066 1997 3145">
    <p class='ocr_par' dir='ltr' id='par_1_33' title="bbox 415 3066 1997 3145">
     <span class='ocr_line' id='line_1_33' title="bbox 415 3066 1997 3145; baseline -0.003 -19"><span class='ocrx_word' id='word_1_227' title='bbox 415 3070 700 3145; x_wconf 87' lang='lat' dir='ltr'><strong>Dominum</strong></span> <span class='ocrx_word' id='word_1_228' title='bbox 726 3069 931 3135; x_wconf 85' lang='lat' dir='ltr'><strong>secuti;</strong></span> <span class='ocrx_word' id='word_1_229' title='bbox 980 3066 1263 3137; x_wconf 83' lang='lat' dir='ltr'><strong>designant</strong></span> <span class='ocrx_word' id='word_1_230' title='bbox 1286 3082 1377 3123; x_wconf 88' lang='lat' dir='ltr'><strong>eos</strong></span> <span class='ocrx_word' id='word_1_231' title='bbox 1417 3069 1508 3138; x_wconf 91' lang='lat' dir='ltr'><strong>qui</strong></span> <span class='ocrx_word' id='word_1_232' title='bbox 1539 3068 1593 3122; x_wconf 92' lang='lat' dir='ltr'><strong>in</strong></span> <span class='ocrx_word' id='word_1_233' title='bbox 1626 3068 1876 3124; x_wconf 62' lang='lat' dir='ltr'><strong>saeculari</strong></span> <span class='ocrx_word' id='word_1_234' title='bbox 1901 3068 1997 3123; x_wconf 88' lang='lat' dir='ltr'><strong>ad-</strong></span> 
     </span>
    </p>
   </div>
   <div class='ocr_carea' id='block_1_34' title="bbox 2121 543 3709 616">
    <p class='ocr_par' dir='ltr' id='par_1_34' title="bbox 2121 543 3709 616">
     <span class='ocr_line' id='line_1_34' title="bbox 2121 543 3709 616; baseline 0.008 -20"><span class='ocrx_word' id='word_1_235' title='bbox 2121 543 2381 600; x_wconf 87' lang='lat' dir='ltr'><strong>rientibus</strong></span> <span class='ocrx_word' id='word_1_236' title='bbox 2423 544 2673 601; x_wconf 87' lang='lat' dir='ltr'><strong>Salvator</strong></span> <span class='ocrx_word' id='word_1_237' title='bbox 2711 564 2817 602; x_wconf 90' lang='lat' dir='ltr'><strong>non</strong></span> <span class='ocrx_word' id='word_1_238' title='bbox 2848 564 2983 603; x_wconf 85' lang='lat' dir='ltr'><strong>nova</strong></span> <span class='ocrx_word' id='word_1_239' title='bbox 3030 561 3181 605; x_wconf 87' lang='lat' dir='ltr'><strong>creat</strong></span> <span class='ocrx_word' id='word_1_240' title='bbox 3218 553 3438 616; x_wconf 89' lang='lat' dir='ltr'><strong>cibaria,</strong></span> <span class='ocrx_word' id='word_1_241' title='bbox 3479 553 3572 607; x_wconf 89' lang='lat' dir='ltr'><strong>sed</strong></span> <span class='ocrx_word' id='word_1_242' title='bbox 3613 567 3709 608; x_wconf 80' lang='lat' dir='ltr'><strong>ac-</strong></span> 
     </span>
    </p>
   </div>
   <div class='ocr_carea' id='block_1_35' title="bbox 2120 631 3706 712">
    <p class='ocr_par' dir='ltr' id='par_1_35' title="bbox 2120 631 3706 712">
     <span class='ocr_line' id='line_1_35' title="bbox 2120 631 3706 712; baseline 0.007 -26"><span class='ocrx_word' id='word_1_243' title='bbox 2120 631 2290 701; x_wconf 90' lang='lat' dir='ltr'><strong>ceptis</strong></span> <span class='ocrx_word' id='word_1_244' title='bbox 2332 634 2418 689; x_wconf 89' lang='lat' dir='ltr'><strong>bis</strong></span> <span class='ocrx_word' id='word_1_245' title='bbox 2466 650 2586 705; x_wconf 70' lang='lat' dir='ltr'><strong>quae</strong></span> <span class='ocrx_word' id='word_1_246' title='bbox 2615 636 2917 691; x_wconf 89' lang='lat' dir='ltr'><strong>habuerunt</strong></span> <span class='ocrx_word' id='word_1_247' title='bbox 2948 638 3217 708; x_wconf 88' lang='lat' dir='ltr'><strong>discipuli,</strong></span> <span class='ocrx_word' id='word_1_248' title='bbox 3257 640 3548 708; x_wconf 83' lang='lat' dir='ltr'><strong>benedixit,</strong></span> <span class='ocrx_word' id='word_1_249' title='bbox 3574 642 3706 712; x_wconf 88' lang='lat' dir='ltr'><strong>quia</strong></span> 
     </span>
    </p>
   </div>
   <div class='ocr_carea' id='block_1_36' title="bbox 2118 723 3708 805">
    <p class='ocr_par' dir='ltr' id='par_1_36' title="bbox 2118 723 3708 805">
     <span class='ocr_line' id='line_1_36' title="bbox 2118 723 3708 805; baseline 0.009 -29"><span class='ocrx_word' id='word_1_250' title='bbox 2118 723 2341 779; x_wconf 87' lang='lat' dir='ltr'><strong>veniens</strong></span> <span class='ocrx_word' id='word_1_251' title='bbox 2369 724 2423 779; x_wconf 92' lang='lat' dir='ltr'><strong>in</strong></span> <span class='ocrx_word' id='word_1_252' title='bbox 2455 741 2619 781; x_wconf 90' lang='lat' dir='ltr'><strong>carne</strong></span> <span class='ocrx_word' id='word_1_253' title='bbox 2642 744 2747 782; x_wconf 89' lang='lat' dir='ltr'><strong>non</strong></span> <span class='ocrx_word' id='word_1_254' title='bbox 2778 729 2882 791; x_wconf 83' lang='lat' dir='ltr'><strong>alia</strong></span> <span class='ocrx_word' id='word_1_255' title='bbox 2913 746 3073 800; x_wconf 89' lang='lat' dir='ltr'><strong>quam</strong></span> <span class='ocrx_word' id='word_1_256' title='bbox 3122 734 3375 801; x_wconf 78' lang='lat' dir='ltr'><strong>praedicta</strong></span> <span class='ocrx_word' id='word_1_257' title='bbox 3404 744 3530 789; x_wconf 90' lang='lat' dir='ltr'><strong>sunt</strong></span> <span class='ocrx_word' id='word_1_258' title='bbox 3555 751 3708 805; x_wconf 79' lang='lat' dir='ltr'><strong>pra:-</strong></span> 
     </span>
    </p>
   </div>
   <div class='ocr_carea' id='block_1_37' title="bbox 2118 813 3705 891">
    <p class='ocr_par' dir='ltr' id='par_1_37' title="bbox 2118 813 3705 891">
     <span class='ocr_line' id='line_1_37' title="bbox 2118 813 3705 891; baseline 0.008 -25"><span class='ocrx_word' id='word_1_259' title='bbox 2118 813 2294 879; x_wconf 89' lang='lat' dir='ltr'><strong>dicat;</strong></span> <span class='ocrx_word' id='word_1_260' title='bbox 2335 816 2428 869; x_wconf 92' lang='lat' dir='ltr'><strong>sed</strong></span> <span class='ocrx_word' id='word_1_261' title='bbox 2456 818 2749 885; x_wconf 63' lang='lat' dir='ltr'><strong>prophetiae</strong></span> <span class='ocrx_word' id='word_1_262' title='bbox 2778 819 2919 873; x_wconf 86' lang='lat' dir='ltr'><strong>dicta</strong></span> <span class='ocrx_word' id='word_1_263' title='bbox 2950 822 3221 891; x_wconf 84' lang='lat' dir='ltr'><strong>mysteriis</strong></span> <span class='ocrx_word' id='word_1_264' title='bbox 3257 825 3443 888; x_wconf 73' lang='lat' dir='ltr'><strong>gratiae</strong></span> <span class='ocrx_word' id='word_1_265' title='bbox 3481 825 3705 891; x_wconf 82' lang='lat' dir='ltr'><strong>gravida</strong></span> 
     </span>
    </p>
   </div>
   <div class='ocr_carea' id='block_1_38' title="bbox 2117 906 3705 985">
    <p class='ocr_par' dir='ltr' id='par_1_38' title="bbox 2117 906 3705 985">
     <span class='ocr_line' id='line_1_38' title="bbox 2117 906 3705 985; baseline 0.004 -25"><span class='ocrx_word' id='word_1_266' title='bbox 2117 906 2466 985; x_wconf 78' lang='lat' dir='ltr'><strong>demonstrat.</strong></span> <span class='ocrx_word' id='word_1_267' title='bbox 2502 907 2737 979; x_wconf 79' lang='lat' dir='ltr'><strong>Respicit</strong></span> <span class='ocrx_word' id='word_1_268' title='bbox 2763 910 2815 964; x_wconf 89' lang='lat' dir='ltr'><strong>in</strong></span> <span class='ocrx_word' id='word_1_269' title='bbox 2846 910 3065 977; x_wconf 87' lang='lat' dir='ltr'><strong>coelum,</strong></span> <span class='ocrx_word' id='word_1_270' title='bbox 3111 921 3170 966; x_wconf 90' lang='lat' dir='ltr'><strong>ut</strong></span> <span class='ocrx_word' id='word_1_271' title='bbox 3210 912 3336 968; x_wconf 91' lang='lat' dir='ltr'><strong>illuc</strong></span> <span class='ocrx_word' id='word_1_272' title='bbox 3364 914 3705 984; x_wconf 85' lang='lat' dir='ltr'><strong>dirigendam</strong></span> 
     </span>
    </p>
   </div>
   <div class='ocr_carea' id='block_1_39' title="bbox 2118 997 3705 1074">
    <p class='ocr_par' dir='ltr' id='par_1_39' title="bbox 2118 997 3705 1074">
     <span class='ocr_line' id='line_1_39' title="bbox 2118 997 3705 1074; baseline 0.005 -25"><span class='ocrx_word' id='word_1_273' title='bbox 2118 997 2312 1052; x_wconf 91' lang='lat' dir='ltr'><strong>mentis</strong></span> <span class='ocrx_word' id='word_1_274' title='bbox 2346 998 2539 1064; x_wconf 88' lang='lat' dir='ltr'><strong>aciem,</strong></span> <span class='ocrx_word' id='word_1_275' title='bbox 2589 999 2662 1053; x_wconf 84' lang='lat' dir='ltr'><strong>ibi</strong></span> <span class='ocrx_word' id='word_1_276' title='bbox 2701 998 2879 1055; x_wconf 88' lang='lat' dir='ltr'><strong>lumen</strong></span> <span class='ocrx_word' id='word_1_277' title='bbox 2916 1002 3153 1056; x_wconf 77' lang='lat' dir='ltr'><strong>scientiae</strong></span> <span class='ocrx_word' id='word_1_278' title='bbox 3179 1003 3371 1058; x_wconf 89' lang='lat' dir='ltr'><strong>doceat</strong></span> <span class='ocrx_word' id='word_1_279' title='bbox 3406 1018 3527 1058; x_wconf 89' lang='lat' dir='ltr'><strong>esse</strong></span> <span class='ocrx_word' id='word_1_280' title='bbox 3554 1018 3705 1074; x_wconf 63' lang='lat' dir='ltr'><strong>quie—</strong></span> 
     </span>
    </p>
   </div>
   <div class='ocr_carea' id='block_1_40' title="bbox 2116 1087 3707 1162">
    <p class='ocr_par' dir='ltr' id='par_1_40' title="bbox 2116 1087 3707 1162">
     <span class='ocr_line' id='line_1_40' title="bbox 2116 1087 3707 1162; baseline 0.004 -21"><span class='ocrx_word' id='word_1_281' title='bbox 2116 1087 2364 1153; x_wconf 88' lang='lat' dir='ltr'><strong>rendum,</strong></span> <span class='ocrx_word' id='word_1_282' title='bbox 2414 1088 2617 1160; x_wconf 78' lang='lat' dir='ltr'><strong>frangit</strong></span> <span class='ocrx_word' id='word_1_283' title='bbox 2658 1098 2714 1146; x_wconf 90' lang='lat' dir='ltr'><strong>et</strong></span> <span class='ocrx_word' id='word_1_284' title='bbox 2761 1100 2886 1146; x_wconf 91' lang='lat' dir='ltr'><strong>ante</strong></span> <span class='ocrx_word' id='word_1_285' title='bbox 2926 1094 3114 1147; x_wconf 81' lang='lat' dir='ltr'><strong>turbas</strong></span> <span class='ocrx_word' id='word_1_286' title='bbox 3154 1095 3399 1162; x_wconf 88' lang='lat' dir='ltr'><strong>ponenda</strong></span> <span class='ocrx_word' id='word_1_287' title='bbox 3430 1094 3707 1148; x_wconf 88' lang='lat' dir='ltr'><strong>distribuit</strong></span> 
     </span>
    </p>
   </div>
   <div class='ocr_carea' id='block_1_41' title="bbox 2116 1176 3705 1251">
    <p class='ocr_par' dir='ltr' id='par_1_41' title="bbox 2116 1176 3705 1251">
     <span class='ocr_line' id='line_1_41' title="bbox 2116 1176 3705 1251; baseline 0.002 -19"><span class='ocrx_word' id='word_1_288' title='bbox 2116 1176 2393 1249; x_wconf 88' lang='lat' dir='ltr'><strong>discipulis</strong></span> <span class='ocrx_word' id='word_1_289' title='bbox 2436 1196 2451 1233; x_wconf 82' lang='lat'><strong>;</strong></span> <span class='ocrx_word' id='word_1_290' title='bbox 2500 1179 2628 1248; x_wconf 88' lang='lat' dir='ltr'><strong>quia</strong></span> <span class='ocrx_word' id='word_1_291' title='bbox 2672 1179 2857 1235; x_wconf 88' lang='lat' dir='ltr'><strong>clausa</strong></span> <span class='ocrx_word' id='word_1_292' title='bbox 2903 1180 3037 1250; x_wconf 83' lang='lat' dir='ltr'><strong>legis</strong></span> <span class='ocrx_word' id='word_1_293' title='bbox 3082 1190 3137 1235; x_wconf 90' lang='lat' dir='ltr'><strong>et</strong></span> <span class='ocrx_word' id='word_1_294' title='bbox 3180 1183 3476 1251; x_wconf 63' lang='lat' dir='ltr'><strong>prophetia:</strong></span> <span class='ocrx_word' id='word_1_295' title='bbox 3518 1196 3705 1237; x_wconf 80' lang='lat' dir='ltr'><strong>sacra-</strong></span> 
     </span>
    </p>
   </div>
   <div class='ocr_carea' id='block_1_42' title="bbox 2116 1269 3706 1340">
    <p class='ocr_par' dir='ltr' id='par_1_42' title="bbox 2116 1269 3706 1340">
     <span class='ocr_line' id='line_1_42' title="bbox 2116 1269 3706 1340; baseline 0.001 -18"><span class='ocrx_word' id='word_1_296' title='bbox 2116 1276 2297 1322; x_wconf 89' lang='lat' dir='ltr'><strong>menta</strong></span> <span class='ocrx_word' id='word_1_297' title='bbox 2324 1269 2403 1323; x_wconf 91' lang='lat' dir='ltr'><strong>eis</strong></span> <span class='ocrx_word' id='word_1_298' title='bbox 2431 1284 2549 1339; x_wconf 76' lang='lat' dir='ltr'><strong>quze</strong></span> <span class='ocrx_word' id='word_1_299' title='bbox 2582 1284 2678 1338; x_wconf 89' lang='lat' dir='ltr'><strong>per</strong></span> <span class='ocrx_word' id='word_1_300' title='bbox 2703 1269 2959 1324; x_wconf 89' lang='lat' dir='ltr'><strong>mundum</strong></span> <span class='ocrx_word' id='word_1_301' title='bbox 2985 1271 3275 1340; x_wconf 80' lang='lat' dir='ltr'><strong>praedicent</strong></span> <span class='ocrx_word' id='word_1_302' title='bbox 3296 1270 3569 1340; x_wconf 86' lang='lat' dir='ltr'><strong>patefacit,</strong></span> <span class='ocrx_word' id='word_1_303' title='bbox 3594 1270 3706 1324; x_wconf 83' lang='lat' dir='ltr'><strong>lar-</strong></span> 
     </span>
    </p>
   </div>
   <div class='ocr_carea' id='block_1_43' title="bbox 2114 1358 3705 1428">
    <p class='ocr_par' dir='ltr' id='par_1_43' title="bbox 2114 1358 3705 1428">
     <span class='ocr_line' id='line_1_43' title="bbox 2114 1358 3705 1428; baseline 0.003 -16"><span class='ocrx_word' id='word_1_304' title='bbox 2114 1360 2255 1428; x_wconf 88' lang='lat' dir='ltr'><strong>gitor</strong></span> <span class='ocrx_word' id='word_1_305' title='bbox 2295 1360 2533 1413; x_wconf 88' lang='lat' dir='ltr'><strong>omnium</strong></span> <span class='ocrx_word' id='word_1_306' title='bbox 2561 1358 2825 1413; x_wconf 89' lang='lat' dir='ltr'><strong>bonorum</strong></span> <span class='ocrx_word' id='word_1_307' title='bbox 2857 1358 3116 1415; x_wconf 88' lang='lat' dir='ltr'><strong>Dominus</strong></span> <span class='ocrx_word' id='word_1_308' title='bbox 3146 1371 3329 1415; x_wconf 88' lang='lat' dir='ltr'><strong>noster</strong></span> <span class='ocrx_word' id='word_1_309' title='bbox 3365 1359 3519 1417; x_wconf 83' lang='lat' dir='ltr'><strong>Jesus</strong></span> <span class='ocrx_word' id='word_1_310' title='bbox 3542 1361 3705 1417; x_wconf 84' lang='lat' dir='ltr'><strong>Chri-</strong></span> 
     </span>
    </p>
   </div>
   <div class='ocr_carea' id='block_1_44' title="bbox 2115 1449 3705 1519">
    <p class='ocr_par' dir='ltr' id='par_1_44' title="bbox 2115 1449 3705 1519">
     <span class='ocr_line' id='line_1_44' title="bbox 2115 1449 3705 1519; baseline 0.001 -17"><span class='ocrx_word' id='word_1_311' title='bbox 2115 1457 2252 1514; x_wconf 89' lang='lat' dir='ltr'><strong>stus,</strong></span> <span class='ocrx_word' id='word_1_312' title='bbox 2283 1449 2374 1519; x_wconf 92' lang='lat' dir='ltr'><strong>qui</strong></span> <span class='ocrx_word' id='word_1_313' title='bbox 2402 1465 2523 1505; x_wconf 88' lang='lat' dir='ltr'><strong>cum</strong></span> <span class='ocrx_word' id='word_1_314' title='bbox 2553 1449 2711 1505; x_wconf 87' lang='lat' dir='ltr'><strong>Patre</strong></span> <span class='ocrx_word' id='word_1_315' title='bbox 2740 1458 2794 1504; x_wconf 90' lang='lat' dir='ltr'><strong>et</strong></span> <span class='ocrx_word' id='word_1_316' title='bbox 2828 1449 3032 1518; x_wconf 88' lang='lat' dir='ltr'><strong>Spiritu</strong></span> <span class='ocrx_word' id='word_1_317' title='bbox 3056 1460 3245 1504; x_wconf 90' lang='lat' dir='ltr'><strong>sancto</strong></span> <span class='ocrx_word' id='word_1_318' title='bbox 3272 1451 3404 1505; x_wconf 86' lang='lat' dir='ltr'><strong>vivit</strong></span> <span class='ocrx_word' id='word_1_319' title='bbox 3430 1461 3484 1506; x_wconf 90' lang='lat' dir='ltr'><strong>et</strong></span> <span class='ocrx_word' id='word_1_320' title='bbox 3513 1458 3705 1519; x_wconf 86' lang='lat' dir='ltr'><strong>regnat</strong></span> 
     </span>
    </p>
   </div>
   <div class='ocr_carea' id='block_1_45' title="bbox 2115 1539 3387 1611">
    <p class='ocr_par' dir='ltr' id='par_1_45' title="bbox 2115 1539 3387 1611">
     <span class='ocr_line' id='line_1_45' title="bbox 2115 1539 3387 1611; baseline 0.001 -19"><span class='ocrx_word' id='word_1_321' title='bbox 2115 1539 2256 1595; x_wconf 90' lang='lat' dir='ltr'><strong>Deus</strong></span> <span class='ocrx_word' id='word_1_322' title='bbox 2282 1555 2378 1611; x_wconf 90' lang='lat' dir='ltr'><strong>per</strong></span> <span class='ocrx_word' id='word_1_323' title='bbox 2404 1540 2585 1595; x_wconf 87' lang='lat' dir='ltr'><strong>omnia</strong></span> <span class='ocrx_word' id='word_1_324' title='bbox 2608 1540 2802 1595; x_wconf 69' lang='lat' dir='ltr'><strong>saecula</strong></span> <span class='ocrx_word' id='word_1_325' title='bbox 2833 1540 3171 1594; x_wconf 66' lang='lat' dir='ltr'><strong>saeculorum.</strong></span> <span class='ocrx_word' id='word_1_326' title='bbox 3198 1540 3387 1594; x_wconf 90' lang='lat' dir='ltr'><strong>Amen.</strong></span> 
     </span>
    </p>
   </div>
   <div class='ocr_carea' id='block_1_46' title="bbox 2598 1650 3201 1708">
    <p class='ocr_par' dir='ltr' id='par_1_46' title="bbox 2598 1650 3201 1708">
     <span class='ocr_line' id='line_1_46' title="bbox 2598 1650 3201 1708; baseline 0 -4"><span class='ocrx_word' id='word_1_327' title='bbox 2598 1650 2879 1708; x_wconf 77' lang='lat' dir='ltr'><strong>HOMILIA</strong></span> <span class='ocrx_word' id='word_1_328' title='bbox 2917 1650 3201 1705; x_wconf 77' lang='lat' dir='ltr'><strong>LXXXVI.</strong></span> 
     </span>
    </p>
   </div>
   <div class='ocr_carea' id='block_1_47' title="bbox 2772 1755 3039 1795">
    <p class='ocr_par' dir='ltr' id='par_1_47' title="bbox 2772 1755 3039 1795">
     <span class='ocr_line' id='line_1_47' title="bbox 2772 1755 3039 1795; baseline -0.015 0"><span class='ocrx_word' id='word_1_329' title='bbox 2772 1756 2925 1795; x_wconf 71' lang='lat' dir='ltr'><strong>FERIA</strong></span> <span class='ocrx_word' id='word_1_330' title='bbox 2965 1755 3039 1793; x_wconf 77' lang='grc' dir='ltr'><strong>γι.</strong></span> 
     </span>
    </p>
   </div>
   <div class='ocr_carea' id='block_1_48' title="bbox 2552 1831 3247 1903">
    <p class='ocr_par' dir='ltr' id='par_1_48' title="bbox 2552 1831 3247 1903">
     <span class='ocr_line' id='line_1_48' title="bbox 2552 1831 3247 1903; baseline 0 -16"><span class='ocrx_word' id='word_1_331' title='bbox 2552 1834 2733 1888; x_wconf 85' lang='lat' dir='ltr'><strong>Lectio</strong></span> <span class='ocrx_word' id='word_1_332' title='bbox 2758 1831 2922 1888; x_wconf 86' lang='lat' dir='ltr'><strong>Joelis</strong></span> <span class='ocrx_word' id='word_1_333' title='bbox 2951 1835 3247 1903; x_wconf 65' lang='lat' dir='ltr'><strong>prophetm.</strong></span> 
     </span>
    </p>
   </div>
   <div class='ocr_carea' id='block_1_49' title="bbox 2180 1924 3699 1994">
    <p class='ocr_par' dir='ltr' id='par_1_49' title="bbox 2180 1924 3699 1994">
     <span class='ocr_line' id='line_1_49' title="bbox 2180 1924 3699 1994; baseline -0.001 -15"><span class='ocrx_word' id='word_1_334' title='bbox 2180 1924 2310 1979; x_wconf 72' lang='lat' dir='ltr'><strong>Ilmc</strong></span> <span class='ocrx_word' id='word_1_335' title='bbox 2339 1924 2465 1978; x_wconf 85' lang='lat' dir='ltr'><strong>dicit</strong></span> <span class='ocrx_word' id='word_1_336' title='bbox 2487 1924 2741 1979; x_wconf 79' lang='lat' dir='ltr'><strong>Dominus</strong></span> <span class='ocrx_word' id='word_1_337' title='bbox 2772 1925 2910 1979; x_wconf 84' lang='lat' dir='ltr'><strong>Deus</strong></span> <span class='ocrx_word' id='word_1_338' title='bbox 2936 1942 2952 1978; x_wconf 90' lang='lat'><em>:</em></span> <span class='ocrx_word' id='word_1_339' title='bbox 2982 1924 3277 1991; x_wconf 71' lang='lat' dir='ltr'><strong>Exsultate,</strong></span> <span class='ocrx_word' id='word_1_340' title='bbox 3300 1926 3427 1994; x_wconf 67' lang='lat' dir='ltr'><strong>ﬁlia:</strong></span> <span class='ocrx_word' id='word_1_341' title='bbox 3451 1925 3601 1990; x_wconf 70' lang='lat' dir='ltr'><strong>Sion,</strong></span> <span class='ocrx_word' id='word_1_342' title='bbox 3648 1936 3699 1979; x_wconf 83' lang='lat' dir='ltr'><strong>et</strong></span> 
     </span>
    </p>
   </div>
   <div class='ocr_carea' id='block_1_50' title="bbox 2108 2014 3699 2085">
    <p class='ocr_par' dir='ltr' id='par_1_50' title="bbox 2108 2014 3699 2085">
     <span class='ocr_line' id='line_1_50' title="bbox 2108 2014 3699 2085; baseline -0.003 -13"><span class='ocrx_word' id='word_1_343' title='bbox 2108 2017 2361 2072; x_wconf 74' lang='lat' dir='ltr'><strong>lwtamini</strong></span> <span class='ocrx_word' id='word_1_344' title='bbox 2403 2016 2457 2069; x_wconf 88' lang='lat' dir='ltr'><strong>in</strong></span> <span class='ocrx_word' id='word_1_345' title='bbox 2512 2015 2736 2069; x_wconf 82' lang='lat' dir='ltr'><strong>Domino</strong></span> <span class='ocrx_word' id='word_1_346' title='bbox 2782 2014 2891 2068; x_wconf 89' lang='lat' dir='ltr'><strong>Deo</strong></span> <span class='ocrx_word' id='word_1_347' title='bbox 2935 2025 3129 2080; x_wconf 84' lang='lat' dir='ltr'><strong>vestro,</strong></span> <span class='ocrx_word' id='word_1_348' title='bbox 3190 2015 3313 2085; x_wconf 86' lang='lat' dir='ltr'><strong>quia</strong></span> <span class='ocrx_word' id='word_1_349' title='bbox 3370 2015 3509 2069; x_wconf 86' lang='lat' dir='ltr'><strong>dedit</strong></span> <span class='ocrx_word' id='word_1_350' title='bbox 3555 2016 3699 2070; x_wconf 84' lang='lat' dir='ltr'><strong>vobis</strong></span> 
     </span>
    </p>
   </div>
   <div class='ocr_carea' id='block_1_51' title="bbox 2106 2102 3700 2174">
    <p class='ocr_par' dir='ltr' id='par_1_51' title="bbox 2106 2102 3700 2174">
     <span class='ocr_line' id='line_1_51' title="bbox 2106 2102 3700 2174; baseline -0.003 -15"><span class='ocrx_word' id='word_1_351' title='bbox 2106 2105 2368 2159; x_wconf 89' lang='lat' dir='ltr'><strong>doctorem</strong></span> <span class='ocrx_word' id='word_1_352' title='bbox 2395 2104 2659 2174; x_wconf 76' lang='lat' dir='ltr'><strong>justitire,</strong></span> <span class='ocrx_word' id='word_1_353' title='bbox 2698 2112 2747 2157; x_wconf 91' lang='lat' dir='ltr'><strong>et</strong></span> <span class='ocrx_word' id='word_1_354' title='bbox 2786 2102 3095 2157; x_wconf 83' lang='lat' dir='ltr'><strong>descendere</strong></span> <span class='ocrx_word' id='word_1_355' title='bbox 3144 2102 3301 2172; x_wconf 79' lang='lat' dir='ltr'><strong>faciet</strong></span> <span class='ocrx_word' id='word_1_356' title='bbox 3347 2103 3415 2156; x_wconf 87' lang='lat' dir='ltr'><strong>ad</strong></span> <span class='ocrx_word' id='word_1_357' title='bbox 3456 2120 3544 2157; x_wconf 86' lang='lat' dir='ltr'><strong>vos</strong></span> <span class='ocrx_word' id='word_1_358' title='bbox 3598 2104 3700 2155; x_wconf 87' lang='lat' dir='ltr'><strong>im-</strong></span> 
     </span>
    </p>
   </div>
   <div class='ocr_carea' id='block_1_52' title="bbox 2107 2190 3702 2260">
    <p class='ocr_par' dir='ltr' id='par_1_52' title="bbox 2107 2190 3702 2260">
     <span class='ocr_line' id='line_1_52' title="bbox 2107 2190 3702 2260; baseline -0.003 -13"><span class='ocrx_word' id='word_1_359' title='bbox 2107 2194 2245 2247; x_wconf 87' lang='lat' dir='ltr'><strong>brem</strong></span> <span class='ocrx_word' id='word_1_360' title='bbox 2300 2192 2615 2248; x_wconf 84' lang='lat' dir='ltr'><strong>matutinum</strong></span> <span class='ocrx_word' id='word_1_361' title='bbox 2651 2202 2700 2245; x_wconf 91' lang='lat' dir='ltr'><strong>et</strong></span> <span class='ocrx_word' id='word_1_362' title='bbox 2737 2190 3051 2255; x_wconf 82' lang='lat' dir='ltr'><strong>serotinum,</strong></span> <span class='ocrx_word' id='word_1_363' title='bbox 3098 2200 3157 2243; x_wconf 88' lang='lat' dir='ltr'><strong>ut</strong></span> <span class='ocrx_word' id='word_1_364' title='bbox 3201 2191 3257 2244; x_wconf 90' lang='lat' dir='ltr'><strong>in</strong></span> <span class='ocrx_word' id='word_1_365' title='bbox 3294 2191 3570 2260; x_wconf 86' lang='lat' dir='ltr'><strong>principio.</strong></span> <span class='ocrx_word' id='word_1_366' title='bbox 3624 2190 3702 2244; x_wconf 82' lang='lat' dir='ltr'><strong>Et</strong></span> 
     </span>
    </p>
   </div>
   <div class='ocr_carea' id='block_1_53' title="bbox 2106 2278 3701 2351">
    <p class='ocr_par' dir='ltr' id='par_1_53' title="bbox 2106 2278 3701 2351">
     <span class='ocr_line' id='line_1_53' title="bbox 2106 2278 3701 2351; baseline -0.002 -16"><span class='ocrx_word' id='word_1_367' title='bbox 2106 2281 2456 2351; x_wconf 82' lang='lat' dir='ltr'><strong>implebantur</strong></span> <span class='ocrx_word' id='word_1_368' title='bbox 2499 2283 2687 2334; x_wconf 83' lang='lat' dir='ltr'><strong>horrea</strong></span> <span class='ocrx_word' id='word_1_369' title='bbox 2724 2279 3006 2349; x_wconf 85' lang='lat' dir='ltr'><strong>frumento,</strong></span> <span class='ocrx_word' id='word_1_370' title='bbox 3038 2288 3085 2332; x_wconf 88' lang='lat' dir='ltr'><strong>et</strong></span> <span class='ocrx_word' id='word_1_371' title='bbox 3115 2278 3476 2333; x_wconf 84' lang='lat' dir='ltr'><strong>redundabant</strong></span> <span class='ocrx_word' id='word_1_372' title='bbox 3520 2288 3701 2333; x_wconf 87' lang='lat' dir='ltr'><strong>torcu-</strong></span> 
     </span>
    </p>
   </div>
   <div class='ocr_carea' id='block_1_54' title="bbox 2105 2368 3698 2439">
    <p class='ocr_par' dir='ltr' id='par_1_54' title="bbox 2105 2368 3698 2439">
     <span class='ocr_line' id='line_1_54' title="bbox 2105 2368 3698 2439; baseline -0.003 -14"><span class='ocrx_word' id='word_1_373' title='bbox 2105 2372 2241 2425; x_wconf 87' lang='lat' dir='ltr'><strong>laria</strong></span> <span class='ocrx_word' id='word_1_374' title='bbox 2286 2372 2402 2426; x_wconf 80' lang='lat' dir='ltr'><strong>vino</strong></span> <span class='ocrx_word' id='word_1_375' title='bbox 2450 2382 2498 2425; x_wconf 91' lang='lat' dir='ltr'><strong>et</strong></span> <span class='ocrx_word' id='word_1_376' title='bbox 2534 2369 2666 2425; x_wconf 86' lang='lat' dir='ltr'><strong>oleo.</strong></span> <span class='ocrx_word' id='word_1_377' title='bbox 2712 2370 2780 2423; x_wconf 88' lang='lat' dir='ltr'><strong>Et</strong></span> <span class='ocrx_word' id='word_1_378' title='bbox 2821 2368 3034 2423; x_wconf 83' lang='lat' dir='ltr'><strong>reddam</strong></span> <span class='ocrx_word' id='word_1_379' title='bbox 3063 2369 3201 2422; x_wconf 81' lang='lat' dir='ltr'><strong>vobis</strong></span> <span class='ocrx_word' id='word_1_380' title='bbox 3242 2374 3407 2422; x_wconf 90' lang='lat' dir='ltr'><strong>annos</strong></span> <span class='ocrx_word' id='word_1_381' title='bbox 3438 2385 3565 2439; x_wconf 87' lang='lat' dir='ltr'><strong>quos</strong></span> <span class='ocrx_word' id='word_1_382' title='bbox 3601 2384 3698 2421; x_wconf 83' lang='lat' dir='ltr'><strong>co-</strong></span> 
     </span>
    </p>
   </div>
   <div class='ocr_carea' id='block_1_55' title="bbox 2103 2456 3700 2526">
    <p class='ocr_par' dir='ltr' id='par_1_55' title="bbox 2103 2456 3700 2526">
     <span class='ocr_line' id='line_1_55' title="bbox 2103 2456 3700 2526; baseline -0.003 -12"><span class='ocrx_word' id='word_1_383' title='bbox 2103 2460 2260 2515; x_wconf 88' lang='lat' dir='ltr'><strong>medit</strong></span> <span class='ocrx_word' id='word_1_384' title='bbox 2298 2460 2530 2525; x_wconf 89' lang='lat' dir='ltr'><strong>locusta,</strong></span> <span class='ocrx_word' id='word_1_385' title='bbox 2574 2458 2820 2523; x_wconf 85' lang='lat' dir='ltr'><strong>bruchus,</strong></span> <span class='ocrx_word' id='word_1_386' title='bbox 2861 2469 2909 2511; x_wconf 87' lang='lat' dir='ltr'><strong>et</strong></span> <span class='ocrx_word' id='word_1_387' title='bbox 2950 2458 3152 2526; x_wconf 83' lang='lat' dir='ltr'><strong>rubigo,</strong></span> <span class='ocrx_word' id='word_1_388' title='bbox 3203 2466 3252 2511; x_wconf 89' lang='lat' dir='ltr'><strong>et</strong></span> <span class='ocrx_word' id='word_1_389' title='bbox 3300 2472 3491 2510; x_wconf 85' lang='lat' dir='ltr'><strong>eruca:</strong></span> <span class='ocrx_word' id='word_1_390' title='bbox 3542 2456 3700 2524; x_wconf 65' lang='lat' dir='ltr'><strong>forti»-</strong></span> 
     </span>
    </p>
   </div>
   <div class='ocr_carea' id='block_1_56' title="bbox 2104 2545 3699 2621">
    <p class='ocr_par' dir='ltr' id='par_1_56' title="bbox 2104 2545 3699 2621">
     <span class='ocr_line' id='line_1_56' title="bbox 2104 2545 3699 2621; baseline -0.004 -14"><span class='ocrx_word' id='word_1_391' title='bbox 2104 2554 2230 2606; x_wconf 90' lang='lat' dir='ltr'><strong>tudo</strong></span> <span class='ocrx_word' id='word_1_392' title='bbox 2274 2569 2388 2607; x_wconf 90' lang='lat' dir='ltr'><strong>mea</strong></span> <span class='ocrx_word' id='word_1_393' title='bbox 2433 2567 2646 2621; x_wconf 84' lang='lat' dir='ltr'><strong>magna,</strong></span> <span class='ocrx_word' id='word_1_394' title='bbox 2694 2565 2848 2621; x_wconf 89' lang='lat' dir='ltr'><strong>quam</strong></span> <span class='ocrx_word' id='word_1_395' title='bbox 2890 2548 3009 2602; x_wconf 83' lang='lat' dir='ltr'><strong>misi</strong></span> <span class='ocrx_word' id='word_1_396' title='bbox 3047 2548 3102 2600; x_wconf 90' lang='lat' dir='ltr'><strong>in</strong></span> <span class='ocrx_word' id='word_1_397' title='bbox 3146 2563 3254 2601; x_wconf 81' lang='lat' dir='ltr'><strong>vos.</strong></span> <span class='ocrx_word' id='word_1_398' title='bbox 3301 2545 3369 2600; x_wconf 86' lang='lat' dir='ltr'><strong>Et</strong></span> <span class='ocrx_word' id='word_1_399' title='bbox 3417 2547 3699 2601; x_wconf 82' lang='lat' dir='ltr'><strong>comedetis</strong></span> 
     </span>
    </p>
   </div>
   <div class='ocr_carea' id='block_1_57' title="bbox 2104 2638 3700 2706">
    <p class='ocr_par' dir='ltr' id='par_1_57' title="bbox 2104 2638 3700 2706">
     <span class='ocr_line' id='line_1_57' title="bbox 2104 2638 3700 2706; baseline -0.006 -7"><span class='ocrx_word' id='word_1_400' title='bbox 2104 2654 2358 2700; x_wconf 80' lang='lat' dir='ltr'><strong>vescentes</strong></span> <span class='ocrx_word' id='word_1_401' title='bbox 2395 2652 2442 2698; x_wconf 90' lang='lat' dir='ltr'><strong>et</strong></span> <span class='ocrx_word' id='word_1_402' title='bbox 2481 2641 2879 2706; x_wconf 87' lang='lat' dir='ltr'><strong>saturabimini,</strong></span> <span class='ocrx_word' id='word_1_403' title='bbox 2916 2650 2963 2693; x_wconf 89' lang='lat' dir='ltr'><strong>et</strong></span> <span class='ocrx_word' id='word_1_404' title='bbox 3006 2639 3291 2693; x_wconf 82' lang='lat' dir='ltr'><strong>laudabitis</strong></span> <span class='ocrx_word' id='word_1_405' title='bbox 3344 2654 3530 2691; x_wconf 89' lang='lat' dir='ltr'><strong>nomen</strong></span> <span class='ocrx_word' id='word_1_406' title='bbox 3585 2638 3700 2690; x_wconf 90' lang='lat' dir='ltr'><strong>Do-</strong></span> 
     </span>
    </p>
   </div>
   <div class='ocr_carea' id='block_1_58' title="bbox 2101 2728 3691 2803">
    <p class='ocr_par' dir='ltr' id='par_1_58' title="bbox 2101 2728 3691 2803">
     <span class='ocr_line' id='line_1_58' title="bbox 2101 2728 3691 2803; baseline -0.005 -15"><span class='ocrx_word' id='word_1_407' title='bbox 2101 2738 2231 2790; x_wconf 87' lang='lat' dir='ltr'><strong>mini</strong></span> <span class='ocrx_word' id='word_1_408' title='bbox 2257 2735 2355 2790; x_wconf 89' lang='lat' dir='ltr'><strong>Dei</strong></span> <span class='ocrx_word' id='word_1_409' title='bbox 2384 2734 2556 2797; x_wconf 88' lang='lat' dir='ltr'><strong>vestri,</strong></span> <span class='ocrx_word' id='word_1_410' title='bbox 2577 2733 2665 2803; x_wconf 85' lang='lat' dir='ltr'><strong>qui</strong></span> <span class='ocrx_word' id='word_1_411' title='bbox 2699 2733 2817 2803; x_wconf 87' lang='lat' dir='ltr'><strong>fecit</strong></span> <span class='ocrx_word' id='word_1_412' title='bbox 2856 2731 3117 2785; x_wconf 85' lang='lat' dir='ltr'><strong>vobiscum</strong></span> <span class='ocrx_word' id='word_1_413' title='bbox 3156 2728 3419 2782; x_wconf 88' lang='lat' dir='ltr'><strong>mirabilia</strong></span> <span class='ocrx_word' id='word_1_414' title='bbox 3449 2742 3464 2778; x_wconf 90' lang='lat'><strong><em>:</em></strong></span> <span class='ocrx_word' id='word_1_415' title='bbox 3504 2737 3552 2780; x_wconf 89' lang='lat' dir='ltr'><strong>et</strong></span> <span class='ocrx_word' id='word_1_416' title='bbox 3582 2743 3691 2780; x_wconf 89' lang='lat' dir='ltr'><strong>non</strong></span> 
     </span>
    </p>
   </div>
   <div class='ocr_carea' id='block_1_59' title="bbox 2102 2816 3694 2892">
    <p class='ocr_par' dir='ltr' id='par_1_59' title="bbox 2102 2816 3694 2892">
     <span class='ocr_line' id='line_1_59' title="bbox 2102 2816 3694 2892; baseline -0.006 -15"><span class='ocrx_word' id='word_1_417' title='bbox 2102 2823 2449 2892; x_wconf 72' lang='lat' dir='ltr'><strong>confundetur</strong></span> <span class='ocrx_word' id='word_1_418' title='bbox 2478 2822 2696 2891; x_wconf 82' lang='lat' dir='ltr'><strong>populus</strong></span> <span class='ocrx_word' id='word_1_419' title='bbox 2726 2836 2871 2873; x_wconf 89' lang='lat' dir='ltr'><strong>meus</strong></span> <span class='ocrx_word' id='word_1_420' title='bbox 2903 2821 2959 2873; x_wconf 90' lang='lat' dir='ltr'><strong>in</strong></span> <span class='ocrx_word' id='word_1_421' title='bbox 2997 2819 3387 2888; x_wconf 88' lang='lat' dir='ltr'><strong>sempiternum.</strong></span> <span class='ocrx_word' id='word_1_422' title='bbox 3433 2816 3499 2870; x_wconf 86' lang='lat' dir='ltr'><strong>Et</strong></span> <span class='ocrx_word' id='word_1_423' title='bbox 3529 2816 3694 2869; x_wconf 86' lang='lat' dir='ltr'><strong>scient</strong></span> 
     </span>
    </p>
   </div>
   <div class='ocr_carea' id='block_1_60' title="bbox 2099 2905 3696 2983">
    <p class='ocr_par' dir='ltr' id='par_1_60' title="bbox 2099 2905 3696 2983">
     <span class='ocr_line' id='line_1_60' title="bbox 2099 2905 3696 2983; baseline -0.005 -16"><span class='ocrx_word' id='word_1_424' title='bbox 2099 2916 2224 2983; x_wconf 86' lang='lat' dir='ltr'><strong>quia</strong></span> <span class='ocrx_word' id='word_1_425' title='bbox 2258 2914 2314 2966; x_wconf 86' lang='lat' dir='ltr'><strong>in</strong></span> <span class='ocrx_word' id='word_1_426' title='bbox 2343 2912 2510 2966; x_wconf 84' lang='lat' dir='ltr'><strong>medio</strong></span> <span class='ocrx_word' id='word_1_427' title='bbox 2540 2910 2709 2965; x_wconf 80' lang='lat' dir='ltr'><strong>Israel</strong></span> <span class='ocrx_word' id='word_1_428' title='bbox 2743 2926 2834 2980; x_wconf 88' lang='lat' dir='ltr'><strong>ego</strong></span> <span class='ocrx_word' id='word_1_429' title='bbox 2862 2925 2979 2964; x_wconf 88' lang='lat' dir='ltr'><strong>sum</strong></span> <span class='ocrx_word' id='word_1_430' title='bbox 3007 2925 3025 2962; x_wconf 91' lang='lat'><strong><em>:</em></strong></span> <span class='ocrx_word' id='word_1_431' title='bbox 3055 2918 3104 2962; x_wconf 88' lang='lat' dir='ltr'><strong>et</strong></span> <span class='ocrx_word' id='word_1_432' title='bbox 3131 2924 3222 2978; x_wconf 86' lang='lat' dir='ltr'><strong>ego</strong></span> <span class='ocrx_word' id='word_1_433' title='bbox 3258 2906 3510 2960; x_wconf 87' lang='lat' dir='ltr'><strong>Dominus</strong></span> <span class='ocrx_word' id='word_1_434' title='bbox 3550 2905 3696 2959; x_wconf 82' lang='lat' dir='ltr'><strong>Deus</strong></span> 
     </span>
    </p>
   </div>
   <div class='ocr_carea' id='block_1_61' title="bbox 2101 2996 3697 3069">
    <p class='ocr_par' dir='ltr' id='par_1_61' title="bbox 2101 2996 3697 3069">
     <span class='ocr_line' id='line_1_61' title="bbox 2101 2996 3697 3069; baseline -0.006 -12"><span class='ocrx_word' id='word_1_435' title='bbox 2101 3011 2295 3067; x_wconf 82' lang='lat' dir='ltr'><strong>vester,</strong></span> <span class='ocrx_word' id='word_1_436' title='bbox 2326 3011 2373 3055; x_wconf 88' lang='lat' dir='ltr'><strong>et</strong></span> <span class='ocrx_word' id='word_1_437' title='bbox 2418 3018 2520 3054; x_wconf 89' lang='lat' dir='ltr'><strong>non</strong></span> <span class='ocrx_word' id='word_1_438' title='bbox 2563 3009 2655 3054; x_wconf 85' lang='lat' dir='ltr'><strong>est</strong></span> <span class='ocrx_word' id='word_1_439' title='bbox 2683 2998 2938 3069; x_wconf 87' lang='lat' dir='ltr'><strong>amplius,</strong></span> <span class='ocrx_word' id='word_1_440' title='bbox 2983 3006 3033 3051; x_wconf 90' lang='lat' dir='ltr'><strong>et</strong></span> <span class='ocrx_word' id='word_1_441' title='bbox 3078 3014 3181 3051; x_wconf 91' lang='lat' dir='ltr'><strong>non</strong></span> <span class='ocrx_word' id='word_1_442' title='bbox 3219 2996 3569 3065; x_wconf 84' lang='lat' dir='ltr'><strong>confundetur</strong></span> <span class='ocrx_word' id='word_1_443' title='bbox 3594 3011 3697 3064; x_wconf 85' lang='lat' dir='ltr'><strong>pa-</strong></span> 
     </span>
    </p>
   </div>
   <div class='ocr_carea' id='block_1_62' title="bbox 2101 3090 2812 3167">
    <p class='ocr_par' dir='ltr' id='par_1_62' title="bbox 2101 3090 2812 3167">
     <span class='ocr_line' id='line_1_62' title="bbox 2101 3090 2812 3167; baseline -0.004 -23"><span class='ocrx_word' id='word_1_444' title='bbox 2101 3091 2255 3163; x_wconf 83' lang='lat' dir='ltr'><strong>pulus</strong></span> <span class='ocrx_word' id='word_1_445' title='bbox 2284 3107 2426 3145; x_wconf 85' lang='lat' dir='ltr'><strong>meus</strong></span> <span class='ocrx_word' id='word_1_446' title='bbox 2454 3090 2510 3143; x_wconf 88' lang='lat' dir='ltr'><strong>in</strong></span> <span class='ocrx_word' id='word_1_447' title='bbox 2539 3100 2812 3167; x_wconf 64' lang='lat' dir='ltr'><strong>internum.</strong></span> 
     </span>
    </p>
   </div>
   <div class='ocr_carea' id='block_1_63' title="bbox 413 3158 2008 3250">
    <p class='ocr_par' dir='ltr' id='par_1_63' title="bbox 413 3158 2001 3231">
     <span class='ocr_line' id='line_1_63' title="bbox 413 3158 2001 3231; baseline -0.001 -14"><span class='ocrx_word' id='word_1_448' title='bbox 413 3162 520 3217; x_wconf 88' lang='lat' dir='ltr'><strong>huc</strong></span> <span class='ocrx_word' id='word_1_449' title='bbox 549 3158 738 3217; x_wconf 89' lang='lat' dir='ltr'><strong>habitu</strong></span> <span class='ocrx_word' id='word_1_450' title='bbox 775 3160 933 3231; x_wconf 91' lang='lat' dir='ltr'><strong>positi</strong></span> <span class='ocrx_word' id='word_1_451' title='bbox 970 3159 1334 3214; x_wconf 83' lang='lat' dir='ltr'><strong>exterioribus</strong></span> <span class='ocrx_word' id='word_1_452' title='bbox 1376 3174 1495 3230; x_wconf 73' lang='lat' dir='ltr'><strong>qua:</strong></span> <span class='ocrx_word' id='word_1_453' title='bbox 1540 3161 1820 3231; x_wconf 86' lang='lat' dir='ltr'><strong>possident</strong></span> <span class='ocrx_word' id='word_1_454' title='bbox 1865 3160 2001 3215; x_wconf 89' lang='lat' dir='ltr'><strong>bene</strong></span> 
     </span>
    </p>
   </div>
   <div class='ocr_carea' id='block_1_64' title="bbox 2112 3158 3692 3250">
    <p class='ocr_par' dir='ltr' id='par_1_64' title="bbox 2175 3158 3692 3250">
     <span class='ocr_line' id='line_1_64' title="bbox 2175 3158 3692 3250; baseline -0.009 -12"><span class='ocrx_word' id='word_1_455' title='bbox 2175 3183 2349 3246; x_wconf 85' lang='lat' dir='ltr'><strong>Dedit,</strong></span> <span class='ocrx_word' id='word_1_456' title='bbox 2384 3180 2577 3250; x_wconf 86' lang='lat' dir='ltr'><strong>inquit,</strong></span> <span class='ocrx_word' id='word_1_457' title='bbox 2601 3158 2752 3234; x_wconf 69' lang='lat' dir='ltr'><strong>vobis</strong></span> <span class='ocrx_word' id='word_1_458' title='bbox 2778 3180 2921 3233; x_wconf 88' lang='lat' dir='ltr'><strong>Deus</strong></span> <span class='ocrx_word' id='word_1_459' title='bbox 2948 3176 3113 3232; x_wconf 89' lang='lat' dir='ltr'><strong>Pater</strong></span> <span class='ocrx_word' id='word_1_460' title='bbox 3142 3176 3415 3232; x_wconf 88' lang='lat' dir='ltr'><strong>doctorem</strong></span> <span class='ocrx_word' id='word_1_461' title='bbox 3442 3173 3692 3243; x_wconf 68' lang='lat' dir='ltr'><strong>justiti-.12,</strong></span> 
     </span>
    </p>
   </div>
   <div class='ocr_carea' id='block_1_65' title="bbox 416 3250 2000 3321">
    <p class='ocr_par' dir='ltr' id='par_1_65' title="bbox 416 3250 2000 3321">
     <span class='ocr_line' id='line_1_65' title="bbox 416 3250 2000 3321; baseline -0.001 -16"><span class='ocrx_word' id='word_1_462' title='bbox 416 3253 495 3307; x_wconf 88' lang='lat' dir='ltr'><strong>uti</strong></span> <span class='ocrx_word' id='word_1_463' title='bbox 537 3250 965 3320; x_wconf 75' lang='lat' dir='ltr'><strong>nm&#39;eruntzqui</strong></span> <span class='ocrx_word' id='word_1_464' title='bbox 1017 3259 1167 3306; x_wconf 89' lang='lat' dir='ltr'><strong>recte</strong></span> <span class='ocrx_word' id='word_1_465' title='bbox 1216 3250 1453 3320; x_wconf 90' lang='lat' dir='ltr'><strong>quinque</strong></span> <span class='ocrx_word' id='word_1_466' title='bbox 1492 3250 1721 3321; x_wconf 88' lang='lat' dir='ltr'><strong>panibus</strong></span> <span class='ocrx_word' id='word_1_467' title='bbox 1767 3250 2000 3314; x_wconf 87' lang='lat' dir='ltr'><strong>aluntur,</strong></span> 
     </span>
    </p>
   </div>
   <div class='ocr_carea' id='block_1_66' title="bbox 412 3344 2006 3416">
    <p class='ocr_par' dir='ltr' id='par_1_66' title="bbox 412 3344 2006 3416">
     <span class='ocr_line' id='line_1_66' title="bbox 412 3344 2006 3416; baseline -0.001 -15"><span class='ocrx_word' id='word_1_468' title='bbox 412 3347 541 3412; x_wconf 83' lang='lat' dir='ltr'><strong>quia</strong></span> <span class='ocrx_word' id='word_1_469' title='bbox 570 3346 707 3402; x_wconf 86' lang='lat' dir='ltr'><strong>tales</strong></span> <span class='ocrx_word' id='word_1_470' title='bbox 748 3360 971 3401; x_wconf 88' lang='lat' dir='ltr'><strong>necesse</strong></span> <span class='ocrx_word' id='word_1_471' title='bbox 1000 3354 1082 3402; x_wconf 90' lang='lat' dir='ltr'><strong>est</strong></span> <span class='ocrx_word' id='word_1_472' title='bbox 1110 3344 1371 3416; x_wconf 72' lang='lat' dir='ltr'><strong>legalibus</strong></span> <span class='ocrx_word' id='word_1_473' title='bbox 1396 3345 1573 3401; x_wconf 90' lang='lat' dir='ltr'><strong>adhuc</strong></span> <span class='ocrx_word' id='word_1_474' title='bbox 1610 3346 1893 3415; x_wconf 78' lang='lat' dir='ltr'><strong>praeceptis</strong></span> <span class='ocrx_word' id='word_1_475' title='bbox 1925 3346 2006 3400; x_wconf 88' lang='lat' dir='ltr'><strong>in-</strong></span> 
     </span>
    </p>
   </div>
   <div class='ocr_carea' id='block_1_67' title="bbox 416 3428 2006 3507">
    <p class='ocr_par' dir='ltr' id='par_1_67' title="bbox 416 3428 2006 3507">
     <span class='ocr_line' id='line_1_67' title="bbox 416 3428 2006 3507; baseline -0.002 -15"><span class='ocrx_word' id='word_1_476' title='bbox 416 3436 587 3492; x_wconf 89' lang='lat' dir='ltr'><strong>stitui.</strong></span> <span class='ocrx_word' id='word_1_477' title='bbox 619 3435 753 3491; x_wconf 86' lang='lat' dir='ltr'><strong>Nam</strong></span> <span class='ocrx_word' id='word_1_478' title='bbox 784 3437 876 3506; x_wconf 90' lang='lat' dir='ltr'><strong>qui</strong></span> <span class='ocrx_word' id='word_1_479' title='bbox 915 3435 1117 3491; x_wconf 88' lang='lat' dir='ltr'><strong>mundo</strong></span> <span class='ocrx_word' id='word_1_480' title='bbox 1148 3436 1215 3491; x_wconf 89' lang='lat' dir='ltr'><strong>ad</strong></span> <span class='ocrx_word' id='word_1_481' title='bbox 1264 3436 1531 3507; x_wconf 86' lang='lat' dir='ltr'><strong>integrum</strong></span> <span class='ocrx_word' id='word_1_482' title='bbox 1578 3428 1909 3501; x_wconf 86' lang='lat' dir='ltr'><strong>renuntiant,</strong></span> <span class='ocrx_word' id='word_1_483' title='bbox 1950 3443 2006 3490; x_wconf 92' lang='lat' dir='ltr'><strong>et</strong></span> 
     </span>
    </p>
   </div>
   <div class='ocr_carea' id='block_1_68' title="bbox 416 3525 2007 3597">
    <p class='ocr_par' dir='ltr' id='par_1_68' title="bbox 416 3525 2007 3597">
     <span class='ocr_line' id='line_1_68' title="bbox 416 3525 2007 3597; baseline -0.001 -16"><span class='ocrx_word' id='word_1_484' title='bbox 416 3536 647 3597; x_wconf 85' lang='lat' dir='ltr'><strong>quatuor</strong></span> <span class='ocrx_word' id='word_1_485' title='bbox 688 3536 815 3583; x_wconf 90' lang='lat' dir='ltr'><strong>sunt</strong></span> <span class='ocrx_word' id='word_1_486' title='bbox 860 3526 1025 3582; x_wconf 87' lang='lat' dir='ltr'><strong>millia</strong></span> <span class='ocrx_word' id='word_1_487' title='bbox 1053 3535 1108 3582; x_wconf 89' lang='lat' dir='ltr'><strong>et</strong></span> <span class='ocrx_word' id='word_1_488' title='bbox 1131 3536 1335 3597; x_wconf 86' lang='lat' dir='ltr'><strong>septem</strong></span> <span class='ocrx_word' id='word_1_489' title='bbox 1375 3527 1605 3597; x_wconf 90' lang='lat' dir='ltr'><strong>panibus</strong></span> <span class='ocrx_word' id='word_1_490' title='bbox 1635 3525 1823 3581; x_wconf 88' lang='lat' dir='ltr'><strong>refecti</strong></span> <span class='ocrx_word' id='word_1_491' title='bbox 1852 3544 1863 3579; x_wconf 96' lang='lat'>:</span> <span class='ocrx_word' id='word_1_492' title='bbox 1904 3528 2007 3581; x_wconf 88' lang='lat' dir='ltr'><strong>hoc</strong></span> 
     </span>
    </p>
   </div>
   <div class='ocr_carea' id='block_1_69' title="bbox 414 3618 2004 3691">
    <p class='ocr_par' dir='ltr' id='par_1_69' title="bbox 414 3618 2004 3691">
     <span class='ocr_line' id='line_1_69' title="bbox 414 3618 2004 3691; baseline -0.003 -15"><span class='ocrx_word' id='word_1_493' title='bbox 414 3629 499 3676; x_wconf 89' lang='lat' dir='ltr'><strong>est</strong></span> <span class='ocrx_word' id='word_1_494' title='bbox 526 3630 583 3676; x_wconf 92' lang='lat' dir='ltr'><strong>et</strong></span> <span class='ocrx_word' id='word_1_495' title='bbox 603 3620 923 3691; x_wconf 86' lang='lat' dir='ltr'><strong>Evangelica</strong></span> <span class='ocrx_word' id='word_1_496' title='bbox 962 3619 1295 3689; x_wconf 89' lang='lat' dir='ltr'><strong>perfectione</strong></span> <span class='ocrx_word' id='word_1_497' title='bbox 1336 3620 1615 3689; x_wconf 79' lang='lat' dir='ltr'><strong>sublimes,</strong></span> <span class='ocrx_word' id='word_1_498' title='bbox 1673 3627 1728 3674; x_wconf 90' lang='lat' dir='ltr'><strong>et</strong></span> <span class='ocrx_word' id='word_1_499' title='bbox 1772 3618 2004 3689; x_wconf 83' lang='lat' dir='ltr'><strong>spiritali</strong></span> 
     </span>
    </p>
   </div>
   <div class='ocr_carea' id='block_1_70' title="bbox 416 3712 2002 3785">
    <p class='ocr_par' dir='ltr' id='par_1_70' title="bbox 416 3712 2002 3785">
     <span class='ocr_line' id='line_1_70' title="bbox 416 3712 2002 3785; baseline -0.004 -15"><span class='ocrx_word' id='word_1_500' title='bbox 416 3723 543 3771; x_wconf 90' lang='lat' dir='ltr'><strong>sunt</strong></span> <span class='ocrx_word' id='word_1_501' title='bbox 563 3714 736 3785; x_wconf 84' lang='lat' dir='ltr'><strong>gratia</strong></span> <span class='ocrx_word' id='word_1_502' title='bbox 763 3714 926 3770; x_wconf 90' lang='lat' dir='ltr'><strong>docti.</strong></span> <span class='ocrx_word' id='word_1_503' title='bbox 950 3714 1115 3785; x_wconf 86' lang='lat' dir='ltr'><strong>Cujus</strong></span> <span class='ocrx_word' id='word_1_504' title='bbox 1139 3712 1506 3784; x_wconf 69' lang='lat' dir='ltr'><strong>significanda:</strong></span> <span class='ocrx_word' id='word_1_505' title='bbox 1528 3712 1795 3767; x_wconf 82' lang='lat' dir='ltr'><strong>distantiae</strong></span> <span class='ocrx_word' id='word_1_506' title='bbox 1816 3726 2002 3775; x_wconf 89' lang='lat' dir='ltr'><strong>causa,</strong></span> 
     </span>
    </p>
   </div>
   <div class='ocr_carea' id='block_1_71' title="bbox 418 3802 2006 3876">
    <p class='ocr_par' dir='ltr' id='par_1_71' title="bbox 418 3802 2006 3876">
     <span class='ocr_line' id='line_1_71' title="bbox 418 3802 2006 3876; baseline -0.002 -17"><span class='ocrx_word' id='word_1_507' title='bbox 418 3806 650 3876; x_wconf 77' lang='lat' dir='ltr'><strong>mystice</strong></span> <span class='ocrx_word' id='word_1_508' title='bbox 687 3819 809 3861; x_wconf 87' lang='lat' dir='ltr'><strong>reor</strong></span> <span class='ocrx_word' id='word_1_509' title='bbox 835 3805 888 3859; x_wconf 93' lang='lat' dir='ltr'><strong>in</strong></span> <span class='ocrx_word' id='word_1_510' title='bbox 916 3804 1142 3859; x_wconf 89' lang='lat' dir='ltr'><strong>introitu</strong></span> <span class='ocrx_word' id='word_1_511' title='bbox 1164 3803 1379 3873; x_wconf 89' lang='lat' dir='ltr'><strong>quidem</strong></span> <span class='ocrx_word' id='word_1_512' title='bbox 1407 3802 1736 3858; x_wconf 88' lang='lat' dir='ltr'><strong>tabernaculi</strong></span> <span class='ocrx_word' id='word_1_513' title='bbox 1771 3802 2006 3871; x_wconf 88' lang='lat' dir='ltr'><strong>quinque</strong></span> 
     </span>
    </p>
   </div>
   <div class='ocr_carea' id='block_1_72' title="bbox 419 3891 2003 3959">
    <p class='ocr_par' dir='ltr' id='par_1_72' title="bbox 419 3891 2003 3959">
     <span class='ocr_line' id='line_1_72' title="bbox 419 3891 2003 3959; baseline -0.003 -9"><span class='ocrx_word' id='word_1_514' title='bbox 419 3896 702 3950; x_wconf 89' lang='lat' dir='ltr'><strong>columnas</strong></span> <span class='ocrx_word' id='word_1_515' title='bbox 752 3895 1059 3959; x_wconf 84' lang='lat' dir='ltr'><strong>deauratas,</strong></span> <span class='ocrx_word' id='word_1_516' title='bbox 1109 3903 1237 3947; x_wconf 89' lang='lat' dir='ltr'><strong>ante</strong></span> <span class='ocrx_word' id='word_1_517' title='bbox 1290 3892 1567 3946; x_wconf 88' lang='lat' dir='ltr'><strong>oraculum</strong></span> <span class='ocrx_word' id='word_1_518' title='bbox 1613 3907 1761 3956; x_wconf 91' lang='lat' dir='ltr'><strong>vero,</strong></span> <span class='ocrx_word' id='word_1_519' title='bbox 1809 3891 1864 3946; x_wconf 90' lang='lat' dir='ltr'><strong>id</strong></span> <span class='ocrx_word' id='word_1_520' title='bbox 1900 3900 2003 3957; x_wconf 91' lang='lat' dir='ltr'><strong>est,</strong></span> 
     </span>
    </p>
   </div>
   <div class='ocr_carea' id='block_1_73' title="bbox 421 3982 2007 4054">
    <p class='ocr_par' dir='ltr' id='par_1_73' title="bbox 421 3982 2007 4054">
     <span class='ocr_line' id='line_1_73' title="bbox 421 3982 2007 4054; baseline -0.004 -12"><span class='ocrx_word' id='word_1_521' title='bbox 421 3986 622 4042; x_wconf 88' lang='lat' dir='ltr'><strong>Sancta</strong></span> <span class='ocrx_word' id='word_1_522' title='bbox 662 3995 972 4042; x_wconf 90' lang='lat' dir='ltr'><strong>sanctorum</strong></span> <span class='ocrx_word' id='word_1_523' title='bbox 1002 3995 1233 4054; x_wconf 87' lang='lat' dir='ltr'><strong>quatuor</strong></span> <span class='ocrx_word' id='word_1_524' title='bbox 1269 3984 1384 4040; x_wconf 83' lang='lat' dir='ltr'><strong>fieri</strong></span> <span class='ocrx_word' id='word_1_525' title='bbox 1424 3982 1622 4052; x_wconf 87' lang='lat' dir='ltr'><strong>jussas,</strong></span> <span class='ocrx_word' id='word_1_526' title='bbox 1662 3984 1785 4053; x_wconf 86' lang='lat' dir='ltr'><strong>quia</strong></span> <span class='ocrx_word' id='word_1_527' title='bbox 1820 3983 2007 4039; x_wconf 87' lang='lat' dir='ltr'><strong>videli-</strong></span> 
     </span>
    </p>
   </div>
   <div class='ocr_carea' id='block_1_74' title="bbox 421 4076 2002 4147">
    <p class='ocr_par' dir='ltr' id='par_1_74' title="bbox 421 4076 2002 4147">
     <span class='ocr_line' id='line_1_74' title="bbox 421 4076 2002 4147; baseline -0.003 -15"><span class='ocrx_word' id='word_1_528' title='bbox 421 4086 509 4132; x_wconf 89' lang='lat' dir='ltr'><strong>eet</strong></span> <span class='ocrx_word' id='word_1_529' title='bbox 532 4077 869 4147; x_wconf 90' lang='lat' dir='ltr'><strong>incipientes,</strong></span> <span class='ocrx_word' id='word_1_530' title='bbox 914 4091 1011 4145; x_wconf 89' lang='lat' dir='ltr'><strong>per</strong></span> <span class='ocrx_word' id='word_1_531' title='bbox 1058 4076 1231 4145; x_wconf 84' lang='lat' dir='ltr'><strong>legem</strong></span> <span class='ocrx_word' id='word_1_532' title='bbox 1277 4076 1606 4145; x_wconf 84' lang='lat' dir='ltr'><strong>castigantur</strong></span> <span class='ocrx_word' id='word_1_533' title='bbox 1632 4089 1700 4129; x_wconf 90' lang='lat' dir='ltr'><strong>ne</strong></span> <span class='ocrx_word' id='word_1_534' title='bbox 1737 4082 2002 4144; x_wconf 86' lang='lat' dir='ltr'><strong>peccent;</strong></span> 
     </span>
    </p>
   </div>
   <div class='ocr_carea' id='block_1_75' title="bbox 422 4162 2008 4237">
    <p class='ocr_par' dir='ltr' id='par_1_75' title="bbox 422 4162 2008 4237">
     <span class='ocr_line' id='line_1_75' title="bbox 422 4162 2008 4237; baseline -0.003 -15"><span class='ocrx_word' id='word_1_535' title='bbox 422 4167 649 4237; x_wconf 83' lang='lat' dir='ltr'><strong>perfecti</strong></span> <span class='ocrx_word' id='word_1_536' title='bbox 674 4175 853 4222; x_wconf 86' lang='lat' dir='ltr'><strong>autem</strong></span> <span class='ocrx_word' id='word_1_537' title='bbox 881 4181 977 4236; x_wconf 91' lang='lat' dir='ltr'><strong>per</strong></span> <span class='ocrx_word' id='word_1_538' title='bbox 1015 4165 1267 4235; x_wconf 82' lang='lat' dir='ltr'><strong>gratiam,</strong></span> <span class='ocrx_word' id='word_1_539' title='bbox 1297 4172 1355 4218; x_wconf 89' lang='lat' dir='ltr'><strong>ut</strong></span> <span class='ocrx_word' id='word_1_540' title='bbox 1390 4162 1636 4219; x_wconf 85' lang='lat' dir='ltr'><strong>devotius</strong></span> <span class='ocrx_word' id='word_1_541' title='bbox 1681 4162 1792 4220; x_wconf 88' lang='lat' dir='ltr'><strong>Deo</strong></span> <span class='ocrx_word' id='word_1_542' title='bbox 1824 4163 2008 4218; x_wconf 91' lang='lat' dir='ltr'><strong>vivant</strong></span> 
     </span>
    </p>
   </div>
   <div class='ocr_carea' id='block_1_76' title="bbox 424 4258 803 4313">
    <p class='ocr_par' dir='ltr' id='par_1_76' title="bbox 424 4258 803 4313">
     <span class='ocr_line' id='line_1_76' title="bbox 424 4258 803 4313; baseline -0.011 0"><span class='ocrx_word' id='word_1_543' title='bbox 424 4258 803 4313; x_wconf 87' lang='lat' dir='ltr'><strong>admonentur.</strong></span> 
     </span>
    </p>
   </div>
   <div class='ocr_carea' id='block_1_77' title="bbox 500 4340 2008 4415">
    <p class='ocr_par' dir='ltr' id='par_1_77' title="bbox 500 4340 2008 4415">
     <span class='ocr_line' id='line_1_77' title="bbox 500 4340 2008 4415; baseline -0.004 -14"><span class='ocrx_word' id='word_1_544' title='bbox 500 4349 583 4403; x_wconf 81' lang='lat' dir='ltr'><strong>Ait</strong></span> <span class='ocrx_word' id='word_1_545' title='bbox 613 4357 788 4401; x_wconf 89' lang='lat' dir='ltr'><strong>autem</strong></span> <span class='ocrx_word' id='word_1_546' title='bbox 812 4345 879 4400; x_wconf 90' lang='lat' dir='ltr'><strong>ad</strong></span> <span class='ocrx_word' id='word_1_547' title='bbox 902 4343 1185 4415; x_wconf 89' lang='lat' dir='ltr'><strong>discipulos</strong></span> <span class='ocrx_word' id='word_1_548' title='bbox 1230 4359 1352 4397; x_wconf 89' lang='lat' dir='ltr'><strong>suos</strong></span> <span class='ocrx_word' id='word_1_549' title='bbox 1380 4356 1398 4393; x_wconf 91' lang='lat'><strong><em>:</em></strong></span> <span class='ocrx_word' id='word_1_550' title='bbox 1428 4340 1612 4397; x_wconf 87' lang='lat' dir='ltr'><strong>Facite</strong></span> <span class='ocrx_word' id='word_1_551' title='bbox 1636 4342 1752 4397; x_wconf 89' lang='lat' dir='ltr'><strong>illos</strong></span> <span class='ocrx_word' id='word_1_552' title='bbox 1780 4343 2008 4397; x_wconf 88' lang='lat' dir='ltr'><strong>discum-</strong></span> 
     </span>
    </p>
   </div>
   <div class='ocr_carea' id='block_1_78' title="bbox 426 4433 2007 4511">
    <p class='ocr_par' dir='ltr' id='par_1_78' title="bbox 426 4433 2007 4511">
     <span class='ocr_line' id='line_1_78' title="bbox 426 4433 2007 4511; baseline -0.005 -16"><span class='ocrx_word' id='word_1_553' title='bbox 426 4443 546 4495; x_wconf 86' lang='lat' dir='ltr'><strong>bere</strong></span> <span class='ocrx_word' id='word_1_554' title='bbox 569 4456 661 4511; x_wconf 89' lang='lat' dir='ltr'><strong>per</strong></span> <span class='ocrx_word' id='word_1_555' title='bbox 684 4439 917 4492; x_wconf 83' lang='lat' dir='ltr'><strong>convivia</strong></span> <span class='ocrx_word' id='word_1_556' title='bbox 958 4438 1364 4507; x_wconf 86' lang='lat' dir='ltr'><strong>quinquagenos.</strong></span> <span class='ocrx_word' id='word_1_557' title='bbox 1409 4433 1478 4487; x_wconf 87' lang='lat' dir='ltr'><strong>Et</strong></span> <span class='ocrx_word' id='word_1_558' title='bbox 1520 4433 1593 4487; x_wconf 89' lang='lat' dir='ltr'><strong>ita</strong></span> <span class='ocrx_word' id='word_1_559' title='bbox 1624 4433 1874 4503; x_wconf 88' lang='lat' dir='ltr'><strong>fecerunt.</strong></span> <span class='ocrx_word' id='word_1_560' title='bbox 1917 4434 2007 4487; x_wconf 87' lang='lat' dir='ltr'><strong>Di-</strong></span> 
     </span>
    </p>
   </div>
   <div class='ocr_carea' id='block_1_79' title="bbox 2105 3265 3695 3337">
    <p class='ocr_par' dir='ltr' id='par_1_79' title="bbox 2105 3265 3695 3337">
     <span class='ocr_line' id='line_1_79' title="bbox 2105 3265 3695 3337; baseline -0.006 -9"><span class='ocrx_word' id='word_1_561' title='bbox 2105 3273 2231 3328; x_wconf 84' lang='lat' dir='ltr'><strong>sive&#39;</strong></span> <span class='ocrx_word' id='word_1_562' title='bbox 2261 3272 2449 3326; x_wconf 90' lang='lat' dir='ltr'><strong>tribuit</strong></span> <span class='ocrx_word' id='word_1_563' title='bbox 2486 3271 2637 3326; x_wconf 82' lang='lat' dir='ltr'><strong>vobis</strong></span> <span class='ocrx_word' id='word_1_564' title='bbox 2686 3270 2937 3324; x_wconf 88' lang='lat' dir='ltr'><strong>alimenta</strong></span> <span class='ocrx_word' id='word_1_565' title='bbox 2981 3267 3225 3337; x_wconf 68' lang='lat' dir='ltr'><strong>iustitiae,</strong></span> <span class='ocrx_word' id='word_1_566' title='bbox 3268 3276 3323 3321; x_wconf 89' lang='lat' dir='ltr'><strong>et</strong></span> <span class='ocrx_word' id='word_1_567' title='bbox 3362 3265 3695 3321; x_wconf 84' lang='lat' dir='ltr'><strong>descendere</strong></span> 
     </span>
    </p>
   </div>
   <div class='ocr_carea' id='block_1_80' title="bbox 2103 3356 3696 3429">
    <p class='ocr_par' dir='ltr' id='par_1_80' title="bbox 2103 3356 3696 3429">
     <span class='ocr_line' id='line_1_80' title="bbox 2103 3356 3696 3429; baseline -0.005 -15"><span class='ocrx_word' id='word_1_568' title='bbox 2103 3361 2231 3416; x_wconf 82' lang='lat' dir='ltr'><strong>fecit</strong></span> <span class='ocrx_word' id='word_1_569' title='bbox 2260 3361 2327 3414; x_wconf 90' lang='lat' dir='ltr'><strong>ad</strong></span> <span class='ocrx_word' id='word_1_570' title='bbox 2376 3375 2473 3414; x_wconf 88' lang='lat' dir='ltr'><strong>vos</strong></span> <span class='ocrx_word' id='word_1_571' title='bbox 2521 3358 2729 3429; x_wconf 91' lang='lat' dir='ltr'><strong>pluvias</strong></span> <span class='ocrx_word' id='word_1_572' title='bbox 2775 3366 3153 3427; x_wconf 88' lang='lat' dir='ltr'><strong>temporaneas</strong></span> <span class='ocrx_word' id='word_1_573' title='bbox 3181 3364 3341 3425; x_wconf 90' lang='lat' dir='ltr'><strong>atque</strong></span> <span class='ocrx_word' id='word_1_574' title='bbox 3377 3356 3648 3410; x_wconf 90' lang='lat' dir='ltr'><strong>serotinas</strong></span> <span class='ocrx_word' id='word_1_575' title='bbox 3678 3370 3696 3406; x_wconf 89' lang='lat'><strong>:</strong></span> 
     </span>
    </p>
   </div>
   <div class='ocr_carea' id='block_1_81' title="bbox 2104 3445 3697 3521">
    <p class='ocr_par' dir='ltr' id='par_1_81' title="bbox 2104 3445 3697 3521">
     <span class='ocr_line' id='line_1_81' title="bbox 2104 3445 3697 3521; baseline -0.004 -18"><span class='ocrx_word' id='word_1_576' title='bbox 2104 3450 2284 3521; x_wconf 89' lang='lat' dir='ltr'><strong>pluvia</strong></span> <span class='ocrx_word' id='word_1_577' title='bbox 2306 3448 2621 3518; x_wconf 89' lang='lat' dir='ltr'><strong>tempestiva</strong></span> <span class='ocrx_word' id='word_1_578' title='bbox 2644 3456 2725 3502; x_wconf 90' lang='lat' dir='ltr'><strong>est</strong></span> <span class='ocrx_word' id='word_1_579' title='bbox 2755 3447 2968 3515; x_wconf 86' lang='lat' dir='ltr'><strong>quando</strong></span> <span class='ocrx_word' id='word_1_580' title='bbox 2995 3448 3225 3517; x_wconf 89' lang='lat' dir='ltr'><strong>primum</strong></span> <span class='ocrx_word' id='word_1_581' title='bbox 3247 3445 3550 3500; x_wconf 86' lang='lat' dir='ltr'><strong>doctrinam</strong></span> <span class='ocrx_word' id='word_1_582' title='bbox 3573 3457 3697 3496; x_wconf 84' lang='lat' dir='ltr'><strong>sus-</strong></span> 
     </span>
    </p>
   </div>
   <div class='ocr_carea' id='block_1_82' title="bbox 2106 3534 3690 3610">
    <p class='ocr_par' dir='ltr' id='par_1_82' title="bbox 2106 3534 3690 3610">
     <span class='ocr_line' id='line_1_82' title="bbox 2106 3534 3690 3610; baseline -0.005 -15"><span class='ocrx_word' id='word_1_583' title='bbox 2106 3542 2333 3610; x_wconf 89' lang='lat' dir='ltr'><strong>cipimus</strong></span> <span class='ocrx_word' id='word_1_584' title='bbox 2357 3557 2371 3606; x_wconf 89' lang='lat'><strong>;</strong></span> <span class='ocrx_word' id='word_1_585' title='bbox 2404 3539 2582 3609; x_wconf 85' lang='lat' dir='ltr'><strong>pluvia</strong></span> <span class='ocrx_word' id='word_1_586' title='bbox 2617 3538 2879 3602; x_wconf 84' lang='lat' dir='ltr'><strong>serotina,</strong></span> <span class='ocrx_word' id='word_1_587' title='bbox 2906 3538 3123 3607; x_wconf 86' lang='lat' dir='ltr'><strong>quando</strong></span> <span class='ocrx_word' id='word_1_588' title='bbox 3152 3536 3352 3591; x_wconf 88' lang='lat' dir='ltr'><strong>laboris</strong></span> <span class='ocrx_word' id='word_1_589' title='bbox 3377 3535 3549 3589; x_wconf 90' lang='lat' dir='ltr'><strong>nostri</strong></span> <span class='ocrx_word' id='word_1_590' title='bbox 3573 3534 3690 3587; x_wconf 87' lang='lat' dir='ltr'><strong>fru-</strong></span> 
     </span>
    </p>
   </div>
   <div class='ocr_carea' id='block_1_83' title="bbox 2105 3622 3695 3697">
    <p class='ocr_par' dir='ltr' id='par_1_83' title="bbox 2105 3622 3695 3697">
     <span class='ocr_line' id='line_1_83' title="bbox 2105 3622 3695 3697; baseline -0.005 -14"><span class='ocrx_word' id='word_1_591' title='bbox 2105 3638 2225 3683; x_wconf 90' lang='lat' dir='ltr'><strong>ctus</strong></span> <span class='ocrx_word' id='word_1_592' title='bbox 2251 3627 2558 3697; x_wconf 88' lang='lat' dir='ltr'><strong>recipimus,</strong></span> <span class='ocrx_word' id='word_1_593' title='bbox 2590 3634 2645 3679; x_wconf 87' lang='lat' dir='ltr'><strong>et</strong></span> <span class='ocrx_word' id='word_1_594' title='bbox 2672 3626 2737 3680; x_wconf 91' lang='lat' dir='ltr'><strong>ad</strong></span> <span class='ocrx_word' id='word_1_595' title='bbox 2769 3623 3061 3695; x_wconf 88' lang='lat' dir='ltr'><strong>perfectam</strong></span> <span class='ocrx_word' id='word_1_596' title='bbox 3103 3633 3416 3679; x_wconf 87' lang='lat' dir='ltr'><strong>sanctarum</strong></span> <span class='ocrx_word' id='word_1_597' title='bbox 3449 3622 3695 3692; x_wconf 85' lang='lat' dir='ltr'><strong>Scriptu-</strong></span> 
     </span>
    </p>
   </div>
   <div class='ocr_carea' id='block_1_84' title="bbox 2106 3712 3698 3783">
    <p class='ocr_par' dir='ltr' id='par_1_84' title="bbox 2106 3712 3698 3783">
     <span class='ocr_line' id='line_1_84' title="bbox 2106 3712 3698 3783; baseline -0.003 -13"><span class='ocrx_word' id='word_1_598' title='bbox 2106 3731 2287 3771; x_wconf 89' lang='lat' dir='ltr'><strong>rarum</strong></span> <span class='ocrx_word' id='word_1_599' title='bbox 2331 3715 2613 3770; x_wconf 88' lang='lat' dir='ltr'><strong>scientiam</strong></span> <span class='ocrx_word' id='word_1_600' title='bbox 2650 3715 3011 3783; x_wconf 89' lang='lat' dir='ltr'><strong>pervenimus.</strong></span> <span class='ocrx_word' id='word_1_601' title='bbox 3060 3712 3246 3767; x_wconf 90' lang='lat' dir='ltr'><strong>Potest</strong></span> <span class='ocrx_word' id='word_1_602' title='bbox 3274 3712 3451 3782; x_wconf 85' lang='lat' dir='ltr'><strong>pluvia</strong></span> <span class='ocrx_word' id='word_1_603' title='bbox 3488 3720 3698 3781; x_wconf 84' lang='lat' dir='ltr'><strong>tempo-</strong></span> 
     </span>
    </p>
   </div>
   <div class='ocr_carea' id='block_1_85' title="bbox 2107 3802 3695 3871">
    <p class='ocr_par' dir='ltr' id='par_1_85' title="bbox 2107 3802 3695 3871">
     <span class='ocr_line' id='line_1_85' title="bbox 2107 3802 3695 3871; baseline -0.006 -8"><span class='ocrx_word' id='word_1_604' title='bbox 2107 3824 2268 3863; x_wconf 89' lang='lat' dir='ltr'><strong>ranea</strong></span> <span class='ocrx_word' id='word_1_605' title='bbox 2293 3816 2347 3862; x_wconf 89' lang='lat' dir='ltr'><strong>et</strong></span> <span class='ocrx_word' id='word_1_606' title='bbox 2387 3807 2624 3862; x_wconf 89' lang='lat' dir='ltr'><strong>serotina</strong></span> <span class='ocrx_word' id='word_1_607' title='bbox 2650 3807 2817 3862; x_wconf 81' lang='lat' dir='ltr'><strong>Vetus</strong></span> <span class='ocrx_word' id='word_1_608' title='bbox 2860 3813 2916 3860; x_wconf 91' lang='lat' dir='ltr'><strong>et</strong></span> <span class='ocrx_word' id='word_1_609' title='bbox 2944 3804 3153 3860; x_wconf 88' lang='lat' dir='ltr'><strong>Novum</strong></span> <span class='ocrx_word' id='word_1_610' title='bbox 3178 3803 3343 3871; x_wconf 88' lang='lat' dir='ltr'><strong>accipi</strong></span> <span class='ocrx_word' id='word_1_611' title='bbox 3374 3802 3695 3856; x_wconf 85' lang='lat' dir='ltr'><strong>Testamen—</strong></span> 
     </span>
    </p>
   </div>
   <div class='ocr_carea' id='block_1_86' title="bbox 2105 3894 3699 3967">
    <p class='ocr_par' dir='ltr' id='par_1_86' title="bbox 2105 3894 3699 3967">
     <span class='ocr_line' id='line_1_86' title="bbox 2105 3894 3699 3967; baseline -0.004 -14"><span class='ocrx_word' id='word_1_612' title='bbox 2105 3910 2235 3953; x_wconf 89' lang='lat' dir='ltr'><strong>tum.</strong></span> <span class='ocrx_word' id='word_1_613' title='bbox 2270 3900 2335 3953; x_wconf 86' lang='lat' dir='ltr'><strong>Et</strong></span> <span class='ocrx_word' id='word_1_614' title='bbox 2368 3913 2473 3952; x_wconf 92' lang='lat' dir='ltr'><strong>non</strong></span> <span class='ocrx_word' id='word_1_615' title='bbox 2500 3898 2695 3961; x_wconf 89' lang='lat' dir='ltr'><strong>solum,</strong></span> <span class='ocrx_word' id='word_1_616' title='bbox 2746 3898 2941 3967; x_wconf 89' lang='lat' dir='ltr'><strong>inquit,</strong></span> <span class='ocrx_word' id='word_1_617' title='bbox 2983 3898 3085 3951; x_wconf 92' lang='lat' dir='ltr'><strong>hoc</strong></span> <span class='ocrx_word' id='word_1_618' title='bbox 3124 3895 3291 3959; x_wconf 88' lang='lat' dir='ltr'><strong>dedit,</strong></span> <span class='ocrx_word' id='word_1_619' title='bbox 3320 3894 3414 3949; x_wconf 87' lang='lat' dir='ltr'><strong>sed</strong></span> <span class='ocrx_word' id='word_1_620' title='bbox 3448 3894 3574 3948; x_wconf 83' lang='lat' dir='ltr'><strong>fecit</strong></span> <span class='ocrx_word' id='word_1_621' title='bbox 3600 3909 3699 3948; x_wconf 89' lang='lat' dir='ltr'><strong>vos</strong></span> 
     </span>
    </p>
   </div>
   <div class='ocr_carea' id='block_1_87' title="bbox 2107 3986 3697 4059">
    <p class='ocr_par' dir='ltr' id='par_1_87' title="bbox 2107 3986 3697 4059">
     <span class='ocr_line' id='line_1_87' title="bbox 2107 3986 3697 4059; baseline -0.001 -16"><span class='ocrx_word' id='word_1_622' title='bbox 2107 3990 2261 4044; x_wconf 87' lang='lat' dir='ltr'><strong>novis</strong></span> <span class='ocrx_word' id='word_1_623' title='bbox 2288 3990 2547 4043; x_wconf 89' lang='lat' dir='ltr'><strong>virtutqu</strong></span> <span class='ocrx_word' id='word_1_624' title='bbox 2572 3988 2813 4059; x_wconf 84' lang='lat' dir='ltr'><strong>frugibus</strong></span> <span class='ocrx_word' id='word_1_625' title='bbox 2838 3989 3130 4052; x_wconf 84' lang='lat' dir='ltr'><strong>abundare,</strong></span> <span class='ocrx_word' id='word_1_626' title='bbox 3155 3997 3210 4042; x_wconf 88' lang='lat' dir='ltr'><strong>et</strong></span> <span class='ocrx_word' id='word_1_627' title='bbox 3236 3986 3493 4051; x_wconf 88' lang='lat' dir='ltr'><strong>saturari,</strong></span> <span class='ocrx_word' id='word_1_628' title='bbox 3530 3995 3697 4055; x_wconf 83' lang='lat' dir='ltr'><strong>atque</strong></span> 
     </span>
    </p>
   </div>
   <div class='ocr_carea' id='block_1_88' title="bbox 2106 4078 3702 4148">
    <p class='ocr_par' dir='ltr' id='par_1_88' title="bbox 2106 4078 3702 4148">
     <span class='ocr_line' id='line_1_88' title="bbox 2106 4078 3702 4148; baseline -0.001 -15"><span class='ocrx_word' id='word_1_629' title='bbox 2106 4079 2360 4133; x_wconf 89' lang='lat' dir='ltr'><strong>inebriari</strong></span> <span class='ocrx_word' id='word_1_630' title='bbox 2386 4078 2655 4134; x_wconf 88' lang='lat' dir='ltr'><strong>frumento</strong></span> <span class='ocrx_word' id='word_1_631' title='bbox 2681 4089 2735 4134; x_wconf 91' lang='lat' dir='ltr'><strong>et</strong></span> <span class='ocrx_word' id='word_1_632' title='bbox 2766 4080 2889 4135; x_wconf 91' lang='lat' dir='ltr'><strong>vino</strong></span> <span class='ocrx_word' id='word_1_633' title='bbox 2922 4088 2976 4133; x_wconf 90' lang='lat' dir='ltr'><strong>et</strong></span> <span class='ocrx_word' id='word_1_634' title='bbox 3001 4079 3141 4143; x_wconf 91' lang='lat' dir='ltr'><strong>oleo,</strong></span> <span class='ocrx_word' id='word_1_635' title='bbox 3171 4080 3236 4133; x_wconf 88' lang='lat' dir='ltr'><strong>de</strong></span> <span class='ocrx_word' id='word_1_636' title='bbox 3263 4093 3369 4148; x_wconf 88' lang='lat' dir='ltr'><strong>quo</strong></span> <span class='ocrx_word' id='word_1_637' title='bbox 3392 4092 3535 4147; x_wconf 85' lang='lat' dir='ltr'><strong>saepe</strong></span> <span class='ocrx_word' id='word_1_638' title='bbox 3557 4078 3702 4132; x_wconf 69' lang='lat' dir='ltr'><strong>dixi—</strong></span> 
     </span>
    </p>
   </div>
   <div class='ocr_carea' id='block_1_89' title="bbox 2106 4170 3701 4241">
    <p class='ocr_par' dir='ltr' id='par_1_89' title="bbox 2106 4170 3701 4241">
     <span class='ocr_line' id='line_1_89' title="bbox 2106 4170 3701 4241; baseline -0.001 -17"><span class='ocrx_word' id='word_1_639' title='bbox 2106 4186 2264 4225; x_wconf 86' lang='lat' dir='ltr'><strong>mus:</strong></span> <span class='ocrx_word' id='word_1_640' title='bbox 2295 4179 2350 4225; x_wconf 89' lang='lat' dir='ltr'><strong>et</strong></span> <span class='ocrx_word' id='word_1_641' title='bbox 2397 4186 2565 4226; x_wconf 91' lang='lat' dir='ltr'><strong>annos</strong></span> <span class='ocrx_word' id='word_1_642' title='bbox 2606 4186 2741 4240; x_wconf 91' lang='lat' dir='ltr'><strong>quos</strong></span> <span class='ocrx_word' id='word_1_643' title='bbox 2781 4170 3277 4241; x_wconf 85' lang='lat' dir='ltr'><strong>perturbationibus</strong></span> <span class='ocrx_word' id='word_1_644' title='bbox 3323 4170 3377 4224; x_wconf 90' lang='lat' dir='ltr'><strong>in</strong></span> <span class='ocrx_word' id='word_1_645' title='bbox 3430 4170 3583 4225; x_wconf 90' lang='lat' dir='ltr'><strong>vobis</strong></span> <span class='ocrx_word' id='word_1_646' title='bbox 3613 4184 3701 4224; x_wconf 88' lang='lat' dir='ltr'><strong>re-</strong></span> 
     </span>
    </p>
   </div>
   <div class='ocr_carea' id='block_1_90' title="bbox 2106 4258 3696 4330">
    <p class='ocr_par' dir='ltr' id='par_1_90' title="bbox 2106 4258 3696 4330">
     <span class='ocr_line' id='line_1_90' title="bbox 2106 4258 3696 4330; baseline 0 -17"><span class='ocrx_word' id='word_1_647' title='bbox 2106 4262 2396 4330; x_wconf 86' lang='lat' dir='ltr'><strong>gnantibus</strong></span> <span class='ocrx_word' id='word_1_648' title='bbox 2428 4260 2738 4329; x_wconf 87' lang='lat' dir='ltr'><strong>perdidistis</strong></span> <span class='ocrx_word' id='word_1_649' title='bbox 2776 4260 2990 4330; x_wconf 87' lang='lat' dir='ltr'><strong>quando</strong></span> <span class='ocrx_word' id='word_1_650' title='bbox 3038 4275 3201 4329; x_wconf 89' lang='lat' dir='ltr'><strong>opera</strong></span> <span class='ocrx_word' id='word_1_651' title='bbox 3245 4269 3425 4314; x_wconf 90' lang='lat' dir='ltr'><strong>vestra</strong></span> <span class='ocrx_word' id='word_1_652' title='bbox 3463 4258 3696 4325; x_wconf 85' lang='lat' dir='ltr'><strong>locusta,</strong></span> 
     </span>
    </p>
   </div>
   <div class='ocr_carea' id='block_1_91' title="bbox 2106 4348 3699 4419">
    <p class='ocr_par' dir='ltr' id='par_1_91' title="bbox 2106 4348 3699 4419">
     <span class='ocr_line' id='line_1_91' title="bbox 2106 4348 3699 4419; baseline -0.002 -15"><span class='ocrx_word' id='word_1_653' title='bbox 2106 4349 2364 4416; x_wconf 88' lang='lat' dir='ltr'><strong>bruchus,</strong></span> <span class='ocrx_word' id='word_1_654' title='bbox 2394 4349 2583 4419; x_wconf 85' lang='lat' dir='ltr'><strong>rubigo</strong></span> <span class='ocrx_word' id='word_1_655' title='bbox 2614 4364 2887 4418; x_wconf 87' lang='lat' dir='ltr'><strong>erucaque</strong></span> <span class='ocrx_word' id='word_1_656' title='bbox 2934 4356 3365 4417; x_wconf 89' lang='lat' dir='ltr'><strong>consumpserat.</strong></span> <span class='ocrx_word' id='word_1_657' title='bbox 3418 4348 3558 4402; x_wconf 90' lang='lat' dir='ltr'><strong>Deus</strong></span> <span class='ocrx_word' id='word_1_658' title='bbox 3599 4363 3699 4403; x_wconf 87' lang='lat' dir='ltr'><strong>vos</strong></span> 
     </span>
    </p>
   </div>
   <div class='ocr_carea' id='block_1_92' title="bbox 2108 4436 3696 4512">
    <p class='ocr_par' dir='ltr' id='par_1_92' title="bbox 2108 4436 3696 4512">
     <span class='ocr_line' id='line_1_92' title="bbox 2108 4436 3696 4512; baseline -0.001 -19"><span class='ocrx_word' id='word_1_659' title='bbox 2108 4439 2289 4512; x_wconf 86' lang='lat' dir='ltr'><strong>perire</strong></span> <span class='ocrx_word' id='word_1_660' title='bbox 2312 4453 2417 4493; x_wconf 90' lang='lat' dir='ltr'><strong>non</strong></span> <span class='ocrx_word' id='word_1_661' title='bbox 2446 4453 2634 4508; x_wconf 87' lang='lat' dir='ltr'><strong>passus</strong></span> <span class='ocrx_word' id='word_1_662' title='bbox 2662 4449 2765 4502; x_wconf 89' lang='lat' dir='ltr'><strong>est,</strong></span> <span class='ocrx_word' id='word_1_663' title='bbox 2792 4449 2914 4492; x_wconf 89' lang='lat' dir='ltr'><strong>tunc</strong></span> <span class='ocrx_word' id='word_1_664' title='bbox 2936 4436 3212 4492; x_wconf 80' lang='lat' dir='ltr'><strong>comedetis</strong></span> <span class='ocrx_word' id='word_1_665' title='bbox 3245 4436 3427 4507; x_wconf 86' lang='lat' dir='ltr'><strong>fruges</strong></span> <span class='ocrx_word' id='word_1_666' title='bbox 3447 4438 3696 4506; x_wconf 69' lang='lat' dir='ltr'><strong>justitize,</strong></span> 
     </span>
    </p>
   </div>
   <div class='ocr_carea' id='block_1_93' title="bbox 429 4503 2008 4594">
    <p class='ocr_par' dir='ltr' id='par_1_93' title="bbox 429 4525 2008 4594">
     <span class='ocr_line' id='line_1_93' title="bbox 429 4525 2008 4594; baseline -0.006 -5"><span class='ocrx_word' id='word_1_667' title='bbox 429 4534 571 4590; x_wconf 88' lang='lat' dir='ltr'><strong>versi</strong></span> <span class='ocrx_word' id='word_1_668' title='bbox 612 4530 1013 4587; x_wconf 85' lang='lat' dir='ltr'><strong>convivantium</strong></span> <span class='ocrx_word' id='word_1_669' title='bbox 1058 4527 1354 4584; x_wconf 86' lang='lat' dir='ltr'><strong>discubitus</strong></span> <span class='ocrx_word' id='word_1_670' title='bbox 1398 4526 1638 4580; x_wconf 89' lang='lat' dir='ltr'><strong>diversos</strong></span> <span class='ocrx_word' id='word_1_671' title='bbox 1684 4539 1781 4594; x_wconf 88' lang='lat' dir='ltr'><strong>per</strong></span> <span class='ocrx_word' id='word_1_672' title='bbox 1821 4525 2008 4580; x_wconf 88' lang='lat' dir='ltr'><strong>orbem</strong></span> 
     </span>
    </p>
   </div>
   <div class='ocr_carea' id='block_1_94' title="bbox 2112 4503 3699 4594">
    <p class='ocr_par' dir='ltr' id='par_1_94' title="bbox 2112 4527 3699 4587">
     <span class='ocr_line' id='line_1_94' title="bbox 2112 4527 3699 4587; baseline -0.003 -1"><span class='ocrx_word' id='word_1_673' title='bbox 2112 4543 2158 4587; x_wconf 89' lang='lat' dir='ltr'><strong>et</strong></span> <span class='ocrx_word' id='word_1_674' title='bbox 2188 4530 2553 4585; x_wconf 89' lang='lat' dir='ltr'><strong>saturabimini</strong></span> <span class='ocrx_word' id='word_1_675' title='bbox 2576 4544 2594 4581; x_wconf 90' lang='lat'><em>:</em></span> <span class='ocrx_word' id='word_1_676' title='bbox 2635 4540 2680 4583; x_wconf 89' lang='lat' dir='ltr'><strong>et</strong></span> <span class='ocrx_word' id='word_1_677' title='bbox 2721 4528 3004 4583; x_wconf 86' lang='lat' dir='ltr'><strong>laudabitis</strong></span> <span class='ocrx_word' id='word_1_678' title='bbox 3036 4545 3221 4583; x_wconf 89' lang='lat' dir='ltr'><strong>nomen</strong></span> <span class='ocrx_word' id='word_1_679' title='bbox 3255 4527 3467 4582; x_wconf 88' lang='lat' dir='ltr'><strong>Domini</strong></span> <span class='ocrx_word' id='word_1_680' title='bbox 3498 4528 3597 4582; x_wconf 85' lang='lat' dir='ltr'><strong>Dei</strong></span> <span class='ocrx_word' id='word_1_681' title='bbox 3623 4546 3699 4582; x_wconf 82' lang='lat' dir='ltr'><strong>ve-</strong></span> 
     </span>
    </p>
   </div>
   <div class='ocr_carea' id='block_1_95' title="bbox 427 4616 2009 4690">
    <p class='ocr_par' dir='ltr' id='par_1_95' title="bbox 427 4616 2009 4690">
     <span class='ocr_line' id='line_1_95' title="bbox 427 4616 2009 4690; baseline -0.008 -6"><span class='ocrx_word' id='word_1_682' title='bbox 427 4633 725 4684; x_wconf 89' lang='lat' dir='ltr'><strong>conventus</strong></span> <span class='ocrx_word' id='word_1_683' title='bbox 776 4621 1138 4678; x_wconf 88' lang='lat' dir='ltr'><strong>Ecclesiarum</strong></span> <span class='ocrx_word' id='word_1_684' title='bbox 1185 4634 1306 4690; x_wconf 72' lang='lat' dir='ltr'><strong>qua:</strong></span> <span class='ocrx_word' id='word_1_685' title='bbox 1354 4633 1513 4672; x_wconf 91' lang='lat' dir='ltr'><strong>unam</strong></span> <span class='ocrx_word' id='word_1_686' title='bbox 1560 4616 1881 4672; x_wconf 88' lang='lat' dir='ltr'><strong>catholicam</strong></span> <span class='ocrx_word' id='word_1_687' title='bbox 1930 4617 2009 4672; x_wconf 84' lang='lat' dir='ltr'><strong>fa-</strong></span> 
     </span>
    </p>
   </div>
   <div class='ocr_carea' id='block_1_96' title="bbox 431 4707 2006 4783">
    <p class='ocr_par' dir='ltr' id='par_1_96' title="bbox 431 4707 2006 4783">
     <span class='ocr_line' id='line_1_96' title="bbox 431 4707 2006 4783; baseline -0.008 -10"><span class='ocrx_word' id='word_1_688' title='bbox 431 4718 583 4774; x_wconf 86' lang='lat' dir='ltr'><strong>ciunt</strong></span> <span class='ocrx_word' id='word_1_689' title='bbox 610 4714 908 4783; x_wconf 86' lang='lat' dir='ltr'><strong>designant.</strong></span> <span class='ocrx_word' id='word_1_690' title='bbox 937 4711 1039 4777; x_wconf 89' lang='lat' dir='ltr'><strong>Qui</strong></span> <span class='ocrx_word' id='word_1_691' title='bbox 1074 4711 1209 4765; x_wconf 89' lang='lat' dir='ltr'><strong>bene</strong></span> <span class='ocrx_word' id='word_1_692' title='bbox 1256 4724 1361 4763; x_wconf 88' lang='lat' dir='ltr'><strong>non</strong></span> <span class='ocrx_word' id='word_1_693' title='bbox 1411 4708 1583 4763; x_wconf 89' lang='lat' dir='ltr'><strong>solum</strong></span> <span class='ocrx_word' id='word_1_694' title='bbox 1620 4707 2006 4778; x_wconf 86' lang='lat' dir='ltr'><strong>quinquageni,</strong></span> 
     </span>
    </p>
   </div>
   <div class='ocr_carea' id='block_1_97' title="bbox 431 4800 2004 4866">
    <p class='ocr_par' dir='ltr' id='par_1_97' title="bbox 431 4800 2004 4866">
     <span class='ocr_line' id='line_1_97' title="bbox 431 4800 2004 4866; baseline -0.006 -3"><span class='ocrx_word' id='word_1_695' title='bbox 431 4810 527 4864; x_wconf 85' lang='lat' dir='ltr'><strong>sed</strong></span> <span class='ocrx_word' id='word_1_696' title='bbox 572 4813 860 4861; x_wconf 88' lang='lat' dir='ltr'><strong>attestante</strong></span> <span class='ocrx_word' id='word_1_697' title='bbox 888 4802 1087 4866; x_wconf 89' lang='lat' dir='ltr'><strong>Marco,</strong></span> <span class='ocrx_word' id='word_1_698' title='bbox 1114 4802 1275 4855; x_wconf 77' lang='lat' dir='ltr'><strong>etiam</strong></span> <span class='ocrx_word' id='word_1_699' title='bbox 1326 4800 1537 4855; x_wconf 91' lang='lat' dir='ltr'><strong>centeni</strong></span> <span class='ocrx_word' id='word_1_700' title='bbox 1585 4800 2004 4854; x_wconf 86' lang='lat' dir='ltr'><strong>discubuerunt:</strong></span> 
     </span>
    </p>
   </div>
   <div class='ocr_carea' id='block_1_98' title="bbox 434 4890 2009 4965">
    <p class='ocr_par' dir='ltr' id='par_1_98' title="bbox 434 4890 2009 4965">
     <span class='ocr_line' id='line_1_98' title="bbox 434 4890 2009 4965; baseline -0.007 -10"><span class='ocrx_word' id='word_1_701' title='bbox 434 4914 558 4955; x_wconf 88' lang='lat' dir='ltr'><strong>nam</strong></span> <span class='ocrx_word' id='word_1_702' title='bbox 595 4897 719 4965; x_wconf 89' lang='lat' dir='ltr'><strong>quia</strong></span> <span class='ocrx_word' id='word_1_703' title='bbox 765 4891 1237 4964; x_wconf 87' lang='lat' dir='ltr'><strong>quinquagesimus</strong></span> <span class='ocrx_word' id='word_1_704' title='bbox 1265 4890 1592 4959; x_wconf 78' lang='lat' dir='ltr'><strong>poenitentia:</strong></span> <span class='ocrx_word' id='word_1_705' title='bbox 1624 4890 1863 4958; x_wconf 90' lang='lat' dir='ltr'><strong>psalmus</strong></span> <span class='ocrx_word' id='word_1_706' title='bbox 1904 4898 2009 4953; x_wconf 87' lang='lat' dir='ltr'><strong>est,</strong></span> 
     </span>
    </p>
   </div>
   <div class='ocr_carea' id='block_1_99' title="bbox 433 4980 2011 5044">
    <p class='ocr_par' dir='ltr' id='par_1_99' title="bbox 433 4980 2011 5044">
     <span class='ocr_line' id='line_1_99' title="bbox 433 4980 2011 5044; baseline -0.006 -1"><span class='ocrx_word' id='word_1_707' title='bbox 433 4986 777 5044; x_wconf 85' lang='lat' dir='ltr'><strong>centenarius</strong></span> <span class='ocrx_word' id='word_1_708' title='bbox 811 4994 989 5038; x_wconf 89' lang='lat' dir='ltr'><strong>autem</strong></span> <span class='ocrx_word' id='word_1_709' title='bbox 1027 4996 1286 5036; x_wconf 88' lang='lat' dir='ltr'><strong>numerus</strong></span> <span class='ocrx_word' id='word_1_710' title='bbox 1320 4980 1385 5035; x_wconf 93' lang='lat' dir='ltr'><strong>de</strong></span> <span class='ocrx_word' id='word_1_711' title='bbox 1410 4980 1540 5034; x_wconf 60' lang='lat' dir='ltr'><strong>laeva</strong></span> <span class='ocrx_word' id='word_1_712' title='bbox 1578 4980 1768 5035; x_wconf 89' lang='lat' dir='ltr'><strong>transit</strong></span> <span class='ocrx_word' id='word_1_713' title='bbox 1793 4980 1848 5033; x_wconf 90' lang='lat' dir='ltr'><strong>in</strong></span> <span class='ocrx_word' id='word_1_714' title='bbox 1886 4980 2011 5034; x_wconf 78' lang='lat' dir='ltr'><strong>dex—</strong></span> 
     </span>
    </p>
   </div>
   <div class='ocr_carea' id='block_1_100' title="bbox 437 5069 2008 5145">
    <p class='ocr_par' dir='ltr' id='par_1_100' title="bbox 437 5069 2008 5145">
     <span class='ocr_line' id='line_1_100' title="bbox 437 5069 2008 5145; baseline -0.006 -14"><span class='ocrx_word' id='word_1_715' title='bbox 437 5089 539 5132; x_wconf 92' lang='lat' dir='ltr'><strong>tra.</strong></span> <span class='ocrx_word' id='word_1_716' title='bbox 572 5074 942 5145; x_wconf 85' lang='lat' dir='ltr'><strong>Quinquageni</strong></span> <span class='ocrx_word' id='word_1_717' title='bbox 968 5073 1034 5126; x_wconf 90' lang='lat' dir='ltr'><strong>ad</strong></span> <span class='ocrx_word' id='word_1_718' title='bbox 1064 5072 1365 5126; x_wconf 76' lang='lat' dir='ltr'><strong>convivium</strong></span> <span class='ocrx_word' id='word_1_719' title='bbox 1395 5069 1604 5145; x_wconf 86' lang='lat' dir='ltr'><strong>Domini</strong></span> <span class='ocrx_word' id='word_1_720' title='bbox 1645 5070 2008 5133; x_wconf 88' lang='lat' dir='ltr'><strong>discumbunt,</strong></span> 
     </span>
    </p>
   </div>
   <div class='ocr_carea' id='block_1_101' title="bbox 437 5154 2009 5238">
    <p class='ocr_par' dir='ltr' id='par_1_101' title="bbox 437 5154 2009 5238">
     <span class='ocr_line' id='line_1_101' title="bbox 437 5154 2009 5238; baseline -0.008 -15"><span class='ocrx_word' id='word_1_721' title='bbox 437 5169 561 5238; x_wconf 88' lang='lat' dir='ltr'><strong>quia</strong></span> <span class='ocrx_word' id='word_1_722' title='bbox 599 5166 771 5221; x_wconf 91' lang='lat' dir='ltr'><strong>adhuc</strong></span> <span class='ocrx_word' id='word_1_723' title='bbox 809 5165 863 5219; x_wconf 92' lang='lat' dir='ltr'><strong>in</strong></span> <span class='ocrx_word' id='word_1_724' title='bbox 893 5154 1209 5234; x_wconf 85' lang='lat' dir='ltr'><strong>poenitentia</strong></span> <span class='ocrx_word' id='word_1_725' title='bbox 1238 5161 1643 5216; x_wconf 88' lang='lat' dir='ltr'><strong>commissorum</strong></span> <span class='ocrx_word' id='word_1_726' title='bbox 1673 5160 1833 5228; x_wconf 91' lang='lat' dir='ltr'><strong>positi</strong></span> <span class='ocrx_word' id='word_1_727' title='bbox 1866 5161 2009 5213; x_wconf 85' lang='lat' dir='ltr'><strong>verbi</strong></span> 
     </span>
    </p>
   </div>
   <div class='ocr_carea' id='block_1_102' title="bbox 439 5249 2015 5325">
    <p class='ocr_par' dir='ltr' id='par_1_102' title="bbox 439 5249 2015 5325">
     <span class='ocr_line' id='line_1_102' title="bbox 439 5249 2015 5325; baseline -0.007 -13"><span class='ocrx_word' id='word_1_728' title='bbox 439 5257 677 5313; x_wconf 79' lang='lat' dir='ltr'><strong>auditum</strong></span> <span class='ocrx_word' id='word_1_729' title='bbox 704 5254 1045 5325; x_wconf 89' lang='lat' dir='ltr'><strong>percipiunt:</strong></span> <span class='ocrx_word' id='word_1_730' title='bbox 1083 5251 1295 5306; x_wconf 89' lang='lat' dir='ltr'><strong>centeni</strong></span> <span class='ocrx_word' id='word_1_731' title='bbox 1345 5259 1524 5304; x_wconf 90' lang='lat' dir='ltr'><strong>autem</strong></span> <span class='ocrx_word' id='word_1_732' title='bbox 1571 5250 1696 5318; x_wconf 86' lang='lat' dir='ltr'><strong>quia</strong></span> <span class='ocrx_word' id='word_1_733' title='bbox 1731 5249 1841 5318; x_wconf 85' lang='lat' dir='ltr'><strong>jam</strong></span> <span class='ocrx_word' id='word_1_734' title='bbox 1885 5264 2015 5317; x_wconf 69' lang='lat' dir='ltr'><strong>prae-</strong></span> 
     </span>
    </p>
   </div>
   <div class='ocr_carea' id='block_1_103' title="bbox 438 5337 2015 5417">
    <p class='ocr_par' dir='ltr' id='par_1_103' title="bbox 438 5337 2015 5417">
     <span class='ocr_line' id='line_1_103' title="bbox 438 5337 2015 5417; baseline -0.006 -16"><span class='ocrx_word' id='word_1_735' title='bbox 438 5355 651 5417; x_wconf 88' lang='lat' dir='ltr'><strong>sumpta</strong></span> <span class='ocrx_word' id='word_1_736' title='bbox 696 5343 863 5398; x_wconf 77' lang='lat' dir='ltr'><strong>venize</strong></span> <span class='ocrx_word' id='word_1_737' title='bbox 911 5356 1005 5411; x_wconf 90' lang='lat' dir='ltr'><strong>spe</strong></span> <span class='ocrx_word' id='word_1_738' title='bbox 1050 5342 1115 5395; x_wconf 92' lang='lat' dir='ltr'><strong>de</strong></span> <span class='ocrx_word' id='word_1_739' title='bbox 1162 5339 1276 5394; x_wconf 90' lang='lat' dir='ltr'><strong>solo</strong></span> <span class='ocrx_word' id='word_1_740' title='bbox 1326 5339 1447 5392; x_wconf 80' lang='lat' dir='ltr'><strong>vita:</strong></span> <span class='ocrx_word' id='word_1_741' title='bbox 1490 5347 1702 5393; x_wconf 73' lang='lat' dir='ltr'><strong>:cternze</strong></span> <span class='ocrx_word' id='word_1_742' title='bbox 1750 5337 2015 5392; x_wconf 88' lang='lat' dir='ltr'><strong>desiderio</strong></span> 
     </span>
    </p>
   </div>
   <div class='ocr_carea' id='block_1_104' title="bbox 440 5432 732 5509">
    <p class='ocr_par' dir='ltr' id='par_1_104' title="bbox 440 5432 732 5509">
     <span class='ocr_line' id='line_1_104' title="bbox 440 5432 732 5509; baseline -0.017 -15"><span class='ocrx_word' id='word_1_743' title='bbox 440 5432 732 5509; x_wconf 86' lang='lat' dir='ltr'><strong>suspirant.</strong></span> 
     </span>
    </p>
   </div>
   <div class='ocr_carea' id='block_1_105' title="bbox 510 5524 2013 5599">
    <p class='ocr_par' dir='ltr' id='par_1_105' title="bbox 510 5524 2013 5599">
     <span class='ocr_line' id='line_1_105' title="bbox 510 5524 2013 5599; baseline -0.005 -16"><span class='ocrx_word' id='word_1_744' title='bbox 510 5530 745 5599; x_wconf 84' lang='lat' dir='ltr'><strong>Acceptis</strong></span> <span class='ocrx_word' id='word_1_745' title='bbox 766 5536 937 5583; x_wconf 87' lang='lat' dir='ltr'><strong>autem</strong></span> <span class='ocrx_word' id='word_1_746' title='bbox 958 5525 1181 5596; x_wconf 87' lang='lat' dir='ltr'><strong>quinque</strong></span> <span class='ocrx_word' id='word_1_747' title='bbox 1210 5525 1427 5593; x_wconf 85' lang='lat' dir='ltr'><strong>panibus</strong></span> <span class='ocrx_word' id='word_1_748' title='bbox 1456 5536 1501 5578; x_wconf 88' lang='lat' dir='ltr'><strong>et</strong></span> <span class='ocrx_word' id='word_1_749' title='bbox 1532 5525 1732 5577; x_wconf 87' lang='lat' dir='ltr'><strong>duobus</strong></span> <span class='ocrx_word' id='word_1_750' title='bbox 1768 5524 2013 5593; x_wconf 82' lang='lat' dir='ltr'><strong>piscibus,</strong></span> 
     </span>
    </p>
   </div>
   <div class='ocr_carea' id='block_1_106' title="bbox 446 5612 2018 5689">
    <p class='ocr_par' dir='ltr' id='par_1_106' title="bbox 446 5612 2018 5689">
     <span class='ocr_line' id='line_1_106' title="bbox 446 5612 2018 5689; baseline -0.005 -16"><span class='ocrx_word' id='word_1_751' title='bbox 446 5620 661 5689; x_wconf 77' lang='lat' dir='ltr'><strong>respexit</strong></span> <span class='ocrx_word' id='word_1_752' title='bbox 693 5620 745 5671; x_wconf 88' lang='lat' dir='ltr'><strong>in</strong></span> <span class='ocrx_word' id='word_1_753' title='bbox 780 5617 960 5670; x_wconf 61' lang='lat' dir='ltr'><strong>caelum</strong></span> <span class='ocrx_word' id='word_1_754' title='bbox 1005 5624 1051 5667; x_wconf 91' lang='lat' dir='ltr'><strong>et</strong></span> <span class='ocrx_word' id='word_1_755' title='bbox 1099 5613 1357 5667; x_wconf 74' lang='lat' dir='ltr'><strong>benedixit</strong></span> <span class='ocrx_word' id='word_1_756' title='bbox 1387 5612 1489 5665; x_wconf 85' lang='lat' dir='ltr'><strong>illis</strong></span> <span class='ocrx_word' id='word_1_757' title='bbox 1520 5625 1537 5663; x_wconf 91' lang='lat'><strong><em>:</em></strong></span> <span class='ocrx_word' id='word_1_758' title='bbox 1564 5622 1611 5665; x_wconf 88' lang='lat' dir='ltr'><strong>et</strong></span> <span class='ocrx_word' id='word_1_759' title='bbox 1656 5613 1808 5681; x_wconf 76' lang='lat' dir='ltr'><strong>fregit</strong></span> <span class='ocrx_word' id='word_1_760' title='bbox 1835 5622 1881 5665; x_wconf 85' lang='lat' dir='ltr'><strong>et</strong></span> <span class='ocrx_word' id='word_1_761' title='bbox 1911 5612 2018 5665; x_wconf 84' lang='lat' dir='ltr'><strong>dis—</strong></span> 
     </span>
    </p>
   </div>
   <div class='ocr_carea' id='block_1_107' title="bbox 446 5699 2014 5776">
    <p class='ocr_par' dir='ltr' id='par_1_107' title="bbox 446 5699 2014 5776">
     <span class='ocr_line' id='line_1_107' title="bbox 446 5699 2014 5776; baseline -0.008 -12"><span class='ocrx_word' id='word_1_762' title='bbox 446 5711 623 5765; x_wconf 83' lang='lat' dir='ltr'><strong>tribuit</strong></span> <span class='ocrx_word' id='word_1_763' title='bbox 677 5707 943 5776; x_wconf 75' lang='lat' dir='ltr'><strong>discipulis</strong></span> <span class='ocrx_word' id='word_1_764' title='bbox 999 5706 1109 5758; x_wconf 81' lang='lat' dir='ltr'><strong>suis</strong></span> <span class='ocrx_word' id='word_1_765' title='bbox 1152 5712 1205 5756; x_wconf 84' lang='lat' dir='ltr'><strong>ut</strong></span> <span class='ocrx_word' id='word_1_766' title='bbox 1248 5713 1491 5772; x_wconf 81' lang='lat' dir='ltr'><strong>ponerent</strong></span> <span class='ocrx_word' id='word_1_767' title='bbox 1534 5712 1652 5753; x_wconf 79' lang='lat' dir='ltr'><strong>ante</strong></span> <span class='ocrx_word' id='word_1_768' title='bbox 1694 5701 1887 5753; x_wconf 66' lang='lat' dir='ltr'><strong>turbas.</strong></span> <span class='ocrx_word' id='word_1_769' title='bbox 1952 5699 2014 5752; x_wconf 69' lang='grc' dir='ltr'><strong>ῐῖί</strong></span> 
     </span>
    </p>
   </div>
   <div class='ocr_carea' id='block_1_108' title="bbox 2114 4619 3703 4691">
    <p class='ocr_par' dir='ltr' id='par_1_108' title="bbox 2114 4619 3703 4691">
     <span class='ocr_line' id='line_1_108' title="bbox 2114 4619 3703 4691; baseline -0.001 -16"><span class='ocrx_word' id='word_1_770' title='bbox 2114 4622 2210 4676; x_wconf 88' lang='lat' dir='ltr'><strong>stri</strong></span> <span class='ocrx_word' id='word_1_771' title='bbox 2232 4622 2320 4691; x_wconf 89' lang='lat' dir='ltr'><strong>qui</strong></span> <span class='ocrx_word' id='word_1_772' title='bbox 2349 4621 2469 4691; x_wconf 87' lang='lat' dir='ltr'><strong>fecit</strong></span> <span class='ocrx_word' id='word_1_773' title='bbox 2492 4621 2754 4674; x_wconf 87' lang='lat' dir='ltr'><strong>vobiscum</strong></span> <span class='ocrx_word' id='word_1_774' title='bbox 2776 4619 3062 4673; x_wconf 88' lang='lat' dir='ltr'><strong>mirabilia.</strong></span> <span class='ocrx_word' id='word_1_775' title='bbox 3093 4619 3150 4674; x_wconf 88' lang='lat' dir='ltr'><strong>Si</strong></span> <span class='ocrx_word' id='word_1_776' title='bbox 3174 4629 3354 4673; x_wconf 82' lang='lat' dir='ltr'><strong>autem</strong></span> <span class='ocrx_word' id='word_1_777' title='bbox 3382 4629 3501 4689; x_wconf 84' lang='lat' dir='ltr'><strong>post</strong></span> <span class='ocrx_word' id='word_1_778' title='bbox 3524 4622 3703 4690; x_wconf 77' lang='lat' dir='ltr'><strong>paeni-</strong></span> 
     </span>
    </p>
   </div>
   <div class='ocr_carea' id='block_1_109' title="bbox 2116 4711 3702 4780">
    <p class='ocr_par' dir='ltr' id='par_1_109' title="bbox 2116 4711 3702 4780">
     <span class='ocr_line' id='line_1_109' title="bbox 2116 4711 3702 4780; baseline -0.001 -13"><span class='ocrx_word' id='word_1_779' title='bbox 2116 4714 2339 4767; x_wconf 88' lang='lat' dir='ltr'><strong>tentiam</strong></span> <span class='ocrx_word' id='word_1_780' title='bbox 2371 4722 2575 4765; x_wconf 90' lang='lat' dir='ltr'><strong>tantam</strong></span> <span class='ocrx_word' id='word_1_781' title='bbox 2602 4713 2903 4767; x_wconf 89' lang='lat' dir='ltr'><strong>ubertatem</strong></span> <span class='ocrx_word' id='word_1_782' title='bbox 2938 4712 3079 4766; x_wconf 89' lang='lat' dir='ltr'><strong>Deus</strong></span> <span class='ocrx_word' id='word_1_783' title='bbox 3108 4726 3288 4765; x_wconf 89' lang='lat' dir='ltr'><strong>rerum</strong></span> <span class='ocrx_word' id='word_1_784' title='bbox 3311 4711 3549 4766; x_wconf 88' lang='lat' dir='ltr'><strong>omnium</strong></span> <span class='ocrx_word' id='word_1_785' title='bbox 3582 4711 3702 4780; x_wconf 86' lang='lat' dir='ltr'><strong>pol-</strong></span> 
     </span>
    </p>
   </div>
   <div class='ocr_carea' id='block_1_110' title="bbox 2115 4797 3701 4870">
    <p class='ocr_par' dir='ltr' id='par_1_110' title="bbox 2115 4797 3701 4870">
     <span class='ocr_line' id='line_1_110' title="bbox 2115 4797 3701 4870; baseline -0.003 -15"><span class='ocrx_word' id='word_1_786' title='bbox 2115 4803 2325 4867; x_wconf 89' lang='lat' dir='ltr'><strong>licetur,</strong></span> <span class='ocrx_word' id='word_1_787' title='bbox 2356 4801 2483 4870; x_wconf 89' lang='lat' dir='ltr'><strong>quid</strong></span> <span class='ocrx_word' id='word_1_788' title='bbox 2524 4800 2869 4870; x_wconf 88' lang='lat' dir='ltr'><strong>respondebit</strong></span> <span class='ocrx_word' id='word_1_789' title='bbox 2907 4797 3179 4854; x_wconf 83' lang='lat' dir='ltr'><strong>Novatus?</strong></span> <span class='ocrx_word' id='word_1_790' title='bbox 3212 4814 3411 4868; x_wconf 87' lang='lat' dir='ltr'><strong>negans</strong></span> <span class='ocrx_word' id='word_1_791' title='bbox 3434 4798 3701 4868; x_wconf 74' lang='lat' dir='ltr'><strong>poeniten-</strong></span> 
     </span>
    </p>
   </div>
   <div class='ocr_carea' id='block_1_111' title="bbox 2116 4876 3700 4958">
    <p class='ocr_par' dir='ltr' id='par_1_111' title="bbox 2116 4876 3700 4958">
     <span class='ocr_line' id='line_1_111' title="bbox 2116 4876 3700 4958; baseline -0.002 -12"><span class='ocrx_word' id='word_1_792' title='bbox 2116 4894 2282 4956; x_wconf 89' lang='lat' dir='ltr'><strong>tiam,</strong></span> <span class='ocrx_word' id='word_1_793' title='bbox 2328 4900 2383 4945; x_wconf 91' lang='lat' dir='ltr'><strong>et</strong></span> <span class='ocrx_word' id='word_1_794' title='bbox 2427 4890 2708 4946; x_wconf 88' lang='lat' dir='ltr'><strong>reformari</strong></span> <span class='ocrx_word' id='word_1_795' title='bbox 2750 4876 2909 4958; x_wconf 88' lang='lat' dir='ltr'><strong>posse</strong></span> <span class='ocrx_word' id='word_1_796' title='bbox 2953 4899 3267 4958; x_wconf 86' lang='lat' dir='ltr'><strong>peccatores</strong></span> <span class='ocrx_word' id='word_1_797' title='bbox 3309 4890 3361 4942; x_wconf 93' lang='lat' dir='ltr'><strong>in</strong></span> <span class='ocrx_word' id='word_1_798' title='bbox 3410 4889 3700 4957; x_wconf 89' lang='lat' dir='ltr'><strong>pristinum</strong></span> 
     </span>
    </p>
   </div>
   <div class='ocr_carea' id='block_1_112' title="bbox 2115 4977 3703 5051">
    <p class='ocr_par' dir='ltr' id='par_1_112' title="bbox 2115 4977 3703 5051">
     <span class='ocr_line' id='line_1_112' title="bbox 2115 4977 3703 5051; baseline -0.001 -15"><span class='ocrx_word' id='word_1_799' title='bbox 2115 4991 2346 5045; x_wconf 82' lang='lat' dir='ltr'><strong>statum;</strong></span> <span class='ocrx_word' id='word_1_800' title='bbox 2378 4981 2421 5034; x_wconf 92' lang='lat' dir='ltr'><strong>si</strong></span> <span class='ocrx_word' id='word_1_801' title='bbox 2452 4981 2611 5050; x_wconf 87' lang='lat' dir='ltr'><strong>digna</strong></span> <span class='ocrx_word' id='word_1_802' title='bbox 2640 4979 2861 5051; x_wconf 85' lang='lat' dir='ltr'><strong>fecerint</strong></span> <span class='ocrx_word' id='word_1_803' title='bbox 2889 4994 3051 5049; x_wconf 90' lang='lat' dir='ltr'><strong>opera</strong></span> <span class='ocrx_word' id='word_1_804' title='bbox 3092 4980 3447 5048; x_wconf 55' lang='lat' dir='ltr'><strong>poenitentiae;</strong></span> <span class='ocrx_word' id='word_1_805' title='bbox 3482 4977 3536 5031; x_wconf 91' lang='lat' dir='ltr'><strong>in</strong></span> <span class='ocrx_word' id='word_1_806' title='bbox 3584 4988 3703 5034; x_wconf 85' lang='lat' dir='ltr'><strong>tan-</strong></span> 
     </span>
    </p>
   </div>
   <div class='ocr_carea' id='block_1_113' title="bbox 2118 5068 3700 5138">
    <p class='ocr_par' dir='ltr' id='par_1_113' title="bbox 2118 5068 3700 5138">
     <span class='ocr_line' id='line_1_113' title="bbox 2118 5068 3700 5138; baseline -0.002 -15"><span class='ocrx_word' id='word_1_807' title='bbox 2118 5080 2229 5124; x_wconf 90' lang='lat' dir='ltr'><strong>tum</strong></span> <span class='ocrx_word' id='word_1_808' title='bbox 2259 5068 2403 5123; x_wconf 92' lang='lat' dir='ltr'><strong>enim</strong></span> <span class='ocrx_word' id='word_1_809' title='bbox 2443 5069 2584 5123; x_wconf 90' lang='lat' dir='ltr'><strong>Deus</strong></span> <span class='ocrx_word' id='word_1_810' title='bbox 2611 5068 2798 5137; x_wconf 87' lang='lat' dir='ltr'><strong>recipit</strong></span> <span class='ocrx_word' id='word_1_811' title='bbox 2833 5068 3188 5138; x_wconf 72' lang='lat' dir='ltr'><strong>ptenitentes,</strong></span> <span class='ocrx_word' id='word_1_812' title='bbox 3215 5076 3274 5119; x_wconf 91' lang='lat' dir='ltr'><strong>ut</strong></span> <span class='ocrx_word' id='word_1_813' title='bbox 3298 5074 3449 5119; x_wconf 87' lang='lat' dir='ltr'><strong>vocet</strong></span> <span class='ocrx_word' id='word_1_814' title='bbox 3480 5080 3573 5120; x_wconf 89' lang='lat' dir='ltr'><strong>eos</strong></span> <span class='ocrx_word' id='word_1_815' title='bbox 3598 5080 3700 5134; x_wconf 86' lang='lat' dir='ltr'><strong>po-</strong></span> 
     </span>
    </p>
   </div>
   <div class='ocr_carea' id='block_1_114' title="bbox 2118 5152 3702 5227">
    <p class='ocr_par' dir='ltr' id='par_1_114' title="bbox 2118 5152 3702 5227">
     <span class='ocr_line' id='line_1_114' title="bbox 2118 5152 3702 5227; baseline 0.002 -22"><span class='ocrx_word' id='word_1_816' title='bbox 2118 5156 2299 5227; x_wconf 73' lang='lat' dir='ltr'><strong>pulum</strong></span> <span class='ocrx_word' id='word_1_817' title='bbox 2330 5171 2506 5219; x_wconf 89' lang='lat' dir='ltr'><strong>suum,</strong></span> <span class='ocrx_word' id='word_1_818' title='bbox 2548 5164 2603 5209; x_wconf 89' lang='lat' dir='ltr'><strong>et</strong></span> <span class='ocrx_word' id='word_1_819' title='bbox 2626 5170 2965 5224; x_wconf 88' lang='lat' dir='ltr'><strong>nequaquam</strong></span> <span class='ocrx_word' id='word_1_820' title='bbox 2994 5163 3199 5208; x_wconf 88' lang='lat' dir='ltr'><strong>asserat</strong></span> <span class='ocrx_word' id='word_1_821' title='bbox 3223 5152 3626 5207; x_wconf 87' lang='lat' dir='ltr'><strong>confundendos</strong></span> <span class='ocrx_word' id='word_1_822' title='bbox 3645 5162 3702 5208; x_wconf 83' lang='lat' dir='ltr'><strong>et</strong></span> 
     </span>
    </p>
   </div>
   <div class='ocr_carea' id='block_1_115' title="bbox 2122 5242 3702 5311">
    <p class='ocr_par' dir='ltr' id='par_1_115' title="bbox 2122 5242 3702 5311">
     <span class='ocr_line' id='line_1_115' title="bbox 2122 5242 3702 5311; baseline -0.002 -13"><span class='ocrx_word' id='word_1_823' title='bbox 2122 5246 2479 5298; x_wconf 87' lang='lat' dir='ltr'><strong>habitatorem</strong></span> <span class='ocrx_word' id='word_1_824' title='bbox 2506 5260 2563 5298; x_wconf 90' lang='lat' dir='ltr'><strong>se</strong></span> <span class='ocrx_word' id='word_1_825' title='bbox 2589 5245 2642 5297; x_wconf 90' lang='lat' dir='ltr'><strong>in</strong></span> <span class='ocrx_word' id='word_1_826' title='bbox 2666 5259 2851 5297; x_wconf 88' lang='lat' dir='ltr'><strong>eorum</strong></span> <span class='ocrx_word' id='word_1_827' title='bbox 2882 5242 3054 5296; x_wconf 86' lang='lat' dir='ltr'><strong>medio</strong></span> <span class='ocrx_word' id='word_1_828' title='bbox 3078 5243 3418 5311; x_wconf 86' lang='lat' dir='ltr'><strong>repromittat</strong></span> <span class='ocrx_word' id='word_1_829' title='bbox 3459 5257 3559 5296; x_wconf 90' lang='lat' dir='ltr'><strong>nec</strong></span> <span class='ocrx_word' id='word_1_830' title='bbox 3586 5258 3702 5295; x_wconf 55' lang='lat' dir='ltr'><strong>am.-</strong></span> 
     </span>
    </p>
   </div>
   <div class='ocr_carea' id='block_1_116' title="bbox 2122 5332 3702 5400">
    <p class='ocr_par' dir='ltr' id='par_1_116' title="bbox 2122 5332 3702 5400">
     <span class='ocr_line' id='line_1_116' title="bbox 2122 5332 3702 5400; baseline 0.001 -16"><span class='ocrx_word' id='word_1_831' title='bbox 2122 5332 2262 5400; x_wconf 90' lang='lat' dir='ltr'><strong>plius</strong></span> <span class='ocrx_word' id='word_1_832' title='bbox 2294 5347 2387 5387; x_wconf 86' lang='lat' dir='ltr'><strong>eos</strong></span> <span class='ocrx_word' id='word_1_833' title='bbox 2442 5332 2603 5386; x_wconf 89' lang='lat' dir='ltr'><strong>alium</strong></span> <span class='ocrx_word' id='word_1_834' title='bbox 2644 5334 2922 5387; x_wconf 86' lang='lat' dir='ltr'><strong>habituros</strong></span> <span class='ocrx_word' id='word_1_835' title='bbox 2956 5333 3144 5395; x_wconf 85' lang='lat' dir='ltr'><strong>Deum,</strong></span> <span class='ocrx_word' id='word_1_836' title='bbox 3187 5332 3282 5385; x_wconf 89' lang='lat' dir='ltr'><strong>sed</strong></span> <span class='ocrx_word' id='word_1_837' title='bbox 3334 5333 3387 5385; x_wconf 90' lang='lat' dir='ltr'><strong>in</strong></span> <span class='ocrx_word' id='word_1_838' title='bbox 3432 5347 3556 5387; x_wconf 87' lang='lat' dir='ltr'><strong>eum</strong></span> <span class='ocrx_word' id='word_1_839' title='bbox 3589 5341 3702 5385; x_wconf 89' lang='lat' dir='ltr'><strong>toto</strong></span> 
     </span>
    </p>
   </div>
   <div class='ocr_carea' id='block_1_117' title="bbox 2124 5421 3703 5490">
    <p class='ocr_par' dir='ltr' id='par_1_117' title="bbox 2124 5421 3703 5490">
     <span class='ocr_line' id='line_1_117' title="bbox 2124 5421 3703 5490; baseline -0.002 -14"><span class='ocrx_word' id='word_1_840' title='bbox 2124 5425 2302 5476; x_wconf 88' lang='lat' dir='ltr'><strong>animo</strong></span> <span class='ocrx_word' id='word_1_841' title='bbox 2328 5423 2647 5487; x_wconf 80' lang='lat' dir='ltr'><strong>conlisuros,</strong></span> <span class='ocrx_word' id='word_1_842' title='bbox 2679 5422 2767 5490; x_wconf 86' lang='lat' dir='ltr'><strong>qui</strong></span> <span class='ocrx_word' id='word_1_843' title='bbox 2802 5423 2856 5474; x_wconf 92' lang='lat' dir='ltr'><strong>in</strong></span> <span class='ocrx_word' id='word_1_844' title='bbox 2885 5421 2988 5475; x_wconf 83' lang='lat' dir='ltr'><strong>illis</strong></span> <span class='ocrx_word' id='word_1_845' title='bbox 3009 5430 3221 5474; x_wconf 86' lang='lat' dir='ltr'><strong>maneat</strong></span> <span class='ocrx_word' id='word_1_846' title='bbox 3248 5421 3299 5474; x_wconf 90' lang='lat' dir='ltr'><strong>in</strong></span> <span class='ocrx_word' id='word_1_847' title='bbox 3327 5430 3586 5475; x_wconf 62' lang='lat' dir='ltr'><strong>alternum</strong></span> <span class='ocrx_word' id='word_1_848' title='bbox 3617 5436 3703 5473; x_wconf 86' lang='lat' dir='ltr'><strong>re-</strong></span> 
     </span>
    </p>
   </div>
   <div class='ocr_carea' id='block_1_118' title="bbox 2124 5508 3701 5585">
    <p class='ocr_par' dir='ltr' id='par_1_118' title="bbox 2124 5508 3701 5585">
     <span class='ocr_line' id='line_1_118' title="bbox 2124 5508 3701 5585; baseline -0.004 -17"><span class='ocrx_word' id='word_1_849' title='bbox 2124 5532 2294 5585; x_wconf 82' lang='lat' dir='ltr'><strong>gnans</strong></span> <span class='ocrx_word' id='word_1_850' title='bbox 2330 5516 2380 5567; x_wconf 88' lang='lat' dir='ltr'><strong>in</strong></span> <span class='ocrx_word' id='word_1_851' title='bbox 2409 5512 2542 5566; x_wconf 79' lang='lat' dir='ltr'><strong>coelo</strong></span> <span class='ocrx_word' id='word_1_852' title='bbox 2568 5520 2619 5564; x_wconf 85' lang='lat' dir='ltr'><strong>et</strong></span> <span class='ocrx_word' id='word_1_853' title='bbox 2647 5512 2699 5564; x_wconf 89' lang='lat' dir='ltr'><strong>in</strong></span> <span class='ocrx_word' id='word_1_854' title='bbox 2731 5520 2892 5574; x_wconf 87' lang='lat' dir='ltr'><strong>terra,</strong></span> <span class='ocrx_word' id='word_1_855' title='bbox 2920 5526 3023 5563; x_wconf 91' lang='lat' dir='ltr'><strong>non</strong></span> <span class='ocrx_word' id='word_1_856' title='bbox 3046 5509 3376 5577; x_wconf 81' lang='lat' dir='ltr'><strong>derelinquct</strong></span> <span class='ocrx_word' id='word_1_857' title='bbox 3401 5523 3587 5561; x_wconf 82' lang='lat' dir='ltr'><strong>omnes</strong></span> <span class='ocrx_word' id='word_1_858' title='bbox 3608 5508 3701 5577; x_wconf 89' lang='lat' dir='ltr'><strong>qui</strong></span> 
     </span>
    </p>
   </div>
   <div class='ocr_carea' id='block_1_119' title="bbox 2125 5597 3702 5675">
    <p class='ocr_par' dir='ltr' id='par_1_119' title="bbox 2125 5597 3702 5675">
     <span class='ocr_line' id='line_1_119' title="bbox 2125 5597 3702 5675; baseline -0.007 -14"><span class='ocrx_word' id='word_1_859' title='bbox 2125 5616 2342 5675; x_wconf 77' lang='lat' dir='ltr'><strong>sperant</strong></span> <span class='ocrx_word' id='word_1_860' title='bbox 2383 5604 2436 5655; x_wconf 86' lang='lat' dir='ltr'><strong>in</strong></span> <span class='ocrx_word' id='word_1_861' title='bbox 2467 5616 2543 5666; x_wconf 89' lang='lat' dir='ltr'><strong>se,</strong></span> <span class='ocrx_word' id='word_1_862' title='bbox 2582 5599 2671 5654; x_wconf 87' lang='lat' dir='ltr'><strong>sed</strong></span> <span class='ocrx_word' id='word_1_863' title='bbox 2704 5600 2867 5653; x_wconf 84' lang='lat' dir='ltr'><strong>vitam</strong></span> <span class='ocrx_word' id='word_1_864' title='bbox 2894 5600 2971 5655; x_wconf 89' lang='lat' dir='ltr'><strong>eis</strong></span> <span class='ocrx_word' id='word_1_865' title='bbox 3000 5599 3189 5651; x_wconf 86' lang='lat' dir='ltr'><strong>tribuit</strong></span> <span class='ocrx_word' id='word_1_866' title='bbox 3216 5599 3266 5650; x_wconf 89' lang='lat' dir='ltr'><strong>in</strong></span> <span class='ocrx_word' id='word_1_867' title='bbox 3300 5612 3464 5667; x_wconf 80' lang='lat' dir='ltr'><strong>regno</strong></span> <span class='ocrx_word' id='word_1_868' title='bbox 3494 5597 3702 5651; x_wconf 71' lang='lat' dir='ltr'><strong>coelein</strong></span> 
     </span>
    </p>
   </div>
   <div class='ocr_carea' id='block_1_120' title="bbox 2124 5689 3704 5764">
    <p class='ocr_par' dir='ltr' id='par_1_120' title="bbox 2124 5689 3704 5764">
     <span class='ocr_line' id='line_1_120' title="bbox 2124 5689 3704 5764; baseline -0.007 -14"><span class='ocrx_word' id='word_1_869' title='bbox 2124 5708 2177 5751; x_wconf 87' lang='lat' dir='ltr'><strong>et</strong></span> <span class='ocrx_word' id='word_1_870' title='bbox 2234 5694 2473 5764; x_wconf 84' lang='lat' dir='ltr'><strong>requiem</strong></span> <span class='ocrx_word' id='word_1_871' title='bbox 2517 5691 2894 5761; x_wconf 80' lang='lat' dir='ltr'><strong>sempiternam</strong></span> <span class='ocrx_word' id='word_1_872' title='bbox 2939 5690 3090 5745; x_wconf 78' lang='lat' dir='ltr'><strong>Jesus</strong></span> <span class='ocrx_word' id='word_1_873' title='bbox 3140 5690 3383 5743; x_wconf 63' lang='lat' dir='ltr'><strong>Clzristus</strong></span> <span class='ocrx_word' id='word_1_874' title='bbox 3446 5689 3704 5746; x_wconf 81' lang='lat' dir='ltr'><strong>Dominus</strong></span> 
     </span>
    </p>
   </div>
  </div>
