3946 6326
120 343 232 400 515

1198 341 1499 395 llOMlLl/E
1541 339 1606 394 IN
1648 338 1899 394 EVANG.
1936 340 2026 394 ΕΤ
2068 341 2277 397 EPIST.

3280 346 3381 401 3H

125 464 332 519 noster,
362 456 456 525 qui
486 456 619 509 vivit
644 463 697 508 et
726 461 909 521 regnat
935 468 1055 506 cuni
1095 454 1203 506 Deo
1232 451 1390 504 Patre
1427 450 1480 509 in
1509 450 1713 503 unitate
1739 453 1788 517 Α
1816 452 2095 514 cularium,
2130 455 2219 522 qui
2248 454 2410 507 multa
2439 455 2501 509 de
2544 455 2829 511 virtutibus
2866 458 3116 528 vitiisque
3146 461 3384 515 subtilis-

130 544 367 615 Spiritus
393 546 570 601 sancti
600 560 695 614 per
723 544 897 597 omnia
920 542 1112 597 saecula
1150 541 1485 596 srcculorum.
1518 540 1707 593 Anien.

614 652 889 708 HOMILIA
928 650 1229 705 LXXXVII.

708 759 837 798 ITEM
870 760 1025 797 FEBIA
1064 758 1139 796 γι.

300 834 483 889 lectio
504 833 675 887 sancti
703 830 974 900 Evangelii
1006 828 1296 883 secundum
1320 828 1540 882 Lucam.

208 923 274 977 In
306 924 396 976 illo
424 934 648 992 tempore
675 924 809 975 venit
840 923 907 974 ad
940 921 1118 975 Iesum
1153 902 1229 974 vir
1256 922 1340 972 cui
1367 934 1549 973 nomen
1587 919 1708 972 lui-

132 1010 245 1058 rus,
275 1004 324 1045 et
348 1010 454 1061 ipse
475 994 707 1061 princeps
730 1008 1003 1061 synagoga:
1023 1000 1149 1055 erat,
1183 998 1287 1043 etc.

204 1088 378 1143 Priori
409 1086 623 1140 lectioni
653 1100 812 1152 quam
835 1084 900 1139 de
938 1081 1235 1150 abjcctione
1261 1080 1554 1152 Synagogm
1587 1078 1711 1133 ﬁde—

128 1191 239 1245 que
273 1174 527 1229 Ecclesiae
553 1182 711 1242 atque
742 1174 931 1226 iterum
963 1170 1367 1225 instauratiouis
1412 1168 1707 1239 Syuagogzn

123 1282 320 1323 sumus
343 1265 672 1335 interpretati
718 1271 1107 1337 consequenter
1151 1261 1554 1331 archisynagogi
1601 1260 1705 1313 ﬁlia

124 1358 371 1412 moriens
411 1356 765 1426 sulijuugitur,
792 1370 965 1429 quam
999 1354 1123 1407 dum
1158 1352 1421 1407 suscitare
1456 1358 1708 1419 properat

124 1448 413 1511 Dominus,
450 1453 788 1515 prteoccupat
818 1446 1179 1499 hemorro'issa
1212 1442 1420 1503 mulier,
1467 1440 1707 1509 prieripit

122 1539 437 1602 sanitatem,
476 1537 639 1606 ﬁtque
675 1544 732 1590 ut
760 1544 879 1604 post
907 1536 1127 1589 veniens
1171 1534 1318 1603 prior
1343 1532 1513 1586 salute
1539 1532 1706 1601 potia-

106 1639 238 1691 ,tur.
286 1629 554 1699 IEtliiopia
603 1628 745 1682 enim
786 1628 1076 1696 praeveniet
1118 1640 1310 1679 manus
1337 1623 1451 1692 ejus
1488 1624 1619 1688 Deo,
1650 1634 1704 1677 et

122 1738 252 1777 cum
281 1723 562 1778 intraverit
597 1716 871 1793 plenitudo
896 1722 1157 1792 gentium,
1188 1729 1314 1774 tunc
1346 1720 1519 1774 omnis
1543 1718 1702 1773 Israel

122 1813 312 1867 salvus
346 1813 453 1866 ﬁet.

196 1902 267 1955 Et
298 1904 480 1956 cecidit
507 1902 750 1971 ad'pedes
781 1900 930 1965 Jesu,
956 1917 1143 1970 rogans
1183 1914 1299 1952 eum
1337 1907 1390 1950 ut
1412 1900 1627 1949 intraret
1651 1896 1704 1949 in

119 1995 341 2047 domum
372 1994 503 2063 ejus.
532 1992 587 2047 Si
624 2001 783 2061 caput
813 1990 1011 2045 Christi
1044 1992 1202 2055 Deus,
1230 1988 1393 2059 pedes
1416 1988 1532 2057 ejus
1577 2002 1705 2039 con-

120 2096 418 2156 sequenter
464 2087 783 2151 incarnatio,
814 2100 916 2155 qua
960 2094 1157 2139 terram
1186 2093 1383 2138 nostrae
1411 2080 1704 2135 mortalita-

122 2180 195 2245 tis
224 2179 417 2248 tetigit,
465 2177 759 2247 accipiendi
810 2184 952 2230 sunt.
996 2173 1191 2227 Cecidit
1225 2173 1387 2243 igitur
1427 2170 1703 2238 archisyn-

121 2284 330 2338 agogus
360 2268 426 2320 ad
448 2269 599 2337 pedes
622 2266 876 2335 Jesu,qui
902 2265 1175 2335 legislator
1202 2279 1325 2317 cum
1352 2270 1462 2314 tota
1489 2269 1701 2329 patrum

120 2358 383 2427 progenie
411 2357 682 2411 Christum
725 2356 777 2409 in
829 2370 990 2409 carne
1031 2361 1375 2422 apparentem
1409 2350 1564 2419 longe
1601 2348 1702 2403 sibi

120 2447 405 2517 dignitatis
433 2446 598 2517 gloria
628 2444 1015 2513 przel‘erendum
1042 2458 1159 2497 esse
1188 2442 1455 2511 cognovit.

194 2540 338 2607 Quia
360 2540 473 2609 ﬁlia
500 2540 655 2593 unica
676 2548 786 2592 erat
819 2536 898 2589 illi
923 2536 1030 2605 fere
1060 2551 1316 2589 annorum
1336 2531 1626 2594 duodecim,
1656 2539 1706 2584 et

120 2635 235 2686 lucc
280 2634 620 2686 moriebatur.
653 2631 770 2699 ipsa
815 2628 1093 2699 Synagoga
1134 2642 1252 2695 quze
1281 2625 1392 2679 sola
1422 2622 1575 2693 legali
1619 2622 1701 2675 in—

121 2723 405 2776 stitutione
447 2721 737 2789 composita
786 2718 937 2787 quasi
984 2717 1140 2771 unica
1190 2714 1356 2784 Moysi
1404 2724 1529 2766 nata
1564 2720 1699 2772 erat,

123 2813 279 2882 quasi
322 2813 637 2866 duodecimo
674 2810 847 2864 aetatis
881 2824 1042 2871 anno,
1073 2808 1175 2862 hoc
1208 2814 1311 2869 est,
1341 2814 1579 2873 tempore
1606 2818 1713 2870 pu-

122 2903 356 2957 hertatis
395 2902 854 2971 appropinquante
902 2899 1248 2958 moriebatur,
1300 2911 1419 2964 qua:
1458 2893 1705 2947 nobiliter

123 3009 153 3047 a
181 2992 465 3062 preplietis
486 2991 731 3054 educata,
758 2999 1038 3059 postquam
1063 2988 1127 3041 ad
1152 2985 1509 3055 intelligibilcs
1534 2998 1703 3036 annos

124 3089 465 3151 pervenerat,
496 3088 771 3147 postquam
806 3076 1071 3146 spiritales
1097 3077 1205 3130 Deo
1230 3075 1435 3127 fructus
1483 3073 1702 3141 gignere

1812 544 1946 598 sime
1974 546 2297 599 disserentes
2329 546 2474 599 utilia
2505 562 2562 600 se
2590 548 2795 602 vivendi
2826 550 3185 619 crcdeudique
3231 552 3383 607 iustis

1811 641 1923 689 tuta
1950 635 2265 689 mortalibus
2295 635 2422 689 dare
2456 638 2857 704 promittebant.

1882 726 2106 780 Accessit
2135 736 2269 779 retro
2299 737 2345 779 et
2377 728 2537 798 tetigit
2578 729 2836 795 fimbriam
2866 735 3149 787 vestimenti
3171 734 3306 803 ejus,
3334 744 3382 790 et

1810 816 2075 883 confestim
2116 818 2251 869 stetit
2284 820 2457 885 [luxus
2487 820 2751 887 sanguinis
2780 822 2911 889 ejus.
2942 823 3166 877 Accedit
3191 834 3245 878 et
3274 825 3379 879 Do-

1809 908 2015 961 minum
2064 908 2231 974 tangit
2278 909 2539 972 Ecclesia,
2565 911 2701 977 quia.
2727 912 2776 964 ei
2825 928 2921 981 per
2949 913 3068 967 ﬁdei
3103 916 3382 969 veritatem

1809 998 2219 1067 appmpinquat.
2268 998 2488 1053 Accedit
2539 1009 2718 1069 autem
2780 1011 2925 1056 retro
2977 1004 3088 1059 sive
3126 1006 3279 1075 juxta
3329 1006 3383 1059 id

1807 1090 1950 1158 quod
1987 1090 2098 1156 ipse
2129 1089 2203 1141 ait
2230 1107 2241 1141 :
2276 1088 2334 1142 Si
2364 1091 2473 1159 quis
2499 1092 2623 1143 mihi
2652 1093 2931 1157 ministrat,
2961 1110 3038 1146 me
3063 1104 3327 1165 sequatur.

1876 1177 1944 1229 Et
1976 1178 2047 1229 ait
2076 1176 2229 1230 Jesus
2258 1193 2274 1231 :
2307 1178 2433 1242 Quis
2462 1190 2534 1233 est
2575 1183 2664 1250 qui
2696 1199 2772 1235 me
2808 1184 3011 1251 tetigit?
3045 1184 3155 1239 Non
3187 1194 3242 1239 ut
3270 1187 3386 1256 ipse

1806 1271 2014 1324 nesciat
2040 1270 2319 1331 doceatur,
2364 1270 2456 1323 sed
2496 1280 2554 1323 ut
2589 1273 2759 1325 virtus
2791 1273 2911 1327 ﬁdei
2942 1290 3101 1342 quam
3140 1288 3381 1343 noverat,

1807 1363 1915 1415 imo
1948 1378 2109 1430 quam
2138 1363 2249 1430 ipse
2272 1362 2522 1428 dederat,
2553 1364 2605 1416 in
2630 1364 2852 1419 muliere
2884 1366 3186 1421 declaretur
3217 1368 3383 1422 inter-

1807 1461 1981 1521 rogat.

1879 1541 2202 1609 Negautilms
2229 1552 2402 1595 autem
2422 1545 2679 1609 omnibus,
2704 1545 2835 1598 dixit
2868 1546 3048 1600 Petrus
3078 1558 3124 1601 et
3148 1550 3237 1618 qui
3265 1566 3383 1602 cum

1803 1633 1893 1686 illo
1930 1644 2119 1687 erant:
2158 1634 2471 1703 Prwceptor,
2505 1637 2670 1690 turbte
2710 1647 2757 1691 te
2801 1639 3147 1707 comprimunt
3168 1649 3217 1693 et
3255 1641 3383 1710 aﬂli-

1804 1731 1949 1791 gunt,
1973 1731 2018 1774 et
2040 1722 2167 1774 dicis
2195 1739 2213 1775 :
2242 1723 2367 1787 Quis
2402 1741 2481 1777 me
2506 1726 2709 1794 tetigit?
2737 1725 2904 1792 Quem
2936 1729 3101 1780 tur‘ine
3122 1731 3384 1783 comitan-

1735 1793 1777 1851 Β
1810 1820 1888 1865 tes
1906 1811 2104 1879 passim
2127 1812 2503 1879 comprimunt,
2526 1829 2629 1867 uua
2650 1816 2864 1869 credula
2889 1816 3077 1869 mulier
3103 1818 3382 1871 Dominum

1806 1902 2013 1971 tangit,
2052 1902 2175 1970 quia
2213 1902 2302 1969 qui
2351 1903 2578 1957 diversis
2629 1904 2928 1958 inordinate
2974 1906 3383 1975 glomerantium

1804 1989 2097 2045 lliBI‘CSlDllS
2128 1989 2403 2061 afﬂigitur,
2434 1992 2543 2046 sola
2574 1994 2848 2048 catholica:
2880 1994 3128 2050 Ecclesiae
3160 1997 3389 2051 ﬁdeliter

1803 2080 1967 2135 corde
1996 2081 2334 2149 qmesitatur.

1875 2170 1940 2222 Et
1971 2170 2102 2222 dixit
2132 2169 2330 2223 Jesus:
2364 2168 2546 2240 Tetigit
2593 2188 2673 2225 me
2712 2173 2921 2242 aliquis,
2955 2191 3073 2227 nam
3127 2192 3218 2245 ego
3266 2176 3383 2230 nari

1802 2260 2043 2313 virtutem
2088 2260 2151 2312 de
2192 2277 2272 2312 me
2302 2262 2485 2337 exissf,
2515 2270 2620 2315 etc.
2652 2261 2767 2316 Non
2797 2278 2924 2333 ergo
2967 2264 3094 2319 latet
3132 2280 3253 2319 eum
3290 2268 3381 2336 qui

1806 2348 2072 2403 ﬁmbriam
2120 2349 2386 2417 tetigerit;
2452 2350 2501 2403 id
2555 2360 2657 2413 est,
2706 2352 3087 2408 incarnationis
3130 2356 3381 2425 mysteria

1806 2436 1976 2493 donec
2001 2438 2067 2490 ad
2092 2436 2293 2504 majora
2324 2440 2579 2508 capienda
2602 2443 2876 2511 perveniat
2896 2444 3127 2511 pcrl’ectc
3154 2446 3383 2499 amando

1805 2530 2113 2584 crediderit.

1876 2620 1939 2673 At
1963 2623 2071 2689 ipse
2091 2622 2221 2674 dixit
2245 2620 2353 2674 illi:
2372 2619 2535 2682 Filia,
2550 2622 2679 2689 ﬁdes
2701 2632 2789 2674 tua
2814 2633 2860 2675 te
2873 2623 3067 2677 salvam
3090 2624 3207 2692 fecit
3224 2640 3240 2677 :
3255 2628 3382 2679 vade

1803 2714 1857 2765 in
1886 2729 2031 2781 pace.
2061 2712 2181 2765 ldco
2208 2712 2309 2765 ﬁlia
2329 2752 2342 2775 ,
2377 2713 2498 2782 quia
2520 2714 2651 2767 ﬁdes
2674 2722 2761 2767 tua
2800 2724 2849 2767 te
2869 2715 3070 2773 salvam
3094 2716 3250 2781 fecit;
3280 2733 3379 2772 nec

1804 2804 1939 2858 dixit
1970 2802 2102 2857 ﬁdes
2129 2814 2218 2857 tua
2253 2814 2303 2858 te
2334 2804 2536 2859 salvam
2570 2804 2772 2859 factura
2800 2815 2901 2867 est.
2930 2807 3020 2861 sed
3066 2807 3265 2861 salvam
3297 2809 3378 2863 fc—

1805 2892 1897 2947 cit.
1928 2893 2050 2947 Ideo
2085 2893 2225 2945 enim
2253 2894 2375 2962 quia
2407 2895 2703 2959 credidisti,
2723 2893 2832 2962 jam
2862 2896 3004 2949 salva
3036 2895 3172 2950 facta
3201 2913 3277 2952 es.

1875 2982 2057 3036 Adhuc
2104 2982 2194 3035 illo
2242 2983 2498 3053 loquente,
2544 2986 2676 3037 venit
2725 2986 2938 3054 quidam
2980 2987 3047 3039 ad
3094 2988 3379 3057 principem

1807 3088 2104 3142 synagoga’,
2146 3060 2320 3126 dicens
2341 3074 2427 3126 ei:
2456 3074 2593 3139 Quia
2629 3086 2834 3128 mortua
2887 3086 2961 3129 est
2989 3078 3101 3144 [ilia
3130 3089 3243 3143 tua,
3272 3082 3380 3133 noli

125 3150 373 3232 debebat,
403 3167 578 3222 subito
615 3181 858 3218 errorum
886 3164 1141 3233 languore
1176 3169 1515 3217 consternata
1542 3159 1702 3229 spiii—
1729 3150 1773 3210 C
1806 3177 1990 3215 vexare
2019 3161 2186 3215 illum.
2232 3161 2449 3215 Salvata
2480 3178 2507 3214 a
2540 3164 2799 3233 proﬂuvio
2828 3166 3101 3235 sanguinis
3132 3167 3375 3232 muliere,

127 3259 249 3313 talis
275 3258 398 3311 vitae
422 3258 535 3311 vias
561 3254 764 3324 ingredi
794 3252 1203 3323 desperabiliter
1221 3252 1420 3315 omisit,
1446 3260 1499 3304 et
1524 3251 1567 3303 si
1598 3265 1701 3303 non

126 3366 155 3401 a
193 3348 413 3403 Christo
439 3354 841 3401 succurreretur
888 3343 1213 3398 horrendam
1242 3359 1337 3413 per
1376 3343 1556 3396 omnia
1583 3356 1704 3394 cor-

129 3439 322 3492 ruisset
357 3438 408 3490 in
433 3447 677 3491 mortem.

201 3527 263 3580 Et
288 3528 499 3597 contigit
544 3526 667 3579 dum
706 3526 824 3591 iret,
869 3550 899 3578 υ
935 3525 1087 3578 turba
1134 3522 1579 3593 comprimebatur.
1617 3520 1701 3574 Ad

128 3620 359 3687 puellam
403 3632 629 3688 pergens
675 3618 972 3672 sanandam
1013 3614 1269 3668 Dominus
1296 3628 1325 3665 a
1357 3612 1508 3665 turba
1554 3626 1701 3665 com-

129 3712 396 3779 primitur,
420 3711 542 3779 quia
565 3709 706 3779 genti
734 3708 929 3762 Judaea:
954 3706 1205 3761 salutaria
1227 3704 1429 3758 monita
1456 3702 1701 3772 praebens

128 3801 320 3869 quibus
377 3815 573 3869 aegram
622 3798 767 3851 intus
826 3796 942 3863 ejus
997 3796 1379 3850 conscientiam
1445 3796 1696 3864 erigeret,

128 3893 283 3946 noxia
333 3890 625 3946 carnalium
666 3889 981 3961 populorum
1027 3896 1110 3943 est
1154 3888 1540 3942 consuetudine
1577 3903 1700 3957 gra-

127 3991 301 4037 vatus.

194 4069 261 4123 Et
287 4068 473 4122 mulier
490 4072 727 4139 quadam
760 4078 871 4123 erat
902 4069 954 4121 in
988 4069 1135 4137 ﬂuxu
1156 4067 1426 4137 sanguinis
1454 4068 1517 4120 ab
1549 4068 1697 4121 annis

124 4159 419 4212 duodecim.
463 4158 651 4213 Mulier
701 4160 960 4230 sanguine
1002 4159 1170 4214 ﬂuens
1220 4159 1456 4214 Ecclesia
1500 4170 1583 4214 est
1631 4174 1699 4214 ex

126 4248 373 4317 gentibus
403 4258 744 4318 congregata,
781 4264 899 4317 quae
940 4234 1176 4317 ingenito
1220 4248 1516 4302 carnalium
1559 4248 1699 4303 dele-

125 4343 418 4395 ctationum
468 4340 668 4410 polluta
712 4339 874 4404 ﬁuxu,
917 4348 1083 4409 atque
1125 4355 1154 4393 a
1205 4349 1347 4395 coitu
1379 4340 1488 4409 jam
1528 4340 1700 4393 fuerat

126 4438 406 4501 segregata
455 4429 711 4495 ﬁdelium,
762 4430 856 4484 sed
902 4430 1027 4484 dum
1070 4431 1287 4484 verbum
1320 4429 1411 4483 Dei
1460 4428 1695 4483 Judmam

126 4520 327 4573 salvare
354 4520 690 4581 decerneret,
720 4526 958 4587 paratam
985 4518 1093 4587 jam
1123 4520 1547 4587 promissamque
1576 4518 1694 4573 aliis

127 4609 400 4679 praeripuit
450 4623 543 4677 spe
590 4617 735 4662 certa
781 4610 1026 4663 salutem.
1074 4594 1373 4662 Notandum
1430 4618 1511 4662 est
1552 4609 1692 4677 quod

129 4697 531 4769 arcliisynagogi
568 4697 825 4752 duodenis
867 4698 937 4751 sit
978 4697 1105 4761 ﬁlia,
1147 4707 1201 4752 et
1246 4697 1435 4752 mulier
1476 4698 1588 4752 lucc
1628 4698 1694 4752 ab

128 4789 272 4842 annis
320 4788 604 4843 duodecim
651 4788 907 4856 sanguine
956 4786 1197 4853 ﬁnxerit;
1243 4789 1343 4841 hoc
1386 4796 1469 4841 est
1504 4788 1692 4841 eodem

130 4893 226 4945 quo
251 4879 363 4931 haec
388 4888 514 4931 nata
538 4879 607 4931 sit
632 4887 867 4945 tempore
906 4876 992 4929 illa
1028 4878 1252 4945 casperit
1274 4878 1556 4940 inﬁrmari,
1587 4894 1690 4931 una

132 4964 263 5016 enim
291 4980 431 5034 pene
453 4966 748 5033 eademque
781 4964 957 5017 saeculi
986 4963 1142 5031 hujus
1165 4974 1323 5019 astate
1349 4974 1402 5020 et
1430 4981 1691 5035 synagoga

136 5051 181 5103 in
218 5054 541 5121 patriarchis
584 5055 751 5115 nasci,
790 5062 840 5107 et
868 5052 1142 5122 gentilium
1186 5054 1329 5107 natio
1376 5070 1470 5122 per
1508 5054 1691 5107 orbem

135 5144 283 5211 carpit
308 5144 626 5198 idololatria:
647 5144 793 5198 sanie
818 5143 1027 5205 foedari,
1051 5160 1170 5197 nam
1202 5152 1255 5197 et
1279 5146 1502 5212 geminae
1524 5143 1695 5197 ﬁuxus

136 5235 419 5301 sanguinis,
444 5234 545 5287 hoc
561 5243 646 5287 est
660 5242 711 5287 et
728 5249 883 5300 super
901 5232 1207 5286 ltlltlt)l:lli‘itB
1229 5234 1626 5299 superstitione,
1642 5241 1694 5287 et

136 5333 283 5387 super
320 5323 404 5374 his
443 5338 563 5390 qua!
602 5323 780 5376 carnis
809 5339 869 5375 ac
894 5324 1163 5392 sanguinis
1210 5322 1567 5378 oblectatione
1605 5338 1695 5393 pa-

138 5417 357 5474 trantur,
396 5421 574 5479 potest
616 5412 851 5481 intelligi.

198 5500 323 5565 Qua:
366 5503 421 5556 in
482 5504 709 5556 medicos
756 5516 1048 5575 erogarerat
1102 5524 1299 5559 onmem
1352 5509 1691 5560 substantimn

137 5608 291 5656 suum,
334 5612 424 5647 nec
466 5595 529 5647 ab
561 5594 669 5647 ullo
712 5597 871 5661 potuit
907 5597 1099 5649 curari.
1134 5596 1359 5649 Medicus
1391 5599 1501 5650 sive
1536 5599 1693 5651 falsus

141 5682 416 5754 theologos,
470 5688 587 5741 sive
636 5686 973 5756 philosophos
1006 5688 1281 5755 legumque
1323 5688 1565 5741 doctores
1592 5704 1689 5740 sac-

1724 4481 1773 4539 D

1805 3265 1927 3303 mox
1955 3250 2063 3303 ﬁlia
2092 3254 2352 3323 principis
2382 3263 2593 3308 mortua
2622 3256 2919 3320 nuntiatur,
2948 3258 3072 3326 quia
3122 3260 3244 3312 dum
3271 3259 3377 3313 Ec-

1804 3341 1966 3397 clesia
2009 3358 2037 3395 a
2068 3344 2320 3397 vitiorum
2344 3344 2461 3400 labe
2494 3347 2745 3400 mundata
2770 3355 2823 3400 et
2852 3348 2919 3401 ob
2951 3347 3071 3402 ﬁdei
3102 3350 3376 3415 meritum,

1803 3431 1911 3485 ﬁlia
1949 3440 2030 3486 est
2071 3434 2465 3503 cognominata.
2519 3435 2780 3489 Continuo
2824 3436 3096 3507 Synagoga
3138 3440 3377 3508 perﬁdia:

1803 3524 1962 3579 simul
1991 3524 2313 3595 invidizeque
2339 3526 2481 3581 letho
2505 3528 2676 3581 soluta
2708 3538 2822 3592 est;
2855 3530 3090 3599 perﬁdiae
3134 3531 3373 3600 quidem,

1800 3615 1926 3681 quia
1962 3614 2014 3667 in
2046 3614 2261 3669 Christo
2303 3617 2522 3670 credere
2570 3618 2775 3673 noluit:
2808 3619 3018 3674 invidia:
3051 3638 3198 3688 vero,
3250 3625 3373 3693 quia

1802 3705 2097 3760 Ecclesiam
2127 3708 2418 3762 credidisse
2442 3709 2626 3764 doluit.

1868 3794 2023 3847 Jesus
2070 3806 2262 3859 autem,
2319 3798 2499 3850 audito
2559 3800 2654 3851 hoc
2706 3800 2875 3866 ver/)0,
2924 3804 3183 3872 respondit
3231 3806 3371 3875 putri

1799 3882 2028 3952 puellm:
2063 3882 2188 3935 Noli
2216 3886 2411 3948 timere,
2439 3886 2587 3940 crede
2610 3898 2833 3954 tantum,
2866 3902 2910 3943 et
2942 3892 3084 3946 salva
3116 3895 3233 3947 erit.
3268 3894 3370 3950 Pa-

1804 3983 1886 4028 ter
1914 3974 2103 4043 puella:
2150 3983 2322 4029 cretus
2350 3977 2629 4031 doctorum
2680 3979 2812 4049 legis
2859 3984 3137 4053 accipitur,
3170 3987 3235 4041 de
3262 4005 3369 4057 quo

1802 4061 2060 4115 Dominus
2084 4063 2181 4127 ait,
2212 4080 2367 4132 super
2384 4061 2685 4119 cathedram
2716 4066 2886 4138 Moysi
2909 4071 3144 4125 sederunt
3172 4073 3369 4129 Scriba:

1800 4161 1845 4205 et
1880 4150 2137 4205 Pharisa'i
2170 4165 2187 4202 :
2219 4153 2308 4221 qui
2340 4153 2383 4206 si
2414 4155 2635 4208 credere
2664 4156 2761 4225 ipsi
2785 4158 3223 4216 voluerintetiam
3246 4164 3370 4220 sub-

1792 4240 1937 4309 jecta
1974 4243 2020 4295 ei
2047 4240 2329 4311 Syuagoga
2356 4242 2498 4296 salva
2526 4245 2647 4298 erit.

1871 4330 1936 4383 Et
1982 4347 2098 4383 cum
2151 4332 2461 4399 pervenisset
2491 4333 2722 4400 domum,
2755 4353 2855 4391 non
2899 4340 3129 4408 permisit
3169 4342 3367 4400 intrare

1801 4435 1972 4473 secum
1999 4436 2328 4489 quemquam,
2360 4422 2460 4474 nisi
2490 4420 2723 4487 Petrum,
2757 4437 2801 4479 et
2824 4427 3099 4496 Jacobum,
3128 4444 3173 4487 et
3196 4434 3366 4491 Joan-

1801 4526 1937 4573 nem,
1968 4519 2012 4561 et
2036 4520 2257 4578 patrem,
2293 4521 2337 4563 et
2370 4521 2587 4565 matrem
2609 4514 2813 4582 puella}.
2842 4516 3012 4587 Supra
3039 4524 3250 4589 publice
3287 4528 3367 4580 vi-

1798 4600 1916 4654 dua:
1959 4600 2095 4654 ﬁlius
2138 4601 2447 4667 suscitatur,
2473 4602 2559 4657 hic
2591 4617 2931 4661 removentur
2949 4610 3126 4679 plures
3155 4615 3364 4671 arbitri.

1799 4688 1931 4742 Puto
1957 4704 2084 4757 ergo
2134 4690 2273 4758 quod
2304 4692 2354 4743 in
2386 4707 2451 4745 eo
2481 4707 2689 4761 quoque
2718 4694 2891 4764 pietas
2919 4698 2987 4753 ibi
3030 4700 3240 4757 Domini
3267 4703 3363 4760 de-

1799 4779 2075 4842 claretur;
2106 4781 2231 4847 quia
2280 4781 2436 4833 vidua
2485 4790 2657 4836 mater
2711 4784 2853 4838 unici
2904 4801 3008 4840 non
3064 4790 3364 4857 patiebatur

1796 4882 1994 4927 moras.
2026 4876 2079 4920 et
2118 4868 2239 4921 ideo
2270 4883 2335 4922 ne
2357 4869 2585 4937 amplius
2608 4868 2911 4926 afﬁceretur
2940 4876 3220 4931 maturitas
3261 4878 3363 4933 ad-

1793 4962 1951 5014 ditur.
1989 4962 2080 5015 Est
2102 4962 2211 5031 jam
2245 4962 2415 5015 forma
2456 4964 2729 5031 sapientia:
2772 4964 2823 5017 in
2877 4966 3048 5021 vidua:
3100 4968 3207 5023 ﬁlio
3255 4971 3365 5027 cito

1795 5050 2088 5103 Ecclesium
2134 5049 2482 5113 credituram,
2537 5050 2589 5102 in
2642 5052 3047 5123 archisyuagogi
3100 5054 3206 5109 ﬁlia
3245 5073 3365 5110 cre—

1794 5140 1999 5193 ditaros
2048 5140 2263 5207 quidem
2300 5138 2534 5205 Iudaeos,
2578 5140 2671 5194 sed
2726 5156 2792 5195 ex
2849 5142 3092 5211 pluribus
3142 5147 3365 5213 paucio-

1799 5246 1901 5283 res.

1870 5324 2088 5377 Flebant
2130 5332 2302 5376 autem
2338 5340 2512 5376 omnes
2548 5332 2596 5376 et
2646 5322 2957 5394 plangebant
3000 5325 3165 5378 illam.
3206 5326 3369 5382 Nun-

1798 5416 1919 5484 quid
1964 5424 2200 5483 possunt,
2259 5415 2461 5482 inquit,
2515 5413 2613 5480 ﬁlii
2665 5415 2841 5483 sponsi
2891 5414 3080 5485 lugere,
3130 5420 3365 5485 quandiu

1796 5521 1911 5557 cum
1942 5505 2043 5557 illis
2076 5514 2149 5557 est
2183 5522 2400 5573 sponsus
2424 5520 2442 5557 :
2478 5506 2678 5557 venient
2721 5514 2891 5557 autem
2915 5507 3023 5558 dies
3059 5522 3175 5558 cum
3218 5504 3367 5572 aufi—

1799 5607 1937 5646 retur
1967 5595 2028 5646 ab
2059 5596 2132 5646 eis
2160 5612 2401 5661 sponsus,
2441 5603 2489 5646 et
2516 5604 2638 5646 tunc
2658 5594 2994 5663 jejunabunt.
3028 5594 3189 5664 Igitur
3222 5594 3362 5665 Syn-

1798 5704 1958 5756 aguga
1987 5686 2107 5754 quia
2134 5687 2310 5754 sponsi
2342 5687 2576 5741 ιςυιὶιίίιιιι
2610 5702 2714 5756 qua
2752 5686 2931 5741 vivere
2960 5696 3140 5754 posset
3163 5687 3361 5751 amisit,
