3946 6352
526 342 630 397 525

1172 347 1229 400 Β.
1269 347 1520 403 llABANl
1556 347 1782 404 MAURI
1820 347 2141 404 ARCHIEP.
2187 346 2497 404 MOGUNT.
2540 348 2825 405 OPL‘RUM
2862 348 3039 404 PARS
3076 349 3138 404 ll.

3704 349 3819 405 316

521 456 681 523 qua-si
716 456 857 510 inter
906 456 1221 529 plang-ntes
1270 469 1479 513 mortua
1523 461 1729 531 jaccns,
1770 475 1838 515 ne
1866 460 1967 515 hoc
2003 459 2121 530 qui-
2157 462 2197 520 Α
2225 471 2273 515 et
2304 460 2430 514 luna
2458 461 2511 513 in
2545 462 3190 531 sanguinemmntequam
3219 462 3387 516 veniat
3436 465 3549 516 dies
3597 462 3827 516 Domini

523 546 649 601 dem
677 548 849 618 ipsum
881 563 1047 618 quare
1070 551 1356 621 plangatur
1380 552 1652 621 intelligit.

595 642 660 693 At
695 640 783 694 ille
802 642 933 694 dixit
958 655 975 693 :
1009 642 1185 695 Nolite
1213 645 1363 713 ﬂere,
1392 662 1493 698 non
1518 655 1594 699 est
1620 654 1847 705 mortua,
1876 643 1966 697 sed
1989 643 2115 696 dor-

526 731 641 784 mit.
677 729 998 786 Hominibus
1055 741 1268 787 mortua
1316 734 1407 805 qui
1443 717 1707 789 suscitare
1763 732 2121 801 nequiverant

528 820 638 874 Deo
664 820 984 886 dormiebat,
1017 822 1069 876 in
1097 824 1253 893 cujus
1279 824 1482 879 ditione
1505 832 1560 879 et
1585 824 1763 878 anima
1795 829 2008 890 recepta
2040 821 2121 874 vi-

526 910 705 974 vehat,
733 916 788 966 et
811 926 939 964 caro
967 913 1279 967 suscitanda
1309 913 1649 981 quiescebat.

602 998 668 1053 Et
718 1000 1026 1055 deridebant
1073 1018 1214 1064 eum,
1264 1004 1482 1055 scientes
1528 1002 1651 1073 quia
1707 1012 1913 1055 mortua
1944 1012 2117 1055 esset:

528 1091 654 1159 quia
714 1091 941 1146 verbum
986 1091 1365 1146 resuscitanlis
1420 1092 1667 1146 deridere
1702 1107 1864 1161 quam
1899 1092 2121 1146 credere

529 1182 824 1247 malebant,
853 1184 1047 1237 merito
1083 1183 1229 1238 foras
1261 1183 1639 1246 excluduntur,
1672 1184 1876 1254 indigni
1900 1184 1991 1253 qui
2023 1183 2123 1237 mi-

526 1272 769 1328 raculum
801 1275 1135 1344 resurgentis
1169 1276 1436 1329 viderent.

598 1363 718 1434 Ipse
743 1374 921 1419 autem
954 1374 1133 1421 tenens
1171 1383 1386 1420 manum
1416 1366 1529 1436 ejus
1581 1366 1847 1432 clamavit,
1898 1366 2077 1420 dicens
2102 1379 2141 1417 :-

526 1455 741 1522 Puella,
788 1474 964 1528 surge.
1019 1458 1231 1514 Tenens
1279 1475 1409 1531 ergo
1460 1474 1678 1513 manum
1726 1457 1917 1528 puellae
1968 1457 2123 1513 Jesns

534 1551 749 1605 sanavit
774 1566 916 1615 eam,
970 1552 1097 1621 quia
1127 1552 1228 1607 nisi
1256 1553 1407 1622 prius
1464 1552 1736 1606 mundata:
1767 1551 1968 1605 fuerint
2004 1567 2120 1605 ma-

525 1656 629 1693 nus
655 1639 986 1706 .lndaeorum,
1009 1657 1128 1711 quae
1166 1642 1428 1711 sanguine
1453 1643 1624 1714 plena:
1656 1650 1801 1708 sunt,
1838 1642 2121 1714 Synagoga

524 1743 716 1783 eorum
748 1735 959 1783 mortua
988 1744 1093 1783 non
1118 1731 1421 1801 consurgit.

2130 580 2131 583 η
2223 568 2441 621 magnus
2475 562 2521 605 et
2551 552 2836 606 horribilis.
2866 550 2934 604 Et
2962 553 3059 605 erit
3086 565 3103 603 .'
3135 550 3301 606 omnis
3340 551 3632 623 quicunque
3662 554 3822 607 inoo-

2222 642 2409 695 caverit
2441 658 2626 695 nomen
2656 641 2886 707 Domini,
2916 640 3089 695 salvus
3118 643 3235 707 erit,
3267 650 3373 698 etc.

2292 730 2443 785 llunc
2494 731 2669 784 locum
2720 730 2910 785 beatus
2952 731 3225 800 apostolus
3280 730 3471 788 Petrus
3524 733 3820 803 impletum

2221 827 2463 889 tempore
2512 821 2804 875 Dominica:
2855 822 3119 890 passionis
3151 824 3423 893 exposuit,
3460 826 3681 894 quando
3712 825 3821 879 de-

2221 911 2484 965 scendens
2506 911 2592 965 die
2632 910 2980 967 Pentecostes
3012 911 3245 980 Spiritus
3283 922 3502 969 sanctus
3537 915 3699 970 datus
3732 924 3825 969 est

2221 1001 2513 1069 Apostolis,
2539 1001 2612 1055 ita
2636 1012 2695 1054 ut
2717 1002 3043 1057 mirarentur
3068 1004 3158 1071 qui
3189 1005 3414 1058 aderant
3437 1014 3492 1059 et
3513 1006 3764 1061 dicerent
3800 1020 3815 1058 :

2227 1089 2416 1144 Nonne
2445 1108 2621 1145 omnes
2661 1092 2746 1145 isti
2767 1093 2856 1162 qui
2877 1092 3161 1163 loquuntur
3190 1091 3399 1147 Gali/cei
3437 1105 3581 1159 sunt,
3606 1105 3652 1147 et
3678 1112 3820 1165 quo-

2222 1182 2377 1236 modo
2402 1200 2493 1237 nos
2525 1184 2818 1238 audivimus
2853 1187 3205 1257 unusquisque
3242 1186 3474 1257 linguam
3502 1200 3739 1242 nostram
3766 1188 3823 1241 in

2222 1290 2325 1342 qua
2364 1274 2473 1326 nati
2518 1290 2699 1328 sumus
2727 1292 2744 1329 :
2783 1274 2987 1341 Part/ri,
3020 1287 3069 1329 et
3113 1276 3278 1340 Medi,
3303 1286 3351 1330 et
3382 1275 3627 1331 Elamitw
3649 1277 3675 1330 .’
3698 1284 3816 1331 etc.

2226 1362 2411 1433 Neque
2441 1378 2571 1419 vero
2619 1366 2797 1419 omnis
2834 1367 2924 1435 qui
2964 1366 3235 1436 acceperit
3272 1365 3530 1437 Spiritum
3560 1376 3822 1422 sanctum

2225 1456 2412 1509 statim
2453 1455 2671 1511 habebit
2717 1467 2767 1510 et
2799 1458 3029 1526 gratiam
3072 1457 3392 1535 spiritalem,
3425 1459 3517 1513 sed
3559 1474 3657 1528 per
3680 1456 3824 1511 etfu-

2226 1545 2431 1599 sionem
2474 1544 2710 1616 Spiritus
2742 1548 2915 1602 saneti
2967 1549 3208 1603 diversas
3236 1549 3437 1618 gratias
3472 1563 3819 1617 consequen-

2228 1646 2335 1701 tur,
2374 1636 2469 1703 alii
2493 1639 2830 1708 prophetiam
2859 1646 2916 1693 ut
2947 1638 3038 1693 lilii
3068 1647 3123 1694 et
3153 1639 3273 1694 lilia:
3300 1641 3392 1709 qui
3420 1638 3642 1707 majoris
3682 1645 3816 1693 sunt

2230 1727 2427 1791 meriti,
2469 1727 2557 1781 alii
2589 1729 2793 1783 somnia
2825 1737 2883 1782 ut
2920 1744 3077 1784 senes
3097 1728 3210 1797 jam
3238 1730 3589 1799 provectioris
3614 1730 3825 1794 rotatis,

605 1822 671 1876 Et
707 1839 940 1877 rerersus
975 1834 1050 1878 est
1082 1825 1297 1895 spiritus
1328 1824 1461 1894 ejus,
1484 1834 1530 1878 et
1554 1826 1835 1879 resurrexit
1857 1824 2123 1878 continuo.
2156 1816 2204 1875 B
2232 1819 2321 1873 alii
2349 1819 2684 1875 visitationes
2712 1831 2769 1874 ut
2809 1820 3036 1888 juvenes
3068 1821 3157 1890 qui
3189 1822 3435 1876 vicerunt
3481 1822 3780 1892 malignum
3807 1838 3821 1885 ;

530 1912 749 1969 Marcus
789 1915 861 1969 ita
894 1916 1044 1979 dicit,
1076 1926 1121 1970 et
1155 1917 1428 1985 confestim
1461 1919 1688 1972 surrexit
1713 1918 1913 1987 puella,
1947 1926 1995 1972 et
2019 1934 2129 1971 am-

532 2006 730 2061 bulavit
757 2007 1112 2077 spiritualiter
1137 2008 1440 2075 insinuans,
1460 2011 1582 2079 quia
1625 2010 1870 2079 quisquis
1900 2024 1929 2062 a
1956 2019 2128 2064 morte

532 2098 728 2151 anima:
762 2097 979 2153 Christo
1020 2099 1121 2153 sibi
1182 2113 1403 2153 manum
1446 2098 1787 2155 confortante
1836 2099 2125 2168 resipiscit,

530 2206 637 2245 non
672 2191 831 2245 modo
864 2206 891 2243 a
927 2191 1178 2249 sordibus
1202 2208 1496 2260 exsurgere
1542 2191 1819 2253 vitiorum,
1855 2191 1949 2245 sed
1982 2198 2036 2247 et
2072 2192 2126 2245 in

530 2282 688 2338 bonis
716 2282 972 2336 continuo
1000 2283 1262 2351 perlicere
1285 2281 1447 2337 debet
1475 2283 1753 2351 operibus.

606 2375 670 2428 Et
688 2376 849 2445 jussit
877 2374 954 2427 illi
993 2375 1111 2427 dari
1140 2375 1480 2427 manducare.
1516 2375 1583 2427 At
1621 2372 1987 2427 testimonium
2011 2372 2130 2440 qui-

530 2465 652 2519 dem
685 2465 809 2519 vitae
837 2465 1217 2519 resuscitatam
1265 2463 1594 2518 manducare
1620 2463 1885 2532 praecipit,
1935 2472 1994 2515 ut
2024 2478 2127 2516 non

526 2554 980 2623 phantasma,sed
1012 2554 1213 2607 veritas
1260 2553 1593 2608 crederetur.
1626 2552 1733 2607 Sed
1765 2560 1818 2607 et
1864 2552 1910 2606 si
1941 2551 2064 2621 quis
2098 2568 2127 2605 a

530 2644 758 2716 spiritali
800 2655 972 2700 morte
1025 2646 1342 2705 surrexerit,
1401 2646 1608 2699 caelesti
1648 2660 1870 2699 necesse
1894 2653 1976 2698 est
2003 2660 2127 2697 mox

532 2750 673 2806 pane
710 2737 960 2802 satietur,
990 2744 1043 2789 et
1073 2736 1238 2789 divini
1286 2735 1494 2791 scilicet
1524 2735 1675 2790 verbi
1705 2744 1759 2789 et
1798 2734 2129 2790 sacrosancti

531 2827 718 2882 altaris
748 2828 1019 2898 particeps
1048 2825 1292 2881 effectus.

607 2919 671 2972 lt‘t
693 2928 1026 2989 stupuerunt,
1058 2920 1251 2987 inquit,
1289 2927 1529 2988 parentes
1582 2917 1719 2987 ejus,
1768 2918 1959 2988 quibus
1988 2933 2127 2987 pra:-

532 3012 657 3083 cipit
695 3030 757 3065 ue
806 3012 967 3068 alicui
1015 3012 1244 3063 dicerent
1292 3010 1432 3081 quod
1477 3010 1674 3079 factum
1716 3021 1849 3063 erat.
1908 3009 2131 3065 Juvenis

533 3116 687 3159 extra
713 3113 948 3176 portam,
975 3104 1130 3159 turba
1156 3103 1321 3157 multa
1345 3104 1641 3158 comitante
1669 3112 1832 3173 atque
1861 3104 2126 3168 intuente,

533 3195 850 3251 suscitatur.
885 3189 1128 3247 Lazarus
1165 3194 1231 3247 de
1256 3202 1606 3247 monumento
1632 3201 1855 3247 vocatus
1902 3193 1954 3246 in
2004 3200 2125 3247 tan-
2155 3168 2198 3230 C

533 3296 649 3341 tum
675 3285 887 3357 populis
914 3285 1151 3340 innotuit
1176 3294 1235 3339 ut
1256 3284 1325 3339 ob
1358 3301 1548 3340 eorum
1578 3286 1669 3354 qui
1701 3285 1950 3339 viderunt
1975 3287 2127 3340 testi-

534 3379 798 3441 ninnium,
827 3377 1072 3447 plurimae
1102 3376 1331 3433 Domino
1360 3377 1528 3433 turba:
1558 3394 1679 3433 cum
1706 3377 1899 3449 palmis
1929 3394 2123 3433 occur-

532 3478 739 3534 rerent,
769 3478 823 3524 et
872 3469 1023 3523 multi
1055 3479 1277 3541 prepter
1308 3470 1455 3525 illum
1490 3472 1700 3525 abirent
1749 3486 1815 3525 ex
1844 3470 2044 3526 Judaeis
2073 3479 2127 3527 et

530 3562 819 3616 crederent
849 3562 901 3616 in
928 3561 1133 3617 Jesum.
1168 3564 1431 3627 Quartum
1481 3580 1610 3619 vero
1635 3574 1907 3619 mortuum
1940 3565 2126 3619 Domi-

536 3666 641 3705 tius
688 3652 973 3705 nuntiante
1020 3652 1288 3721 discipulo
1333 3654 1598 3723 agnoscit,
1630 3654 1724 3707 sed
1753 3653 1878 3721 quia
1910 3654 2001 3722 qui
2032 3670 2129 3725 pro

533 3740 653 3810 ejus
689 3743 967 3812 ereptione
992 3743 1279 3797 Dominum
1310 3754 1663 3814 precarentur
1687 3745 1794 3799 vivi
1821 3744 2125 3809 defuerant,

537 3833 763 3897 dimitte,
793 3834 990 3905 inquit,
1024 3845 1078 3887 ut
1108 3836 1299 3888 mortui
1339 3836 1590 3904 sepeliant
1621 3845 1851 3889 mortuos
1890 3853 2033 3902 suos,
2077 3838 2128 3891 id

534 3933 643 3987 est,
670 3922 796 3977 mali
822 3924 993 3979 malos
1022 3925 1198 3979 noxiis
1231 3926 1478 3981 laudibus
1522 3936 1765 3997 gravent,
1793 3936 1846 3981 et
1870 3930 1993 3997 quia
2022 3944 2128 3983 non

537 4019 694 4073 adest
724 4018 904 4087 justus
963 4019 1054 4087 qui
1109 4019 1367 4086 corripiat
1421 4020 1473 4072 in
1528 4021 2128 4085 misericordia,oleum

534 4108 841 4180 peccatoris
900 4108 1199 4178 impinguet
1260 4116 1421 4178 caput
1477 4125 1655 4163 suum.
1710 4110 1920 4165 Justum
1966 4118 2130 4167 estet

534 4199 690 4254 valde
726 4199 1049 4269 condignum
1096 4207 1154 4252 ut
1207 4200 1475 4254 conditori
1531 4210 1585 4254 et
1617 4199 1885 4255 Salvatori
1946 4210 2130 4257 nostra

537 4289 663 4346 Jesu
692 4292 911 4345 Christo
941 4292 1151 4345 debitas
1206 4291 1391 4347 laudes
1442 4293 1686 4348 dicamus
1718 4305 1770 4347 et
1822 4296 2025 4365 gratias
2056 4296 2129 4351 illi

542 4381 595 4436 in
631 4382 884 4437 omnibus
935 4382 1257 4447 referamus,
1288 4393 1344 4437 et
1382 4400 1477 4453 pro
1510 4386 1785 4440 beneficiis
1816 4389 1929 4442 suis
1969 4398 2130 4457 atque

539 4474 698 4530 donis
724 4474 1058 4544 gratulantes
1095 4476 1268 4529 devoti
1300 4476 1351 4529 in
1390 4475 1505 4544 ejus
1536 4478 1759 4532 servitio
1789 4494 1956 4547 usque
1981 4480 2033 4533 in
2064 4480 2127 4533 li-

542 4584 665 4622 nem
703 4581 1131 4638 perseveremus,
1163 4567 1289 4635 quia
1322 4567 1365 4619 si
1403 4569 1504 4621 hoc
1531 4568 1641 4632 lict,
1670 4570 1851 4639 gaudii
1893 4571 2129 4628 cmlestis

539 4673 665 4712 eum
716 4656 921 4712 sanctis
959 4655 1169 4725 angelis
1222 4652 1338 4721 ejus
1387 4656 1439 4709 in
1480 4665 1795 4725 perpetuum
1844 4661 2132 4729 participes

539 4748 747 4803 erimus
780 4756 1070 4817 pnestantc
1106 4748 1219 4815 ipso
1241 4748 1332 4816 qui
1366 4748 1495 4801 vivit
1523 4756 1577 4804 et
1615 4760 1803 4821 regnat
1829 4768 1925 4821 per
1951 4757 2131 4810 omnia

541 4837 736 4893 secula
769 4836 1112 4893 smculorum.
1144 4838 1339 4892 Amen.

1013 4945 1293 5001 HOMILIA
1335 4946 1663 5002 LXXXVIII.

828 5032 1065 5072 SABBATO
1095 5033 1145 5071 IN
1170 5032 1435 5072 ουουεεηί
1470 5035 1837 5076 LECTIONIBUS.

998 5108 1186 5163 Lectio
1211 5107 1377 5164 Joelis
1401 5113 1696 5181 prophetze.

624 5194 750 5250 Hcce
807 5197 933 5251 dicit
988 5196 1245 5252 Dominus
1291 5198 1433 5253 Deus
1476 5216 1494 5253 :
1552 5200 1840 5270 E/fundam
1894 5207 2134 5276 spiritum

548 5304 725 5341 meum
773 5306 930 5359 supcr
976 5306 1177 5343 omnem
1232 5305 1491 5344 carnem:
1520 5302 1566 5345 et
1609 5296 1987 5363 prophetabunt
2036 5300 2135 5365 ﬁlii

541 5380 701 5435 vestri
720 5390 767 5434 et
796 5380 921 5449 ﬁlia:
946 5391 1127 5434 vestra'
1149 5397 1167 5445 ,'
1201 5397 1346 5435 senes
1371 5383 1521 5434 vestri
1547 5386 1750 5438 somnia
1779 5388 2131 5453 somniabunt,

546 5483 594 5525 et
609 5471 831 5541 juvenes
860 5473 1017 5525 vestri
1069 5473 1288 5526 visiones
1333 5473 1593 5527 videbunt.
1634 5474 1741 5531 Sed
1768 5489 1813 5531 et
1848 5497 2004 5549 super
2027 5498 2135 5534 ser—

548 5576 635 5614 vos
662 5576 800 5614 meos
847 5570 895 5614 et
932 5559 1154 5615 ancillas
1182 5578 1323 5615 meas
1364 5564 1629 5631 effundam
1674 5568 1913 5637 spiritum
1942 5588 2132 5626 meum.

555 5649 621 5705 Et
657 5652 793 5707 dabo
833 5654 1073 5725 prodigia
1120 5654 1171 5706 in
1214 5654 1339 5708 caelo
1369 5666 1414 5708 et
1442 5656 1493 5709 in
1534 5667 1697 5721 terra,
1746 5666 2059 5732 sanguinem
2088 5681 2132 5718 et

549 5741 722 5812 ignem
744 5753 789 5799 ct
820 5761 1055 5815 vaporem
1086 5746 1235 5815 (mni.
1280 5743 1374 5800 Sol
1409 5759 1730 5803 cenrcrlctur
1779 5754 1829 5806 in
1874 5757 2133 5821 tcncbrm,

2160 4522 2208 4581 D

2230 1910 2372 1964 servi
2420 1926 2549 1966 vero
2591 1920 2647 1966 et
2696 1912 2899 1966 ancillie
2930 1913 3020 1981 qui
3075 1912 3249 1967 adhuc
3304 1912 3565 1982 Spiritum
3604 1912 3827 1966 timoris

2232 2003 2433 2057 habent
2457 2011 2510 2057 et
2537 2018 2641 2057 non
2675 2004 2997 2070 dilectionis,
3024 2006 3147 2074 quia
3190 2005 3450 2075 perfectio
3483 2005 3627 2060 foras
3654 2006 3827 2059 mittit

2230 2095 2480 2149 timorem
2505 2135 2517 2159 ,
2553 2110 2659 2150 non
2712 2096 2983 2151 habebunt
3028 2098 3388 2167 prophetiam,
3423 2114 3529 2153 non
3582 2099 3823 2162 somnia,

2232 2200 2337 2239 non
2364 2186 2621 2250 visiones,
2672 2188 2765 2241 sed
2792 2186 3025 2256 Spiritus
3056 2190 3229 2242 sancti
3258 2186 3517 2243 eliusione
3550 2190 3823 2252 contenti,

2234 2274 2355 2329 fidei
2409 2285 2618 2331 tantum
2652 2287 2706 2331 et
2756 2279 2947 2334 salutis
2976 2281 3206 2350 gratiam
3256 2282 3627 2351 possidebunt.
3664 2282 3825 2337 Tunc

2232 2365 2378 2420 dabit
2400 2368 2644 2437 prodigia
2677 2369 2933 2424 Dominus
2962 2371 3016 2424 in
3048 2370 3172 2423 c0310
3199 2382 3243 2424 et
3276 2371 3328 2423 in
3352 2380 3493 2423 terra
3524 2387 3540 2424 :
3574 2372 3625 2424 in
3655 2371 3825 2435 cmln,

2232 2457 2357 2526 quia
2408 2458 2485 2511 sol
2539 2468 2621 2512 est
2651 2475 2840 2515 versus
2885 2461 2936 2513 in
2979 2462 3253 2524 tenebras,
3282 2470 3336 2515 et
3360 2461 3481 2514 luna
3508 2462 3561 2515 in
3595 2462 3820 2532 sangui-

2233 2565 2353 2606 nem
2381 2568 2394 2613 ;
2429 2552 2481 2603 in
2512 2560 2674 2614 terra,
2724 2554 2848 2621 quia
2875 2564 2983 2607 tam
3019 2554 3322 2608 vehementi
3352 2564 3407 2608 et
3436 2555 3653 2609 insolito
3707 2570 3823 2609 ino-

2234 2649 2287 2694 tu
2323 2649 2465 2695 terra
2498 2644 2825 2697 contremuit
2875 2652 2932 2697 ut
2986 2655 3333 2699 monumenta
3370 2655 3555 2714 aperta
3605 2656 3663 2699 et
3690 2661 3824 2699 saxa

2233 2732 2473 2801 disrupta
2506 2734 2637 2796 sint,
2666 2735 2808 2802 quod
2834 2745 3013 2788 autem
3047 2733 3176 2788 dicit
3206 2737 3520 2805 sanguinem
3558 2736 3825 2807 etignem

2232 2830 2285 2876 et
2316 2837 2566 2891 vaporem
2598 2823 2710 2877 sive
2742 2840 2997 2893 pavorem
3031 2824 3185 2889 fumi,
3249 2828 3467 2896 sanguis
3510 2826 3598 2881 ille
3624 2834 3728 2889 est,
3760 2826 3823 2880 de

2233 2928 2340 2983 quo
2385 2921 2439 2968 et
2482 2914 2536 2967 in
2582 2914 2864 2969 Psalmista
2922 2916 3147 2986 legimus
3193 2934 3204 2969 :
3260 2914 3324 2969 Ut
3388 2918 3682 2986 intingatur
3733 2934 3822 2986 pes

2232 3016 2352 3059 tuus
2374 3006 2429 3059 in
2472 3006 2748 3075 sanguine,
2794 3017 2843 3061 et
2878 3006 2929 3059 in
2962 3007 3093 3060 Isaia
3125 3026 3136 3059 :
3173 3006 3344 3072 Quam
3378 3007 3669 3060 rubicunda
3699 3017 3821 3058 sunt

2235 3094 2539 3149 vestimenta
2565 3104 2681 3159 tua,
2720 3103 2774 3149 et
2819 3110 2977 3164 quem
3019 3111 3272 3164 percusso
3304 3096 3470 3149 latere
3523 3094 3819 3148 Salv-amris

2232 3187 2405 3241 mistis
2431 3187 2586 3256 aquis
2623 3186 2901 3241 Romanus
2952 3187 3104 3241 miles
3133 3183 3341 3252 elindit,
3380 3197 3433 3241 et
3481 3188 3620 3256 ignis
3646 3186 3791 3257 Spiri

2230 3285 2317 3331 tus
2344 3278 2513 3333 sancti
2538 3278 2629 3347 qui
2659 3277 2939 3333 descendit
2976 3278 3040 3331 de
3076 3278 3235 3343 coelo,
3264 3292 3317 3332 et
3350 3278 3402 3331 in
3432 3278 3655 3334 Actibus
3694 3296 3815 3350 apo-

2230 3367 2489 3423 stolorum
2556 3367 2781 3437 legimus
2834 3386 2845 3420 :
2916 3367 3284 3437 Apparuerunt
3345 3367 3449 3420 illis
3525 3368 3817 3437 dispertita!

2230 3458 2455 3528 linguce,
2472 3466 2722 3523 tanquam
2746 3456 2881 3526 ignis
2909 3456 3142 3527 seditque
3166 3473 3324 3526 supra
3347 3456 3581 3526 singulos
3598 3474 3778 3513 eorum
3800 3474 3817 3510 :

2230 3558 2279 3603 et
2311 3549 2488 3619 repleti
2514 3558 2632 3602 sunt
2654 3565 2830 3603 omnes
2866 3547 3070 3619 Spiritu
3097 3557 3277 3602 sancto
3303 3559 3351 3602 et
3390 3562 3653 3619 coeperunt
3674 3551 3820 3623 loqui

2231 3639 2352 3693 aliis
2381 3640 2573 3709 linguis
2610 3648 2765 3709 prout
2809 3637 3041 3709 Spiritus
3064 3650 3275 3693 sanctus
3300 3641 3457 3694 dabat
3487 3642 3659 3713 eloqui
3686 3643 3813 3697 illis.

2232 3728 2329 3783 Hic
2341 3737 2422 3783 est
2437 3728 2571 3799 ignis
2586 3745 2744 3797 quem
2760 3729 2903 3784 venit
2919 3728 3177 3783 Dominus
3194 3729 3406 3783 mittere
3421 3745 3581 3799 super
3594 3741 3817 3798 terram,

2230 3830 2285 3875 et
2314 3830 2599 3890 antequam
2629 3822 2979 3891 patereturin
3018 3821 3294 3891 discipulis
3331 3824 3552 3892 optabat
3601 3826 3810 3881 ardere.

2233 3911 2324 3965 Sol
2352 3928 2567 3982 quoque
2594 3922 2675 3966 est
2707 3928 2896 3967 versus
2924 3914 2975 3967 in
3032 3914 3302 3977 tenebras,
3332 3916 3546 3984 quando
3576 3918 3813 3985 penden-

2235 4011 2341 4055 tetn
2376 4004 2659 4056 Dominum
2691 4017 2845 4057 suum
2885 4003 3066 4057 videre
3102 4019 3206 4057 non
3244 4015 3551 4064 ausus.est.
3584 4007 3651 4061 Et
3694 4008 3816 4063 luna

2234 4098 2287 4151 in
2352 4096 2667 4165 sanguinem
2700 4113 2712 4149 :
2744 4096 2883 4165 quod
2932 4096 3085 4165 juxta
3144 4096 3424 4151 historiam
3463 4096 3666 4153 factum
3700 4113 3817 4156 esse

2233 4189 2521 4242 credamus
2552 4196 2605 4241 et
2639 4187 2707 4240 ab
2731 4185 3077 4256 evangelistis
3124 4187 3340 4241 silentio
3369 4191 3814 4258 praetermissum.

2234 4278 2418 4348 Neque
2450 4278 2593 4331 enim
2634 4278 2812 4331 omnia
2838 4293 2957 4345 qum
2989 4275 3115 4331 fecit
3138 4276 3297 4331 Jesus
3328 4278 3527 4344 scripta
3574 4281 3814 4335 referun-

2235 4382 2321 4423 tur
2348 4387 2360 4422 :
2397 4367 2526 4433 Qua:
2555 4369 2599 4421 si
2624 4366 2921 4421 scribantur
2942 4384 3035 4437 per
3060 4367 3289 4436 singula,
3315 4385 3376 4421 ne
3411 4370 3580 4437 ipsum
3604 4371 3816 4440 quidem

2234 4461 2461 4513 arbitror
2491 4458 2742 4512 mundum
2773 4472 2953 4528 capere
2982 4475 3067 4511 eos
3091 4459 3177 4529 qui
3203 4460 3461 4513 scribendi
3490 4472 3610 4514 sunt
3632 4461 3813 4516 libros.

2239 4552 2364 4606 llaec
2389 4550 2569 4604 omnia
2600 4549 2911 4619 priusquam
2961 4548 3075 4602 dies
3125 4549 3332 4603 Domini
3385 4551 3566 4604 veniat
3597 4567 3815 4622 magum

2240 4650 2291 4695 et
2346 4640 2621 4695 horribilis
2659 4639 2839 4693 futura
2897 4640 3172 4704 describit,
3214 4640 3332 4694 dies
3381 4650 3559 4696 autem
3609 4643 3815 4699 Domini

2241 4745 2469 4799 magnus
2499 4737 2553 4782 et
2611 4727 2907 4792 horribilis,
2956 4737 3047 4782 aut
3086 4730 3499 4785 resurrectionis
3543 4746 3666 4785 esse
3700 4749 3816 4787 cre-

2241 4824 2446 4877 dendus
2475 4828 2579 4886 est,
2607 4830 2701 4874 aut
2733 4829 2879 4875 certe
2904 4819 3070 4874 multa
3111 4828 3230 4890 post
3262 4830 3503 4890 tempora
3529 4822 3645 4877 dies
3674 4822 3814 4893 judi-

2241 4916 2309 4969 cii
2347 4914 2437 4983 qui
2468 4927 2595 4967 vere
2627 4927 2853 4983 magnus
2882 4920 2965 4967 est
3009 4920 3063 4966 et
3092 4912 3386 4968 horribilis.
3421 4912 3527 4967 Sed
3559 4917 3704 4984 quod
3737 4932 3815 4971 se-

2241 5011 2439 5079 quitur,
2472 5017 2517 5061 et
2567 5008 2664 5061 erit
2694 5007 2862 5061 omnis
2904 5007 2993 5077 qui
3044 5007 3355 5061 invocaverit
3388 5023 3575 5061 nomen
3614 5007 3817 5065 Domini

2235 5097 2409 5154 salvus
2440 5099 2557 5161 erit,
2607 5107 2661 5151 et
2692 5098 2795 5151 hoc
2841 5097 3115 5167 apostolus
3140 5097 3338 5152 Paulus
3382 5097 3552 5153 refert
3586 5099 3655 5153 ad
3685 5110 3816 5156 tem—

2238 5206 2337 5259 pus
2364 5187 2653 5241 Dominiea:
2682 5187 2971 5257 passionis,
3003 5189 3175 5259 magis
3202 5188 3266 5243 de
3291 5189 3712 5246 resurrectionis
3740 5192 3817 5246 die

2239 5277 2642 5349 intelligendum
2678 5285 2783 5331 est.

2701 5386 2982 5443 IIOMILIA
3025 5389 3313 5444 LXXXIX.

2790 5496 2841 5534 1N
2866 5496 3040 5534 EODEM
3073 5496 3258 5534 FESTO.

2716 5569 2899 5625 Lectio
2928 5571 3051 5626 libri
3080 5572 3325 5627 Levitici.

2317 5663 2380 5716 lu
2410 5664 2587 5717 diebus
2619 5663 2722 5716 illis
2746 5664 2949 5717 locutus
2981 5674 3053 5717 est
3076 5664 3331 5718 Dominus
3359 5662 3428 5715 ad
3476 5660 3719 5733 Moysen,
3748 5668 3820 5721 di-

2244 5773 2362 5810 cens
2395 5774 2404 5806 :
2441 5754 2671 5825 Loquere
2694 5753 2817 5823 ﬁliis
2855 5753 3042 5819 Israel,
3076 5764 3123 5808 et
3155 5753 3292 5807 dices
3336 5752 3403 5806 ad
3430 5770 3555 5807 eos:
3593 5754 3723 5810 Cum
3750 5760 3818 5811 iu-
