  <div class='ocr_page' id='page_1' title='image "/cluster/home/n/w/nwhite01/storage/ocr_20150623/110/uva.x000827066/166.png"; bbox 0 0 3946 6368; ppageno 0'>
   <div class='ocr_carea' id='block_1_1' title="bbox 241 397 336 454">
    <p class='ocr_par' dir='ltr' id='par_1_1' title="bbox 241 397 336 454">
     <span class='ocr_line' id='line_1_1' title="bbox 241 397 336 454; baseline -0.053 -1"><span class='ocrx_word' id='word_1_1' title='bbox 241 397 336 454; x_wconf 75' lang='lat' dir='ltr'><strong>5H</strong></span> 
     </span>
    </p>
   </div>
   <div class='ocr_carea' id='block_1_2' title="bbox 1329 394 2413 455">
    <p class='ocr_par' dir='ltr' id='par_1_2' title="bbox 1329 394 2413 455">
     <span class='ocr_line' id='line_1_2' title="bbox 1329 394 2413 455; baseline -0.005 -2"><span class='ocrx_word' id='word_1_2' title='bbox 1329 397 1633 455; x_wconf 67' lang='lat' dir='ltr'><strong>llOMlLlAS</strong></span> <span class='ocrx_word' id='word_1_3' title='bbox 1670 396 1737 452; x_wconf 83' lang='lat' dir='ltr'><strong>1N</strong></span> <span class='ocrx_word' id='word_1_4' title='bbox 1778 395 2029 452; x_wconf 74' lang='lat' dir='ltr'><strong>EVANG.</strong></span> <span class='ocrx_word' id='word_1_5' title='bbox 2070 395 2158 449; x_wconf 79' lang='grc' dir='ltr'><strong>ΕΤ</strong></span> <span class='ocrx_word' id='word_1_6' title='bbox 2199 394 2413 449; x_wconf 72' lang='lat' dir='ltr'><strong>EPIST.</strong></span> 
     </span>
    </p>
   </div>
   <div class='ocr_carea' id='block_1_3' title="bbox 3403 394 3511 448">
    <p class='ocr_par' dir='ltr' id='par_1_3' title="bbox 3403 394 3511 448">
     <span class='ocr_line' id='line_1_3' title="bbox 3403 394 3511 448; baseline 0.037 -4"><span class='ocrx_word' id='word_1_7' title='bbox 3403 394 3511 448; x_wconf 71' lang='lat' dir='ltr'><strong>3l8</strong></span> 
     </span>
    </p>
   </div>
   <div class='ocr_carea' id='block_1_4' title="bbox 240 502 3508 588">
    <p class='ocr_par' dir='ltr' id='par_1_4' title="bbox 240 502 3508 588">
     <span class='ocr_line' id='line_1_4' title="bbox 240 502 3508 588; baseline -0.001 -28"><span class='ocrx_word' id='word_1_8' title='bbox 240 508 405 579; x_wconf 79' lang='lat' dir='ltr'><strong>gressi</strong></span> <span class='ocrx_word' id='word_1_9' title='bbox 435 506 647 576; x_wconf 80' lang='lat' dir='ltr'><strong>fueritis</strong></span> <span class='ocrx_word' id='word_1_10' title='bbox 699 521 890 562; x_wconf 83' lang='lat' dir='ltr'><strong>terram</strong></span> <span class='ocrx_word' id='word_1_11' title='bbox 940 526 1096 588; x_wconf 75' lang='lat' dir='ltr'><strong>quam</strong></span> <span class='ocrx_word' id='word_1_12' title='bbox 1126 527 1217 581; x_wconf 84' lang='lat' dir='ltr'><strong>ego</strong></span> <span class='ocrx_word' id='word_1_13' title='bbox 1246 510 1381 562; x_wconf 74' lang='lat' dir='ltr'><strong>dabo</strong></span> <span class='ocrx_word' id='word_1_14' title='bbox 1424 510 1587 570; x_wconf 84' lang='lat' dir='ltr'><strong>vobis,</strong></span> <span class='ocrx_word' id='word_1_15' title='bbox 1615 520 1662 562; x_wconf 86' lang='lat' dir='ltr'><strong>et</strong></span> <span class='ocrx_word' id='word_1_16' title='bbox 1694 525 1827 563; x_wconf 66' lang='grc' dir='ltr'><strong>πιεί-</strong></span> <span class='ocrx_word' id='word_1_17' title='bbox 1857 512 1899 569; x_wconf 83' lang='grc' dir='ltr'><strong>Α</strong></span> <span class='ocrx_word' id='word_1_18' title='bbox 1931 505 2023 570; x_wconf 84' lang='lat' dir='ltr'><strong>lat,</strong></span> <span class='ocrx_word' id='word_1_19' title='bbox 2053 506 2144 560; x_wconf 85' lang='lat' dir='ltr'><strong>sed</strong></span> <span class='ocrx_word' id='word_1_20' title='bbox 2180 515 2235 560; x_wconf 90' lang='lat' dir='ltr'><strong>et</strong></span> <span class='ocrx_word' id='word_1_21' title='bbox 2288 506 2355 559; x_wconf 91' lang='lat' dir='ltr'><strong>de</strong></span> <span class='ocrx_word' id='word_1_22' title='bbox 2397 506 2499 558; x_wconf 85' lang='lat' dir='ltr'><strong>hoc</strong></span> <span class='ocrx_word' id='word_1_23' title='bbox 2544 503 2800 573; x_wconf 82' lang='lat' dir='ltr'><strong>primum,</strong></span> <span class='ocrx_word' id='word_1_24' title='bbox 2856 502 3048 571; x_wconf 81' lang='lat' dir='ltr'><strong>inquit,</strong></span> <span class='ocrx_word' id='word_1_25' title='bbox 3090 513 3145 573; x_wconf 70' lang='lat' dir='ltr'><strong>et</strong></span> <span class='ocrx_word' id='word_1_26' title='bbox 3171 502 3508 572; x_wconf 76' lang='lat' dir='ltr'><strong>appellabitis</strong></span> 
     </span>
    </p>
   </div>
   <div class='ocr_carea' id='block_1_5' title="bbox 241 600 1823 673">
    <p class='ocr_par' dir='ltr' id='par_1_5' title="bbox 241 600 1823 673">
     <span class='ocr_line' id='line_1_5' title="bbox 241 600 1823 673; baseline 0 -18"><span class='ocrx_word' id='word_1_27' title='bbox 241 600 453 657; x_wconf 74' lang='lat' dir='ltr'><strong>sueritis</strong></span> <span class='ocrx_word' id='word_1_28' title='bbox 489 612 730 670; x_wconf 78' lang='lat' dir='ltr'><strong>segetem,</strong></span> <span class='ocrx_word' id='word_1_29' title='bbox 769 601 943 669; x_wconf 84' lang='lat' dir='ltr'><strong>feretis</strong></span> <span class='ocrx_word' id='word_1_30' title='bbox 972 603 1265 672; x_wconf 70' lang='lat' dir='ltr'><strong>manipulos</strong></span> <span class='ocrx_word' id='word_1_31' title='bbox 1309 604 1594 672; x_wconf 86' lang='lat' dir='ltr'><strong>spicarum,</strong></span> <span class='ocrx_word' id='word_1_32' title='bbox 1638 603 1823 673; x_wconf 81' lang='lat' dir='ltr'><strong>primi-</strong></span> 
     </span>
    </p>
   </div>
   <div class='ocr_carea' id='block_1_6' title="bbox 241 693 1825 767">
    <p class='ocr_par' dir='ltr' id='par_1_6' title="bbox 241 693 1825 767">
     <span class='ocr_line' id='line_1_6' title="bbox 241 693 1825 767; baseline 0.001 -22"><span class='ocrx_word' id='word_1_33' title='bbox 241 700 343 747; x_wconf 79' lang='lat' dir='ltr'><strong>ttas</strong></span> <span class='ocrx_word' id='word_1_34' title='bbox 372 695 553 747; x_wconf 85' lang='lat' dir='ltr'><strong>messis</strong></span> <span class='ocrx_word' id='word_1_35' title='bbox 594 702 778 747; x_wconf 73' lang='lat' dir='ltr'><strong>vestra:</strong></span> <span class='ocrx_word' id='word_1_36' title='bbox 808 694 876 746; x_wconf 89' lang='lat' dir='ltr'><strong>ad</strong></span> <span class='ocrx_word' id='word_1_37' title='bbox 910 694 1251 767; x_wconf 71' lang='lat' dir='ltr'><strong>sacerdotem.</strong></span> <span class='ocrx_word' id='word_1_38' title='bbox 1288 693 1391 759; x_wconf 88' lang='lat' dir='ltr'><strong>Qui</strong></span> <span class='ocrx_word' id='word_1_39' title='bbox 1418 694 1634 748; x_wconf 75' lang='lat' dir='ltr'><strong>elevubit</strong></span> <span class='ocrx_word' id='word_1_40' title='bbox 1660 695 1825 763; x_wconf 85' lang='lat' dir='ltr'><strong>fasci-</strong></span> 
     </span>
    </p>
   </div>
   <div class='ocr_carea' id='block_1_7' title="bbox 240 780 1822 853">
    <p class='ocr_par' dir='ltr' id='par_1_7' title="bbox 240 780 1822 853">
     <span class='ocr_line' id='line_1_7' title="bbox 240 780 1822 853; baseline 0.002 -20"><span class='ocrx_word' id='word_1_41' title='bbox 240 780 423 835; x_wconf 82' lang='lat' dir='ltr'><strong>culum</strong></span> <span class='ocrx_word' id='word_1_42' title='bbox 467 797 649 835; x_wconf 87' lang='lat' dir='ltr'><strong>coram</strong></span> <span class='ocrx_word' id='word_1_43' title='bbox 681 780 904 836; x_wconf 87' lang='lat' dir='ltr'><strong>Domino</strong></span> <span class='ocrx_word' id='word_1_44' title='bbox 951 792 1006 836; x_wconf 92' lang='lat' dir='ltr'><strong>ut</strong></span> <span class='ocrx_word' id='word_1_45' title='bbox 1052 783 1381 853; x_wconf 66' lang='lat' dir='ltr'><strong>acceptubilis</strong></span> <span class='ocrx_word' id='word_1_46' title='bbox 1436 784 1499 837; x_wconf 88' lang='lat' dir='ltr'><strong>sit</strong></span> <span class='ocrx_word' id='word_1_47' title='bbox 1548 800 1640 852; x_wconf 88' lang='lat' dir='ltr'><strong>pro</strong></span> <span class='ocrx_word' id='word_1_48' title='bbox 1664 782 1822 848; x_wconf 84' lang='lat' dir='ltr'><strong>vobis,</strong></span> 
     </span>
    </p>
   </div>
   <div class='ocr_carea' id='block_1_8' title="bbox 241 878 351 925">
    <p class='ocr_par' dir='ltr' id='par_1_8' title="bbox 241 878 351 925">
     <span class='ocr_line' id='line_1_8' title="bbox 241 878 351 925; baseline -0.018 0"><span class='ocrx_word' id='word_1_49' title='bbox 241 878 351 925; x_wconf 84' lang='lat' dir='ltr'><strong>etc.</strong></span> 
     </span>
    </p>
   </div>
   <div class='ocr_carea' id='block_1_9' title="bbox 312 961 1823 1033">
    <p class='ocr_par' dir='ltr' id='par_1_9' title="bbox 312 961 1823 1033">
     <span class='ocr_line' id='line_1_9' title="bbox 312 961 1823 1033; baseline -0.001 -16"><span class='ocrx_word' id='word_1_50' title='bbox 312 961 538 1017; x_wconf 86' lang='lat' dir='ltr'><strong>Terram</strong></span> <span class='ocrx_word' id='word_1_51' title='bbox 572 977 602 1015; x_wconf 90' lang='lat' dir='ltr'><strong>a</strong></span> <span class='ocrx_word' id='word_1_52' title='bbox 640 962 865 1017; x_wconf 89' lang='lat' dir='ltr'><strong>Domino</strong></span> <span class='ocrx_word' id='word_1_53' title='bbox 908 962 1091 1017; x_wconf 93' lang='lat' dir='ltr'><strong>datam</strong></span> <span class='ocrx_word' id='word_1_54' title='bbox 1121 962 1489 1033; x_wconf 78' lang='lat' dir='ltr'><strong>evangelieam</strong></span> <span class='ocrx_word' id='word_1_55' title='bbox 1520 961 1823 1017; x_wconf 73' lang='lat' dir='ltr'><strong>doctrinam</strong></span> 
     </span>
    </p>
   </div>
   <div class='ocr_carea' id='block_1_10' title="bbox 241 1052 1824 1124">
    <p class='ocr_par' dir='ltr' id='par_1_10' title="bbox 241 1052 1824 1124">
     <span class='ocr_line' id='line_1_10' title="bbox 241 1052 1824 1124; baseline -0.003 -15"><span class='ocrx_word' id='word_1_56' title='bbox 241 1061 298 1109; x_wconf 90' lang='lat' dir='ltr'><strong>et</strong></span> <span class='ocrx_word' id='word_1_57' title='bbox 326 1054 794 1109; x_wconf 75' lang='lat' dir='ltr'><strong>conversationem</strong></span> <span class='ocrx_word' id='word_1_58' title='bbox 843 1054 1151 1124; x_wconf 85' lang='lat' dir='ltr'><strong>frequenter</strong></span> <span class='ocrx_word' id='word_1_59' title='bbox 1176 1054 1494 1109; x_wconf 87' lang='lat' dir='ltr'><strong>docuimus:</strong></span> <span class='ocrx_word' id='word_1_60' title='bbox 1530 1053 1645 1122; x_wconf 87' lang='lat' dir='ltr'><strong>ipsa</strong></span> <span class='ocrx_word' id='word_1_61' title='bbox 1682 1052 1824 1106; x_wconf 88' lang='lat' dir='ltr'><strong>enim</strong></span> 
     </span>
    </p>
   </div>
   <div class='ocr_carea' id='block_1_11' title="bbox 243 1147 1825 1219">
    <p class='ocr_par' dir='ltr' id='par_1_11' title="bbox 243 1147 1825 1219">
     <span class='ocr_line' id='line_1_11' title="bbox 243 1147 1825 1219; baseline -0.003 -16"><span class='ocrx_word' id='word_1_62' title='bbox 243 1158 389 1204; x_wconf 84' lang='lat' dir='ltr'><strong>terra</strong></span> <span class='ocrx_word' id='word_1_63' title='bbox 444 1149 643 1204; x_wconf 79' lang='lat' dir='ltr'><strong>dicitur</strong></span> <span class='ocrx_word' id='word_1_64' title='bbox 690 1156 913 1219; x_wconf 81' lang='lat' dir='ltr'><strong>prepter</strong></span> <span class='ocrx_word' id='word_1_65' title='bbox 958 1147 1169 1203; x_wconf 84' lang='lat' dir='ltr'><strong>fructus</strong></span> <span class='ocrx_word' id='word_1_66' title='bbox 1229 1150 1488 1202; x_wconf 88' lang='lat' dir='ltr'><strong>virtutum</strong></span> <span class='ocrx_word' id='word_1_67' title='bbox 1516 1162 1636 1217; x_wconf 78' lang='lat' dir='ltr'><strong>qua:</strong></span> <span class='ocrx_word' id='word_1_68' title='bbox 1668 1162 1733 1200; x_wconf 82' lang='lat' dir='ltr'><strong>ex</strong></span> <span class='ocrx_word' id='word_1_69' title='bbox 1762 1161 1825 1200; x_wconf 89' lang='lat' dir='ltr'><strong>ea</strong></span> 
     </span>
    </p>
   </div>
   <div class='ocr_carea' id='block_1_12' title="bbox 240 1237 1827 1308">
    <p class='ocr_par' dir='ltr' id='par_1_12' title="bbox 240 1237 1827 1308">
     <span class='ocr_line' id='line_1_12' title="bbox 240 1237 1827 1308; baseline -0.003 -15"><span class='ocrx_word' id='word_1_70' title='bbox 240 1239 513 1304; x_wconf 88' lang='lat' dir='ltr'><strong>oriuntur,</strong></span> <span class='ocrx_word' id='word_1_71' title='bbox 543 1239 609 1292; x_wconf 91' lang='lat' dir='ltr'><strong>ab</strong></span> <span class='ocrx_word' id='word_1_72' title='bbox 637 1239 752 1307; x_wconf 90' lang='lat' dir='ltr'><strong>ipso</strong></span> <span class='ocrx_word' id='word_1_73' title='bbox 806 1248 984 1292; x_wconf 89' lang='lat' dir='ltr'><strong>autem</strong></span> <span class='ocrx_word' id='word_1_74' title='bbox 1011 1237 1136 1293; x_wconf 88' lang='lat' dir='ltr'><strong>data</strong></span> <span class='ocrx_word' id='word_1_75' title='bbox 1162 1246 1281 1303; x_wconf 89' lang='lat' dir='ltr'><strong>est;</strong></span> <span class='ocrx_word' id='word_1_76' title='bbox 1316 1254 1489 1308; x_wconf 89' lang='lat' dir='ltr'><strong>neque</strong></span> <span class='ocrx_word' id='word_1_77' title='bbox 1516 1238 1660 1291; x_wconf 90' lang='lat' dir='ltr'><strong>enim</strong></span> <span class='ocrx_word' id='word_1_78' title='bbox 1708 1251 1827 1290; x_wconf 88' lang='lat' dir='ltr'><strong>me—</strong></span> 
     </span>
    </p>
   </div>
   <div class='ocr_carea' id='block_1_13' title="bbox 242 1326 1825 1398">
    <p class='ocr_par' dir='ltr' id='par_1_13' title="bbox 242 1326 1825 1398">
     <span class='ocr_line' id='line_1_13' title="bbox 242 1326 1825 1398; baseline 0 -18"><span class='ocrx_word' id='word_1_79' title='bbox 242 1327 454 1382; x_wconf 87' lang='lat' dir='ltr'><strong>diatore</strong></span> <span class='ocrx_word' id='word_1_80' title='bbox 485 1326 552 1381; x_wconf 88' lang='lat' dir='ltr'><strong>ad</strong></span> <span class='ocrx_word' id='word_1_81' title='bbox 584 1328 723 1382; x_wconf 88' lang='lat' dir='ltr'><strong>hanc</strong></span> <span class='ocrx_word' id='word_1_82' title='bbox 768 1344 899 1382; x_wconf 90' lang='lat' dir='ltr'><strong>usus</strong></span> <span class='ocrx_word' id='word_1_83' title='bbox 944 1336 1049 1394; x_wconf 89' lang='lat' dir='ltr'><strong>est,</strong></span> <span class='ocrx_word' id='word_1_84' title='bbox 1075 1328 1170 1383; x_wconf 88' lang='lat' dir='ltr'><strong>sed</strong></span> <span class='ocrx_word' id='word_1_85' title='bbox 1199 1329 1420 1398; x_wconf 87' lang='lat' dir='ltr'><strong>proprio</strong></span> <span class='ocrx_word' id='word_1_86' title='bbox 1471 1342 1589 1383; x_wconf 84' lang='lat' dir='ltr'><strong>eam</strong></span> <span class='ocrx_word' id='word_1_87' title='bbox 1616 1342 1825 1381; x_wconf 87' lang='lat' dir='ltr'><strong>annun-</strong></span> 
     </span>
    </p>
   </div>
   <div class='ocr_carea' id='block_1_14' title="bbox 243 1416 1828 1489">
    <p class='ocr_par' dir='ltr' id='par_1_14' title="bbox 243 1416 1828 1489">
     <span class='ocr_line' id='line_1_14' title="bbox 243 1416 1828 1489; baseline -0.001 -18"><span class='ocrx_word' id='word_1_88' title='bbox 243 1418 395 1473; x_wconf 86' lang='lat' dir='ltr'><strong>tiavit</strong></span> <span class='ocrx_word' id='word_1_89' title='bbox 425 1433 540 1472; x_wconf 83' lang='lat' dir='ltr'><strong>ore.</strong></span> <span class='ocrx_word' id='word_1_90' title='bbox 572 1416 797 1486; x_wconf 78' lang='lat' dir='ltr'><strong>Quando</strong></span> <span class='ocrx_word' id='word_1_91' title='bbox 823 1433 952 1489; x_wconf 74' lang='lat' dir='ltr'><strong>ergo</strong></span> <span class='ocrx_word' id='word_1_92' title='bbox 981 1418 1209 1489; x_wconf 86' lang='lat' dir='ltr'><strong>ingressi</strong></span> <span class='ocrx_word' id='word_1_93' title='bbox 1258 1428 1383 1473; x_wconf 87' lang='lat' dir='ltr'><strong>sunt</strong></span> <span class='ocrx_word' id='word_1_94' title='bbox 1410 1427 1464 1473; x_wconf 91' lang='lat' dir='ltr'><strong>et</strong></span> <span class='ocrx_word' id='word_1_95' title='bbox 1487 1424 1828 1472; x_wconf 88' lang='lat' dir='ltr'><strong>messuerunt</strong></span> 
     </span>
    </p>
   </div>
   <div class='ocr_carea' id='block_1_15' title="bbox 241 1509 1823 1580">
    <p class='ocr_par' dir='ltr' id='par_1_15' title="bbox 241 1509 1823 1580">
     <span class='ocr_line' id='line_1_15' title="bbox 241 1509 1823 1580; baseline -0.001 -18"><span class='ocrx_word' id='word_1_96' title='bbox 241 1518 454 1576; x_wconf 78' lang='lat' dir='ltr'><strong>segetes</strong></span> <span class='ocrx_word' id='word_1_97' title='bbox 483 1509 600 1579; x_wconf 84' lang='lat' dir='ltr'><strong>ejus</strong></span> <span class='ocrx_word' id='word_1_98' title='bbox 649 1510 700 1564; x_wconf 90' lang='lat' dir='ltr'><strong>hi</strong></span> <span class='ocrx_word' id='word_1_99' title='bbox 750 1510 841 1578; x_wconf 91' lang='lat' dir='ltr'><strong>qui</strong></span> <span class='ocrx_word' id='word_1_100' title='bbox 891 1519 1248 1580; x_wconf 84' lang='lat' dir='ltr'><strong>susceperunt</strong></span> <span class='ocrx_word' id='word_1_101' title='bbox 1302 1509 1537 1564; x_wconf 83' lang='lat' dir='ltr'><strong>salutare</strong></span> <span class='ocrx_word' id='word_1_102' title='bbox 1581 1509 1823 1563; x_wconf 80' lang='lat' dir='ltr'><strong>verbum.</strong></span> 
     </span>
    </p>
   </div>
   <div class='ocr_carea' id='block_1_16' title="bbox 239 1596 1829 1670">
    <p class='ocr_par' dir='ltr' id='par_1_16' title="bbox 239 1596 1829 1670">
     <span class='ocr_line' id='line_1_16' title="bbox 239 1596 1829 1670; baseline 0.002 -20"><span class='ocrx_word' id='word_1_103' title='bbox 239 1596 322 1650; x_wconf 88' lang='lat' dir='ltr'><strong>llli</strong></span> <span class='ocrx_word' id='word_1_104' title='bbox 346 1597 491 1652; x_wconf 85' lang='lat' dir='ltr'><strong>enim</strong></span> <span class='ocrx_word' id='word_1_105' title='bbox 521 1607 647 1653; x_wconf 90' lang='lat' dir='ltr'><strong>sunt</strong></span> <span class='ocrx_word' id='word_1_106' title='bbox 696 1606 752 1654; x_wconf 92' lang='lat' dir='ltr'><strong>et</strong></span> <span class='ocrx_word' id='word_1_107' title='bbox 781 1612 1051 1654; x_wconf 86' lang='lat' dir='ltr'><strong>messores</strong></span> <span class='ocrx_word' id='word_1_108' title='bbox 1102 1598 1456 1669; x_wconf 82' lang='lat' dir='ltr'><strong>intelligibilis</strong></span> <span class='ocrx_word' id='word_1_109' title='bbox 1508 1600 1727 1670; x_wconf 79' lang='lat' dir='ltr'><strong>segetis,</strong></span> <span class='ocrx_word' id='word_1_110' title='bbox 1759 1599 1829 1653; x_wconf 88' lang='lat' dir='ltr'><strong>ad</strong></span> 
     </span>
    </p>
   </div>
   <div class='ocr_carea' id='block_1_17' title="bbox 241 1688 1829 1759">
    <p class='ocr_par' dir='ltr' id='par_1_17' title="bbox 241 1688 1829 1759">
     <span class='ocr_line' id='line_1_17' title="bbox 241 1688 1829 1759; baseline 0.001 -19"><span class='ocrx_word' id='word_1_111' title='bbox 241 1703 382 1758; x_wconf 87' lang='lat' dir='ltr'><strong>quos</strong></span> <span class='ocrx_word' id='word_1_112' title='bbox 413 1688 671 1743; x_wconf 86' lang='lat' dir='ltr'><strong>Dominus</strong></span> <span class='ocrx_word' id='word_1_113' title='bbox 716 1690 970 1744; x_wconf 84' lang='lat' dir='ltr'><strong>dicebat:</strong></span> <span class='ocrx_word' id='word_1_114' title='bbox 1005 1688 1193 1743; x_wconf 79' lang='lat' dir='ltr'><strong>Mcssis</strong></span> <span class='ocrx_word' id='word_1_115' title='bbox 1236 1688 1443 1759; x_wconf 78' lang='lat' dir='ltr'><strong>quidem</strong></span> <span class='ocrx_word' id='word_1_116' title='bbox 1485 1688 1670 1755; x_wconf 89' lang='lat' dir='ltr'><strong>multa,</strong></span> <span class='ocrx_word' id='word_1_117' title='bbox 1708 1704 1829 1758; x_wconf 84' lang='lat' dir='ltr'><strong>ope-</strong></span> 
     </span>
    </p>
   </div>
   <div class='ocr_carea' id='block_1_18' title="bbox 242 1781 1827 1852">
    <p class='ocr_par' dir='ltr' id='par_1_18' title="bbox 242 1781 1827 1852">
     <span class='ocr_line' id='line_1_18' title="bbox 242 1781 1827 1852; baseline 0 -19"><span class='ocrx_word' id='word_1_118' title='bbox 242 1782 378 1834; x_wconf 88' lang='lat' dir='ltr'><strong>rarii</strong></span> <span class='ocrx_word' id='word_1_119' title='bbox 407 1790 580 1834; x_wconf 87' lang='lat' dir='ltr'><strong>autem</strong></span> <span class='ocrx_word' id='word_1_120' title='bbox 622 1782 796 1851; x_wconf 84' lang='lat' dir='ltr'><strong>pauci.</strong></span> <span class='ocrx_word' id='word_1_121' title='bbox 826 1781 1025 1852; x_wconf 80' lang='lat' dir='ltr'><strong>Regale</strong></span> <span class='ocrx_word' id='word_1_122' title='bbox 1070 1798 1190 1852; x_wconf 89' lang='lat' dir='ltr'><strong>ergo</strong></span> <span class='ocrx_word' id='word_1_123' title='bbox 1242 1781 1523 1835; x_wconf 86' lang='lat' dir='ltr'><strong>Dominum</strong></span> <span class='ocrx_word' id='word_1_124' title='bbox 1553 1782 1731 1834; x_wconf 78' lang='lat' dir='ltr'><strong>messis</strong></span> <span class='ocrx_word' id='word_1_125' title='bbox 1772 1790 1827 1833; x_wconf 86' lang='lat' dir='ltr'><strong>ut</strong></span> 
     </span>
    </p>
   </div>
   <div class='ocr_carea' id='block_1_19' title="bbox 1926 593 3504 671">
    <p class='ocr_par' dir='ltr' id='par_1_19' title="bbox 1926 593 3504 671">
     <span class='ocr_line' id='line_1_19' title="bbox 1926 593 3504 671; baseline -0.003 -18"><span class='ocrx_word' id='word_1_126' title='bbox 1926 600 2065 653; x_wconf 84' lang='lat' dir='ltr'><strong>hunc</strong></span> <span class='ocrx_word' id='word_1_127' title='bbox 2088 599 2223 652; x_wconf 85' lang='lat' dir='ltr'><strong>diem</strong></span> <span class='ocrx_word' id='word_1_128' title='bbox 2246 596 2656 660; x_wconf 82' lang='lat' dir='ltr'><strong>celeberrimum,</strong></span> <span class='ocrx_word' id='word_1_129' title='bbox 2695 603 2751 648; x_wconf 87' lang='lat' dir='ltr'><strong>et</strong></span> <span class='ocrx_word' id='word_1_130' title='bbox 2778 603 2899 664; x_wconf 84' lang='lat' dir='ltr'><strong>post</strong></span> <span class='ocrx_word' id='word_1_131' title='bbox 2924 595 3027 649; x_wconf 90' lang='lat' dir='ltr'><strong>hoc</strong></span> <span class='ocrx_word' id='word_1_132' title='bbox 3051 604 3206 671; x_wconf 79' lang='lat' dir='ltr'><strong>atque</strong></span> <span class='ocrx_word' id='word_1_133' title='bbox 3234 593 3504 648; x_wconf 83' lang='lat' dir='ltr'><strong>sanctissi-</strong></span> 
     </span>
    </p>
   </div>
   <div class='ocr_carea' id='block_1_20' title="bbox 1928 683 3508 756">
    <p class='ocr_par' dir='ltr' id='par_1_20' title="bbox 1928 683 3508 756">
     <span class='ocr_line' id='line_1_20' title="bbox 1928 683 3508 756; baseline -0.005 -13"><span class='ocrx_word' id='word_1_134' title='bbox 1928 706 2091 754; x_wconf 88' lang='lat' dir='ltr'><strong>mum,</strong></span> <span class='ocrx_word' id='word_1_135' title='bbox 2124 688 2253 742; x_wconf 88' lang='lat' dir='ltr'><strong>utin</strong></span> <span class='ocrx_word' id='word_1_136' title='bbox 2281 703 2345 743; x_wconf 88' lang='lat' dir='ltr'><strong>eo</strong></span> <span class='ocrx_word' id='word_1_137' title='bbox 2372 699 2727 756; x_wconf 79' lang='lat' dir='ltr'><strong>cognosceres</strong></span> <span class='ocrx_word' id='word_1_138' title='bbox 2748 684 2875 753; x_wconf 91' lang='lat' dir='ltr'><strong>quid</strong></span> <span class='ocrx_word' id='word_1_139' title='bbox 2900 699 3020 738; x_wconf 91' lang='lat' dir='ltr'><strong>cum</strong></span> <span class='ocrx_word' id='word_1_140' title='bbox 3051 683 3174 738; x_wconf 83' lang='lat' dir='ltr'><strong>aliis</strong></span> <span class='ocrx_word' id='word_1_141' title='bbox 3200 697 3508 747; x_wconf 86' lang='lat' dir='ltr'><strong>commune,</strong></span> 
     </span>
    </p>
   </div>
   <div class='ocr_carea' id='block_1_21' title="bbox 1927 774 3507 849">
    <p class='ocr_par' dir='ltr' id='par_1_21' title="bbox 1927 774 3507 849">
     <span class='ocr_line' id='line_1_21' title="bbox 1927 774 3507 849; baseline -0.003 -14"><span class='ocrx_word' id='word_1_142' title='bbox 1927 788 1982 835; x_wconf 90' lang='lat' dir='ltr'><strong>et</strong></span> <span class='ocrx_word' id='word_1_143' title='bbox 2002 780 2131 849; x_wconf 91' lang='lat' dir='ltr'><strong>quid</strong></span> <span class='ocrx_word' id='word_1_144' title='bbox 2161 779 2212 833; x_wconf 90' lang='lat' dir='ltr'><strong>in</strong></span> <span class='ocrx_word' id='word_1_145' title='bbox 2245 793 2303 833; x_wconf 89' lang='lat' dir='ltr'><strong>se</strong></span> <span class='ocrx_word' id='word_1_146' title='bbox 2329 777 2605 848; x_wconf 88' lang='lat' dir='ltr'><strong>proprium</strong></span> <span class='ocrx_word' id='word_1_147' title='bbox 2636 775 2815 829; x_wconf 89' lang='lat' dir='ltr'><strong>habet.</strong></span> <span class='ocrx_word' id='word_1_148' title='bbox 2861 776 2917 829; x_wconf 91' lang='lat' dir='ltr'><strong>In</strong></span> <span class='ocrx_word' id='word_1_149' title='bbox 2951 775 3066 845; x_wconf 90' lang='lat' dir='ltr'><strong>ipso</strong></span> <span class='ocrx_word' id='word_1_150' title='bbox 3096 776 3239 831; x_wconf 89' lang='lat' dir='ltr'><strong>enim</strong></span> <span class='ocrx_word' id='word_1_151' title='bbox 3266 774 3507 846; x_wconf 78' lang='lat' dir='ltr'><strong>gentium</strong></span> 
     </span>
    </p>
   </div>
   <div class='ocr_carea' id='block_1_22' title="bbox 1927 866 3503 937">
    <p class='ocr_par' dir='ltr' id='par_1_22' title="bbox 1927 866 3503 937">
     <span class='ocr_line' id='line_1_22' title="bbox 1927 866 3503 937; baseline -0.004 -12"><span class='ocrx_word' id='word_1_152' title='bbox 1927 871 2138 929; x_wconf 81' lang='lat' dir='ltr'><strong>vacatio</strong></span> <span class='ocrx_word' id='word_1_153' title='bbox 2186 884 2291 923; x_wconf 91' lang='lat' dir='ltr'><strong>non</strong></span> <span class='ocrx_word' id='word_1_154' title='bbox 2322 868 2601 937; x_wconf 64' lang='lat' dir='ltr'><strong>praedicari</strong></span> <span class='ocrx_word' id='word_1_155' title='bbox 2628 866 2823 931; x_wconf 88' lang='lat' dir='ltr'><strong>solum,</strong></span> <span class='ocrx_word' id='word_1_156' title='bbox 2855 867 2949 922; x_wconf 89' lang='lat' dir='ltr'><strong>sed</strong></span> <span class='ocrx_word' id='word_1_157' title='bbox 2974 877 3030 922; x_wconf 90' lang='lat' dir='ltr'><strong>et</strong></span> <span class='ocrx_word' id='word_1_158' title='bbox 3060 867 3273 937; x_wconf 86' lang='lat' dir='ltr'><strong>operari</strong></span> <span class='ocrx_word' id='word_1_159' title='bbox 3312 866 3503 933; x_wconf 68' lang='lat' dir='ltr'><strong>coepit,</strong></span> 
     </span>
    </p>
   </div>
   <div class='ocr_carea' id='block_1_23' title="bbox 1927 958 3505 1033">
    <p class='ocr_par' dir='ltr' id='par_1_23' title="bbox 1927 958 3505 1033">
     <span class='ocr_line' id='line_1_23' title="bbox 1927 958 3505 1033; baseline -0.003 -16"><span class='ocrx_word' id='word_1_160' title='bbox 1927 964 2143 1033; x_wconf 81' lang='lat' dir='ltr'><strong>quando</strong></span> <span class='ocrx_word' id='word_1_161' title='bbox 2189 961 2397 1025; x_wconf 86' lang='lat' dir='ltr'><strong>Parthi,</strong></span> <span class='ocrx_word' id='word_1_162' title='bbox 2439 969 2496 1016; x_wconf 89' lang='lat' dir='ltr'><strong>et</strong></span> <span class='ocrx_word' id='word_1_163' title='bbox 2530 960 2691 1024; x_wconf 82' lang='lat' dir='ltr'><strong>Medi,</strong></span> <span class='ocrx_word' id='word_1_164' title='bbox 2743 967 2798 1014; x_wconf 88' lang='lat' dir='ltr'><strong>et</strong></span> <span class='ocrx_word' id='word_1_165' title='bbox 2834 959 3099 1022; x_wconf 66' lang='lat' dir='ltr'><strong>Elamitaa,</strong></span> <span class='ocrx_word' id='word_1_166' title='bbox 3134 969 3187 1013; x_wconf 89' lang='lat' dir='ltr'><strong>et</strong></span> <span class='ocrx_word' id='word_1_167' title='bbox 3217 960 3307 1028; x_wconf 91' lang='lat' dir='ltr'><strong>qui</strong></span> <span class='ocrx_word' id='word_1_168' title='bbox 3347 958 3505 1013; x_wconf 82' lang='lat' dir='ltr'><strong>habi-</strong></span> 
     </span>
    </p>
   </div>
   <div class='ocr_carea' id='block_1_24' title="bbox 1928 1052 3503 1123">
    <p class='ocr_par' dir='ltr' id='par_1_24' title="bbox 1928 1052 3503 1123">
     <span class='ocr_line' id='line_1_24' title="bbox 1928 1052 3503 1123; baseline -0.004 -12"><span class='ocrx_word' id='word_1_169' title='bbox 1928 1056 2115 1110; x_wconf 86' lang='lat' dir='ltr'><strong>tahant</strong></span> <span class='ocrx_word' id='word_1_170' title='bbox 2140 1053 2600 1123; x_wconf 85' lang='lat' dir='ltr'><strong>Mesopotamiam,</strong></span> <span class='ocrx_word' id='word_1_171' title='bbox 2627 1052 2866 1108; x_wconf 71' lang='lat' dir='ltr'><strong>Judaeum</strong></span> <span class='ocrx_word' id='word_1_172' title='bbox 2894 1061 2955 1106; x_wconf 87' lang='lat' dir='ltr'><strong>et</strong></span> <span class='ocrx_word' id='word_1_173' title='bbox 2970 1052 3358 1123; x_wconf 81' lang='lat' dir='ltr'><strong>Pamphyliam,</strong></span> <span class='ocrx_word' id='word_1_174' title='bbox 3384 1067 3503 1107; x_wconf 48' lang='lat' dir='ltr'><strong>om.</strong></span> 
     </span>
    </p>
   </div>
   <div class='ocr_carea' id='block_1_25' title="bbox 1929 1142 3507 1215">
    <p class='ocr_par' dir='ltr' id='par_1_25' title="bbox 1929 1142 3507 1215">
     <span class='ocr_line' id='line_1_25' title="bbox 1929 1142 3507 1215; baseline -0.004 -14"><span class='ocrx_word' id='word_1_175' title='bbox 1929 1162 2132 1215; x_wconf 86' lang='lat' dir='ltr'><strong>nesque</strong></span> <span class='ocrx_word' id='word_1_176' title='bbox 2167 1145 2386 1214; x_wconf 66' lang='lat' dir='ltr'><strong>reliquie</strong></span> <span class='ocrx_word' id='word_1_177' title='bbox 2412 1153 2600 1214; x_wconf 82' lang='lat' dir='ltr'><strong>gentes</strong></span> <span class='ocrx_word' id='word_1_178' title='bbox 2629 1160 2765 1214; x_wconf 87' lang='lat' dir='ltr'><strong>quas</strong></span> <span class='ocrx_word' id='word_1_179' title='bbox 2800 1144 2971 1198; x_wconf 87' lang='lat' dir='ltr'><strong>Lucas</strong></span> <span class='ocrx_word' id='word_1_180' title='bbox 2998 1142 3375 1203; x_wconf 88' lang='lat' dir='ltr'><strong>dinumeravit,</strong></span> <span class='ocrx_word' id='word_1_181' title='bbox 3407 1156 3507 1195; x_wconf 83' lang='lat' dir='ltr'><strong>au-</strong></span> 
     </span>
    </p>
   </div>
   <div class='ocr_carea' id='block_1_26' title="bbox 1929 1231 3508 1306">
    <p class='ocr_par' dir='ltr' id='par_1_26' title="bbox 1929 1231 3508 1306">
     <span class='ocr_line' id='line_1_26' title="bbox 1929 1231 3508 1306; baseline -0.003 -14"><span class='ocrx_word' id='word_1_182' title='bbox 1929 1239 2043 1293; x_wconf 88' lang='lat' dir='ltr'><strong>dire</strong></span> <span class='ocrx_word' id='word_1_183' title='bbox 2093 1235 2379 1306; x_wconf 86' lang='lat' dir='ltr'><strong>Apostolos</strong></span> <span class='ocrx_word' id='word_1_184' title='bbox 2412 1235 2611 1305; x_wconf 82' lang='lat' dir='ltr'><strong>linguis</strong></span> <span class='ocrx_word' id='word_1_185' title='bbox 2643 1235 2755 1290; x_wconf 87' lang='lat' dir='ltr'><strong>suis</strong></span> <span class='ocrx_word' id='word_1_186' title='bbox 2801 1232 3069 1305; x_wconf 79' lang='lat' dir='ltr'><strong>magnalia</strong></span> <span class='ocrx_word' id='word_1_187' title='bbox 3104 1232 3198 1287; x_wconf 90' lang='lat' dir='ltr'><strong>Dei</strong></span> <span class='ocrx_word' id='word_1_188' title='bbox 3231 1231 3508 1301; x_wconf 75' lang='lat' dir='ltr'><strong>loquentes</strong></span> 
     </span>
    </p>
   </div>
   <div class='ocr_carea' id='block_1_27' title="bbox 1928 1323 3511 1399">
    <p class='ocr_par' dir='ltr' id='par_1_27' title="bbox 1928 1323 3511 1399">
     <span class='ocr_line' id='line_1_27' title="bbox 1928 1323 3511 1399; baseline -0.001 -16"><span class='ocrx_word' id='word_1_189' title='bbox 1928 1330 2388 1399; x_wconf 67' lang='lat' dir='ltr'><strong>praedicantesque</strong></span> <span class='ocrx_word' id='word_1_190' title='bbox 2420 1335 2720 1398; x_wconf 67' lang='lat' dir='ltr'><strong>coeperunt.</strong></span> <span class='ocrx_word' id='word_1_191' title='bbox 2748 1326 2963 1381; x_wconf 88' lang='lat' dir='ltr'><strong>Nullum</strong></span> <span class='ocrx_word' id='word_1_192' title='bbox 2991 1342 3122 1396; x_wconf 79' lang='lat' dir='ltr'><strong>ergo</strong></span> <span class='ocrx_word' id='word_1_193' title='bbox 3147 1333 3283 1395; x_wconf 86' lang='lat' dir='ltr'><strong>opus</strong></span> <span class='ocrx_word' id='word_1_194' title='bbox 3316 1323 3511 1381; x_wconf 79' lang='lat' dir='ltr'><strong>servile</strong></span> 
     </span>
    </p>
   </div>
   <div class='ocr_carea' id='block_1_28' title="bbox 1929 1417 3509 1493">
    <p class='ocr_par' dir='ltr' id='par_1_28' title="bbox 1929 1417 3509 1493">
     <span class='ocr_line' id='line_1_28' title="bbox 1929 1417 3509 1493; baseline -0.004 -18"><span class='ocrx_word' id='word_1_195' title='bbox 1929 1422 1980 1475; x_wconf 92' lang='lat' dir='ltr'><strong>in</strong></span> <span class='ocrx_word' id='word_1_196' title='bbox 2011 1421 2099 1474; x_wconf 88' lang='lat' dir='ltr'><strong>illo</strong></span> <span class='ocrx_word' id='word_1_197' title='bbox 2138 1420 2225 1474; x_wconf 89' lang='lat' dir='ltr'><strong>die</strong></span> <span class='ocrx_word' id='word_1_198' title='bbox 2255 1418 2537 1493; x_wconf 84' lang='lat' dir='ltr'><strong>faciamus,</strong></span> <span class='ocrx_word' id='word_1_199' title='bbox 2575 1418 2627 1471; x_wconf 90' lang='lat' dir='ltr'><strong>id</strong></span> <span class='ocrx_word' id='word_1_200' title='bbox 2657 1426 2760 1482; x_wconf 89' lang='lat' dir='ltr'><strong>est,</strong></span> <span class='ocrx_word' id='word_1_201' title='bbox 2790 1418 2931 1487; x_wconf 88' lang='lat' dir='ltr'><strong>quod</strong></span> <span class='ocrx_word' id='word_1_202' title='bbox 2958 1417 3024 1471; x_wconf 87' lang='lat' dir='ltr'><strong>ad</strong></span> <span class='ocrx_word' id='word_1_203' title='bbox 3052 1418 3369 1471; x_wconf 81' lang='lat' dir='ltr'><strong>servitutem</strong></span> <span class='ocrx_word' id='word_1_204' title='bbox 3393 1430 3509 1486; x_wconf 82' lang='lat' dir='ltr'><strong>per-</strong></span> 
     </span>
    </p>
   </div>
   <div class='ocr_carea' id='block_1_29' title="bbox 1930 1506 3503 1581">
    <p class='ocr_par' dir='ltr' id='par_1_29' title="bbox 1930 1506 3503 1581">
     <span class='ocr_line' id='line_1_29' title="bbox 1930 1506 3503 1581; baseline -0.004 -14"><span class='ocrx_word' id='word_1_205' title='bbox 1930 1515 2085 1577; x_wconf 87' lang='lat' dir='ltr'><strong>tinet,</strong></span> <span class='ocrx_word' id='word_1_206' title='bbox 2121 1512 2215 1566; x_wconf 85' lang='lat' dir='ltr'><strong>sed</strong></span> <span class='ocrx_word' id='word_1_207' title='bbox 2275 1510 2572 1581; x_wconf 73' lang='lat' dir='ltr'><strong>legitimum</strong></span> <span class='ocrx_word' id='word_1_208' title='bbox 2624 1509 3012 1578; x_wconf 87' lang='lat' dir='ltr'><strong>sempiternum</strong></span> <span class='ocrx_word' id='word_1_209' title='bbox 3065 1508 3120 1561; x_wconf 90' lang='lat' dir='ltr'><strong>iu</strong></span> <span class='ocrx_word' id='word_1_210' title='bbox 3174 1508 3385 1561; x_wconf 89' lang='lat' dir='ltr'><strong>cunctis</strong></span> <span class='ocrx_word' id='word_1_211' title='bbox 3413 1506 3503 1560; x_wconf 75' lang='lat' dir='ltr'><strong>ha-</strong></span> 
     </span>
    </p>
   </div>
   <div class='ocr_carea' id='block_1_30' title="bbox 1927 1594 3508 1671">
    <p class='ocr_par' dir='ltr' id='par_1_30' title="bbox 1927 1594 3508 1671">
     <span class='ocr_line' id='line_1_30' title="bbox 1927 1594 3508 1671; baseline -0.008 -12"><span class='ocrx_word' id='word_1_212' title='bbox 1927 1603 2178 1660; x_wconf 87' lang='lat' dir='ltr'><strong>bitaculis</strong></span> <span class='ocrx_word' id='word_1_213' title='bbox 2201 1610 2256 1657; x_wconf 90' lang='lat' dir='ltr'><strong>et</strong></span> <span class='ocrx_word' id='word_1_214' title='bbox 2284 1600 2734 1671; x_wconf 70' lang='lat' dir='ltr'><strong>generationibus</strong></span> <span class='ocrx_word' id='word_1_215' title='bbox 2787 1599 2989 1654; x_wconf 88' lang='lat' dir='ltr'><strong>nostris</strong></span> <span class='ocrx_word' id='word_1_216' title='bbox 3044 1610 3342 1660; x_wconf 82' lang='lat' dir='ltr'><strong>servemus,</strong></span> <span class='ocrx_word' id='word_1_217' title='bbox 3376 1594 3508 1649; x_wconf 80' lang='lat' dir='ltr'><strong>nihil</strong></span> 
     </span>
    </p>
   </div>
   <div class='ocr_carea' id='block_1_31' title="bbox 1928 1684 3507 1763">
    <p class='ocr_par' dir='ltr' id='par_1_31' title="bbox 1928 1684 3507 1763">
     <span class='ocr_line' id='line_1_31' title="bbox 1928 1684 3507 1763; baseline -0.008 -13"><span class='ocrx_word' id='word_1_218' title='bbox 1928 1694 2123 1750; x_wconf 84' lang='lat' dir='ltr'><strong>servile</strong></span> <span class='ocrx_word' id='word_1_219' title='bbox 2158 1692 2489 1763; x_wconf 86' lang='lat' dir='ltr'><strong>Operandum</strong></span> <span class='ocrx_word' id='word_1_220' title='bbox 2513 1691 2567 1745; x_wconf 92' lang='lat' dir='ltr'><strong>in</strong></span> <span class='ocrx_word' id='word_1_221' title='bbox 2593 1699 2834 1760; x_wconf 90' lang='lat' dir='ltr'><strong>tempore</strong></span> <span class='ocrx_word' id='word_1_222' title='bbox 2864 1704 2970 1759; x_wconf 91' lang='lat' dir='ltr'><strong>quo</strong></span> <span class='ocrx_word' id='word_1_223' title='bbox 2999 1689 3066 1743; x_wconf 91' lang='lat' dir='ltr'><strong>ad</strong></span> <span class='ocrx_word' id='word_1_224' title='bbox 3089 1702 3189 1743; x_wconf 89' lang='lat' dir='ltr'><strong>nos</strong></span> <span class='ocrx_word' id='word_1_225' title='bbox 3212 1687 3358 1749; x_wconf 84' lang='lat' dir='ltr'><strong>venit</strong></span> <span class='ocrx_word' id='word_1_226' title='bbox 3383 1684 3507 1754; x_wconf 81' lang='lat' dir='ltr'><strong>Spi-</strong></span> 
     </span>
    </p>
   </div>
   <div class='ocr_carea' id='block_1_32' title="bbox 1931 1777 3508 1854">
    <p class='ocr_par' dir='ltr' id='par_1_32' title="bbox 1931 1777 3508 1854">
     <span class='ocr_line' id='line_1_32' title="bbox 1931 1777 3508 1854; baseline -0.008 -13"><span class='ocrx_word' id='word_1_227' title='bbox 1931 1787 2085 1850; x_wconf 88' lang='lat' dir='ltr'><strong>ritus,</strong></span> <span class='ocrx_word' id='word_1_228' title='bbox 2115 1785 2241 1854; x_wconf 88' lang='lat' dir='ltr'><strong>quia</strong></span> <span class='ocrx_word' id='word_1_229' title='bbox 2271 1783 2359 1837; x_wconf 87' lang='lat' dir='ltr'><strong>ubi</strong></span> <span class='ocrx_word' id='word_1_230' title='bbox 2393 1782 2627 1852; x_wconf 87' lang='lat' dir='ltr'><strong>Spiritus</strong></span> <span class='ocrx_word' id='word_1_231' title='bbox 2642 1780 2880 1845; x_wconf 90' lang='lat' dir='ltr'><strong>Domini,</strong></span> <span class='ocrx_word' id='word_1_232' title='bbox 2907 1779 2979 1833; x_wconf 90' lang='lat' dir='ltr'><strong>ibi</strong></span> <span class='ocrx_word' id='word_1_233' title='bbox 3007 1778 3250 1843; x_wconf 86' lang='lat' dir='ltr'><strong>libertas,</strong></span> <span class='ocrx_word' id='word_1_234' title='bbox 3279 1777 3363 1832; x_wconf 88' lang='lat' dir='ltr'><strong>cui</strong></span> <span class='ocrx_word' id='word_1_235' title='bbox 3386 1792 3508 1831; x_wconf 89' lang='lat' dir='ltr'><strong>cum</strong></span> 
     </span>
    </p>
   </div>
   <div class='ocr_carea' id='block_1_33' title="bbox 241 1860 3514 1942">
    <p class='ocr_par' dir='ltr' id='par_1_33' title="bbox 241 1860 3514 1942">
     <span class='ocr_line' id='line_1_33' title="bbox 241 1860 3514 1942; baseline 0 -19"><span class='ocrx_word' id='word_1_236' title='bbox 241 1873 419 1924; x_wconf 78' lang='lat' dir='ltr'><strong>mittat</strong></span> <span class='ocrx_word' id='word_1_237' title='bbox 440 1873 707 1942; x_wconf 85' lang='lat' dir='ltr'><strong>operarios</strong></span> <span class='ocrx_word' id='word_1_238' title='bbox 738 1874 790 1925; x_wconf 89' lang='lat' dir='ltr'><strong>in</strong></span> <span class='ocrx_word' id='word_1_239' title='bbox 830 1889 1045 1926; x_wconf 82' lang='lat' dir='ltr'><strong>messem</strong></span> <span class='ocrx_word' id='word_1_240' title='bbox 1075 1889 1246 1926; x_wconf 83' lang='lat' dir='ltr'><strong>suam.</strong></span> <span class='ocrx_word' id='word_1_241' title='bbox 1282 1871 1609 1941; x_wconf 86' lang='lat' dir='ltr'><strong>Manipulum</strong></span> <span class='ocrx_word' id='word_1_242' title='bbox 1642 1881 1826 1926; x_wconf 90' lang='lat' dir='ltr'><strong>autem</strong></span> <span class='ocrx_word' id='word_1_243' title='bbox 1856 1860 1902 1919; x_wconf 81' lang='grc' dir='ltr'><strong>Β</strong></span> <span class='ocrx_word' id='word_1_244' title='bbox 1929 1875 2108 1939; x_wconf 85' lang='lat' dir='ltr'><strong>Patre,</strong></span> <span class='ocrx_word' id='word_1_245' title='bbox 2142 1882 2197 1929; x_wconf 92' lang='lat' dir='ltr'><strong>et</strong></span> <span class='ocrx_word' id='word_1_246' title='bbox 2223 1873 2359 1929; x_wconf 62' lang='lat' dir='ltr'><strong>Fitio</strong></span> <span class='ocrx_word' id='word_1_247' title='bbox 2386 1873 2525 1937; x_wconf 88' lang='lat' dir='ltr'><strong>laus,</strong></span> <span class='ocrx_word' id='word_1_248' title='bbox 2554 1872 2727 1927; x_wconf 89' lang='lat' dir='ltr'><strong>honor</strong></span> <span class='ocrx_word' id='word_1_249' title='bbox 2753 1881 2807 1925; x_wconf 85' lang='lat' dir='ltr'><strong>et</strong></span> <span class='ocrx_word' id='word_1_250' title='bbox 2834 1870 3001 1941; x_wconf 74' lang='lat' dir='ltr'><strong>gloria</strong></span> <span class='ocrx_word' id='word_1_251' title='bbox 3033 1877 3313 1940; x_wconf 84' lang='lat' dir='ltr'><strong>permanet</strong></span> <span class='ocrx_word' id='word_1_252' title='bbox 3332 1868 3388 1923; x_wconf 90' lang='lat' dir='ltr'><strong>in</strong></span> <span class='ocrx_word' id='word_1_253' title='bbox 3412 1881 3514 1924; x_wconf 51' lang='lat' dir='ltr'><strong>ste.</strong></span> 
     </span>
    </p>
   </div>
   <div class='ocr_carea' id='block_1_34' title="bbox 239 1961 1831 2033">
    <p class='ocr_par' dir='ltr' id='par_1_34' title="bbox 239 1961 1831 2033">
     <span class='ocr_line' id='line_1_34' title="bbox 239 1961 1831 2033; baseline 0.001 -19"><span class='ocrx_word' id='word_1_254' title='bbox 239 1962 605 2031; x_wconf 89' lang='lat' dir='ltr'><strong>primitiarum</strong></span> <span class='ocrx_word' id='word_1_255' title='bbox 638 1962 990 2033; x_wconf 85' lang='lat' dir='ltr'><strong>intelligibilis</strong></span> <span class='ocrx_word' id='word_1_256' title='bbox 1033 1962 1299 2017; x_wconf 78' lang='lat' dir='ltr'><strong>Sacerdos</strong></span> <span class='ocrx_word' id='word_1_257' title='bbox 1325 1961 1595 2025; x_wconf 87' lang='lat' dir='ltr'><strong>Christus,</strong></span> <span class='ocrx_word' id='word_1_258' title='bbox 1631 1977 1831 2030; x_wconf 90' lang='lat' dir='ltr'><strong>corpus</strong></span> 
     </span>
    </p>
   </div>
   <div class='ocr_carea' id='block_1_35' title="bbox 240 2051 1831 2123">
    <p class='ocr_par' dir='ltr' id='par_1_35' title="bbox 240 2051 1831 2123">
     <span class='ocr_line' id='line_1_35' title="bbox 240 2051 1831 2123; baseline -0.001 -17"><span class='ocrx_word' id='word_1_259' title='bbox 240 2052 520 2123; x_wconf 84' lang='lat' dir='ltr'><strong>proprium</strong></span> <span class='ocrx_word' id='word_1_260' title='bbox 549 2051 829 2108; x_wconf 80' lang='lat' dir='ltr'><strong>oll‘erehat.</strong></span> <span class='ocrx_word' id='word_1_261' title='bbox 866 2053 1000 2121; x_wconf 87' lang='lat' dir='ltr'><strong>Quia</strong></span> <span class='ocrx_word' id='word_1_262' title='bbox 1033 2054 1178 2108; x_wconf 90' lang='lat' dir='ltr'><strong>enim</strong></span> <span class='ocrx_word' id='word_1_263' title='bbox 1223 2052 1516 2123; x_wconf 88' lang='lat' dir='ltr'><strong>capitulum</strong></span> <span class='ocrx_word' id='word_1_264' title='bbox 1548 2053 1661 2107; x_wconf 85' lang='lat' dir='ltr'><strong>sive</strong></span> <span class='ocrx_word' id='word_1_265' title='bbox 1689 2067 1831 2107; x_wconf 90' lang='lat' dir='ltr'><strong>sum-</strong></span> 
     </span>
    </p>
   </div>
   <div class='ocr_carea' id='block_1_36' title="bbox 242 2142 1830 2214">
    <p class='ocr_par' dir='ltr' id='par_1_36' title="bbox 242 2142 1830 2214">
     <span class='ocr_line' id='line_1_36' title="bbox 242 2142 1830 2214; baseline 0.001 -18"><span class='ocrx_word' id='word_1_266' title='bbox 242 2159 333 2197; x_wconf 87' lang='lat' dir='ltr'><strong>ma</strong></span> <span class='ocrx_word' id='word_1_267' title='bbox 358 2145 569 2207; x_wconf 87' lang='lat' dir='ltr'><strong>messis,</strong></span> <span class='ocrx_word' id='word_1_268' title='bbox 594 2144 742 2198; x_wconf 87' lang='lat' dir='ltr'><strong>verbi</strong></span> <span class='ocrx_word' id='word_1_269' title='bbox 778 2145 1028 2201; x_wconf 82' lang='lat' dir='ltr'><strong>videlicet</strong></span> <span class='ocrx_word' id='word_1_270' title='bbox 1058 2145 1352 2200; x_wconf 87' lang='lat' dir='ltr'><strong>Salvatoris</strong></span> <span class='ocrx_word' id='word_1_271' title='bbox 1380 2155 1433 2200; x_wconf 89' lang='lat' dir='ltr'><strong>et</strong></span> <span class='ocrx_word' id='word_1_272' title='bbox 1459 2142 1652 2200; x_wconf 66' lang='lat' dir='ltr'><strong>divinas</strong></span> <span class='ocrx_word' id='word_1_273' title='bbox 1693 2156 1830 2214; x_wconf 69' lang='lat' dir='ltr'><strong>prte-</strong></span> 
     </span>
    </p>
   </div>
   <div class='ocr_carea' id='block_1_37' title="bbox 240 2233 1829 2301">
    <p class='ocr_par' dir='ltr' id='par_1_37' title="bbox 240 2233 1829 2301">
     <span class='ocr_line' id='line_1_37' title="bbox 240 2233 1829 2301; baseline 0.001 -14"><span class='ocrx_word' id='word_1_274' title='bbox 240 2233 533 2288; x_wconf 88' lang='lat' dir='ltr'><strong>dicationis</strong></span> <span class='ocrx_word' id='word_1_275' title='bbox 564 2245 901 2289; x_wconf 89' lang='lat' dir='ltr'><strong>mortuorum</strong></span> <span class='ocrx_word' id='word_1_276' title='bbox 928 2244 1049 2291; x_wconf 89' lang='lat' dir='ltr'><strong>erat</strong></span> <span class='ocrx_word' id='word_1_277' title='bbox 1078 2238 1427 2301; x_wconf 87' lang='lat' dir='ltr'><strong>resurrectio,</strong></span> <span class='ocrx_word' id='word_1_278' title='bbox 1456 2250 1621 2290; x_wconf 79' lang='lat' dir='ltr'><strong>verus</strong></span> <span class='ocrx_word' id='word_1_279' title='bbox 1660 2234 1829 2289; x_wconf 82' lang='lat' dir='ltr'><strong>mani—</strong></span> 
     </span>
    </p>
   </div>
   <div class='ocr_carea' id='block_1_38' title="bbox 242 2325 1832 2397">
    <p class='ocr_par' dir='ltr' id='par_1_38' title="bbox 242 2325 1832 2397">
     <span class='ocr_line' id='line_1_38' title="bbox 242 2325 1832 2397; baseline -0.001 -19"><span class='ocrx_word' id='word_1_280' title='bbox 242 2325 405 2395; x_wconf 82' lang='lat' dir='ltr'><strong>pulus</strong></span> <span class='ocrx_word' id='word_1_281' title='bbox 425 2335 479 2380; x_wconf 91' lang='lat' dir='ltr'><strong>et</strong></span> <span class='ocrx_word' id='word_1_282' title='bbox 510 2342 652 2380; x_wconf 65' lang='lat' dir='ltr'><strong>verre</strong></span> <span class='ocrx_word' id='word_1_283' title='bbox 676 2327 928 2397; x_wconf 76' lang='lat' dir='ltr'><strong>primitia:</strong></span> <span class='ocrx_word' id='word_1_284' title='bbox 966 2336 1164 2382; x_wconf 70' lang='lat' dir='ltr'><strong>nostra:</strong></span> <span class='ocrx_word' id='word_1_285' title='bbox 1191 2328 1383 2382; x_wconf 87' lang='lat' dir='ltr'><strong>messis</strong></span> <span class='ocrx_word' id='word_1_286' title='bbox 1415 2337 1541 2382; x_wconf 89' lang='lat' dir='ltr'><strong>tunc</strong></span> <span class='ocrx_word' id='word_1_287' title='bbox 1576 2325 1832 2395; x_wconf 80' lang='lat' dir='ltr'><strong>intelligi-</strong></span> 
     </span>
    </p>
   </div>
   <div class='ocr_carea' id='block_1_39' title="bbox 241 2414 1831 2487">
    <p class='ocr_par' dir='ltr' id='par_1_39' title="bbox 241 2414 1831 2487">
     <span class='ocr_line' id='line_1_39' title="bbox 241 2414 1831 2487; baseline 0 -18"><span class='ocrx_word' id='word_1_288' title='bbox 241 2416 371 2470; x_wconf 85' lang='lat' dir='ltr'><strong>bilis</strong></span> <span class='ocrx_word' id='word_1_289' title='bbox 398 2414 662 2471; x_wconf 81' lang='lat' dir='ltr'><strong>Sacerdos</strong></span> <span class='ocrx_word' id='word_1_290' title='bbox 722 2416 969 2471; x_wconf 84' lang='lat' dir='ltr'><strong>Christus</strong></span> <span class='ocrx_word' id='word_1_291' title='bbox 1001 2432 1195 2487; x_wconf 88' lang='lat' dir='ltr'><strong>corpus</strong></span> <span class='ocrx_word' id='word_1_292' title='bbox 1243 2419 1518 2487; x_wconf 88' lang='lat' dir='ltr'><strong>proprium</strong></span> <span class='ocrx_word' id='word_1_293' title='bbox 1549 2432 1579 2470; x_wconf 92' lang='lat' dir='ltr'><strong>a</strong></span> <span class='ocrx_word' id='word_1_294' title='bbox 1603 2416 1831 2470; x_wconf 87' lang='lat' dir='ltr'><strong>mortuis</strong></span> 
     </span>
    </p>
   </div>
   <div class='ocr_carea' id='block_1_40' title="bbox 240 2506 1830 2576">
    <p class='ocr_par' dir='ltr' id='par_1_40' title="bbox 240 2506 1830 2576">
     <span class='ocr_line' id='line_1_40' title="bbox 240 2506 1830 2576; baseline -0.002 -16"><span class='ocrx_word' id='word_1_295' title='bbox 240 2507 549 2560; x_wconf 85' lang='lat' dir='ltr'><strong>suscitavit.</strong></span> <span class='ocrx_word' id='word_1_296' title='bbox 610 2508 685 2561; x_wconf 88' lang='lat' dir='ltr'><strong>De</strong></span> <span class='ocrx_word' id='word_1_297' title='bbox 733 2522 838 2576; x_wconf 93' lang='lat' dir='ltr'><strong>quo</strong></span> <span class='ocrx_word' id='word_1_298' title='bbox 892 2506 1088 2561; x_wconf 81' lang='lat' dir='ltr'><strong>Paulus</strong></span> <span class='ocrx_word' id='word_1_299' title='bbox 1139 2507 1352 2561; x_wconf 88' lang='lat' dir='ltr'><strong>diccbat</strong></span> <span class='ocrx_word' id='word_1_300' title='bbox 1395 2525 1407 2560; x_wconf 71' lang='grc' dir='ltr'>ε</span> <span class='ocrx_word' id='word_1_301' title='bbox 1452 2506 1609 2559; x_wconf 87' lang='lat' dir='ltr'><strong>Nunc</strong></span> <span class='ocrx_word' id='word_1_302' title='bbox 1657 2515 1830 2559; x_wconf 86' lang='lat' dir='ltr'><strong>autem</strong></span> 
     </span>
    </p>
   </div>
   <div class='ocr_carea' id='block_1_41' title="bbox 240 2594 1825 2667">
    <p class='ocr_par' dir='ltr' id='par_1_41' title="bbox 240 2594 1825 2667">
     <span class='ocr_line' id='line_1_41' title="bbox 240 2594 1825 2667; baseline 0.002 -20"><span class='ocrx_word' id='word_1_303' title='bbox 240 2594 485 2650; x_wconf 74' lang='lat' dir='ltr'><strong>Christus</strong></span> <span class='ocrx_word' id='word_1_304' title='bbox 523 2596 803 2650; x_wconf 72' lang='lat' dir='ltr'><strong>resurrexit</strong></span> <span class='ocrx_word' id='word_1_305' title='bbox 828 2614 857 2649; x_wconf 90' lang='lat' dir='ltr'><strong>a</strong></span> <span class='ocrx_word' id='word_1_306' title='bbox 886 2598 1104 2650; x_wconf 88' lang='lat' dir='ltr'><strong>mortuis</strong></span> <span class='ocrx_word' id='word_1_307' title='bbox 1143 2598 1389 2667; x_wconf 67' lang='lat' dir='ltr'><strong>primitias</strong></span> <span class='ocrx_word' id='word_1_308' title='bbox 1428 2597 1825 2650; x_wconf 84' lang='lat' dir='ltr'><strong>dormientium.</strong></span> 
     </span>
    </p>
   </div>
   <div class='ocr_carea' id='block_1_42' title="bbox 242 2685 1829 2755">
    <p class='ocr_par' dir='ltr' id='par_1_42' title="bbox 242 2685 1829 2755">
     <span class='ocr_line' id='line_1_42' title="bbox 242 2685 1829 2755; baseline -0.001 -15"><span class='ocrx_word' id='word_1_309' title='bbox 242 2685 350 2740; x_wconf 84' lang='lat' dir='ltr'><strong>Sed</strong></span> <span class='ocrx_word' id='word_1_310' title='bbox 380 2686 596 2755; x_wconf 84' lang='lat' dir='ltr'><strong>quando</strong></span> <span class='ocrx_word' id='word_1_311' title='bbox 640 2687 740 2741; x_wconf 88' lang='lat' dir='ltr'><strong>hoc</strong></span> <span class='ocrx_word' id='word_1_312' title='bbox 771 2686 971 2742; x_wconf 78' lang='lat' dir='ltr'><strong>factum</strong></span> <span class='ocrx_word' id='word_1_313' title='bbox 1002 2689 1125 2741; x_wconf 87' lang='lat' dir='ltr'><strong>est?</strong></span> <span class='ocrx_word' id='word_1_314' title='bbox 1159 2688 1337 2743; x_wconf 82' lang='lat' dir='ltr'><strong>Altera</strong></span> <span class='ocrx_word' id='word_1_315' title='bbox 1364 2687 1451 2741; x_wconf 87' lang='lat' dir='ltr'><strong>die</strong></span> <span class='ocrx_word' id='word_1_316' title='bbox 1497 2687 1717 2740; x_wconf 86' lang='lat' dir='ltr'><strong>sabbati.</strong></span> <span class='ocrx_word' id='word_1_317' title='bbox 1760 2686 1829 2740; x_wconf 82' lang='lat' dir='ltr'><strong>Et</strong></span> 
     </span>
    </p>
   </div>
   <div class='ocr_carea' id='block_1_43' title="bbox 236 2775 1827 2848">
    <p class='ocr_par' dir='ltr' id='par_1_43' title="bbox 236 2775 1827 2848">
     <span class='ocr_line' id='line_1_43' title="bbox 236 2775 1827 2848; baseline 0 -17"><span class='ocrx_word' id='word_1_318' title='bbox 236 2775 589 2844; x_wconf 81' lang='lat' dir='ltr'><strong>sanctiﬁcabit</strong></span> <span class='ocrx_word' id='word_1_319' title='bbox 643 2776 791 2830; x_wconf 87' lang='lat' dir='ltr'><strong>illum</strong></span> <span class='ocrx_word' id='word_1_320' title='bbox 864 2778 1137 2845; x_wconf 76' lang='lat' dir='ltr'><strong>sacerdos,</strong></span> <span class='ocrx_word' id='word_1_321' title='bbox 1189 2794 1310 2833; x_wconf 83' lang='lat' dir='ltr'><strong>esse</strong></span> <span class='ocrx_word' id='word_1_322' title='bbox 1358 2786 1541 2833; x_wconf 84' lang='lat' dir='ltr'><strong>autem</strong></span> <span class='ocrx_word' id='word_1_323' title='bbox 1598 2778 1827 2848; x_wconf 80' lang='lat' dir='ltr'><strong>prirnum</strong></span> 
     </span>
    </p>
   </div>
   <div class='ocr_carea' id='block_1_44' title="bbox 242 2866 1831 2937">
    <p class='ocr_par' dir='ltr' id='par_1_44' title="bbox 242 2866 1831 2937">
     <span class='ocr_line' id='line_1_44' title="bbox 242 2866 1831 2937; baseline 0.002 -18"><span class='ocrx_word' id='word_1_324' title='bbox 242 2866 393 2921; x_wconf 90' lang='lat' dir='ltr'><strong>diem</strong></span> <span class='ocrx_word' id='word_1_325' title='bbox 423 2866 717 2922; x_wconf 75' lang='lat' dir='ltr'><strong>Dominicae</strong></span> <span class='ocrx_word' id='word_1_326' title='bbox 741 2868 1012 2937; x_wconf 87' lang='lat' dir='ltr'><strong>passionis</strong></span> <span class='ocrx_word' id='word_1_327' title='bbox 1039 2884 1101 2923; x_wconf 89' lang='lat' dir='ltr'><strong>ca</strong></span> <span class='ocrx_word' id='word_1_328' title='bbox 1129 2884 1249 2937; x_wconf 72' lang='lat' dir='ltr'><strong>qua:</strong></span> <span class='ocrx_word' id='word_1_329' title='bbox 1293 2877 1423 2922; x_wconf 86' lang='lat' dir='ltr'><strong>ante</strong></span> <span class='ocrx_word' id='word_1_330' title='bbox 1467 2868 1570 2922; x_wconf 87' lang='lat' dir='ltr'><strong>hoc</strong></span> <span class='ocrx_word' id='word_1_331' title='bbox 1597 2868 1831 2922; x_wconf 75' lang='lat' dir='ltr'><strong>diximus</strong></span> 
     </span>
    </p>
   </div>
   <div class='ocr_carea' id='block_1_45' title="bbox 238 2946 1831 3029">
    <p class='ocr_par' dir='ltr' id='par_1_45' title="bbox 238 2946 1831 3029">
     <span class='ocr_line' id='line_1_45' title="bbox 238 2946 1831 3029; baseline 0 -16"><span class='ocrx_word' id='word_1_332' title='bbox 238 2959 615 3023; x_wconf 88' lang='lat' dir='ltr'><strong>ostenderunt,</strong></span> <span class='ocrx_word' id='word_1_333' title='bbox 646 2959 698 3012; x_wconf 93' lang='lat' dir='ltr'><strong>in</strong></span> <span class='ocrx_word' id='word_1_334' title='bbox 732 2946 836 3029; x_wconf 64' lang='lat' dir='ltr'><strong>tina</strong></span> <span class='ocrx_word' id='word_1_335' title='bbox 863 2962 1121 3015; x_wconf 89' lang='lat' dir='ltr'><strong>Dominus</strong></span> <span class='ocrx_word' id='word_1_336' title='bbox 1142 2976 1297 3015; x_wconf 88' lang='lat' dir='ltr'><strong>suam</strong></span> <span class='ocrx_word' id='word_1_337' title='bbox 1324 2960 1557 3015; x_wconf 86' lang='lat' dir='ltr'><strong>hostiam</strong></span> <span class='ocrx_word' id='word_1_338' title='bbox 1586 2974 1691 3013; x_wconf 90' lang='lat' dir='ltr'><strong>non</strong></span> <span class='ocrx_word' id='word_1_339' title='bbox 1713 2960 1831 3014; x_wconf 87' lang='lat' dir='ltr'><strong>sine</strong></span> 
     </span>
    </p>
   </div>
   <div class='ocr_carea' id='block_1_46' title="bbox 242 3048 1831 3118">
    <p class='ocr_par' dir='ltr' id='par_1_46' title="bbox 242 3048 1831 3118">
     <span class='ocr_line' id='line_1_46' title="bbox 242 3048 1831 3118; baseline 0.001 -16"><span class='ocrx_word' id='word_1_340' title='bbox 242 3048 457 3102; x_wconf 83' lang='lat' dir='ltr'><strong>ratione</strong></span> <span class='ocrx_word' id='word_1_341' title='bbox 487 3048 836 3118; x_wconf 83' lang='lat' dir='ltr'><strong>dispensavit,</strong></span> <span class='ocrx_word' id='word_1_342' title='bbox 867 3050 934 3103; x_wconf 91' lang='lat' dir='ltr'><strong>ab</strong></span> <span class='ocrx_word' id='word_1_343' title='bbox 985 3049 1156 3103; x_wconf 85' lang='lat' dir='ltr'><strong>altero</strong></span> <span class='ocrx_word' id='word_1_344' title='bbox 1183 3049 1269 3103; x_wconf 89' lang='lat' dir='ltr'><strong>die</strong></span> <span class='ocrx_word' id='word_1_345' title='bbox 1297 3048 1501 3104; x_wconf 88' lang='lat' dir='ltr'><strong>sabbati</strong></span> <span class='ocrx_word' id='word_1_346' title='bbox 1554 3049 1831 3103; x_wconf 86' lang='lat' dir='ltr'><strong>numerari</strong></span> 
     </span>
    </p>
   </div>
   <div class='ocr_carea' id='block_1_47' title="bbox 241 3124 1830 3208">
    <p class='ocr_par' dir='ltr' id='par_1_47' title="bbox 241 3124 1830 3208">
     <span class='ocr_line' id='line_1_47' title="bbox 241 3124 1830 3208; baseline 0.003 -18"><span class='ocrx_word' id='word_1_347' title='bbox 241 3137 500 3205; x_wconf 77' lang='lat' dir='ltr'><strong>przecepit</strong></span> <span class='ocrx_word' id='word_1_348' title='bbox 539 3124 925 3208; x_wconf 79' lang='lat' dir='ltr'><strong>quinquaginta</strong></span> <span class='ocrx_word' id='word_1_349' title='bbox 956 3139 1093 3204; x_wconf 89' lang='lat' dir='ltr'><strong>dies,</strong></span> <span class='ocrx_word' id='word_1_350' title='bbox 1148 3139 1485 3194; x_wconf 89' lang='lat' dir='ltr'><strong>Dominicum</strong></span> <span class='ocrx_word' id='word_1_351' title='bbox 1529 3140 1670 3193; x_wconf 91' lang='lat' dir='ltr'><strong>diem</strong></span> <span class='ocrx_word' id='word_1_352' title='bbox 1706 3155 1830 3208; x_wconf 90' lang='lat' dir='ltr'><strong>pro-</strong></span> 
     </span>
    </p>
   </div>
   <div class='ocr_carea' id='block_1_48' title="bbox 240 3228 1827 3302">
    <p class='ocr_par' dir='ltr' id='par_1_48' title="bbox 240 3228 1827 3302">
     <span class='ocr_line' id='line_1_48' title="bbox 240 3228 1827 3302; baseline 0.003 -19"><span class='ocrx_word' id='word_1_353' title='bbox 240 3228 332 3283; x_wconf 91' lang='lat' dir='ltr'><strong>cul</strong></span> <span class='ocrx_word' id='word_1_354' title='bbox 370 3229 534 3285; x_wconf 89' lang='lat' dir='ltr'><strong>dubio</strong></span> <span class='ocrx_word' id='word_1_355' title='bbox 579 3230 766 3285; x_wconf 90' lang='lat' dir='ltr'><strong>volens</strong></span> <span class='ocrx_word' id='word_1_356' title='bbox 800 3231 1064 3302; x_wconf 79' lang='lat' dir='ltr'><strong>intelligi;</strong></span> <span class='ocrx_word' id='word_1_357' title='bbox 1101 3232 1188 3286; x_wconf 90' lang='lat' dir='ltr'><strong>hic</strong></span> <span class='ocrx_word' id='word_1_358' title='bbox 1213 3232 1357 3287; x_wconf 89' lang='lat' dir='ltr'><strong>enim</strong></span> <span class='ocrx_word' id='word_1_359' title='bbox 1408 3240 1490 3287; x_wconf 90' lang='lat' dir='ltr'><strong>est</strong></span> <span class='ocrx_word' id='word_1_360' title='bbox 1517 3232 1685 3286; x_wconf 86' lang='lat' dir='ltr'><strong>altera</strong></span> <span class='ocrx_word' id='word_1_361' title='bbox 1711 3232 1827 3287; x_wconf 89' lang='lat' dir='ltr'><strong>dies</strong></span> 
     </span>
    </p>
   </div>
   <div class='ocr_carea' id='block_1_49' title="bbox 242 3320 1829 3393">
    <p class='ocr_par' dir='ltr' id='par_1_49' title="bbox 242 3320 1829 3393">
     <span class='ocr_line' id='line_1_49' title="bbox 242 3320 1829 3393; baseline 0.001 -18"><span class='ocrx_word' id='word_1_362' title='bbox 242 3321 455 3385; x_wconf 78' lang='lat' dir='ltr'><strong>sabbati</strong></span> <span class='ocrx_word' id='word_1_363' title='bbox 486 3339 499 3374; x_wconf 91' lang='lat'><strong>:</strong></span> <span class='ocrx_word' id='word_1_364' title='bbox 530 3321 584 3381; x_wconf 90' lang='lat' dir='ltr'><strong>in</strong></span> <span class='ocrx_word' id='word_1_365' title='bbox 623 3320 727 3376; x_wconf 90' lang='lat' dir='ltr'><strong>hac</strong></span> <span class='ocrx_word' id='word_1_366' title='bbox 773 3322 918 3377; x_wconf 88' lang='lat' dir='ltr'><strong>enim</strong></span> <span class='ocrx_word' id='word_1_367' title='bbox 974 3324 1302 3378; x_wconf 86' lang='lat' dir='ltr'><strong>resurrectio</strong></span> <span class='ocrx_word' id='word_1_368' title='bbox 1351 3323 1495 3378; x_wconf 84' lang='lat' dir='ltr'><strong>facta</strong></span> <span class='ocrx_word' id='word_1_369' title='bbox 1541 3332 1643 3388; x_wconf 87' lang='lat' dir='ltr'><strong>est,</strong></span> <span class='ocrx_word' id='word_1_370' title='bbox 1672 3340 1699 3377; x_wconf 88' lang='lat' dir='ltr'><strong>a</strong></span> <span class='ocrx_word' id='word_1_371' title='bbox 1724 3339 1829 3393; x_wconf 89' lang='lat' dir='ltr'><strong>qua</strong></span> 
     </span>
    </p>
   </div>
   <div class='ocr_carea' id='block_1_50' title="bbox 240 3412 1828 3484">
    <p class='ocr_par' dir='ltr' id='par_1_50' title="bbox 240 3412 1828 3484">
     <span class='ocr_line' id='line_1_50' title="bbox 240 3412 1828 3484; baseline 0.003 -19"><span class='ocrx_word' id='word_1_372' title='bbox 240 3412 593 3467; x_wconf 76' lang='lat' dir='ltr'><strong>hebdomadte</strong></span> <span class='ocrx_word' id='word_1_373' title='bbox 622 3421 980 3467; x_wconf 84' lang='lat' dir='ltr'><strong>numerantur</strong></span> <span class='ocrx_word' id='word_1_374' title='bbox 1026 3422 1230 3483; x_wconf 89' lang='lat' dir='ltr'><strong>septem</strong></span> <span class='ocrx_word' id='word_1_375' title='bbox 1256 3429 1429 3484; x_wconf 90' lang='lat' dir='ltr'><strong>usque</strong></span> <span class='ocrx_word' id='word_1_376' title='bbox 1479 3414 1548 3469; x_wconf 90' lang='lat' dir='ltr'><strong>ad</strong></span> <span class='ocrx_word' id='word_1_377' title='bbox 1598 3415 1828 3469; x_wconf 87' lang='lat' dir='ltr'><strong>alteram</strong></span> 
     </span>
    </p>
   </div>
   <div class='ocr_carea' id='block_1_51' title="bbox 241 3499 1828 3574">
    <p class='ocr_par' dir='ltr' id='par_1_51' title="bbox 241 3499 1828 3574">
     <span class='ocr_line' id='line_1_51' title="bbox 241 3499 1828 3574; baseline 0.004 -21"><span class='ocrx_word' id='word_1_378' title='bbox 241 3499 387 3555; x_wconf 88' lang='lat' dir='ltr'><strong>diem</strong></span> <span class='ocrx_word' id='word_1_379' title='bbox 436 3501 757 3571; x_wconf 70' lang='lat' dir='ltr'><strong>exple’tionis</strong></span> <span class='ocrx_word' id='word_1_380' title='bbox 828 3502 1177 3559; x_wconf 65' lang='lat' dir='ltr'><strong>hebdomada:</strong></span> <span class='ocrx_word' id='word_1_381' title='bbox 1228 3505 1492 3574; x_wconf 69' lang='lat' dir='ltr'><strong>septimae,</strong></span> <span class='ocrx_word' id='word_1_382' title='bbox 1549 3506 1828 3560; x_wconf 89' lang='lat' dir='ltr'><strong>Dominica</strong></span> 
     </span>
    </p>
   </div>
   <div class='ocr_carea' id='block_1_52' title="bbox 242 3592 1828 3651">
    <p class='ocr_par' dir='ltr' id='par_1_52' title="bbox 242 3592 1828 3651">
     <span class='ocr_line' id='line_1_52' title="bbox 242 3592 1828 3651; baseline 0.002 -3"><span class='ocrx_word' id='word_1_383' title='bbox 242 3608 438 3648; x_wconf 83' lang='lat' dir='ltr'><strong>rursus</strong></span> <span class='ocrx_word' id='word_1_384' title='bbox 478 3592 564 3648; x_wconf 87' lang='lat' dir='ltr'><strong>die</strong></span> <span class='ocrx_word' id='word_1_385' title='bbox 616 3593 963 3651; x_wconf 87' lang='lat' dir='ltr'><strong>Pentecostes</strong></span> <span class='ocrx_word' id='word_1_386' title='bbox 1006 3594 1341 3650; x_wconf 87' lang='lat' dir='ltr'><strong>celebramus</strong></span> <span class='ocrx_word' id='word_1_387' title='bbox 1394 3595 1743 3651; x_wconf 81' lang='lat' dir='ltr'><strong>festivitatem</strong></span> <span class='ocrx_word' id='word_1_388' title='bbox 1775 3597 1828 3651; x_wconf 91' lang='lat' dir='ltr'><strong>in</strong></span> 
     </span>
    </p>
   </div>
   <div class='ocr_carea' id='block_1_53' title="bbox 241 3684 1481 3757">
    <p class='ocr_par' dir='ltr' id='par_1_53' title="bbox 241 3684 1481 3757">
     <span class='ocr_line' id='line_1_53' title="bbox 241 3684 1481 3757; baseline 0.002 -18"><span class='ocrx_word' id='word_1_389' title='bbox 241 3702 350 3757; x_wconf 84' lang='lat' dir='ltr'><strong>qua</strong></span> <span class='ocrx_word' id='word_1_390' title='bbox 380 3686 548 3740; x_wconf 88' lang='lat' dir='ltr'><strong>sancti</strong></span> <span class='ocrx_word' id='word_1_391' title='bbox 582 3684 817 3754; x_wconf 86' lang='lat' dir='ltr'><strong>Spiritus</strong></span> <span class='ocrx_word' id='word_1_392' title='bbox 842 3688 1130 3742; x_wconf 75' lang='lat' dir='ltr'><strong>adventum</strong></span> <span class='ocrx_word' id='word_1_393' title='bbox 1165 3688 1481 3743; x_wconf 89' lang='lat' dir='ltr'><strong>meruimus.</strong></span> 
     </span>
    </p>
   </div>
   <div class='ocr_carea' id='block_1_54' title="bbox 319 3774 1832 3846">
    <p class='ocr_par' dir='ltr' id='par_1_54' title="bbox 319 3774 1832 3846">
     <span class='ocr_line' id='line_1_54' title="bbox 319 3774 1832 3846; baseline 0.003 -16"><span class='ocrx_word' id='word_1_394' title='bbox 319 3776 387 3830; x_wconf 84' lang='lat' dir='ltr'><strong>Et</strong></span> <span class='ocrx_word' id='word_1_395' title='bbox 415 3778 491 3830; x_wconf 86' lang='lat' dir='ltr'><strong>sic</strong></span> <span class='ocrx_word' id='word_1_396' title='bbox 523 3776 751 3845; x_wconf 81' lang='lat' dir='ltr'><strong>o/feretis</strong></span> <span class='ocrx_word' id='word_1_397' title='bbox 791 3774 1112 3846; x_wconf 77' lang='lat' dir='ltr'><strong>sacriﬁcium</strong></span> <span class='ocrx_word' id='word_1_398' title='bbox 1156 3796 1342 3833; x_wconf 84' lang='lat' dir='ltr'><strong>novum</strong></span> <span class='ocrx_word' id='word_1_399' title='bbox 1377 3779 1599 3833; x_wconf 89' lang='lat' dir='ltr'><strong>Domino</strong></span> <span class='ocrx_word' id='word_1_400' title='bbox 1623 3796 1689 3834; x_wconf 80' lang='lat' dir='ltr'><strong>ea:</strong></span> <span class='ocrx_word' id='word_1_401' title='bbox 1724 3797 1832 3834; x_wconf 88' lang='lat' dir='ltr'><strong>om-</strong></span> 
     </span>
    </p>
   </div>
   <div class='ocr_carea' id='block_1_55' title="bbox 245 3868 1831 3939">
    <p class='ocr_par' dir='ltr' id='par_1_55' title="bbox 245 3868 1831 3939">
     <span class='ocr_line' id='line_1_55' title="bbox 245 3868 1831 3939; baseline 0 -16"><span class='ocrx_word' id='word_1_402' title='bbox 245 3868 403 3923; x_wconf 74' lang='lat' dir='ltr'><strong>nibus</strong></span> <span class='ocrx_word' id='word_1_403' title='bbox 442 3869 851 3924; x_wconf 74' lang='lat' dir='ltr'><strong>habitationibus</strong></span> <span class='ocrx_word' id='word_1_404' title='bbox 876 3870 1077 3933; x_wconf 77' lang='lat' dir='ltr'><strong>vestris,</strong></span> <span class='ocrx_word' id='word_1_405' title='bbox 1122 3885 1281 3937; x_wconf 79' lang='lat' dir='ltr'><strong>partes</strong></span> <span class='ocrx_word' id='word_1_406' title='bbox 1322 3869 1675 3939; x_wconf 83' lang='lat' dir='ltr'><strong>primitiarum</strong></span> <span class='ocrx_word' id='word_1_407' title='bbox 1699 3870 1831 3923; x_wconf 89' lang='lat' dir='ltr'><strong>duos</strong></span> 
     </span>
    </p>
   </div>
   <div class='ocr_carea' id='block_1_56' title="bbox 244 3959 1831 4029">
    <p class='ocr_par' dir='ltr' id='par_1_56' title="bbox 244 3959 1831 4029">
     <span class='ocr_line' id='line_1_56' title="bbox 244 3959 1831 4029; baseline -0.001 -14"><span class='ocrx_word' id='word_1_408' title='bbox 244 3976 314 4015; x_wconf 72' lang='lat' dir='ltr'><strong>ea:</strong></span> <span class='ocrx_word' id='word_1_409' title='bbox 337 3959 544 4014; x_wconf 81' lang='lat' dir='ltr'><strong>duabus</strong></span> <span class='ocrx_word' id='word_1_410' title='bbox 574 3960 789 4015; x_wconf 82' lang='lat' dir='ltr'><strong>decimis</strong></span> <span class='ocrx_word' id='word_1_411' title='bbox 835 3959 1023 4015; x_wconf 85' lang='lat' dir='ltr'><strong>simin</strong></span> <span class='ocrx_word' id='word_1_412' title='bbox 1068 3960 1414 4029; x_wconf 76' lang='lat' dir='ltr'><strong>fermentata&#39;,</strong></span> <span class='ocrx_word' id='word_1_413' title='bbox 1450 3976 1578 4029; x_wconf 85' lang='lat' dir='ltr'><strong>quos</strong></span> <span class='ocrx_word' id='word_1_414' title='bbox 1606 3961 1831 4029; x_wconf 86' lang='lat' dir='ltr'><strong>coquetis</strong></span> 
     </span>
    </p>
   </div>
   <div class='ocr_carea' id='block_1_57' title="bbox 240 4050 1830 4121">
    <p class='ocr_par' dir='ltr' id='par_1_57' title="bbox 240 4050 1830 4121">
     <span class='ocr_line' id='line_1_57' title="bbox 240 4050 1830 4121; baseline 0.003 -18"><span class='ocrx_word' id='word_1_415' title='bbox 240 4052 303 4105; x_wconf 85' lang='lat' dir='ltr'><strong>in</strong></span> <span class='ocrx_word' id='word_1_416' title='bbox 328 4052 592 4121; x_wconf 85' lang='lat' dir='ltr'><strong>primitias</strong></span> <span class='ocrx_word' id='word_1_417' title='bbox 634 4052 863 4107; x_wconf 83' lang='lat' dir='ltr'><strong>Domini.</strong></span> <span class='ocrx_word' id='word_1_418' title='bbox 905 4051 1105 4105; x_wconf 88' lang='lat' dir='ltr'><strong>Novum</strong></span> <span class='ocrx_word' id='word_1_419' title='bbox 1142 4050 1481 4119; x_wconf 82' lang='lat' dir='ltr'><strong>sacri/icium,</strong></span> <span class='ocrx_word' id='word_1_420' title='bbox 1514 4052 1722 4120; x_wconf 86' lang='lat' dir='ltr'><strong>dicens,</strong></span> <span class='ocrx_word' id='word_1_421' title='bbox 1754 4051 1830 4107; x_wconf 87' lang='lat' dir='ltr'><strong>le-</strong></span> 
     </span>
    </p>
   </div>
   <div class='ocr_carea' id='block_1_58' title="bbox 246 4142 1833 4213">
    <p class='ocr_par' dir='ltr' id='par_1_58' title="bbox 246 4142 1833 4213">
     <span class='ocr_line' id='line_1_58' title="bbox 246 4142 1833 4213; baseline -0.002 -14"><span class='ocrx_word' id='word_1_422' title='bbox 246 4143 333 4213; x_wconf 76' lang='lat' dir='ltr'><strong>gis</strong></span> <span class='ocrx_word' id='word_1_423' title='bbox 362 4144 628 4198; x_wconf 87' lang='lat' dir='ltr'><strong>sacriﬁcia</strong></span> <span class='ocrx_word' id='word_1_424' title='bbox 660 4152 843 4198; x_wconf 74' lang='lat' dir='ltr'><strong>Vetera</strong></span> <span class='ocrx_word' id='word_1_425' title='bbox 884 4142 1132 4198; x_wconf 83' lang='lat' dir='ltr'><strong>exclusit.</strong></span> <span class='ocrx_word' id='word_1_426' title='bbox 1162 4142 1481 4210; x_wconf 80' lang='lat' dir='ltr'><strong>Evangelica</strong></span> <span class='ocrx_word' id='word_1_427' title='bbox 1515 4151 1695 4196; x_wconf 89' lang='lat' dir='ltr'><strong>autem</strong></span> <span class='ocrx_word' id='word_1_428' title='bbox 1734 4157 1833 4211; x_wconf 90' lang='lat' dir='ltr'><strong>pro</strong></span> 
     </span>
    </p>
   </div>
   <div class='ocr_carea' id='block_1_59' title="bbox 247 4230 1869 4287">
    <p class='ocr_par' dir='ltr' id='par_1_59' title="bbox 247 4230 1869 4287">
     <span class='ocr_line' id='line_1_59' title="bbox 247 4230 1869 4287; baseline -0.001 0"><span class='ocrx_word' id='word_1_429' title='bbox 247 4232 360 4287; x_wconf 84' lang='lat' dir='ltr'><strong>illis</strong></span> <span class='ocrx_word' id='word_1_430' title='bbox 398 4233 715 4287; x_wconf 81' lang='lat' dir='ltr'><strong>introduxit.</strong></span> <span class='ocrx_word' id='word_1_431' title='bbox 750 4234 953 4287; x_wconf 88' lang='lat' dir='ltr'><strong>Deinde</strong></span> <span class='ocrx_word' id='word_1_432' title='bbox 982 4232 1184 4286; x_wconf 84' lang='lat' dir='ltr'><strong>addens</strong></span> <span class='ocrx_word' id='word_1_433' title='bbox 1211 4231 1276 4285; x_wconf 88' lang='lat' dir='ltr'><strong>de</strong></span> <span class='ocrx_word' id='word_1_434' title='bbox 1315 4230 1724 4284; x_wconf 87' lang='lat' dir='ltr'><strong>habitationibus</strong></span> <span class='ocrx_word' id='word_1_435' title='bbox 1751 4248 1834 4285; x_wconf 82' lang='lat' dir='ltr'><strong>ve-</strong></span> <span class='ocrx_word' id='word_1_436' title='bbox 1861 4266 1869 4276; x_wconf 75' lang='grc' dir='ltr'><em>ι</em></span> 
     </span>
    </p>
   </div>
   <div class='ocr_carea' id='block_1_60' title="bbox 246 4323 1834 4393">
    <p class='ocr_par' dir='ltr' id='par_1_60' title="bbox 246 4323 1834 4393">
     <span class='ocr_line' id='line_1_60' title="bbox 246 4323 1834 4393; baseline -0.001 -14"><span class='ocrx_word' id='word_1_437' title='bbox 246 4327 377 4379; x_wconf 80' lang='lat' dir='ltr'><strong>stris</strong></span> <span class='ocrx_word' id='word_1_438' title='bbox 403 4325 698 4380; x_wconf 76' lang='lat' dir='ltr'><strong>Ecclesium</strong></span> <span class='ocrx_word' id='word_1_439' title='bbox 727 4325 1073 4393; x_wconf 80' lang='lat' dir='ltr'><strong>signiﬁcavit,</strong></span> <span class='ocrx_word' id='word_1_440' title='bbox 1112 4332 1167 4377; x_wconf 91' lang='lat' dir='ltr'><strong>et</strong></span> <span class='ocrx_word' id='word_1_441' title='bbox 1195 4338 1362 4391; x_wconf 86' lang='lat' dir='ltr'><strong>panes</strong></span> <span class='ocrx_word' id='word_1_442' title='bbox 1397 4323 1611 4392; x_wconf 90' lang='lat' dir='ltr'><strong>quidem</strong></span> <span class='ocrx_word' id='word_1_443' title='bbox 1646 4324 1834 4393; x_wconf 88' lang='lat' dir='ltr'><strong>primi-</strong></span> 
     </span>
    </p>
   </div>
   <div class='ocr_carea' id='block_1_61' title="bbox 248 4400 1835 4483">
    <p class='ocr_par' dir='ltr' id='par_1_61' title="bbox 248 4400 1835 4483">
     <span class='ocr_line' id='line_1_61' title="bbox 248 4400 1835 4483; baseline -0.001 -14"><span class='ocrx_word' id='word_1_444' title='bbox 248 4415 447 4470; x_wconf 83' lang='lat' dir='ltr'><strong>tiarum</strong></span> <span class='ocrx_word' id='word_1_445' title='bbox 481 4416 633 4477; x_wconf 86' lang='lat' dir='ltr'><strong>duos,</strong></span> <span class='ocrx_word' id='word_1_446' title='bbox 662 4415 714 4467; x_wconf 85' lang='lat' dir='ltr'><strong>id</strong></span> <span class='ocrx_word' id='word_1_447' title='bbox 739 4423 843 4478; x_wconf 90' lang='lat' dir='ltr'><strong>est,</strong></span> <span class='ocrx_word' id='word_1_448' title='bbox 871 4414 1038 4483; x_wconf 84' lang='lat' dir='ltr'><strong>legem</strong></span> <span class='ocrx_word' id='word_1_449' title='bbox 1067 4421 1120 4468; x_wconf 89' lang='lat' dir='ltr'><strong>et</strong></span> <span class='ocrx_word' id='word_1_450' title='bbox 1145 4400 1512 4483; x_wconf 83' lang='lat' dir='ltr'><strong>Evangelium.</strong></span> <span class='ocrx_word' id='word_1_451' title='bbox 1543 4412 1681 4468; x_wconf 89' lang='lat' dir='ltr'><strong>Sunt</strong></span> <span class='ocrx_word' id='word_1_452' title='bbox 1706 4429 1835 4483; x_wconf 81' lang='lat' dir='ltr'><strong>ergo</strong></span> 
     </span>
    </p>
   </div>
   <div class='ocr_carea' id='block_1_62' title="bbox 246 4504 1831 4569">
    <p class='ocr_par' dir='ltr' id='par_1_62' title="bbox 246 4504 1831 4569">
     <span class='ocr_line' id='line_1_62' title="bbox 246 4504 1831 4569; baseline -0.001 -8"><span class='ocrx_word' id='word_1_453' title='bbox 246 4522 316 4561; x_wconf 85' lang='lat' dir='ltr'><strong>ex</strong></span> <span class='ocrx_word' id='word_1_454' title='bbox 367 4506 578 4560; x_wconf 87' lang='lat' dir='ltr'><strong>duabus</strong></span> <span class='ocrx_word' id='word_1_455' title='bbox 609 4506 831 4560; x_wconf 86' lang='lat' dir='ltr'><strong>decimis</strong></span> <span class='ocrx_word' id='word_1_456' title='bbox 862 4504 1052 4559; x_wconf 75' lang='lat' dir='ltr'><strong>simila:</strong></span> <span class='ocrx_word' id='word_1_457' title='bbox 1100 4504 1457 4569; x_wconf 74' lang='lat' dir='ltr'><strong>feriucntatce,</strong></span> <span class='ocrx_word' id='word_1_458' title='bbox 1483 4521 1548 4559; x_wconf 78' lang='lat' dir='ltr'><strong>ex</strong></span> <span class='ocrx_word' id='word_1_459' title='bbox 1581 4505 1831 4560; x_wconf 89' lang='lat' dir='ltr'><strong>doctrina</strong></span> 
     </span>
    </p>
   </div>
   <div class='ocr_carea' id='block_1_63' title="bbox 245 4596 1831 4669">
    <p class='ocr_par' dir='ltr' id='par_1_63' title="bbox 245 4596 1831 4669">
     <span class='ocr_line' id='line_1_63' title="bbox 245 4596 1831 4669; baseline -0.002 -17"><span class='ocrx_word' id='word_1_460' title='bbox 245 4615 370 4669; x_wconf 66' lang='lat' dir='ltr'><strong>qua:</strong></span> <span class='ocrx_word' id='word_1_461' title='bbox 399 4596 693 4668; x_wconf 85' lang='lat' dir='ltr'><strong>perfectam</strong></span> <span class='ocrx_word' id='word_1_462' title='bbox 718 4597 815 4651; x_wconf 86' lang='lat' dir='ltr'><strong>Dei</strong></span> <span class='ocrx_word' id='word_1_463' title='bbox 840 4597 1178 4651; x_wconf 84' lang='lat' dir='ltr'><strong>divinitatem</strong></span> <span class='ocrx_word' id='word_1_464' title='bbox 1228 4604 1281 4650; x_wconf 90' lang='lat' dir='ltr'><strong>et</strong></span> <span class='ocrx_word' id='word_1_465' title='bbox 1314 4596 1607 4665; x_wconf 79' lang='lat' dir='ltr'><strong>perfectam</strong></span> <span class='ocrx_word' id='word_1_466' title='bbox 1641 4598 1831 4651; x_wconf 86' lang='lat' dir='ltr'><strong>huma-</strong></span> 
     </span>
    </p>
   </div>
   <div class='ocr_carea' id='block_1_64' title="bbox 250 4686 1833 4755">
    <p class='ocr_par' dir='ltr' id='par_1_64' title="bbox 250 4686 1833 4755">
     <span class='ocr_line' id='line_1_64' title="bbox 250 4686 1833 4755; baseline -0.003 -10"><span class='ocrx_word' id='word_1_467' title='bbox 250 4691 479 4746; x_wconf 87' lang='lat' dir='ltr'><strong>nitatem</strong></span> <span class='ocrx_word' id='word_1_468' title='bbox 506 4689 825 4752; x_wconf 48' lang='lat' dir='ltr'><strong>tradit,«nec</strong></span> <span class='ocrx_word' id='word_1_469' title='bbox 855 4686 1012 4741; x_wconf 84' lang='lat' dir='ltr'><strong>aliter</strong></span> <span class='ocrx_word' id='word_1_470' title='bbox 1054 4687 1211 4755; x_wconf 90' lang='lat' dir='ltr'><strong>coqui</strong></span> <span class='ocrx_word' id='word_1_471' title='bbox 1263 4687 1365 4741; x_wconf 92' lang='lat' dir='ltr'><strong>nisi</strong></span> <span class='ocrx_word' id='word_1_472' title='bbox 1422 4702 1520 4755; x_wconf 84' lang='lat' dir='ltr'><strong>per</strong></span> <span class='ocrx_word' id='word_1_473' title='bbox 1549 4688 1705 4741; x_wconf 82' lang='lat' dir='ltr'><strong>talem</strong></span> <span class='ocrx_word' id='word_1_474' title='bbox 1734 4687 1833 4742; x_wconf 89' lang='lat' dir='ltr'><strong>do-</strong></span> 
     </span>
    </p>
   </div>
   <div class='ocr_carea' id='block_1_65' title="bbox 248 4777 1837 4849">
    <p class='ocr_par' dir='ltr' id='par_1_65' title="bbox 248 4777 1837 4849">
     <span class='ocr_line' id='line_1_65' title="bbox 248 4777 1837 4849; baseline -0.003 -12"><span class='ocrx_word' id='word_1_475' title='bbox 248 4782 487 4837; x_wconf 84' lang='lat' dir='ltr'><strong>ctrinam</strong></span> <span class='ocrx_word' id='word_1_476' title='bbox 534 4779 766 4849; x_wconf 87' lang='lat' dir='ltr'><strong>possint.</strong></span> <span class='ocrx_word' id='word_1_477' title='bbox 793 4777 909 4833; x_wconf 87' lang='lat' dir='ltr'><strong>Sed</strong></span> <span class='ocrx_word' id='word_1_478' title='bbox 959 4777 1209 4847; x_wconf 61' lang='lat' dir='ltr'><strong>primitiae</strong></span> <span class='ocrx_word' id='word_1_479' title='bbox 1259 4787 1380 4831; x_wconf 88' lang='lat' dir='ltr'><strong>sunt</strong></span> <span class='ocrx_word' id='word_1_480' title='bbox 1425 4777 1690 4832; x_wconf 89' lang='lat' dir='ltr'><strong>Domino:</strong></span> <span class='ocrx_word' id='word_1_481' title='bbox 1728 4778 1837 4845; x_wconf 83' lang='lat' dir='ltr'><strong>pri-</strong></span> 
     </span>
    </p>
   </div>
   <div class='ocr_carea' id='block_1_66' title="bbox 248 4867 1833 4937">
    <p class='ocr_par' dir='ltr' id='par_1_66' title="bbox 248 4867 1833 4937">
     <span class='ocr_line' id='line_1_66' title="bbox 248 4867 1833 4937; baseline -0.004 -11"><span class='ocrx_word' id='word_1_482' title='bbox 248 4886 403 4927; x_wconf 82' lang='lat' dir='ltr'><strong>mum</strong></span> <span class='ocrx_word' id='word_1_483' title='bbox 432 4870 577 4925; x_wconf 88' lang='lat' dir='ltr'><strong>enim</strong></span> <span class='ocrx_word' id='word_1_484' title='bbox 630 4868 887 4923; x_wconf 89' lang='lat' dir='ltr'><strong>Dominus</strong></span> <span class='ocrx_word' id='word_1_485' title='bbox 938 4882 1059 4921; x_wconf 87' lang='lat' dir='ltr'><strong>cum</strong></span> <span class='ocrx_word' id='word_1_486' title='bbox 1100 4867 1269 4937; x_wconf 76' lang='lat' dir='ltr'><strong>legem</strong></span> <span class='ocrx_word' id='word_1_487' title='bbox 1308 4867 1533 4936; x_wconf 78' lang='lat' dir='ltr'><strong>perfecit</strong></span> <span class='ocrx_word' id='word_1_488' title='bbox 1560 4874 1609 4921; x_wconf 92' lang='lat' dir='ltr'><strong>et</strong></span> <span class='ocrx_word' id='word_1_489' title='bbox 1658 4868 1833 4920; x_wconf 85' lang='lat' dir='ltr'><strong>Evan-</strong></span> 
     </span>
    </p>
   </div>
   <div class='ocr_carea' id='block_1_67' title="bbox 250 4958 1837 5032">
    <p class='ocr_par' dir='ltr' id='par_1_67' title="bbox 250 4958 1837 5032">
     <span class='ocr_line' id='line_1_67' title="bbox 250 4958 1837 5032; baseline -0.002 -18"><span class='ocrx_word' id='word_1_490' title='bbox 250 4961 452 5032; x_wconf 73' lang='lat' dir='ltr'><strong>gelium</strong></span> <span class='ocrx_word' id='word_1_491' title='bbox 490 4969 611 5031; x_wconf 88' lang='lat' dir='ltr'><strong>post</strong></span> <span class='ocrx_word' id='word_1_492' title='bbox 638 4960 740 5015; x_wconf 88' lang='lat' dir='ltr'><strong>hoc</strong></span> <span class='ocrx_word' id='word_1_493' title='bbox 770 4958 993 5013; x_wconf 86' lang='lat' dir='ltr'><strong>docuit:</strong></span> <span class='ocrx_word' id='word_1_494' title='bbox 1021 4958 1210 5012; x_wconf 77' lang='lat' dir='ltr'><strong>Audite</strong></span> <span class='ocrx_word' id='word_1_495' title='bbox 1236 4959 1359 5029; x_wconf 83' lang='lat' dir='ltr'><strong>quia</strong></span> <span class='ocrx_word' id='word_1_496' title='bbox 1394 4959 1592 5012; x_wconf 89' lang='lat' dir='ltr'><strong>dictum</strong></span> <span class='ocrx_word' id='word_1_497' title='bbox 1640 4968 1713 5012; x_wconf 88' lang='lat' dir='ltr'><strong>est</strong></span> <span class='ocrx_word' id='word_1_498' title='bbox 1743 4976 1837 5011; x_wconf 89' lang='lat' dir='ltr'><strong>an-</strong></span> 
     </span>
    </p>
   </div>
   <div class='ocr_carea' id='block_1_68' title="bbox 251 5050 1833 5122">
    <p class='ocr_par' dir='ltr' id='par_1_68' title="bbox 251 5050 1833 5122">
     <span class='ocr_line' id='line_1_68' title="bbox 251 5050 1833 5122; baseline -0.001 -16"><span class='ocrx_word' id='word_1_499' title='bbox 251 5054 434 5122; x_wconf 71' lang='lat' dir='ltr'><strong>tiquis,</strong></span> <span class='ocrx_word' id='word_1_500' title='bbox 467 5067 571 5104; x_wconf 89' lang='lat' dir='ltr'><strong>non</strong></span> <span class='ocrx_word' id='word_1_501' title='bbox 599 5050 820 5114; x_wconf 85' lang='lat' dir='ltr'><strong>occides,</strong></span> <span class='ocrx_word' id='word_1_502' title='bbox 852 5067 944 5120; x_wconf 88' lang='lat' dir='ltr'><strong>ego</strong></span> <span class='ocrx_word' id='word_1_503' title='bbox 998 5060 1170 5104; x_wconf 89' lang='lat' dir='ltr'><strong>autem</strong></span> <span class='ocrx_word' id='word_1_504' title='bbox 1208 5051 1323 5103; x_wconf 84' lang='lat' dir='ltr'><strong>dico</strong></span> <span class='ocrx_word' id='word_1_505' title='bbox 1354 5051 1513 5115; x_wconf 80' lang='lat' dir='ltr'><strong>vobis,</strong></span> <span class='ocrx_word' id='word_1_506' title='bbox 1546 5054 1714 5105; x_wconf 77' lang='lat' dir='ltr'><strong>omnis</strong></span> <span class='ocrx_word' id='word_1_507' title='bbox 1744 5054 1833 5122; x_wconf 87' lang='lat' dir='ltr'><strong>qui</strong></span> 
     </span>
    </p>
   </div>
   <div class='ocr_carea' id='block_1_69' title="bbox 253 5130 1834 5210">
    <p class='ocr_par' dir='ltr' id='par_1_69' title="bbox 253 5130 1834 5210">
     <span class='ocr_line' id='line_1_69' title="bbox 253 5130 1834 5210; baseline 0 -13"><span class='ocrx_word' id='word_1_508' title='bbox 253 5130 505 5197; x_wconf 82' lang='lat' dir='ltr'><strong>irascitur</strong></span> <span class='ocrx_word' id='word_1_509' title='bbox 527 5139 680 5208; x_wconf 89' lang='lat' dir='ltr'><strong>fratri</strong></span> <span class='ocrx_word' id='word_1_510' title='bbox 705 5156 801 5193; x_wconf 87' lang='lat' dir='ltr'><strong>suo</strong></span> <span class='ocrx_word' id='word_1_511' title='bbox 829 5139 939 5193; x_wconf 83' lang='lat' dir='ltr'><strong>sine</strong></span> <span class='ocrx_word' id='word_1_512' title='bbox 964 5155 1148 5203; x_wconf 80' lang='lat' dir='ltr'><strong>causa,</strong></span> <span class='ocrx_word' id='word_1_513' title='bbox 1172 5156 1288 5193; x_wconf 89' lang='lat' dir='ltr'><strong>reus</strong></span> <span class='ocrx_word' id='word_1_514' title='bbox 1317 5143 1412 5193; x_wconf 87' lang='lat' dir='ltr'><strong>erit</strong></span> <span class='ocrx_word' id='word_1_515' title='bbox 1438 5141 1666 5210; x_wconf 88' lang='lat' dir='ltr'><strong>judicio.</strong></span> <span class='ocrx_word' id='word_1_516' title='bbox 1691 5140 1834 5197; x_wconf 85' lang='lat' dir='ltr'><strong>Con-</strong></span> 
     </span>
    </p>
   </div>
   <div class='ocr_carea' id='block_1_70' title="bbox 250 5230 1836 5304">
    <p class='ocr_par' dir='ltr' id='par_1_70' title="bbox 250 5230 1836 5304">
     <span class='ocr_line' id='line_1_70' title="bbox 250 5230 1836 5304; baseline 0.003 -18"><span class='ocrx_word' id='word_1_517' title='bbox 250 5230 434 5302; x_wconf 70' lang='lat' dir='ltr'><strong>junxit</strong></span> <span class='ocrx_word' id='word_1_518' title='bbox 460 5232 615 5290; x_wconf 78' lang='lat' dir='ltr'><strong>enim</strong></span> <span class='ocrx_word' id='word_1_519' title='bbox 664 5230 756 5285; x_wconf 87' lang='lat' dir='ltr'><strong>hic</strong></span> <span class='ocrx_word' id='word_1_520' title='bbox 780 5231 947 5302; x_wconf 77' lang='lat' dir='ltr'><strong>legem</strong></span> <span class='ocrx_word' id='word_1_521' title='bbox 979 5230 1266 5303; x_wconf 82' lang='lat' dir='ltr'><strong>Evangelio</strong></span> <span class='ocrx_word' id='word_1_522' title='bbox 1300 5242 1520 5303; x_wconf 89' lang='lat' dir='ltr'><strong>propter</strong></span> <span class='ocrx_word' id='word_1_523' title='bbox 1548 5236 1690 5304; x_wconf 84' lang='lat' dir='ltr'><strong>quod</strong></span> <span class='ocrx_word' id='word_1_524' title='bbox 1721 5235 1836 5303; x_wconf 86' lang='lat' dir='ltr'><strong>ejus</strong></span> 
     </span>
    </p>
   </div>
   <div class='ocr_carea' id='block_1_71' title="bbox 256 5322 805 5395">
    <p class='ocr_par' dir='ltr' id='par_1_71' title="bbox 256 5322 805 5395">
     <span class='ocr_line' id='line_1_71' title="bbox 256 5322 805 5395; baseline -0.009 -18"><span class='ocrx_word' id='word_1_525' title='bbox 256 5323 508 5395; x_wconf 59' lang='lat' dir='ltr'><strong>primitias</strong></span> <span class='ocrx_word' id='word_1_526' title='bbox 532 5322 805 5376; x_wconf 90' lang='lat' dir='ltr'><strong>dicuntur.</strong></span> 
     </span>
    </p>
   </div>
   <div class='ocr_carea' id='block_1_72' title="bbox 329 5411 1841 5485">
    <p class='ocr_par' dir='ltr' id='par_1_72' title="bbox 329 5411 1841 5485">
     <span class='ocr_line' id='line_1_72' title="bbox 329 5411 1841 5485; baseline 0.001 -17"><span class='ocrx_word' id='word_1_527' title='bbox 329 5412 400 5469; x_wconf 82' lang='lat' dir='ltr'><strong>Et</strong></span> <span class='ocrx_word' id='word_1_528' title='bbox 424 5413 671 5468; x_wconf 82' lang='lat' dir='ltr'><strong>uocabitis</strong></span> <span class='ocrx_word' id='word_1_529' title='bbox 694 5413 831 5466; x_wconf 86' lang='lat' dir='ltr'><strong>hunc</strong></span> <span class='ocrx_word' id='word_1_530' title='bbox 860 5411 997 5465; x_wconf 88' lang='lat' dir='ltr'><strong>diem</strong></span> <span class='ocrx_word' id='word_1_531' title='bbox 1027 5413 1413 5467; x_wconf 85' lang='lat' dir='ltr'><strong>celeberrimum</strong></span> <span class='ocrx_word' id='word_1_532' title='bbox 1444 5424 1599 5485; x_wconf 86' lang='lat' dir='ltr'><strong>atque</strong></span> <span class='ocrx_word' id='word_1_533' title='bbox 1621 5416 1841 5470; x_wconf 86' lang='lat' dir='ltr'><strong>sanctis-</strong></span> 
     </span>
    </p>
   </div>
   <div class='ocr_carea' id='block_1_73' title="bbox 256 5502 1833 5577">
    <p class='ocr_par' dir='ltr' id='par_1_73' title="bbox 256 5502 1833 5577">
     <span class='ocr_line' id='line_1_73' title="bbox 256 5502 1833 5577; baseline 0.001 -19"><span class='ocrx_word' id='word_1_534' title='bbox 256 5502 485 5559; x_wconf 68' lang='lat' dir='ltr'><strong>simum:</strong></span> <span class='ocrx_word' id='word_1_535' title='bbox 525 5519 680 5557; x_wconf 87' lang='lat' dir='ltr'><strong>omne</strong></span> <span class='ocrx_word' id='word_1_536' title='bbox 724 5519 853 5572; x_wconf 86' lang='lat' dir='ltr'><strong>opus</strong></span> <span class='ocrx_word' id='word_1_537' title='bbox 892 5502 1074 5556; x_wconf 87' lang='lat' dir='ltr'><strong>servile</strong></span> <span class='ocrx_word' id='word_1_538' title='bbox 1101 5520 1202 5557; x_wconf 84' lang='lat' dir='ltr'><strong>non</strong></span> <span class='ocrx_word' id='word_1_539' title='bbox 1236 5504 1435 5572; x_wconf 79' lang='lat' dir='ltr'><strong>facietis</strong></span> <span class='ocrx_word' id='word_1_540' title='bbox 1481 5506 1534 5558; x_wconf 89' lang='lat' dir='ltr'><strong>in</strong></span> <span class='ocrx_word' id='word_1_541' title='bbox 1564 5523 1642 5559; x_wconf 90' lang='lat' dir='ltr'><strong>eo.</strong></span> <span class='ocrx_word' id='word_1_542' title='bbox 1684 5505 1833 5577; x_wconf 89' lang='lat' dir='ltr'><strong>Legi-</strong></span> 
     </span>
    </p>
   </div>
   <div class='ocr_carea' id='block_1_74' title="bbox 258 5591 1837 5661">
    <p class='ocr_par' dir='ltr' id='par_1_74' title="bbox 258 5591 1837 5661">
     <span class='ocr_line' id='line_1_74' title="bbox 258 5591 1837 5661; baseline 0 -14"><span class='ocrx_word' id='word_1_543' title='bbox 258 5593 440 5647; x_wconf 81' lang='lat' dir='ltr'><strong>timum</strong></span> <span class='ocrx_word' id='word_1_544' title='bbox 466 5594 837 5661; x_wconf 86' lang='lat' dir='ltr'><strong>sempiternum</strong></span> <span class='ocrx_word' id='word_1_545' title='bbox 868 5592 965 5645; x_wconf 85' lang='lat' dir='ltr'><strong>erit</strong></span> <span class='ocrx_word' id='word_1_546' title='bbox 1005 5591 1060 5643; x_wconf 89' lang='lat' dir='ltr'><strong>in</strong></span> <span class='ocrx_word' id='word_1_547' title='bbox 1117 5592 1313 5644; x_wconf 83' lang='lat' dir='ltr'><strong>cunctis</strong></span> <span class='ocrx_word' id='word_1_548' title='bbox 1358 5592 1672 5647; x_wconf 77' lang='lat' dir='ltr'><strong>habitaculis</strong></span> <span class='ocrx_word' id='word_1_549' title='bbox 1707 5604 1755 5647; x_wconf 85' lang='lat' dir='ltr'><strong>et</strong></span> <span class='ocrx_word' id='word_1_550' title='bbox 1784 5595 1837 5647; x_wconf 87' lang='lat' dir='ltr'><strong>in</strong></span> 
     </span>
    </p>
   </div>
   <div class='ocr_carea' id='block_1_75' title="bbox 257 5680 1836 5753">
    <p class='ocr_par' dir='ltr' id='par_1_75' title="bbox 257 5680 1836 5753">
     <span class='ocr_line' id='line_1_75' title="bbox 257 5680 1836 5753; baseline 0.001 -17"><span class='ocrx_word' id='word_1_551' title='bbox 257 5682 678 5753; x_wconf 75' lang='lat' dir='ltr'><strong>generationibus</strong></span> <span class='ocrx_word' id='word_1_552' title='bbox 728 5682 925 5734; x_wconf 83' lang='lat' dir='ltr'><strong>vestris.</strong></span> <span class='ocrx_word' id='word_1_553' title='bbox 984 5680 1122 5748; x_wconf 85' lang='lat' dir='ltr'><strong>Quid</strong></span> <span class='ocrx_word' id='word_1_554' title='bbox 1172 5696 1299 5751; x_wconf 81' lang='lat' dir='ltr'><strong>ergo</strong></span> <span class='ocrx_word' id='word_1_555' title='bbox 1326 5681 1377 5735; x_wconf 92' lang='lat' dir='ltr'><strong>in</strong></span> <span class='ocrx_word' id='word_1_556' title='bbox 1406 5697 1469 5735; x_wconf 89' lang='lat' dir='ltr'><strong>ea</strong></span> <span class='ocrx_word' id='word_1_557' title='bbox 1510 5683 1755 5750; x_wconf 84' lang='lat' dir='ltr'><strong>estquod</strong></span> <span class='ocrx_word' id='word_1_558' title='bbox 1784 5684 1836 5737; x_wconf 92' lang='lat' dir='ltr'><strong>in</strong></span> 
     </span>
    </p>
   </div>
   <div class='ocr_carea' id='block_1_76' title="bbox 256 5772 1831 5845">
    <p class='ocr_par' dir='ltr' id='par_1_76' title="bbox 256 5772 1831 5845">
     <span class='ocr_line' id='line_1_76' title="bbox 256 5772 1831 5845; baseline -0.003 -12"><span class='ocrx_word' id='word_1_559' title='bbox 256 5775 337 5833; x_wconf 76' lang='lat' dir='ltr'><strong>liis</strong></span> <span class='ocrx_word' id='word_1_560' title='bbox 358 5775 574 5833; x_wconf 80' lang='lat' dir='ltr'><strong>excellit</strong></span> <span class='ocrx_word' id='word_1_561' title='bbox 600 5789 614 5826; x_wconf 91' lang='lat'><strong>:</strong></span> <span class='ocrx_word' id='word_1_562' title='bbox 676 5788 801 5828; x_wconf 84' lang='lat' dir='ltr'><strong>cccc</strong></span> <span class='ocrx_word' id='word_1_563' title='bbox 838 5772 981 5827; x_wconf 89' lang='lat' dir='ltr'><strong>enim</strong></span> <span class='ocrx_word' id='word_1_564' title='bbox 1012 5780 1065 5827; x_wconf 88' lang='lat' dir='ltr'><strong>et</strong></span> <span class='ocrx_word' id='word_1_565' title='bbox 1104 5772 1237 5828; x_wconf 85' lang='lat' dir='ltr'><strong>alios</strong></span> <span class='ocrx_word' id='word_1_566' title='bbox 1265 5773 1376 5829; x_wconf 86' lang='lat' dir='ltr'><strong>dies</strong></span> <span class='ocrx_word' id='word_1_567' title='bbox 1405 5781 1623 5831; x_wconf 84' lang='lat' dir='ltr'><strong>sanctos</strong></span> <span class='ocrx_word' id='word_1_568' title='bbox 1650 5776 1831 5845; x_wconf 77' lang='lat' dir='ltr'><strong>appel-</strong></span> 
     </span>
    </p>
   </div>
   <div class='ocr_carea' id='block_1_77' title="bbox 1931 1963 2643 2021">
    <p class='ocr_par' dir='ltr' id='par_1_77' title="bbox 1931 1963 2643 2021">
     <span class='ocr_line' id='line_1_77' title="bbox 1931 1963 2643 2021; baseline -0.008 0"><span class='ocrx_word' id='word_1_569' title='bbox 1931 1966 2050 2021; x_wconf 90' lang='lat' dir='ltr'><strong>cula</strong></span> <span class='ocrx_word' id='word_1_570' title='bbox 2077 1965 2417 2021; x_wconf 63' lang='lat' dir='ltr'><strong>saeculorum.</strong></span> <span class='ocrx_word' id='word_1_571' title='bbox 2451 1963 2643 2017; x_wconf 86' lang='lat' dir='ltr'><strong>Amen.</strong></span> 
     </span>
    </p>
   </div>
   <div class='ocr_carea' id='block_1_78' title="bbox 2493 2051 2920 2109">
    <p class='ocr_par' dir='ltr' id='par_1_78' title="bbox 2493 2051 2920 2109">
     <span class='ocr_line' id='line_1_78' title="bbox 2493 2051 2920 2109; baseline -0.005 0"><span class='ocrx_word' id='word_1_572' title='bbox 2493 2052 2776 2109; x_wconf 80' lang='lat' dir='ltr'><strong>HOMlLlA</strong></span> <span class='ocrx_word' id='word_1_573' title='bbox 2809 2051 2920 2107; x_wconf 78' lang='lat' dir='ltr'><strong>XC.</strong></span> 
     </span>
    </p>
   </div>
   <div class='ocr_carea' id='block_1_79' title="bbox 2475 2158 2947 2202">
    <p class='ocr_par' dir='ltr' id='par_1_79' title="bbox 2475 2158 2947 2202">
     <span class='ocr_line' id='line_1_79' title="bbox 2475 2158 2947 2202; baseline -0.008 -2"><span class='ocrx_word' id='word_1_574' title='bbox 2475 2162 2527 2200; x_wconf 66' lang='lat' dir='ltr'><strong>IN</strong></span> <span class='ocrx_word' id='word_1_575' title='bbox 2553 2160 2729 2202; x_wconf 66' lang='grc' dir='ltr'><strong>Εοοεὶι</strong></span> <span class='ocrx_word' id='word_1_576' title='bbox 2760 2158 2947 2199; x_wconf 64' lang='grc' dir='ltr'><strong>πετο.</strong></span> 
     </span>
    </p>
   </div>
   <div class='ocr_carea' id='block_1_80' title="bbox 2319 2234 3109 2293">
    <p class='ocr_par' dir='ltr' id='par_1_80' title="bbox 2319 2234 3109 2293">
     <span class='ocr_line' id='line_1_80' title="bbox 2319 2234 3109 2293; baseline -0.009 0"><span class='ocrx_word' id='word_1_577' title='bbox 2319 2238 2503 2293; x_wconf 83' lang='lat' dir='ltr'><strong>Lectio</strong></span> <span class='ocrx_word' id='word_1_578' title='bbox 2534 2237 2654 2291; x_wconf 87' lang='lat' dir='ltr'><strong>lihri</strong></span> <span class='ocrx_word' id='word_1_579' title='bbox 2684 2234 3109 2290; x_wconf 88' lang='lat' dir='ltr'><strong>Deutcronomii.</strong></span> 
     </span>
    </p>
   </div>
   <div class='ocr_carea' id='block_1_81' title="bbox 2002 2322 3513 2397">
    <p class='ocr_par' dir='ltr' id='par_1_81' title="bbox 2002 2322 3513 2397">
     <span class='ocr_line' id='line_1_81' title="bbox 2002 2322 3513 2397; baseline -0.005 -12"><span class='ocrx_word' id='word_1_580' title='bbox 2002 2330 2068 2385; x_wconf 81' lang='lat' dir='ltr'><strong>In</strong></span> <span class='ocrx_word' id='word_1_581' title='bbox 2110 2330 2290 2383; x_wconf 87' lang='lat' dir='ltr'><strong>diebus</strong></span> <span class='ocrx_word' id='word_1_582' title='bbox 2328 2328 2435 2381; x_wconf 80' lang='lat' dir='ltr'><strong>illis</strong></span> <span class='ocrx_word' id='word_1_583' title='bbox 2471 2328 2630 2381; x_wconf 78' lang='lat' dir='ltr'><strong>dixit‘</strong></span> <span class='ocrx_word' id='word_1_584' title='bbox 2655 2325 2863 2397; x_wconf 81' lang='lat' dir='ltr'><strong>Moyses</strong></span> <span class='ocrx_word' id='word_1_585' title='bbox 2891 2339 2906 2377; x_wconf 92' lang='lat'><strong><em>:</em></strong></span> <span class='ocrx_word' id='word_1_586' title='bbox 2934 2324 3094 2388; x_wconf 86' lang='lat' dir='ltr'><strong>Audi,</strong></span> <span class='ocrx_word' id='word_1_587' title='bbox 3151 2322 3344 2389; x_wconf 84' lang='lat' dir='ltr'><strong>Israel,</strong></span> <span class='ocrx_word' id='word_1_588' title='bbox 3396 2339 3513 2394; x_wconf 75' lang='lat' dir='ltr'><strong>quas</strong></span> 
     </span>
    </p>
   </div>
   <div class='ocr_carea' id='block_1_82' title="bbox 1930 2415 3512 2491">
    <p class='ocr_par' dir='ltr' id='par_1_82' title="bbox 1930 2415 3512 2491">
     <span class='ocr_line' id='line_1_82' title="bbox 1930 2415 3512 2491; baseline -0.005 -16"><span class='ocrx_word' id='word_1_589' title='bbox 1930 2438 2022 2491; x_wconf 87' lang='lat' dir='ltr'><strong>ego</strong></span> <span class='ocrx_word' id='word_1_590' title='bbox 2066 2418 2310 2490; x_wconf 68' lang='lat' dir='ltr'><strong>principio</strong></span> <span class='ocrx_word' id='word_1_591' title='bbox 2362 2418 2456 2471; x_wconf 89' lang='lat' dir='ltr'><strong>tibi</strong></span> <span class='ocrx_word' id='word_1_592' title='bbox 2496 2418 2690 2481; x_wconf 88' lang='lat' dir='ltr'><strong>hodie;</strong></span> <span class='ocrx_word' id='word_1_593' title='bbox 2750 2433 2867 2470; x_wconf 88' lang='lat' dir='ltr'><strong>cum</strong></span> <span class='ocrx_word' id='word_1_594' title='bbox 2912 2415 3186 2469; x_wconf 73' lang='lat' dir='ltr'><strong>intraveris</strong></span> <span class='ocrx_word' id='word_1_595' title='bbox 3224 2415 3280 2469; x_wconf 89' lang='lat' dir='ltr'><strong>in</strong></span> <span class='ocrx_word' id='word_1_596' title='bbox 3316 2423 3512 2467; x_wconf 84' lang='lat' dir='ltr'><strong>terram</strong></span> 
     </span>
    </p>
   </div>
   <div class='ocr_carea' id='block_1_83' title="bbox 1930 2506 3514 2583">
    <p class='ocr_par' dir='ltr' id='par_1_83' title="bbox 1930 2506 3514 2583">
     <span class='ocr_line' id='line_1_83' title="bbox 1930 2506 3514 2583; baseline -0.005 -17"><span class='ocrx_word' id='word_1_597' title='bbox 1930 2530 2088 2583; x_wconf 84' lang='lat' dir='ltr'><strong>quam</strong></span> <span class='ocrx_word' id='word_1_598' title='bbox 2132 2511 2391 2566; x_wconf 83' lang='lat' dir='ltr'><strong>Dominus</strong></span> <span class='ocrx_word' id='word_1_599' title='bbox 2438 2509 2579 2564; x_wconf 86' lang='lat' dir='ltr'><strong>Deus</strong></span> <span class='ocrx_word' id='word_1_600' title='bbox 2625 2519 2746 2563; x_wconf 86' lang='lat' dir='ltr'><strong>tuus</strong></span> <span class='ocrx_word' id='word_1_601' title='bbox 2778 2509 2873 2562; x_wconf 86' lang='lat' dir='ltr'><strong>tibi</strong></span> <span class='ocrx_word' id='word_1_602' title='bbox 2898 2509 3120 2562; x_wconf 88' lang='lat' dir='ltr'><strong>daturus</strong></span> <span class='ocrx_word' id='word_1_603' title='bbox 3146 2518 3221 2565; x_wconf 86' lang='lat' dir='ltr'><strong>est</strong></span> <span class='ocrx_word' id='word_1_604' title='bbox 3247 2506 3514 2577; x_wconf 72' lang='lat' dir='ltr'><strong>possiden-</strong></span> 
     </span>
    </p>
   </div>
   <div class='ocr_carea' id='block_1_84' title="bbox 1932 2596 3514 2670">
    <p class='ocr_par' dir='ltr' id='par_1_84' title="bbox 1932 2596 3514 2670">
     <span class='ocr_line' id='line_1_84' title="bbox 1932 2596 3514 2670; baseline -0.004 -15"><span class='ocrx_word' id='word_1_605' title='bbox 1932 2603 2072 2663; x_wconf 86' lang='lat' dir='ltr'><strong>dam,</strong></span> <span class='ocrx_word' id='word_1_606' title='bbox 2101 2612 2148 2655; x_wconf 84' lang='lat' dir='ltr'><strong>et</strong></span> <span class='ocrx_word' id='word_1_607' title='bbox 2175 2601 2455 2655; x_wconf 80' lang='lat' dir='ltr'><strong>obtinueris</strong></span> <span class='ocrx_word' id='word_1_608' title='bbox 2482 2617 2595 2654; x_wconf 86' lang='lat' dir='ltr'><strong>eam</strong></span> <span class='ocrx_word' id='word_1_609' title='bbox 2645 2609 2798 2670; x_wconf 88' lang='lat' dir='ltr'><strong>atque</strong></span> <span class='ocrx_word' id='word_1_610' title='bbox 2825 2598 3137 2653; x_wconf 87' lang='lat' dir='ltr'><strong>habitaveris</strong></span> <span class='ocrx_word' id='word_1_611' title='bbox 3164 2598 3217 2651; x_wconf 88' lang='lat' dir='ltr'><strong>in</strong></span> <span class='ocrx_word' id='word_1_612' title='bbox 3244 2596 3336 2651; x_wconf 89' lang='lat' dir='ltr'><strong>illa</strong></span> <span class='ocrx_word' id='word_1_613' title='bbox 3363 2611 3380 2648; x_wconf 90' lang='lat'><strong><em>:</em></strong></span> <span class='ocrx_word' id='word_1_614' title='bbox 3410 2596 3514 2650; x_wconf 86' lang='lat' dir='ltr'><strong>tol-</strong></span> 
     </span>
    </p>
   </div>
   <div class='ocr_carea' id='block_1_85' title="bbox 1931 2690 3507 2763">
    <p class='ocr_par' dir='ltr' id='par_1_85' title="bbox 1931 2690 3507 2763">
     <span class='ocr_line' id='line_1_85' title="bbox 1931 2690 3507 2763; baseline -0.004 -16"><span class='ocrx_word' id='word_1_615' title='bbox 1931 2695 2003 2747; x_wconf 86' lang='lat' dir='ltr'><strong>lcs</strong></span> <span class='ocrx_word' id='word_1_616' title='bbox 2024 2695 2088 2747; x_wconf 82' lang='lat' dir='ltr'><strong>de</strong></span> <span class='ocrx_word' id='word_1_617' title='bbox 2110 2694 2310 2747; x_wconf 85' lang='lat' dir='ltr'><strong>cunctis</strong></span> <span class='ocrx_word' id='word_1_618' title='bbox 2355 2691 2591 2763; x_wconf 85' lang='lat' dir='ltr'><strong>frugibus</strong></span> <span class='ocrx_word' id='word_1_619' title='bbox 2615 2694 2718 2745; x_wconf 88' lang='lat' dir='ltr'><strong>tuis</strong></span> <span class='ocrx_word' id='word_1_620' title='bbox 2761 2692 3021 2761; x_wconf 84' lang='lat' dir='ltr'><strong>primitias</strong></span> <span class='ocrx_word' id='word_1_621' title='bbox 3044 2702 3092 2743; x_wconf 89' lang='lat' dir='ltr'><strong>et</strong></span> <span class='ocrx_word' id='word_1_622' title='bbox 3118 2707 3275 2760; x_wconf 86' lang='lat' dir='ltr'><strong>pones</strong></span> <span class='ocrx_word' id='word_1_623' title='bbox 3299 2690 3352 2742; x_wconf 88' lang='lat' dir='ltr'><strong>in</strong></span> <span class='ocrx_word' id='word_1_624' title='bbox 3383 2706 3507 2742; x_wconf 85' lang='lat' dir='ltr'><strong>car-</strong></span> 
     </span>
    </p>
   </div>
   <div class='ocr_carea' id='block_1_86' title="bbox 1932 2778 3513 2854">
    <p class='ocr_par' dir='ltr' id='par_1_86' title="bbox 1932 2778 3513 2854">
     <span class='ocr_line' id='line_1_86' title="bbox 1932 2778 3513 2854; baseline -0.003 -17"><span class='ocrx_word' id='word_1_625' title='bbox 1932 2784 2078 2850; x_wconf 89' lang='lat' dir='ltr'><strong>tallo,</strong></span> <span class='ocrx_word' id='word_1_626' title='bbox 2119 2800 2398 2854; x_wconf 83' lang='lat' dir='ltr'><strong>pergesque</strong></span> <span class='ocrx_word' id='word_1_627' title='bbox 2426 2784 2495 2836; x_wconf 89' lang='lat' dir='ltr'><strong>ad</strong></span> <span class='ocrx_word' id='word_1_628' title='bbox 2538 2782 2708 2835; x_wconf 89' lang='lat' dir='ltr'><strong>locum</strong></span> <span class='ocrx_word' id='word_1_629' title='bbox 2742 2798 2893 2851; x_wconf 85' lang='lat' dir='ltr'><strong>quem</strong></span> <span class='ocrx_word' id='word_1_630' title='bbox 2938 2780 3195 2834; x_wconf 87' lang='lat' dir='ltr'><strong>Dominus</strong></span> <span class='ocrx_word' id='word_1_631' title='bbox 3224 2778 3365 2833; x_wconf 86' lang='lat' dir='ltr'><strong>Deus</strong></span> <span class='ocrx_word' id='word_1_632' title='bbox 3392 2788 3513 2833; x_wconf 85' lang='lat' dir='ltr'><strong>tuus</strong></span> 
     </span>
    </p>
   </div>
   <div class='ocr_carea' id='block_1_87' title="bbox 1932 2871 3124 2963">
    <p class='ocr_par' dir='ltr' id='par_1_87' title="bbox 1932 2871 3124 2963">
     <span class='ocr_line' id='line_1_87' title="bbox 1932 2871 3124 2963; baseline -0.003 -35"><span class='ocrx_word' id='word_1_633' title='bbox 1932 2874 2141 2944; x_wconf 84' lang='lat' dir='ltr'><strong>elegerit</strong></span> <span class='ocrx_word' id='word_1_634' title='bbox 2173 2884 2227 2927; x_wconf 87' lang='lat' dir='ltr'><strong>ut</strong></span> <span class='ocrx_word' id='word_1_635' title='bbox 2266 2874 2334 2926; x_wconf 87' lang='lat' dir='ltr'><strong>ibi</strong></span> <span class='ocrx_word' id='word_1_636' title='bbox 2359 2874 2625 2927; x_wconf 86' lang='lat' dir='ltr'><strong>invocetur</strong></span> <span class='ocrx_word' id='word_1_637' title='bbox 2650 2888 2835 2963; x_wconf 72' lang='lat' dir='ltr'><strong>nomen</strong></span> <span class='ocrx_word' id='word_1_638' title='bbox 2856 2871 2989 2939; x_wconf 81' lang='lat' dir='ltr'><strong>eius,</strong></span> <span class='ocrx_word' id='word_1_639' title='bbox 3018 2880 3124 2926; x_wconf 79' lang='lat' dir='ltr'><strong>etc.</strong></span> 
     </span>
    </p>
   </div>
   <div class='ocr_carea' id='block_1_88' title="bbox 2002 2962 3515 3033">
    <p class='ocr_par' dir='ltr' id='par_1_88' title="bbox 2002 2962 3515 3033">
     <span class='ocr_line' id='line_1_88' title="bbox 2002 2962 3515 3033; baseline 0 -15"><span class='ocrx_word' id='word_1_640' title='bbox 2002 2965 2111 3019; x_wconf 88' lang='lat' dir='ltr'><strong>Per</strong></span> <span class='ocrx_word' id='word_1_641' title='bbox 2149 2966 2264 3019; x_wconf 63' lang='lat' dir='ltr'><strong>haec</strong></span> <span class='ocrx_word' id='word_1_642' title='bbox 2320 2965 2481 3017; x_wconf 87' lang='lat' dir='ltr'><strong>verba</strong></span> <span class='ocrx_word' id='word_1_643' title='bbox 2537 2964 2731 3033; x_wconf 73' lang='lat' dir='ltr'><strong>quibus</strong></span> <span class='ocrx_word' id='word_1_644' title='bbox 2791 2962 3199 3017; x_wconf 86' lang='lat' dir='ltr'><strong>instruebantur</strong></span> <span class='ocrx_word' id='word_1_645' title='bbox 3257 2962 3515 3018; x_wconf 80' lang='lat' dir='ltr'><strong>lsraelitte</strong></span> 
     </span>
    </p>
   </div>
   <div class='ocr_carea' id='block_1_89' title="bbox 1935 3051 3516 3124">
    <p class='ocr_par' dir='ltr' id='par_1_89' title="bbox 1935 3051 3516 3124">
     <span class='ocr_line' id='line_1_89' title="bbox 1935 3051 3516 3124; baseline -0.001 -17"><span class='ocrx_word' id='word_1_646' title='bbox 1935 3054 2202 3124; x_wconf 86' lang='lat' dir='ltr'><strong>quomodo</strong></span> <span class='ocrx_word' id='word_1_647' title='bbox 2249 3053 2302 3107; x_wconf 92' lang='lat' dir='ltr'><strong>in</strong></span> <span class='ocrx_word' id='word_1_648' title='bbox 2358 3062 2501 3106; x_wconf 87' lang='lat' dir='ltr'><strong>terra</strong></span> <span class='ocrx_word' id='word_1_649' title='bbox 2555 3052 2910 3121; x_wconf 85' lang='lat' dir='ltr'><strong>possessionis</strong></span> <span class='ocrx_word' id='word_1_650' title='bbox 2954 3066 3067 3105; x_wconf 62' lang='lat' dir='ltr'><strong>suae</strong></span> <span class='ocrx_word' id='word_1_651' title='bbox 3115 3052 3384 3120; x_wconf 87' lang='lat' dir='ltr'><strong>primitias</strong></span> <span class='ocrx_word' id='word_1_652' title='bbox 3415 3051 3516 3105; x_wconf 79' lang='lat' dir='ltr'><strong>Do-</strong></span> 
     </span>
    </p>
   </div>
   <div class='ocr_carea' id='block_1_90' title="bbox 1935 3142 3514 3213">
    <p class='ocr_par' dir='ltr' id='par_1_90' title="bbox 1935 3142 3514 3213">
     <span class='ocr_line' id='line_1_90' title="bbox 1935 3142 3514 3213; baseline -0.003 -14"><span class='ocrx_word' id='word_1_653' title='bbox 1935 3145 2080 3200; x_wconf 91' lang='lat' dir='ltr'><strong>mino</strong></span> <span class='ocrx_word' id='word_1_654' title='bbox 2104 3144 2357 3198; x_wconf 68' lang='lat' dir='ltr'><strong>offerrent</strong></span> <span class='ocrx_word' id='word_1_655' title='bbox 2385 3145 2437 3197; x_wconf 90' lang='lat' dir='ltr'><strong>iu</strong></span> <span class='ocrx_word' id='word_1_656' title='bbox 2484 3144 2708 3197; x_wconf 88' lang='lat' dir='ltr'><strong>cartallo</strong></span> <span class='ocrx_word' id='word_1_657' title='bbox 2750 3158 2848 3212; x_wconf 86' lang='lat' dir='ltr'><strong>per</strong></span> <span class='ocrx_word' id='word_1_658' title='bbox 2892 3142 3189 3213; x_wconf 78' lang='lat' dir='ltr'><strong>gratiarum</strong></span> <span class='ocrx_word' id='word_1_659' title='bbox 3226 3142 3514 3205; x_wconf 88' lang='lat' dir='ltr'><strong>actionem,</strong></span> 
     </span>
    </p>
   </div>
   <div class='ocr_carea' id='block_1_91' title="bbox 1933 3233 3520 3306">
    <p class='ocr_par' dir='ltr' id='par_1_91' title="bbox 1933 3233 3520 3306">
     <span class='ocr_line' id='line_1_91' title="bbox 1933 3233 3520 3306; baseline -0.001 -14"><span class='ocrx_word' id='word_1_660' title='bbox 1933 3252 1999 3292; x_wconf 86' lang='lat' dir='ltr'><strong>eo</strong></span> <span class='ocrx_word' id='word_1_661' title='bbox 2024 3237 2166 3306; x_wconf 91' lang='lat' dir='ltr'><strong>quod</strong></span> <span class='ocrx_word' id='word_1_662' title='bbox 2196 3236 2367 3306; x_wconf 89' lang='lat' dir='ltr'><strong>erepti</strong></span> <span class='ocrx_word' id='word_1_663' title='bbox 2410 3244 2537 3289; x_wconf 90' lang='lat' dir='ltr'><strong>sunt</strong></span> <span class='ocrx_word' id='word_1_664' title='bbox 2565 3235 2631 3290; x_wconf 92' lang='lat' dir='ltr'><strong>de</strong></span> <span class='ocrx_word' id='word_1_665' title='bbox 2679 3233 2914 3306; x_wconf 64' lang='lat' dir='ltr'><strong>Egypto</strong></span> <span class='ocrx_word' id='word_1_666' title='bbox 2941 3275 2956 3299; x_wconf 95' lang='lat'><strong>,</strong></span> <span class='ocrx_word' id='word_1_667' title='bbox 2987 3234 3320 3290; x_wconf 90' lang='lat' dir='ltr'><strong>instituimur</strong></span> <span class='ocrx_word' id='word_1_668' title='bbox 3343 3243 3397 3289; x_wconf 91' lang='lat' dir='ltr'><strong>et</strong></span> <span class='ocrx_word' id='word_1_669' title='bbox 3421 3250 3520 3291; x_wconf 87' lang='lat' dir='ltr'><strong>nos</strong></span> 
     </span>
    </p>
   </div>
   <div class='ocr_carea' id='block_1_92' title="bbox 1931 3325 3520 3397">
    <p class='ocr_par' dir='ltr' id='par_1_92' title="bbox 1931 3325 3520 3397">
     <span class='ocr_line' id='line_1_92' title="bbox 1931 3325 3520 3397; baseline 0 -17"><span class='ocrx_word' id='word_1_670' title='bbox 1931 3337 1989 3380; x_wconf 90' lang='lat' dir='ltr'><strong>ut</strong></span> <span class='ocrx_word' id='word_1_671' title='bbox 2020 3328 2284 3381; x_wconf 88' lang='lat' dir='ltr'><strong>intrantes</strong></span> <span class='ocrx_word' id='word_1_672' title='bbox 2321 3341 2417 3397; x_wconf 88' lang='lat' dir='ltr'><strong>per</strong></span> <span class='ocrx_word' id='word_1_673' title='bbox 2447 3326 2782 3395; x_wconf 86' lang='lat' dir='ltr'><strong>spiritualem</strong></span> <span class='ocrx_word' id='word_1_674' title='bbox 2812 3325 3129 3389; x_wconf 85' lang='lat' dir='ltr'><strong>Jordanem,</strong></span> <span class='ocrx_word' id='word_1_675' title='bbox 3164 3326 3265 3380; x_wconf 87' lang='lat' dir='ltr'><strong>hoc</strong></span> <span class='ocrx_word' id='word_1_676' title='bbox 3292 3334 3395 3390; x_wconf 91' lang='lat' dir='ltr'><strong>est,</strong></span> <span class='ocrx_word' id='word_1_677' title='bbox 3421 3341 3520 3396; x_wconf 90' lang='lat' dir='ltr'><strong>per</strong></span> 
     </span>
    </p>
   </div>
   <div class='ocr_carea' id='block_1_93' title="bbox 1931 3414 3516 3486">
    <p class='ocr_par' dir='ltr' id='par_1_93' title="bbox 1931 3414 3516 3486">
     <span class='ocr_line' id='line_1_93' title="bbox 1931 3414 3516 3486; baseline -0.001 -15"><span class='ocrx_word' id='word_1_678' title='bbox 1931 3417 2257 3486; x_wconf 84' lang='lat' dir='ltr'><strong>baptismum</strong></span> <span class='ocrx_word' id='word_1_679' title='bbox 2309 3424 2363 3470; x_wconf 90' lang='lat' dir='ltr'><strong>et</strong></span> <span class='ocrx_word' id='word_1_680' title='bbox 2416 3415 2575 3470; x_wconf 79' lang='lat' dir='ltr'><strong>ﬁdem</strong></span> <span class='ocrx_word' id='word_1_681' title='bbox 2632 3424 2835 3471; x_wconf 67' lang='lat' dir='ltr'><strong>sancta:</strong></span> <span class='ocrx_word' id='word_1_682' title='bbox 2889 3414 3172 3483; x_wconf 85' lang='lat' dir='ltr'><strong>Trinitatis</strong></span> <span class='ocrx_word' id='word_1_683' title='bbox 3224 3415 3277 3469; x_wconf 91' lang='lat' dir='ltr'><strong>in</strong></span> <span class='ocrx_word' id='word_1_684' title='bbox 3311 3423 3516 3471; x_wconf 85' lang='lat' dir='ltr'><strong>terram</strong></span> 
     </span>
    </p>
   </div>
   <div class='ocr_carea' id='block_1_94' title="bbox 1932 3506 3510 3578">
    <p class='ocr_par' dir='ltr' id='par_1_94' title="bbox 1932 3506 3510 3578">
     <span class='ocr_line' id='line_1_94' title="bbox 1932 3506 3510 3578; baseline 0.001 -16"><span class='ocrx_word' id='word_1_685' title='bbox 1932 3509 2184 3563; x_wconf 74' lang='lat' dir='ltr'><strong>Ecclesiae</strong></span> <span class='ocrx_word' id='word_1_686' title='bbox 2207 3521 2472 3578; x_wconf 87' lang='lat' dir='ltr'><strong>ponamus</strong></span> <span class='ocrx_word' id='word_1_687' title='bbox 2506 3508 2559 3561; x_wconf 90' lang='lat' dir='ltr'><strong>in</strong></span> <span class='ocrx_word' id='word_1_688' title='bbox 2607 3506 2829 3562; x_wconf 87' lang='lat' dir='ltr'><strong>cartallo</strong></span> <span class='ocrx_word' id='word_1_689' title='bbox 2854 3507 3281 3563; x_wconf 71' lang='lat' dir='ltr'><strong>conversationis</strong></span> <span class='ocrx_word' id='word_1_690' title='bbox 3310 3516 3510 3564; x_wconf 76' lang='lat' dir='ltr'><strong>nostra:</strong></span> 
     </span>
    </p>
   </div>
   <div class='ocr_carea' id='block_1_95' title="bbox 1930 3594 3519 3667">
    <p class='ocr_par' dir='ltr' id='par_1_95' title="bbox 1930 3594 3519 3667">
     <span class='ocr_line' id='line_1_95' title="bbox 1930 3594 3519 3667; baseline 0 -16"><span class='ocrx_word' id='word_1_691' title='bbox 1930 3597 2200 3667; x_wconf 88' lang='lat' dir='ltr'><strong>primitias</strong></span> <span class='ocrx_word' id='word_1_692' title='bbox 2228 3598 2492 3651; x_wconf 91' lang='lat' dir='ltr'><strong>honorum</strong></span> <span class='ocrx_word' id='word_1_693' title='bbox 2520 3611 2766 3666; x_wconf 86' lang='lat' dir='ltr'><strong>operum,</strong></span> <span class='ocrx_word' id='word_1_694' title='bbox 2796 3604 2851 3651; x_wconf 89' lang='lat' dir='ltr'><strong>et</strong></span> <span class='ocrx_word' id='word_1_695' title='bbox 2888 3594 3194 3650; x_wconf 80' lang='lat' dir='ltr'><strong>deferamus</strong></span> <span class='ocrx_word' id='word_1_696' title='bbox 3225 3596 3335 3650; x_wconf 86' lang='lat' dir='ltr'><strong>Deo</strong></span> <span class='ocrx_word' id='word_1_697' title='bbox 3363 3597 3416 3651; x_wconf 91' lang='lat' dir='ltr'><strong>in</strong></span> <span class='ocrx_word' id='word_1_698' title='bbox 3440 3597 3519 3651; x_wconf 87' lang='lat' dir='ltr'><strong>al-</strong></span> 
     </span>
    </p>
   </div>
   <div class='ocr_carea' id='block_1_96' title="bbox 1933 3685 3521 3757">
    <p class='ocr_par' dir='ltr' id='par_1_96' title="bbox 1933 3685 3521 3757">
     <span class='ocr_line' id='line_1_96' title="bbox 1933 3685 3521 3757; baseline 0 -16"><span class='ocrx_word' id='word_1_699' title='bbox 1933 3697 2048 3742; x_wconf 87' lang='lat' dir='ltr'><strong>tare</strong></span> <span class='ocrx_word' id='word_1_700' title='bbox 2072 3686 2196 3742; x_wconf 90' lang='lat' dir='ltr'><strong>ﬁdei</strong></span> <span class='ocrx_word' id='word_1_701' title='bbox 2228 3685 2528 3751; x_wconf 70' lang='lat' dir='ltr'><strong>catholicae,</strong></span> <span class='ocrx_word' id='word_1_702' title='bbox 2561 3696 2829 3756; x_wconf 90' lang='lat' dir='ltr'><strong>quatenus</strong></span> <span class='ocrx_word' id='word_1_703' title='bbox 2859 3702 2921 3742; x_wconf 91' lang='lat' dir='ltr'><strong>ea</strong></span> <span class='ocrx_word' id='word_1_704' title='bbox 2952 3687 3023 3740; x_wconf 76' lang='lat' dir='ltr'><strong>ibi</strong></span> <span class='ocrx_word' id='word_1_705' title='bbox 3052 3688 3307 3757; x_wconf 84' lang='lat' dir='ltr'><strong>suscipiat</strong></span> <span class='ocrx_word' id='word_1_706' title='bbox 3337 3703 3521 3743; x_wconf 86' lang='lat' dir='ltr'><strong>sacer-</strong></span> 
     </span>
    </p>
   </div>
   <div class='ocr_carea' id='block_1_97' title="bbox 1931 3775 3516 3845">
    <p class='ocr_par' dir='ltr' id='par_1_97' title="bbox 1931 3775 3516 3845">
     <span class='ocr_line' id='line_1_97' title="bbox 1931 3775 3516 3845; baseline 0.001 -14"><span class='ocrx_word' id='word_1_707' title='bbox 1931 3776 2029 3831; x_wconf 92' lang='lat' dir='ltr'><strong>dos</strong></span> <span class='ocrx_word' id='word_1_708' title='bbox 2053 3786 2258 3841; x_wconf 87' lang='lat' dir='ltr'><strong>noster,</strong></span> <span class='ocrx_word' id='word_1_709' title='bbox 2289 3775 2380 3831; x_wconf 87' lang='lat' dir='ltr'><strong>ille</strong></span> <span class='ocrx_word' id='word_1_710' title='bbox 2414 3775 2599 3845; x_wconf 89' lang='lat' dir='ltr'><strong>utique</strong></span> <span class='ocrx_word' id='word_1_711' title='bbox 2649 3776 2740 3844; x_wconf 89' lang='lat' dir='ltr'><strong>qui</strong></span> <span class='ocrx_word' id='word_1_712' title='bbox 2768 3775 3060 3829; x_wconf 83' lang='lat' dir='ltr'><strong>secundum</strong></span> <span class='ocrx_word' id='word_1_713' title='bbox 3088 3776 3332 3831; x_wconf 89' lang='lat' dir='ltr'><strong>ordinem</strong></span> <span class='ocrx_word' id='word_1_714' title='bbox 3388 3776 3516 3832; x_wconf 84' lang='lat' dir='ltr'><strong>Mel-</strong></span> 
     </span>
    </p>
   </div>
   <div class='ocr_carea' id='block_1_98' title="bbox 1932 3854 3520 3939">
    <p class='ocr_par' dir='ltr' id='par_1_98' title="bbox 1932 3854 3520 3939">
     <span class='ocr_line' id='line_1_98' title="bbox 1932 3854 3520 3939; baseline 0.001 -16"><span class='ocrx_word' id='word_1_715' title='bbox 1932 3870 2217 3924; x_wconf 87' lang='lat' dir='ltr'><strong>chisedech</strong></span> <span class='ocrx_word' id='word_1_716' title='bbox 2267 3884 2296 3921; x_wconf 90' lang='lat' dir='ltr'><strong>a</strong></span> <span class='ocrx_word' id='word_1_717' title='bbox 2330 3867 2440 3921; x_wconf 88' lang='lat' dir='ltr'><strong>Deo</strong></span> <span class='ocrx_word' id='word_1_718' title='bbox 2478 3867 2655 3922; x_wconf 82' lang='lat' dir='ltr'><strong>factus</strong></span> <span class='ocrx_word' id='word_1_719' title='bbox 2694 3876 2776 3922; x_wconf 90' lang='lat' dir='ltr'><strong>est</strong></span> <span class='ocrx_word' id='word_1_720' title='bbox 2825 3866 2981 3921; x_wconf 90' lang='lat' dir='ltr'><strong>nobis</strong></span> <span class='ocrx_word' id='word_1_721' title='bbox 3031 3866 3293 3937; x_wconf 81' lang='lat' dir='ltr'><strong>pontifex,</strong></span> <span class='ocrx_word' id='word_1_722' title='bbox 3337 3854 3520 3939; x_wconf 85' lang='lat' dir='ltr'><strong>ibique</strong></span> 
     </span>
    </p>
   </div>
   <div class='ocr_carea' id='block_1_99' title="bbox 1933 3952 3519 4029">
    <p class='ocr_par' dir='ltr' id='par_1_99' title="bbox 1933 3952 3519 4029">
     <span class='ocr_line' id='line_1_99' title="bbox 1933 3952 3519 4029; baseline -0.001 -14"><span class='ocrx_word' id='word_1_723' title='bbox 1933 3958 2286 4015; x_wconf 85' lang='lat' dir='ltr'><strong>conﬁteamur</strong></span> <span class='ocrx_word' id='word_1_724' title='bbox 2346 3958 2609 4013; x_wconf 88' lang='lat' dir='ltr'><strong>Domino:</strong></span> <span class='ocrx_word' id='word_1_725' title='bbox 2668 3958 3019 4026; x_wconf 89' lang='lat' dir='ltr'><strong>dicamusque</strong></span> <span class='ocrx_word' id='word_1_726' title='bbox 3055 3957 3125 4021; x_wconf 90' lang='lat' dir='ltr'><strong>ei,</strong></span> <span class='ocrx_word' id='word_1_727' title='bbox 3171 3952 3315 4028; x_wconf 85' lang='lat' dir='ltr'><strong>quod</strong></span> <span class='ocrx_word' id='word_1_728' title='bbox 3345 3955 3519 4029; x_wconf 82' lang='lat' dir='ltr'><strong>Syrus</strong></span> 
     </span>
    </p>
   </div>
   <div class='ocr_carea' id='block_1_100' title="bbox 1934 4047 3520 4120">
    <p class='ocr_par' dir='ltr' id='par_1_100' title="bbox 1934 4047 3520 4120">
     <span class='ocr_line' id='line_1_100' title="bbox 1934 4047 3520 4120; baseline 0.001 -16"><span class='ocrx_word' id='word_1_729' title='bbox 1934 4048 2193 4120; x_wconf 86' lang='lat' dir='ltr'><strong>spiritalis</strong></span> <span class='ocrx_word' id='word_1_730' title='bbox 2234 4049 2325 4117; x_wconf 92' lang='lat' dir='ltr'><strong>qui</strong></span> <span class='ocrx_word' id='word_1_731' title='bbox 2353 4048 2743 4119; x_wconf 88' lang='lat' dir='ltr'><strong>interpretatur</strong></span> <span class='ocrx_word' id='word_1_732' title='bbox 2792 4047 3039 4103; x_wconf 87' lang='lat' dir='ltr'><strong>sublimis</strong></span> <span class='ocrx_word' id='word_1_733' title='bbox 3068 4048 3153 4103; x_wconf 85' lang='lat' dir='ltr'><strong>vel</strong></span> <span class='ocrx_word' id='word_1_734' title='bbox 3202 4048 3520 4107; x_wconf 84' lang='lat' dir='ltr'><strong>humectans</strong></span> 
     </span>
    </p>
   </div>
   <div class='ocr_carea' id='block_1_101' title="bbox 1934 4132 3515 4210">
    <p class='ocr_par' dir='ltr' id='par_1_101' title="bbox 1934 4132 3515 4210">
     <span class='ocr_line' id='line_1_101' title="bbox 1934 4132 3515 4210; baseline -0.001 -14"><span class='ocrx_word' id='word_1_735' title='bbox 1934 4150 2349 4210; x_wconf 87' lang='lat' dir='ltr'><strong>persequeretur</strong></span> <span class='ocrx_word' id='word_1_736' title='bbox 2392 4132 2599 4209; x_wconf 68' lang='lat' dir='ltr'><strong>pati-em</strong></span> <span class='ocrx_word' id='word_1_737' title='bbox 2634 4148 2878 4194; x_wconf 90' lang='lat' dir='ltr'><strong>nostrum</strong></span> <span class='ocrx_word' id='word_1_738' title='bbox 2926 4139 3297 4210; x_wconf 88' lang='lat' dir='ltr'><strong>protoplaston</strong></span> <span class='ocrx_word' id='word_1_739' title='bbox 3328 4140 3515 4195; x_wconf 87' lang='lat' dir='ltr'><strong>videli-</strong></span> 
     </span>
    </p>
   </div>
   <div class='ocr_carea' id='block_1_102' title="bbox 1935 4231 3519 4304">
    <p class='ocr_par' dir='ltr' id='par_1_102' title="bbox 1935 4231 3519 4304">
     <span class='ocr_line' id='line_1_102' title="bbox 1935 4231 3519 4304; baseline 0 -16"><span class='ocrx_word' id='word_1_740' title='bbox 1935 4242 2019 4288; x_wconf 90' lang='lat' dir='ltr'><strong>cet</strong></span> <span class='ocrx_word' id='word_1_741' title='bbox 2055 4243 2356 4304; x_wconf 86' lang='lat' dir='ltr'><strong>parentcm,</strong></span> <span class='ocrx_word' id='word_1_742' title='bbox 2399 4231 2471 4285; x_wconf 89' lang='lat' dir='ltr'><strong>ita</strong></span> <span class='ocrx_word' id='word_1_743' title='bbox 2506 4241 2563 4286; x_wconf 87' lang='lat' dir='ltr'><strong>ut</strong></span> <span class='ocrx_word' id='word_1_744' title='bbox 2610 4232 2881 4301; x_wconf 84' lang='lat' dir='ltr'><strong>deciperet</strong></span> <span class='ocrx_word' id='word_1_745' title='bbox 2931 4241 3051 4286; x_wconf 90' lang='lat' dir='ltr'><strong>eum</strong></span> <span class='ocrx_word' id='word_1_746' title='bbox 3086 4247 3183 4301; x_wconf 86' lang='lat' dir='ltr'><strong>per</strong></span> <span class='ocrx_word' id='word_1_747' title='bbox 3212 4232 3519 4301; x_wconf 85' lang='lat' dir='ltr'><strong>superbiam</strong></span> 
     </span>
    </p>
   </div>
   <div class='ocr_carea' id='block_1_103' title="bbox 1935 4322 3522 4396">
    <p class='ocr_par' dir='ltr' id='par_1_103' title="bbox 1935 4322 3522 4396">
     <span class='ocr_line' id='line_1_103' title="bbox 1935 4322 3522 4396; baseline 0.001 -17"><span class='ocrx_word' id='word_1_748' title='bbox 1935 4332 1989 4380; x_wconf 89' lang='lat' dir='ltr'><strong>et</strong></span> <span class='ocrx_word' id='word_1_749' title='bbox 2006 4324 2207 4396; x_wconf 78' lang='lat' dir='ltr'><strong>gulam,</strong></span> <span class='ocrx_word' id='word_1_750' title='bbox 2228 4333 2281 4377; x_wconf 90' lang='lat' dir='ltr'><strong>ct</strong></span> <span class='ocrx_word' id='word_1_751' title='bbox 2314 4332 2770 4393; x_wconf 85' lang='lat' dir='ltr'><strong>transgressorem</strong></span> <span class='ocrx_word' id='word_1_752' title='bbox 2803 4322 3008 4379; x_wconf 85' lang='lat' dir='ltr'><strong>faciens</strong></span> <span class='ocrx_word' id='word_1_753' title='bbox 3039 4325 3278 4394; x_wconf 88' lang='lat' dir='ltr'><strong>privaret</strong></span> <span class='ocrx_word' id='word_1_754' title='bbox 3307 4340 3522 4393; x_wconf 78' lang='lat' dir='ltr'><strong>posses-</strong></span> 
     </span>
    </p>
   </div>
   <div class='ocr_carea' id='block_1_104' title="bbox 1937 4415 3521 4490">
    <p class='ocr_par' dir='ltr' id='par_1_104' title="bbox 1937 4415 3521 4490">
     <span class='ocr_line' id='line_1_104' title="bbox 1937 4415 3521 4490; baseline 0.001 -18"><span class='ocrx_word' id='word_1_755' title='bbox 1937 4418 2087 4485; x_wconf 87' lang='lat' dir='ltr'><strong>sione</strong></span> <span class='ocrx_word' id='word_1_756' title='bbox 2139 4416 2396 4485; x_wconf 89' lang='lat' dir='ltr'><strong>paradisi.</strong></span> <span class='ocrx_word' id='word_1_757' title='bbox 2454 4415 2606 4471; x_wconf 90' lang='lat' dir='ltr'><strong>Unde</strong></span> <span class='ocrx_word' id='word_1_758' title='bbox 2638 4417 2807 4471; x_wconf 90' lang='lat' dir='ltr'><strong>incola</strong></span> <span class='ocrx_word' id='word_1_759' title='bbox 2856 4416 3033 4473; x_wconf 83' lang='lat' dir='ltr'><strong>factus</strong></span> <span class='ocrx_word' id='word_1_760' title='bbox 3069 4427 3150 4473; x_wconf 87' lang='lat' dir='ltr'><strong>est</strong></span> <span class='ocrx_word' id='word_1_761' title='bbox 3203 4417 3521 4490; x_wconf 66' lang='lat' dir='ltr'><strong>inIEgypto</strong></span> 
     </span>
    </p>
   </div>
   <div class='ocr_carea' id='block_1_105' title="bbox 1940 4508 3517 4581">
    <p class='ocr_par' dir='ltr' id='par_1_105' title="bbox 1940 4508 3517 4581">
     <span class='ocr_line' id='line_1_105' title="bbox 1940 4508 3517 4581; baseline 0.003 -18"><span class='ocrx_word' id='word_1_762' title='bbox 1940 4508 2099 4564; x_wconf 90' lang='lat' dir='ltr'><strong>istius</strong></span> <span class='ocrx_word' id='word_1_763' title='bbox 2138 4509 2343 4575; x_wconf 89' lang='lat' dir='ltr'><strong>mundi,</strong></span> <span class='ocrx_word' id='word_1_764' title='bbox 2395 4509 2487 4563; x_wconf 89' lang='lat' dir='ltr'><strong>ubi</strong></span> <span class='ocrx_word' id='word_1_765' title='bbox 2538 4509 2913 4579; x_wconf 80' lang='lat' dir='ltr'><strong>peregrinatus</strong></span> <span class='ocrx_word' id='word_1_766' title='bbox 2957 4511 3010 4564; x_wconf 91' lang='lat' dir='ltr'><strong>in</strong></span> <span class='ocrx_word' id='word_1_767' title='bbox 3061 4512 3390 4581; x_wconf 89' lang='lat' dir='ltr'><strong>paucissimo</strong></span> <span class='ocrx_word' id='word_1_768' title='bbox 3418 4527 3517 4567; x_wconf 84' lang='lat' dir='ltr'><strong>nu-</strong></span> 
     </span>
    </p>
   </div>
   <div class='ocr_carea' id='block_1_106' title="bbox 1936 4590 3519 4673">
    <p class='ocr_par' dir='ltr' id='par_1_106' title="bbox 1936 4590 3519 4673">
     <span class='ocr_line' id='line_1_106' title="bbox 1936 4590 3519 4673; baseline 0.004 -21"><span class='ocrx_word' id='word_1_769' title='bbox 1936 4614 2110 4664; x_wconf 91' lang='lat' dir='ltr'><strong>mero,</strong></span> <span class='ocrx_word' id='word_1_770' title='bbox 2149 4600 2277 4669; x_wconf 89' lang='lat' dir='ltr'><strong>quia</strong></span> <span class='ocrx_word' id='word_1_771' title='bbox 2328 4598 2509 4654; x_wconf 90' lang='lat' dir='ltr'><strong>multis</strong></span> <span class='ocrx_word' id='word_1_772' title='bbox 2563 4590 2941 4655; x_wconf 17' lang='lat' dir='ltr'><strong>idololatriam‘</strong></span> <span class='ocrx_word' id='word_1_773' title='bbox 2970 4602 3321 4671; x_wconf 89' lang='lat' dir='ltr'><strong>sequentibus</strong></span> <span class='ocrx_word' id='word_1_774' title='bbox 3360 4601 3519 4673; x_wconf 85' lang='lat' dir='ltr'><strong>pauci</strong></span> 
     </span>
    </p>
   </div>
   <div class='ocr_carea' id='block_1_107' title="bbox 1938 4688 3518 4767">
    <p class='ocr_par' dir='ltr' id='par_1_107' title="bbox 1938 4688 3518 4767">
     <span class='ocr_line' id='line_1_107' title="bbox 1938 4688 3518 4767; baseline 0.003 -23"><span class='ocrx_word' id='word_1_775' title='bbox 1938 4696 2355 4759; x_wconf 88' lang='lat' dir='ltr'><strong>permanserunt</strong></span> <span class='ocrx_word' id='word_1_776' title='bbox 2404 4688 2607 4764; x_wconf 86' lang='lat' dir='ltr'><strong>ﬁdeles.</strong></span> <span class='ocrx_word' id='word_1_777' title='bbox 2642 4688 2746 4744; x_wconf 90' lang='lat' dir='ltr'><strong>Sed</strong></span> <span class='ocrx_word' id='word_1_778' title='bbox 2776 4700 3060 4760; x_wconf 88' lang='lat' dir='ltr'><strong>postquam</strong></span> <span class='ocrx_word' id='word_1_779' title='bbox 3091 4708 3189 4761; x_wconf 89' lang='lat' dir='ltr'><strong>per</strong></span> <span class='ocrx_word' id='word_1_780' title='bbox 3231 4692 3363 4763; x_wconf 74' lang='lat' dir='ltr'><strong>legis</strong></span> <span class='ocrx_word' id='word_1_781' title='bbox 3388 4708 3518 4767; x_wconf 88' lang='lat' dir='ltr'><strong>con-</strong></span> 
     </span>
    </p>
   </div>
   <div class='ocr_carea' id='block_1_108' title="bbox 1938 4781 3517 4852">
    <p class='ocr_par' dir='ltr' id='par_1_108' title="bbox 1938 4781 3517 4852">
     <span class='ocr_line' id='line_1_108' title="bbox 1938 4781 3517 4852; baseline 0.002 -15"><span class='ocrx_word' id='word_1_782' title='bbox 1938 4781 2197 4837; x_wconf 87' lang='lat' dir='ltr'><strong>ditionem</strong></span> <span class='ocrx_word' id='word_1_783' title='bbox 2252 4781 2434 4851; x_wconf 85' lang='lat' dir='ltr'><strong>plures</strong></span> <span class='ocrx_word' id='word_1_784' title='bbox 2460 4790 2841 4848; x_wconf 73' lang='lat' dir='ltr'><strong>excreverun’t,</strong></span> <span class='ocrx_word' id='word_1_785' title='bbox 2872 4782 2963 4852; x_wconf 92' lang='lat' dir='ltr'><strong>qui</strong></span> <span class='ocrx_word' id='word_1_786' title='bbox 2996 4783 3281 4838; x_wconf 89' lang='lat' dir='ltr'><strong>scientiam</strong></span> <span class='ocrx_word' id='word_1_787' title='bbox 3310 4792 3364 4839; x_wconf 90' lang='lat' dir='ltr'><strong>et</strong></span> <span class='ocrx_word' id='word_1_788' title='bbox 3394 4799 3517 4841; x_wconf 88' lang='lat' dir='ltr'><strong>cre-</strong></span> 
     </span>
    </p>
   </div>
   <div class='ocr_carea' id='block_1_109' title="bbox 1939 4870 3519 4945">
    <p class='ocr_par' dir='ltr' id='par_1_109' title="bbox 1939 4870 3519 4945">
     <span class='ocr_line' id='line_1_109' title="bbox 1939 4870 3519 4945; baseline 0.002 -20"><span class='ocrx_word' id='word_1_789' title='bbox 1939 4870 2219 4927; x_wconf 89' lang='lat' dir='ltr'><strong>dulitatem</strong></span> <span class='ocrx_word' id='word_1_790' title='bbox 2244 4870 2401 4925; x_wconf 85' lang='lat' dir='ltr'><strong>unius</strong></span> <span class='ocrx_word' id='word_1_791' title='bbox 2430 4870 2519 4925; x_wconf 91' lang='lat' dir='ltr'><strong>Dei</strong></span> <span class='ocrx_word' id='word_1_792' title='bbox 2542 4885 2856 4941; x_wconf 80' lang='lat' dir='ltr'><strong>percepero,</strong></span> <span class='ocrx_word' id='word_1_793' title='bbox 2889 4870 3199 4928; x_wconf 83' lang='lat' dir='ltr'><strong>afﬂixerunt</strong></span> <span class='ocrx_word' id='word_1_794' title='bbox 3229 4888 3323 4929; x_wconf 87' lang='lat' dir='ltr'><strong>eos</strong></span> <span class='ocrx_word' id='word_1_795' title='bbox 3348 4873 3519 4945; x_wconf 62' lang='lat' dir='ltr'><strong>Egy-</strong></span> 
     </span>
    </p>
   </div>
   <div class='ocr_carea' id='block_1_110' title="bbox 1940 4959 3515 5034">
    <p class='ocr_par' dir='ltr' id='par_1_110' title="bbox 1940 4959 3515 5034">
     <span class='ocr_line' id='line_1_110' title="bbox 1940 4959 3515 5034; baseline 0.003 -20"><span class='ocrx_word' id='word_1_796' title='bbox 1940 4962 2037 5031; x_wconf 91' lang='lat' dir='ltr'><strong>ptii</strong></span> <span class='ocrx_word' id='word_1_797' title='bbox 2061 4962 2352 5031; x_wconf 88' lang='lat' dir='ltr'><strong>spiritales,</strong></span> <span class='ocrx_word' id='word_1_798' title='bbox 2392 4959 2611 5029; x_wconf 71' lang='lat' dir='ltr'><strong>maligni</strong></span> <span class='ocrx_word' id='word_1_799' title='bbox 2667 4960 2874 5017; x_wconf 87' lang='lat' dir='ltr'><strong>scilicet</strong></span> <span class='ocrx_word' id='word_1_800' title='bbox 2924 4962 3167 5031; x_wconf 85' lang='lat' dir='ltr'><strong>spiritus,</strong></span> <span class='ocrx_word' id='word_1_801' title='bbox 3222 4964 3314 5033; x_wconf 91' lang='lat' dir='ltr'><strong>qui</strong></span> <span class='ocrx_word' id='word_1_802' title='bbox 3342 4964 3515 5034; x_wconf 81' lang='lat' dir='ltr'><strong>impo-</strong></span> 
     </span>
    </p>
   </div>
   <div class='ocr_carea' id='block_1_111' title="bbox 1944 5050 3523 5125">
    <p class='ocr_par' dir='ltr' id='par_1_111' title="bbox 1944 5050 3523 5125">
     <span class='ocr_line' id='line_1_111' title="bbox 1944 5050 3523 5125; baseline 0.003 -22"><span class='ocrx_word' id='word_1_803' title='bbox 1944 5058 2132 5105; x_wconf 87' lang='lat' dir='ltr'><strong>nentes</strong></span> <span class='ocrx_word' id='word_1_804' title='bbox 2184 5062 2351 5105; x_wconf 88' lang='lat' dir='ltr'><strong>onera</strong></span> <span class='ocrx_word' id='word_1_805' title='bbox 2404 5050 2724 5121; x_wconf 81' lang='lat' dir='ltr'><strong>gravissima</strong></span> <span class='ocrx_word' id='word_1_806' title='bbox 2757 5058 3103 5119; x_wconf 88' lang='lat' dir='ltr'><strong>peccatorum</strong></span> <span class='ocrx_word' id='word_1_807' title='bbox 3132 5060 3523 5125; x_wconf 80' lang='lat' dir='ltr'><strong>oppresserunt</strong></span> 
     </span>
    </p>
   </div>
   <div class='ocr_carea' id='block_1_112' title="bbox 1940 5131 3521 5211">
    <p class='ocr_par' dir='ltr' id='par_1_112' title="bbox 1940 5131 3521 5211">
     <span class='ocr_line' id='line_1_112' title="bbox 1940 5131 3521 5211; baseline 0.001 -15"><span class='ocrx_word' id='word_1_808' title='bbox 1940 5131 2111 5207; x_wconf 75' lang='lat' dir='ltr'><strong>genus</strong></span> <span class='ocrx_word' id='word_1_809' title='bbox 2146 5142 2461 5196; x_wconf 86' lang='lat' dir='ltr'><strong>humanum.</strong></span> <span class='ocrx_word' id='word_1_810' title='bbox 2497 5140 2604 5195; x_wconf 88' lang='lat' dir='ltr'><strong>Sed</strong></span> <span class='ocrx_word' id='word_1_811' title='bbox 2632 5141 2777 5195; x_wconf 89' lang='lat' dir='ltr'><strong>Deus</strong></span> <span class='ocrx_word' id='word_1_812' title='bbox 2824 5141 3163 5211; x_wconf 88' lang='lat' dir='ltr'><strong>omnipotens</strong></span> <span class='ocrx_word' id='word_1_813' title='bbox 3191 5142 3438 5211; x_wconf 87' lang='lat' dir='ltr'><strong>conditor</strong></span> <span class='ocrx_word' id='word_1_814' title='bbox 3465 5151 3521 5197; x_wconf 89' lang='lat' dir='ltr'><strong>et</strong></span> 
     </span>
    </p>
   </div>
   <div class='ocr_carea' id='block_1_113' title="bbox 1941 5233 3521 5302">
    <p class='ocr_par' dir='ltr' id='par_1_113' title="bbox 1941 5233 3521 5302">
     <span class='ocr_line' id='line_1_113' title="bbox 1941 5233 3521 5302; baseline -0.001 -12"><span class='ocrx_word' id='word_1_815' title='bbox 1941 5243 2156 5290; x_wconf 87' lang='lat' dir='ltr'><strong>creator</strong></span> <span class='ocrx_word' id='word_1_816' title='bbox 2191 5242 2376 5289; x_wconf 90' lang='lat' dir='ltr'><strong>noster</strong></span> <span class='ocrx_word' id='word_1_817' title='bbox 2420 5233 2658 5302; x_wconf 84' lang='lat' dir='ltr'><strong>respexit</strong></span> <span class='ocrx_word' id='word_1_818' title='bbox 2701 5233 3063 5288; x_wconf 89' lang='lat' dir='ltr'><strong>humilitatem</strong></span> <span class='ocrx_word' id='word_1_819' title='bbox 3094 5242 3332 5289; x_wconf 88' lang='lat' dir='ltr'><strong>nostram</strong></span> <span class='ocrx_word' id='word_1_820' title='bbox 3360 5242 3415 5291; x_wconf 86' lang='lat' dir='ltr'><strong>et</strong></span> <span class='ocrx_word' id='word_1_821' title='bbox 3442 5234 3521 5288; x_wconf 81' lang='lat' dir='ltr'><strong>la—</strong></span> 
     </span>
    </p>
   </div>
   <div class='ocr_carea' id='block_1_114' title="bbox 1942 5323 3519 5393">
    <p class='ocr_par' dir='ltr' id='par_1_114' title="bbox 1942 5323 3519 5393">
     <span class='ocr_line' id='line_1_114' title="bbox 1942 5323 3519 5393; baseline 0.001 -13"><span class='ocrx_word' id='word_1_822' title='bbox 1942 5325 2127 5380; x_wconf 88' lang='lat' dir='ltr'><strong>borem</strong></span> <span class='ocrx_word' id='word_1_823' title='bbox 2157 5332 2317 5393; x_wconf 89' lang='lat' dir='ltr'><strong>atque</strong></span> <span class='ocrx_word' id='word_1_824' title='bbox 2339 5324 2664 5391; x_wconf 81' lang='lat' dir='ltr'><strong>angustiam,</strong></span> <span class='ocrx_word' id='word_1_825' title='bbox 2712 5332 2767 5377; x_wconf 92' lang='lat' dir='ltr'><strong>et</strong></span> <span class='ocrx_word' id='word_1_826' title='bbox 2793 5324 2940 5377; x_wconf 89' lang='lat' dir='ltr'><strong>misit</strong></span> <span class='ocrx_word' id='word_1_827' title='bbox 2967 5323 3299 5393; x_wconf 78' lang='lat' dir='ltr'><strong>unigenitum</strong></span> <span class='ocrx_word' id='word_1_828' title='bbox 3321 5324 3519 5382; x_wconf 84' lang='lat' dir='ltr'><strong>Filium</strong></span> 
     </span>
    </p>
   </div>
   <div class='ocr_carea' id='block_1_115' title="bbox 1943 5413 3519 5485">
    <p class='ocr_par' dir='ltr' id='par_1_115' title="bbox 1943 5413 3519 5485">
     <span class='ocr_line' id='line_1_115' title="bbox 1943 5413 3519 5485; baseline 0.003 -16"><span class='ocrx_word' id='word_1_829' title='bbox 1943 5429 2098 5470; x_wconf 91' lang='lat' dir='ltr'><strong>suum</strong></span> <span class='ocrx_word' id='word_1_830' title='bbox 2124 5413 2216 5482; x_wconf 92' lang='lat' dir='ltr'><strong>qui</strong></span> <span class='ocrx_word' id='word_1_831' title='bbox 2248 5428 2441 5469; x_wconf 86' lang='lat' dir='ltr'><strong>manus</strong></span> <span class='ocrx_word' id='word_1_832' title='bbox 2470 5413 2565 5469; x_wconf 90' lang='lat' dir='ltr'><strong>Dei</strong></span> <span class='ocrx_word' id='word_1_833' title='bbox 2614 5422 2669 5469; x_wconf 91' lang='lat' dir='ltr'><strong>et</strong></span> <span class='ocrx_word' id='word_1_834' title='bbox 2694 5414 2976 5468; x_wconf 86' lang='lat' dir='ltr'><strong>brachium</strong></span> <span class='ocrx_word' id='word_1_835' title='bbox 3008 5414 3229 5480; x_wconf 85' lang='lat' dir='ltr'><strong>dicitur,</strong></span> <span class='ocrx_word' id='word_1_836' title='bbox 3260 5424 3318 5470; x_wconf 91' lang='lat' dir='ltr'><strong>ut</strong></span> <span class='ocrx_word' id='word_1_837' title='bbox 3344 5417 3519 5485; x_wconf 82' lang='lat' dir='ltr'><strong>eripe-</strong></span> 
     </span>
    </p>
   </div>
   <div class='ocr_carea' id='block_1_116' title="bbox 1941 5494 3518 5574">
    <p class='ocr_par' dir='ltr' id='par_1_116' title="bbox 1941 5494 3518 5574">
     <span class='ocr_line' id='line_1_116' title="bbox 1941 5494 3518 5574; baseline 0.001 -12"><span class='ocrx_word' id='word_1_838' title='bbox 1941 5515 2023 5562; x_wconf 89' lang='lat' dir='ltr'><strong>ret</strong></span> <span class='ocrx_word' id='word_1_839' title='bbox 2045 5521 2142 5561; x_wconf 90' lang='lat' dir='ltr'><strong>nos</strong></span> <span class='ocrx_word' id='word_1_840' title='bbox 2166 5505 2231 5560; x_wconf 88' lang='lat' dir='ltr'><strong>de</strong></span> <span class='ocrx_word' id='word_1_841' title='bbox 2257 5513 2525 5574; x_wconf 88' lang='lat' dir='ltr'><strong>potestate</strong></span> <span class='ocrx_word' id='word_1_842' title='bbox 2551 5494 2896 5560; x_wconf 78' lang='lat' dir='ltr'><strong>tenebrarum</strong></span> <span class='ocrx_word' id='word_1_843' title='bbox 2925 5515 2980 5561; x_wconf 91' lang='lat' dir='ltr'><strong>et</strong></span> <span class='ocrx_word' id='word_1_844' title='bbox 3002 5507 3321 5563; x_wconf 88' lang='lat' dir='ltr'><strong>transferret</strong></span> <span class='ocrx_word' id='word_1_845' title='bbox 3357 5509 3411 5563; x_wconf 91' lang='lat' dir='ltr'><strong>in</strong></span> <span class='ocrx_word' id='word_1_846' title='bbox 3442 5509 3518 5564; x_wconf 58' lang='lat' dir='ltr'><strong>loc</strong></span> 
     </span>
    </p>
   </div>
   <div class='ocr_carea' id='block_1_117' title="bbox 1939 5596 3518 5666">
    <p class='ocr_par' dir='ltr' id='par_1_117' title="bbox 1939 5596 3518 5666">
     <span class='ocr_line' id='line_1_117' title="bbox 1939 5596 3518 5666; baseline -0.001 -13"><span class='ocrx_word' id='word_1_847' title='bbox 1939 5613 2063 5653; x_wconf 91' lang='lat' dir='ltr'><strong>cum</strong></span> <span class='ocrx_word' id='word_1_848' title='bbox 2097 5597 2265 5666; x_wconf 86' lang='lat' dir='ltr'><strong>pacis,</strong></span> <span class='ocrx_word' id='word_1_849' title='bbox 2306 5605 2573 5666; x_wconf 87' lang='lat' dir='ltr'><strong>quatenus</strong></span> <span class='ocrx_word' id='word_1_850' title='bbox 2623 5597 2720 5652; x_wconf 87' lang='lat' dir='ltr'><strong>ﬁlii</strong></span> <span class='ocrx_word' id='word_1_851' title='bbox 2757 5598 2895 5653; x_wconf 87' lang='lat' dir='ltr'><strong>lucis</strong></span> <span class='ocrx_word' id='word_1_852' title='bbox 2942 5596 3317 5653; x_wconf 80' lang='lat' dir='ltr'><strong>elﬁceremur:</strong></span> <span class='ocrx_word' id='word_1_853' title='bbox 3352 5600 3518 5654; x_wconf 80' lang='lat' dir='ltr'><strong>tradi-</strong></span> 
     </span>
    </p>
   </div>
   <div class='ocr_carea' id='block_1_118' title="bbox 1939 5688 3515 5758">
    <p class='ocr_par' dir='ltr' id='par_1_118' title="bbox 1939 5688 3515 5758">
     <span class='ocr_line' id='line_1_118' title="bbox 1939 5688 3515 5758; baseline 0.002 -16"><span class='ocrx_word' id='word_1_854' title='bbox 1939 5689 2122 5758; x_wconf 88' lang='lat' dir='ltr'><strong>ditque</strong></span> <span class='ocrx_word' id='word_1_855' title='bbox 2148 5688 2300 5743; x_wconf 82' lang='lat' dir='ltr'><strong>nobis</strong></span> <span class='ocrx_word' id='word_1_856' title='bbox 2350 5697 2549 5743; x_wconf 86' lang='lat' dir='ltr'><strong>terram</strong></span> <span class='ocrx_word' id='word_1_857' title='bbox 2581 5690 2712 5742; x_wconf 86' lang='lat' dir='ltr'><strong>lacte</strong></span> <span class='ocrx_word' id='word_1_858' title='bbox 2758 5701 2805 5743; x_wconf 91' lang='lat' dir='ltr'><strong>et</strong></span> <span class='ocrx_word' id='word_1_859' title='bbox 2841 5690 2990 5744; x_wconf 85' lang='lat' dir='ltr'><strong>melle</strong></span> <span class='ocrx_word' id='word_1_860' title='bbox 3039 5701 3337 5745; x_wconf 81' lang='lat' dir='ltr'><strong>manantem</strong></span> <span class='ocrx_word' id='word_1_861' title='bbox 3368 5710 3380 5744; x_wconf 88' lang='lat'><strong>:</strong></span> <span class='ocrx_word' id='word_1_862' title='bbox 3411 5691 3515 5746; x_wconf 85' lang='lat' dir='ltr'><strong>Ec-</strong></span> 
     </span>
    </p>
   </div>
   <div class='ocr_carea' id='block_1_119' title="bbox 1938 5778 3514 5849">
    <p class='ocr_par' dir='ltr' id='par_1_119' title="bbox 1938 5778 3514 5849">
     <span class='ocr_line' id='line_1_119' title="bbox 1938 5778 3514 5849; baseline 0.002 -15"><span class='ocrx_word' id='word_1_863' title='bbox 1938 5778 2155 5834; x_wconf 85' lang='lat' dir='ltr'><strong>clesiam</strong></span> <span class='ocrx_word' id='word_1_864' title='bbox 2179 5778 2429 5835; x_wconf 83' lang='lat' dir='ltr'><strong>videlicet</strong></span> <span class='ocrx_word' id='word_1_865' title='bbox 2453 5790 2771 5849; x_wconf 74' lang='lat' dir='ltr'><strong>prtescntcm</strong></span> <span class='ocrx_word' id='word_1_866' title='bbox 2799 5780 2885 5837; x_wconf 90' lang='lat' dir='ltr'><strong>ubi</strong></span> <span class='ocrx_word' id='word_1_867' title='bbox 2913 5790 2966 5836; x_wconf 90' lang='lat' dir='ltr'><strong>et</strong></span> <span class='ocrx_word' id='word_1_868' title='bbox 2992 5780 3074 5837; x_wconf 76' lang='lat' dir='ltr'><strong>lac</strong></span> <span class='ocrx_word' id='word_1_869' title='bbox 3102 5791 3181 5837; x_wconf 81' lang='lat' dir='ltr'><strong>est</strong></span> <span class='ocrx_word' id='word_1_870' title='bbox 3211 5780 3514 5837; x_wconf 77' lang='lat' dir='ltr'><strong>innocentis</strong></span> 
     </span>
    </p>
   </div>
  </div>
