3946 6374
450 385 559 443 51⁸3

1094 378 1154 432 Β.
1197 373 1449 431 RABA‘NI
1488 369 1707 429 MAURI
1746 366 2060 426 ARCHIEP.
2096 363 2403 421 MOGUNT.
2448 360 2729 419 OPEllUM
2769 360 2946 415 PARS
2983 360 3044 414 ll.

3599 353 3716 411 5‘30

453 512 512 558 et
536 498 712 555 facilis
739 496 996 551 doctrina:
1026 492 1168 546 unde
1198 490 1505 544 nutriantur
1531 500 1691 541 sensu
1721 482 1949 555 parvuli,
1976 490 2030 535 et
2058 482 2105 539 Α
2135 485 2289 531 zatus
2312 484 2398 531 est
2426 476 2759 530 renuntiaret
2793 480 2846 527 ct
2870 472 3194 533 ostenderet,
3238 478 3292 524 et
3321 471 3399 524 sic
3437 468 3720 538 perfectus

456 591 564 645 mel
593 588 774 643 suavis
795 593 956 653 atque
984 580 1292 651 multiplicis
1327 578 1566 633 scientiae
1595 575 1735 630 unde
1762 575 2029 630 satientur

458 676 727 733 intellectu
776 671 1021 743 perfecti.
1053 670 1155 737 Qui
1178 683 1307 739 ergo
1350 665 1717 736 hujuscemodi
1748 662 2031 717 dona‘Deo

455 766 615 821 oli‘ert
639 762 943 818 convivium
992 758 1235 830 spiritale
1266 759 1318 811 in
1346 757 1506 811 domo
1535 756 1626 809 Dei
1665 769 1787 808 cum
1830 751 2032 806 Levitis

456 856 601 910 veris
628 862 683 909 et
706 852 927 907 advenis
957 858 1131 919 potest
1160 849 1363 911 facere,
1386 847 1507 917 quia
1544 854 1596 898 et
1620 858 1741 898 cum
1770 840 2032 896 ministris

458 946 554 1001 Dei
577 954 633 1000 et
661 944 918 997 fratribus
956 942 1067 995 suis
1101 950 1262 1008 atque
1294 953 1412 992 cum
1442 936 1691 990 omnibus
1734 933 1826 1003 qui
1858 946 1917 988 se
1947 932 2033 985 in-

456 1036 706 1106 telligunt
731 1035 784 1088 in
810 1035 913 1088 hoc
943 1033 1143 1087 mundo
1184 1032 1420 1084 advenas
1463 1043 1582 1081 esse
1616 1036 1669 1081 et
1696 1025 2030 1095 peregrinos,

457 1130 686 1202 dapibus
712 1131 973 1185 virtutum
1001 1135 1055 1181 et
1087 1124 1324 1181 scientiae
1364 1122 1621 1192 spiritalis
1656 1120 1886 1174 feliciter
1913 1116 2034 1171 reti-

459 1225 633 1279 cietur
687 1232 849 1293 atque
902 1220 1233 1290 implebitur,
1288 1217 1475 1283 sicque
1535 1221 1656 1281 post
1710 1210 2031 1278 completum

461 1324 671 1383 tempus
700 1312 941 1367 mortalis
993 1313 1134 1377 vitae,
1184 1312 1295 1365 Deo
1327 1309 1610 1379 largiente,
1662 1305 1941 1375 perveniet
1972 1304 2034 1357 ad

462 1420 687 1474 regnum
712 1404 953 1468 caeleste,
986 1403 1077 1456 ubi
1123 1416 1247 1455 cum
1296 1402 1497 1454 sanctis
1541 1399 1658 1468 ejus
1687 1396 1958 1449 laetabitur
1983 1395 2035 1447 in

460 1502 721 1548 aeternum
748 1507 761 1546 :
795 1494 907 1561 ipso
946 1498 1234 1561 przestante
1265 1489 1492 1542 Domino
1520 1493 1705 1540 nostro
1733 1484 1859 1539 Jesu
1882 1483 2037 1537 Chri-

458 1581 662 1648 stozqui
695 1582 829 1634 vivit
852 1593 902 1633 et
945 1585 1130 1648 regnat
1164 1592 1283 1631 cum
1316 1577 1425 1631 Deo
1451 1576 1612 1629 Patre
1638 1574 1691 1627 in
1714 1572 1904 1627 szcctda
1935 1586 2035 1625 sa:-

459 1671 721 1727 cnlorum.
755 1671 949 1730 Amen.-

1026 1735 1303 1793 HOMlLlA
1336 1734 1468 1790 XCI.

1008 1843 1059 1880 ΙΝ
1098 1840 1272 1879 EODEM
1303 1837 1488 1879 FESTO.

926 1917 1111 1971 Lectio
1144 1916 1265 1970 libri
1304 1914 1546 1967 Levitici.

532 2008 599 2065 In
650 2009 828 2062 diebus
882 2008 984 2061 illis
1026 2009 1159 2061 dixit
1214 2006 1464 2059 Dominus
1500 2005 1566 2057 ad
1616 2004 1875 2075 Moysen:
1906 2001 1962 2057 Si
1986 2004 2039 2055 in

453 2100 730 2171 'pra'ceptis
768 2100 897 2153 meis
925 2098 1337 2161 ambulaveritis,
1365 2106 1411 2149 et
1443 2096 1692 2148 mandata
1727 2113 1841 2149 mea
1865 2105 2038 2149 custo-

462 2190 688 2253 dieritis,
719 2199 767 2242 et
795 2190 1018 2258 feceritis
1045 2206 1127 2252 ea,
1155 2188 1290 2240 dabo
1314 2187 1453 2240 vobis
1474 2185 1705 2256 pluviam
1731 2185 2041 2255 temporibus

462 2281 593 2334 suis.
622 2278 688 2332 Et
714 2289 852 2333 terra
882 2280 1051 2348 gignat
1080 2278 1308 2347 fructum
1348 2293 1521 2340 suum,
1548 2286 1595 2330 et
1623 2278 1787 2346 pomis
1832 2277 2042 2329 arbores

463 2352 819 2439 replebantur.
854 2368 919 2422 Et
970 2368 1316 2437 apprehendet
1355 2367 1602 2421 messium
1632 2368 1822 2419 tritura
1864 2367 2042 2421 vinde-

462 2460 647 2523 miam,
678 2469 723 2512 et
755 2458 1011 2512 vindemia
1052 2458 1320 2527 occupabit
1359 2466 1679 2511 sementem:
1710 2467 1756 2508 et
1779 2457 2045 2510 comeditis

464 2566 648 2619 panem
673 2558 893 2602 vestrum
920 2548 973 2601 in
994 2547 1291 2611 saturitate,
1321 2556 1367 2599 et
1390 2547 1578 2615 absque
1618 2562 1807 2614 pavore
1845 2545 2048 2597 lmbita-

466 2638 585 2690 bitis
609 2637 825 2689 interra
869 2645 1056 2689 vestra.
1102 2634 1248 2687 Dabo
1290 2651 1469 2703 pacem
1502 2636 1557 2688 in
1602 2633 1794 2703 ﬁnibus
1824 2634 2045 2694 vestris;

465 2724 735 2780 dormictis
773 2733 819 2778 et
860 2741 961 2777 non
1010 2724 1107 2777 erit
1150 2723 1239 2794 qui
1285 2732 1560 2778 exterreat.
1592 2723 1845 2790 Auferam
1880 2722 2045 2775 malas

465 2818 673 2877 bestias,
710 2827 755 2870 et
782 2816 989 2887 gladius
1010 2833 1113 2869 non
1133 2816 1370 2868 transibit
1402 2816 1647 2868 terminos
1674 2823 1883 2868 vestros.
1916 2813 2047 2867 Per-

465 2908 750 2977 sequamini
778 2908 1017 2959 inimicos
1065 2916 1257 2960 vestros
1296 2915 1343 2958 et
1374 2916 1614 2959 corruant
1664 2920 1843 2958 coram
1871 2904 2049 2968 vobis;

465 3004 837 3067 persequentur
878 2996 1105 3066 quinque
1154 2997 1217 3048 de
1262 2997 1441 3049 vestris
1493 3007 1694 3049 centum
1748 2994 1971 3059 alienos,
2001 3004 2050 3048 et

464 3094 669 3161 centum
693 3102 719 3139 e
750 3085 891 3138 vobis
921 3086 1096 3138 decem
1136 3085 1304 3138 millia
1330 3099 1350 3135 :
1377 3086 1563 3139 cadent
1596 3083 1793 3138 inimici
1816 3086 1967 3137 vestri
1991 3086 2045 3139 in

465 3184 742 3245 conspectu
770 3185 935 3229 vestro
961 3175 1158 3246 gladio.
1190 3174 1481 3245 Respiciam
1517 3191 1601 3229 vos
1636 3184 1681 3229 et
1710 3191 1937 3229 crescere
1963 3176 2043 3244 fa-
2074 3148 2119 3209 Ο

464 3267 641 3331 ciam;
668 3265 1163 3335 multiplicabimini,
1194 3276 1239 3318 et
1266 3266 1488 3334 firmabo
1509 3274 1719 3333 pactth
1758 3266 2040 3319 vobiscum.

465 3352 761 3409 Comedetis
804 3355 1155 3408 vetustissima
1196 3366 1444 3419 veterum,
1479 3364 1525 3408 et
1568 3364 1736 3407 vetera
1784 3356 1929 3408 novis
1958 3372 2047 3409 su-

464 3446 876 3517 pervenientibus
895 3448 1199 3516 projicietis.
1244 3445 1444 3499 I‘onam
1460 3445 1854 3500 tabernaculum
1877 3464 2046 3500 meum

467 3539 721 3601 inntedio
750 3540 925 3606 vestri,
974 3548 1021 3592 et
1052 3556 1154 3591 non
1175 3539 1381 3608 objiciet
1414 3556 1498 3592 vos
1528 3540 1704 3592 anima
1737 3556 1871 3592 mea.
1923 3539 2048 3591 Am-

469 3628 659 3703 bulabo
703 3631 839 3685 inter
867 3648 953 3684 vos
982 3640 1029 3683 et
1056 3646 1143 3683 ero
1189 3641 1351 3683 vester
1380 3630 1540 3694 Deus,
1572 3648 1760 3700 vosque
1789 3630 1932 3685 eritis
1957 3648 2048 3700 po-

469 3719 626 3789 pulus
659 3736 823 3773 meus.
854 3720 968 3790 Ego
1002 3719 1256 3774 Dominus
1297 3719 1431 3773 Deus
1460 3730 1639 3785 vester,
1662 3721 1751 3791 qui
1780 3721 1937 3775 eduxi
1963 3739 2049 3777 vos

472 3808 537 3863 de
570 3818 711 3863 terra
744 3808 1116 3879 .‘Egyptiorum
1169 3826 1231 3861 ne
1278 3810 1534 3862 serviretis
1569 3810 1663 3873 eis,
1692 3820 1738 3863 et
1785 3810 1872 3880 qui
1922 3827 2048 3863 con-

472 3898 605 3968 fregi
631 3908 837 3952 catenas
868 3900 1121 3953 cervicum
1179 3908 1462 3953 vestrarum
1503 3909 1559 3953 ut
1601 3884 1905 3961 incederetis
1934 3917 2049 3955 ere-

469 3988 562 4051 cti,
600 3997 705 4041 etc.
1000 3972 1001 3977 “

542 4077 821 4146 Quomodo
848 4095 877 4132 a
905 4076 1103 4133 Judmis
1132 4079 1467 4135 inveniemus
1496 4081 1804 4136 omnimodo
1828 4083 1943 4143 haec
1969 4097 2051 4137 se-

470 4169 706 4225 cundum
754 4168 986 4221 litteram
1037 4169 1275 4237 impleta,
1307 4185 1426 4223 cum
1456 4170 1606 4224 multi
1638 4170 1727 4225 Dei
1774 4172 2053 4241 prophetat

471 4242 839 4312 custodientes
874 4257 989 4325 ejus
1015 4258 1264 4310 mandata
1295 4266 1347 4311 et
1381 4258 1430 4310 in
1471 4258 1751 4328 prmceptis
1779 4258 1895 4328 ejus
1934 4275 2051 4312 am-

473 4344 742 4410 bulantes,
776 4345 828 4399 in
857 4346 1021 4399 multa
1056 4345 1274 4411 fuerunt
1318 4344 1606 4402 afflictione
1630 4349 1907 4403 constituti
1955 4364 2053 4403 nec

473 4453 666 4510 panem
696 4453 850 4491 suum
887 4453 1008 4491 cum
1038 4438 1309 4501 satietate,
1334 4438 1426 4492 sed
1463 4454 1584 4493 cum
1616 4448 1853 4509 egestate
1881 4454 2057 4494 come-

2130 565 2422 619 secundum
2446 574 2656 632 tempus
2683 562 2855 616 factus
2888 561 3182 631 pnedicare
3224 558 3567 627 Evangelium
3589 571 3713 611 cae-

2130 656 2209 724 pit
2232 654 2284 707 in
2320 669 2428 723 quo
2450 652 2627 706 omnis
2658 660 2743 706 est
2766 651 2889 707 vita:
2916 658 2970 705 et
2991 648 3293 703 donationis
3328 645 3621 716 plenitudo,
3654 651 3719 698 et

2130 742 2558 799 conversationis
2602 740 3077 807 retributionisque
3105 754 3221 808 quae
3252 739 3338 791 hic
3366 736 3713 805 significavit.

2132 831 2221 887 Ait
2266 833 2429 895 enim,
2476 842 2530 886 et
2568 830 2704 884 dabo
2744 829 2884 883 vobis
2934 829 3161 898 pluviam
3211 827 3522 897 temporibus
3573 826 3715 887 suis,

2131 922 2263 977 dicit
2287 930 2465 977 autem
2492 922 2714 976 verbum
2742 920 2837 974 Dei
2866 928 2922 972 ut
2944 926 3070 987 pote
3101 918 3431 971 descendens
3473 917 3541 971 de
3569 915 3720 969 caelo

2134 1012 2341 1085 gratias,
2370 1012 2437 1065 de
2458 1026 2567 1079 quo
2589 1009 2795 1080 Moyses
2812 1010 2889 1065 sic
2908 1008 3062 1072 dixit,
3082 1006 3307 1071 attende,
3330 1006 3533 1069 ctelum,
3559 1015 3607 1057 et
3635 1001 3723 1058 lo-

2132 1118 2287 1173 quar,
2315 1113 2361 1156 et
2392 1102 2575 1155 audiat
2620 1110 2757 1154 terra
2805 1100 2956 1154 verba
2984 1116 3047 1153 ex
3086 1114 3172 1151 ore
3212 1114 3366 1151 meo:
3392 1104 3724 1166 exspectetur

2134 1192 2266 1246 sicut
2293 1191 2469 1261 pluvia
2497 1189 2758 1258 eloquium
2796 1204 2987 1241 meum.
3020 1185 3090 1239 Et
3134 1195 3272 1239 terra
3292 1186 3460 1255 gignit,
3484 1185 3724 1253 fructum

2134 1298 2288 1336 suum
2316 1295 2333 1331 :
2360 1281 2412 1335 id
2454 1289 2537 1334 est
2559 1294 2753 1349 corpus
2784 1287 3024 1333 nostrum
3059 1291 3072 1330 :
3099 1275 3256 1345 hujus
3284 1275 3426 1330 enim
3453 1274 3578 1328 boni
3604 1274 3726 1329 ﬁu-

2137 1384 2254 1427 ctus
2288 1378 2434 1435 sunt,
2466 1371 2710 1436 castitas,
2742 1370 3028 1433 sobrietas,
3061 1368 3403 1423 abstinentia.
3441 1366 3507 1419 Et
3548 1366 3728 1435 pomis

2138 1464 2349 1517 arbores
2395 1462 2754 1531 replebantur,
2786 1462 2917 1525 sive,
2955 1472 3013 1516 ut
3039 1460 3384 1529 Septuaginta
3430 1458 3725 1512 transtule-

2140 1564 2283 1619 runt,
2329 1552 2494 1623 Ligna
2522 1553 2689 1621 campi
2715 1552 2909 1606 dabunt
2935 1553 3163 1621 fructum
3190 1568 3362 1605 suum.
3404 1550 3572 1619 Ligna
3623 1564 3730 1603 au-

2140 1655 2249 1701 tem
2280 1648 2453 1715 campi
2480 1654 2606 1699 sunt
2630 1646 2822 1699 animm
2865 1652 3060 1706 motus,
3089 1652 3148 1696 ut
3172 1654 3295 1712 pote
3325 1642 3416 1711 qui
3447 1648 3572 1696 sunt
3606 1656 3729 1696 mo-

2141 1739 2284 1791 tibus
2315 1736 2660 1806 intelligibilis
2688 1744 2886 1790 nostrae
2918 1743 3094 1799 terra},
3120 1734 3370 1789 videlicet
3414 1734 3595 1788 carnis
3625 1749 3723 1788 su-

2066 1814 2113 1873 Β
2140 1826 2433 1881 blimiores.
2466 1825 2670 1879 Horum
2698 1825 2842 1879 enim
2870 1823 3076 1879 fructus
3117 1832 3199 1879 est
3222 1826 3444 1890 veritas,
3485 1824 3727 1895 justitia.

2144 1918 2522 1981 mansuetudo,
2555 1918 2857 1986 compassio
2892 1925 2947 1971 et
2986 1916 3069 1971 his
3112 1917 3327 1970 similia.
3360 1918 3733 1987 Apprelrendet

2142 1999 2385 2060 messium
2415 2006 2603 2059 tritura
2626 2008 2963 2071 vindemiam,
2994 2016 3040 2059 et
3068 2005 3324 2059 vindemia
3356 2007 3631 2075 occupabit
3648 2022 3728 2060 ee-

2143 2105 2383 2148 mentem.
2420 2094 2553 2160 Quia
2603 2095 2748 2149 enim
2801 2095 2989 2148 tritura
3046 2103 3202 2149 terrae
3246 2094 3447 2165 colligit
3495 2094 3730 2162 fructus,

2144 2187 2411 2240 vindemia
2441 2188 2696 2241 arborum
2739 2196 2883 2241 recte
2912 2186 3115 2241 fructus
3137 2187 3378 2255 corporis
3418 2187 3494 2241 ait
3519 2187 3733 2242 fructus

2146 2276 2337 2330 animm
2363 2276 2819 2344 comprehendere
2847 2276 2959 2329 sive
2982 2290 3243 2344 occupare
3269 2276 3391 2343 quia
3422 2275 3521 2330 hoc
3549 2277 3730 2330 maxi-

2147 2382 2249 2421 ma:
2293 2366 2509 2435 quidem
2543 2365 2953 2425 benedictionis,
3000 2380 3107 2419 uno
3144 2365 3439 2433 eodemque
3485 2373 3737 2434 tempore

2148 2456 2339 2511 stabile
2369 2464 2421 2508 et
2465 2454 2749 2509 fecundum
2786 2470 2981 2523 corpus
3023 2462 3182 2521 atque
3211 2455 3443 2509 animam
3478 2455 3531 2509 in
3558 2456 3735 2509 virtu-

2150 2550 2290 2602 tibus
2317 2548 2613 2615 possidere.
2644 2545 2709 2598 Et
2740 2546 2928 2614 absque
2962 2562 3147 2614 pavore
3172 2545 3469 2599 habitabitis
3497 2547 3551 2599 in
3587 2556 3733 2599 terra

2149 2648 2335 2701 vestra,
2371 2637 2503 2690 dabo
2529 2653 2707 2706 pacem
2737 2637 2791 2689 in
2812 2636 3003 2704 ﬁnibus
3028 2637 3225 2689 vestris.
3258 2635 3313 2689 Si
3345 2636 3485 2689 enim
3528 2651 3733 2705 corpus

2150 2728 2341 2783 stabile
2371 2727 2531 2781 fuerit
2555 2736 2609 2780 et.
2631 2729 2807 2781 anima
2832 2726 3137 2790 fructificet,
3171 2730 3346 2781 securi
3380 2727 3433 2780 in
3464 2735 3605 2780 terra
3634 2744 3733 2781 no-

2150 2825 2262 2871 stra
2292 2816 2675 2879 habitabimus,
2704 2817 2833 2883 quia
2859 2829 2987 2869 caro
3017 2831 3121 2869 non
3168 2817 3498 2885 concupiscit
3540 2824 3734 2871 eontra

2151 2908 2420 2977 spiritum.
2480 2906 2631 2960 Unde
2674 2921 2771 2960 nec
2825 2906 3023 2961 bellum
3069 2920 3164 2975 per
3210 2916 3409 2961 terram
3458 2906 3731 2968 transibit,

2154 3014 2331 3068 neque
2362 2998 2578 3051 habebit
2607 3008 2813 3066 tempus
2846 2998 2897 3050 in
2928 3000 3322 3053 resurrectione
3348 2999 3734 3067 concupiscen-

2156 3090 2373 3150 tiarum,
2402 3088 2466 3141 de
2493 3088 2693 3155 quibus
2717 3088 2792 3141 ait
2814 3086 3065 3149 Jacohus,
3099 3088 3233 3141 unde
3279 3087 3411 3141 bella
3438 3098 3484 3141 et
3515 3090 3629 3141 lites
3675 3089 3740 3141 iis

2152 3178 2313 3243 vobis,
2351 3194 2519 3230 nonne
2543 3177 2682 3240 hinc,
2708 3193 2771 3229 ea:
2799 3177 3225 3245 concupiscentiis
3256 3179 3431 3232 vestris
3460 3194 3578 3246 qua:
3631 3179 3733 3231 mi-

2150 3269 2301 3323 litant
2343 3270 2399 3322 in
2428 3268 2671 3322 membris
2713 3268 2919 3331 vestris,
2962 3267 3157 3335 quibus
3202 3268 3485 3321 destructis
3512 3282 3618 3336 pax
3671 3267 3730 3322 in

2151 3367 2296 3413 terra
2324 3368 2509 3412 nostra
2537 3356 2652 3426 lege
2691 3355 2785 3410 Dei
2834 3355 3102 3410 refrenata
3150 3354 3467 3424 prodigitur.
3502 3354 3569 3408 Et
3606 3356 3733 3408 dor-

2150 3448 2563 3517 mietis,,iuquit,
2598 3447 2650 3499 in
2701 3446 3066 3499 retributionis
3112 3454 3289 3499 autem
3337 3446 3517 3514 specie
3565 3446 3729 3501 etiam

2152 3539 2256 3594 hoc
2285 3538 2564 3608 Scriptura
2610 3553 2761 3591 sacra
2801 3537 2997 3605 posuit,
3029 3536 3281 3590 dormitio
3320 3537 3483 3599 enim,
3515 3544 3576 3589 ut
3610 3545 3737 3606 pote

2152 3628 2384 3696 requies,
2427 3643 2571 3681 mors
2596 3636 2904 3680 sanctorum
2932 3625 3127 3679 dicitur
3152 3639 3166 3677 :
3196 3625 3263 3677 Et
3288 3640 3389 3678 non
3411 3626 3527 3689 erit,
3557 3625 3645 3694 qui
3668 3641 3735 3679 ea

2152 3727 2288 3771 terra
2320 3726 2423 3770 eat.
2449 3715 2549 3782 Qui
2582 3717 2725 3770 enim
2756 3716 2835 3769 sic
2863 3715 2994 3768 vixit
3018 3714 3465 3783 quemadmodum
3496 3714 3549 3767 in
3576 3729 3734 3783 supe-

2155 3806 2387 3861 rioribus
2445 3806 2647 3860 dictum
2697 3814 2795 3868 est,
2848 3820 2953 3859 non
3005 3805 3223 3860 habebit
3263 3804 3355 3874 qui
3384 3818 3504 3858 eum
3534 3814 3737 3859 terreat

2154 3905 2396 3965 tempore
2453 3896 2661 3960 mortis,
2710 3910 2829 3966 quae
2881 3895 3035 3949 nobis
3089 3895 3340 3949 dormitio
3384 3902 3467 3949 est
3514 3903 3734 3965 propter

2153 4006 2304 4059 spem
2335 3998 2665 4042 mortuorum
2693 3988 3122 4043 resurrectionis.
3158 3985 3273 4041 Non
3303 3984 3519 4041 habebit
3550 3995 3734 4043 autem

2152 4080 2244 4149 qui
2267 4088 2554 4133 exterreat.
2581 4078 2720 4133 Nihil
2759 4079 2858 4133 sibi
2905 4080 3175 4133 conscius.
3199 4079 3264 4133 de
3292 4093 3397 4147 quo
3441 4086 3732 4135 terreatur.

2155 4168 2407 4235 Auferam
2452 4166 2618 4219 malas
2666 4166 2875 4231 bestias,
2913 4167 3161 4221 videlicet
3205 4168 3493 4222 dmmones.
3544 4169 3734 4224 Bestia

2155 4258 2298 4311 enim
2328 4266 2543 4311 suntex
2573 4256 2733 4309 simili
2772 4256 2976 4310 malitia
3003 4257 3237 4325 primum
3272 4257 3411 4310 sicut
3454 4258 3682 4317 latentes
3713 4276 3733 4313 ζ

2156 4349 2349 4404 deinde
2392 4355 2450 4401 ut
2496 4362 2764 4401 venenum
2802 4346 3137 4416 importahile
3165 4356 3218 4399 et
3246 4346 3583 4400 mortiferum
3631 4347 3730 4402 ha-

2159 4440 2366 4494 bentes.
2394 4435 2773 4508 Persequiinini
2823 4424 3057 4509 inimicos
3089 4447 3301 4491 vestros.
3350 4437 3465 4492 Non
3511 4449 3736 4507 possunt

476 4528 691 4597 derunt,
715 4527 1164 4598 quemadmodum
1193 4529 1439 4583 Ezechiel
1459 4529 1545 4583 cui
1573 4530 1640 4585 ab
1663 4530 1778 4599 ipso
1823 4531 1924 4585 hoc
1946 4530 2053 4585 Deo
2081 4516 2131 4574 D
2157 4532 2299 4587 enim
2333 4539 2455 4584 ante
2481 4530 2675 4584 faciem
2704 4544 2911 4595 eorum,
2951 4528 3041 4598 qui
3093 4529 3387 4585 secundum
3436 4529 3610 4598 legem
3658 4532 3733 4584 vi-

475 4626 803 4697 prtcceptum
830 4625 915 4673 est
944 4637 956 4672 :
988 4619 1079 4673 sed
1111 4628 1165 4672 et
1188 4618 1383 4674 Paulus
1398 4636 1490 4674 eos
1512 4621 1600 4689 qui
1624 4619 1678 4675 iu
1701 4621 1819 4691 lege
1847 4631 1900 4676 et
1925 4622 2055 4676 Pro-

476 4710 653 4780 pbetis
678 4708 1119 4777 ‘justiﬁcatisunt
1148 4724 1422 4780 exponens
1458 4709 1667 4765 dicebat
1694 4728 1708 4765 :
1738 4714 2054 4765 circuierunt

476 4801 532 4853 in
580 4799 778 4853 melotis
829 4809 877 4852 et
912 4798 965 4851 in
1000 4798 1219 4867 pellibus
1249 4800 1497 4869 caprinis,
1544 4799 1826 4867 humiliati,
1860 4801 2051 4871 afﬂicti,

476 4888 662 4957 quibus
691 4886 878 4957 dignus
905 4904 1006 4940 non
1048 4896 1159 4940 erat
1208 4887 1454 4940 mundus.
1503 4886 1633 4940 illud
1674 4899 1855 4943 autem
1887 4891 2058 4958 magis

478 4976 759 5031 intendere
788 4977 840 5030 in
878 4976 963 5031 his
992 4991 1110 5045 qua:
1140 4976 1282 5030 dicta
1311 4984 1434 5031 sunt
1461 4986 1690 5047 oportet,
1718 4978 1842 5047 quia
1869 4989 2049 5034 custo-

478 5062 749 5119 dientibus
790 5064 885 5119 De'i
937 5064 1213 5129 mandata,
1270 5066 1487 5134 triginta
1540 5067 1942 5123 henedictiones
2000 5070 2052 5122 in

480 5155 733 5223 praesenti
772 5154 857 5209 lex
898 5157 1097 5225 posuit.
1140 5156 1229 5210 Sic
1257 5158 1399 5212 enim
1434 5173 1525 5213 eas
1563 5146 1788 5213 numero
1818 5160 2055 5214 invenies

481 5262 913 5316 unamquamque
939 5248 1362 5302 benedictionem
1397 5246 1584 5303 ah‘alia
1606 5266 1701 5319 per
1726 5250 2054 5318 conjuncti0~

481 5351 605 5390 nem
635 5334 688 5388 in
716 5338 1051 5405 septuaginta
1075 5338 1307 5392 editione
1332 5339 1659 5403 discernens,
1690 5340 1814 5407 quia
1847 5349 1925 5393 tot
1956 5357 2051 5392 an-

481 5443 672 5482 norum
689 5429 926 5481 existens
949 5430 1224 5493 Dominus,
1244 5431 1309 5484 de
1335 5446 1440 5497 quo
1468 5432 1539 5484 ait
1560 5431 1770 5495 Paulus,
1796 5444 1849 5485 ut
1884 5450 2057 5486 occur-

486 5533 660 5571 ramus
687 5533 862 5570 omnes
889 5519 943 5570 in
971 5520 1134 5570 virum
1157 5520 1439 5587 perfectum
1466 5521 1518 5571 in
1560 5538 1854 5574 mensuram
1886 5524 2056 5575 wtatis

479 5608 817 5677 plenitudinis
840 5607 1050 5672 Christi,
1077 5610 1220 5663 venit
1242 5612 1306 5663 ad
1335 5610 1655 5679 baptismum
1686 5620 1949 5679 quatenus
1973 5612 2057 5664 do-

488 5698 719 5753 nationis
741 5698 1123 5767 perfectionem
1147 5716 1240 5769 per
1277 5710 1486 5755 aetatem
1510 5718 1669 5771 quam
1697 5716 1860 5770 agens
1882 5703 2055 5770 bapti‘

2154 4627 2310 4685 vunt,
2344 4629 2509 4674 stare.
2539 4618 2609 4671 Et
2640 4627 2881 4671 corruent
2929 4633 3107 4671 coram
3157 4618 3314 4672 vobis.
3366 4618 3480 4684 Qua
3529 4621 3736 4674 morte?

2158 4730 2276 4783 qum
2302 4721 2386 4768 est
2413 4712 2599 4781 utique
2629 4725 2724 4780 per
2743 4709 3007 4778 jejunium
3040 4718 3093 4763 et
3113 4711 3430 4771 orationem,
3466 4710 3567 4765 hoc
3591 4711 3738 4765 enim

2160 4805 2317 4859 modo
2366 4803 2541 4856 nostri
2590 4800 2949 4871 intelligibiles
3000 4801 3201 4855 inimici
3227 4802 3496 4855 dtemones
3551 4801 3735 4856 interi-

2159 4901 2398 4955 muntur,
2429 4898 2486 4944 ut
2516 4904 2853 4959 nequaquam
2886 4890 3025 4943 ultra
3053 4897 3240 4944 contra
3287 4904 3386 4943 nos
3412 4889 3620 4958 possint
3649 4904 3733 4945 re-

2158 4983 2418 5037 viviscere
2447 5000 2458 5033 :
2490 4979 2868 5050 Persequentur
2888 4980 3111 5049 quinque
3134 4979 3196 5032 de
3219 4978 3355 5032 vobis
3382 4987 3584 5031 centum
3613 4978 3735 5032 alic-

2160 5088 2251 5125 nos
2283 5086 2299 5122 :
2328 5072 2463 5133 sive,
2509 5078 2565 5124 ut
2605 5069 2957 5141 Septuaginta
3003 5068 3409 5131 transtulerunt,
3481 5068 3729 5137 expellant

2158 5162 2529 5231 quinquaginta
2567 5171 2771 5213 centum
2824 5160 3011 5213 millia.
3060 5159 3454 5229 Quinquaginta
3505 5158 3733 5214 dicimus

2160 5250 2457 5317 spiritalem
2500 5250 2793 5311 hominem,
2832 5249 2955 5317 quia
2988 5249 3069 5301 die
3109 5248 3453 5302 Pentecostes
3502 5247 3733 5316 Spiritus

2160 5340 2223 5392 de
2254 5339 2387 5392 coelo
2414 5339 2708 5393 descendit.
2747 5338 2887 5406 Ergo
2914 5337 3171 5407 spiritalis
3210 5337 3295 5390 ille
3331 5336 3542 5405 qualem
3596 5336 3729 5390 Pau-

2160 5433 2240 5485 lus
2270 5430 2505 5491 dicebat,
2536 5428 2799 5498 Spiritalis
2830 5442 3000 5482 autem
3029 5429 3235 5498 judicat
3272 5430 3470 5492 omnia,
3496 5438 3544 5480 et
3573 5430 3675 5495 ipse
3700 5446 3731 5480 a

2162 5523 2363 5576 nemine
2387 5523 2665 5589 judicatur
2706 5538 2721 5573 :
2766 5522 2819 5575 id
2858 5531 2959 5587 est,
2989 5522 3076 5589 qui
3111 5522 3391 5575 soicntiam
3443 5520 3730 5588 perfectam

2164 5613 2321 5665 habet
2354 5612 2417 5662 ad
2448 5610 2695 5663 subtilem
2727 5626 2911 5663 eorum
2941 5627 3058 5679 qum
3109 5611 3313 5679 agenda
3360 5620 3485 5662 sunt
3534 5610 3734 5663 (ἰίςριυ-

2164 5705 2387 5768 tionem,
2423 5703 2505 5756 hic
2537 5702 2778 5771 quamvis
2816 5702 3045 5757 validum
3086 5703 3399 5765 danuouem,
3434 5700 3582 5755 verbi
3617 5716 3731 5773 gra-
