3946 6322
205 362 301 418 Si“

212 564 353 625 latur
377 574 602 634 prapter
629 565 1022 619 multitudinem
1043 565 1410 621 obedientium
1447 569 1495 622 ci
1532 567 1796 621 malorum

213 655 513 725 spirituum
559 665 615 710 et
672 658 1074 726 cooperantium
1126 658 1267 713 valet
1319 673 1577 727 superare
1638 666 1800 726 atque

216 744 453 803 vincere.
496 744 565 798 Et
604 755 809 798 centum
842 761 870 798 e
912 746 1048 799 vobis
1075 731 1250 801 decem
1294 747 1481 801 millia.
1525 748 1627 815 Qui
1654 748 1799 802 enim

216 850 325 891 non
367 834 538 890 solum
574 835 853 891 scientiam
893 838 1055 893 habet
1092 839 1378 904 subtilem,
1429 840 1521 894 sed
1552 847 1607 894 et
1632 840 1799 893 vitam

212 925 513 997 perfectam
556 935 718 995 atque
758 939 1181 983 consummatam
1223 946 1238 983 :
1282 930 1371 997 hic
1416 929 1611 999 duplex
1668 946 1802 1000 quo—

215 1014 507 1070 dammodo
536 1017 794 1087 spiritalis
820 1026 922 1082 est,
954 1027 1008 1073 et
1043 1029 1328 1090 propterea
1360 1021 1672 1076 centenario
1703 1037 1801 1075 nn—

213 1121 372 1161 mero
393 1107 715 1164 horrendius
744 1120 847 1175 est,
877 1112 1018 1167 sicut
1052 1113 1318 1182 duplicem
1356 1112 1591 1169 fructum
1623 1113 1803 1169 ferens

212 1199 271 1253 in
302 1201 494 1271 spiritu
522 1212 684 1273 atque
709 1205 1027 1275 perfectum.
1055 1206 1146 1260 Ait
1172 1208 1317 1262 enim
1344 1226 1357 1261 :
1387 1208 1457 1263 Et
1487 1208 1671 1261 cadent
1700 1208 1803 1260 ini-

209 1293 336 1348 mici
373 1296 527 1355 vestri
553 1298 608 1349 in
642 1308 911 1365 conspectu
960 1310 1124 1351 vestro
1170 1298 1367 1369 gladio.
1419 1300 1574 1354 Illum
1618 1300 1803 1373 dicens

210 1400 377 1455 quem
408 1386 605 1442 Paulus
629 1390 705 1443 sic
730 1388 971 1444 scribens
998 1393 1245 1460 exposuit
1276 1410 1288 1445 :
1322 1391 1457 1447 Cum
1486 1392 1629 1446 enim
1656 1392 1803 1460 prius

210 1474 443 1535 dixisset
472 1478 807 1531 inimicorum
832 1478 1021 1542 millia,
1050 1479 1103 1533 id
1136 1491 1235 1543 est,
1266 1498 1369 1534 non
1414 1489 1489 1534 est
1519 1481 1664 1534 nobis
1691 1480 1800 1534 col-

208 1563 431 1619 luctatio
461 1570 706 1622 adversus
732 1586 940 1621 carnem
972 1581 1018 1623 et
1047 1573 1354 1639 sanguinem
1382 1585 1399 1623 :
1430 1572 1522 1626 sed
1556 1572 1803 1625 adversus

207 1656 473 1727 principes
505 1670 550 1711 et
579 1670 878 1729 potestates,
908 1662 1157 1715 adversus
1189 1663 1370 1715 mundi
1400 1674 1617 1717 rectores
1656 1674 1801 1716 tene—

209 1746 429 1800 brarum
459 1749 667 1813 harum,
697 1752 942 1804 adversus
968 1752 1223 1821 spiritalia
1248 1754 1488 1821 nequitia'
1508 1756 1558 1807 in
1588 1752 1803 1806 caelesti—

1317 366 1623 422 llOMthE
1666 366 1733 433 IN
1774 366 2024 423 EVANG.
2072 366 2158 422 ET
2200 365 2414 421 EPIST.

211 477 283 529 tia
312 473 403 544 qui
432 483 513 529 est
553 491 617 530 ex
648 476 727 529 cis
764 489 924 544 supra
955 483 1189 541 centum,
1223 485 1276 530 et
1303 478 1395 546 qui
1429 478 1589 547 Legio
1621 475 1795 546 appeL
1835 483 1881 538 Α

2458 474 2738 530 HOMIIJA
2778 474 2929 529 XCII.

2446 582 2497 619 IN
2532 582 2707 619 EODEﬂ
2747 584 2933 621 Ριῖετυ.

2002 655 2188 710 Lectio
2212 655 2463 725 Epistula:
2486 656 2545 707 Β.
2570 655 2720 709 Pauli
2748 657 2972 726 apostoli
2999 656 3063 710 ad
3088 654 3381 712 Romanos.

1970 747 2207 812 Fratres,
2223 747 2503 818 justiﬁcati
2515 765 2577 801 ex
2596 749 2908 818 ﬁde,pacem
2929 750 3213 803 habeamus
3235 751 3304 804 ad
3323 750 3490 806 Deum

1899 857 1991 911 per
2018 839 2304 893 Dominum
2332 848 2566 892 nostrum
2596 838 2779 892 Iesum
2807 836 3097 904 Christum,
3134 851 3239 896 etc.

1968 930 2101 985 Cum
2161 937 2519 999 pertractaret
2557 928 2833 998 apostolus
2888 928 3085 983 Paulus
3133 930 3275 999 quod
3325 943 3487 985 nemo

1902 1035 1967 1075 ex
1994 1019 2246 1089 operibus
2273 1020 2470 1073 veteris
2492 1018 2622 1087 legis
2644 1017 2823 1073 salvus
2846 1017 2958 1071 ﬁeri
2990 1020 3266 1087 potuisset,
3296 1018 3492 1087 adj‘un.

1901 1110 1980 1164 xit
2000 1110 2143 1181 quod
2170 1110 2222 1163 in
2248 1110 2500 1178 prmsenti
2535 1109 2763 1164 lectione
2794 1109 3036 1162 audistis.
3067 1108 3353 1180 Justiﬁcati
3382 1113 3483 1182 igi-

1901 1213 1988 1257 tur
2019 1218 2084 1255 ea:
2122 1200 2248 1270 ﬁde,
2292 1201 2357 1255 ad
2398 1201 2705 1270 exemplum
2744 1200 2977 1255 Abrahte
3016 1200 3168 1268 cujus
3227 1203 3322 1257 ﬁlii
3368 1219 3493 1260 esse

1902 1308 2090 1347 omnes
2123 1292 2377 1345 dicuntur
2416 1291 2631 1355 ﬁdeles,
2672 1293 2797 1361 quia
2847 1291 3121 1359 Abraham
3182 1300 3335 1361 pater
3372 1306 3489 1347 om-

1902 1384 2051 1439 nium
2084 1384 2421 1438 credentium
2462 1384 2866 1452 interpretatur.
2910 1384 3025 1451 Qua
3058 1386 3271 1440 ratione
3300 1394 3488 1441 osten-

1904 1475 2048 1530 ditur
2074 1476 2215 1544 quod
2260 1474 2402 1528 nulla
2435 1474 2650 1545 generis
2692 1474 2972 1531 nobilitate
3020 1476 3491 1544 quisjustiﬁcabi—

1906 1571 1994 1623 tur
2021 1576 2146 1620 ante
2177 1565 2367 1629 Deum,
2398 1565 2509 1622 nisi
2542 1565 2634 1636 qui
2684 1574 2833 1621 recte
2883 1566 3173 1621 crediderit
3224 1569 3273 1620 in
3318 1552 3491 1623 Deum

1905 1652 2119 1708 Patrem
2170 1663 2225 1709 et
2254 1642 2447 1709 Filiam
2476 1664 2531 1709 et
2578 1655 2837 1724 Spiritum
2868 1665 3135 1724 sanctum,
3171 1668 3409 1713 sanctam
3437 1668 3495 1713 et

1906 1743 2233 1799 individuam
2274 1744 2591 1798 Trinitatem
2627 1762 2792 1800 unum
2828 1747 2995 1801 Deum
3026 1763 3145 1803 esse
3173 1750 3332 1805 unius
3358 1749 3487 1808 sub-

210 1838 334 1902 bus,
386 1838 671 1903 subiul‘crt,
719 1850 991 1911 propterea
1034 1842 1250 1910 accipite
1299 1852 1624 1895 armaturam
1674 1841 1800 1905 Dei,
1836 1840 1877 1897 Β
1907 1834 2121 1887 Stantia!
2150 1843 2204 1887 el
2236 1833 2396 1887 unius
2424 1833 2723 1901 maiestatis
2748 1836 2804 1888 in
2834 1837 3083 1891 omnibus
3116 1846 3169 1893 et
3192 1854 3287 1908 per
3308 1840 3489 1894 omnia

209 1944 375 1999 quam
415 1930 689 2001 sigillatim
718 1932 1069 1987 dinumerans
1090 1934 1164 1986 ait
1189 1950 1202 1986 :
1227 1942 1272 1985 et
1304 1931 1534 2002 gladium
1568 1933 1801 2001 spiritus,

211 2018 359 2087 quod
398 2028 483 2073 est
509 2020 730 2073 verbum
758 2020 872 2075 Dei.
903 2019 1195 2091 Respiciam
1229 2038 1333 2077 vos.
1366 2021 1503 2088 Quid
1533 2030 1615 2076 est
1657 2022 1803 2076 enim

214 2106 412 2162 melius
443 2124 602 2177 quam
628 2109 822 2178 respici
854 2124 884 2163 a
937 2110 1044 2165 Deo
1077 2128 1090 2163 :
1124 2110 1275 2179 cujus
1322 2122 1602 2180 respectus
1656 2112 1804 2166 salus

211 2206 331 2264 est,
374 2198 685 2253 adversario
726 2209 902 2255 autem
944 2216 1091 2255 mors
1120 2208 1219 2257 est.
1257 2194 1323 2254 Et
1356 2218 1580 2256 crescere
1607 2201 1801 2271 faciam

211 2296 263 2340 et
299 2286 797 2357 multiplicabimini.
850 2290 1025 2361 Auget
1065 2307 1162 2345 nos
1208 2292 1423 2361 quidem
1473 2308 1593 2347 cum
1637 2307 1801 2363 parva

213 2376 356 2431 bona
384 2392 503 2447 qua:
540 2378 750 2455 agimus
779 2380 1009 2433 maxima
1042 2380 1169 2435 facit
1198 2396 1477 2450 apparere.
1512 2379 1802 2437 Cautedetis

213 2468 569 2523 vetustissima
592 2479 841 2534 veterum,
873 2470 1011 2535 sive,
1040 2480 1101 2524 ut
1126 2469 1476 2541 Septuaginta
1510 2472 1802 2527 transtule-

216 2564 407 2622 runta,
432 2558 485 2612 id
506 2568 609 2623 est,
637 2574 755 2627 quae
777 2560 929 2613 vobis
957 2574 1053 2630 per
1082 2560 1253 2631 legem
1278 2568 1331 2614 et
1361 2562 1655 2629 prophetas
1682 2576 1807 2632 pro-

217 2649 383 2703 missa
415 2660 562 2703 sunt.
595 2650 659 2703 Et
682 2659 861 2704 vetera
892 2658 1133 2705 veterum
1166 2668 1178 2703 :
1205 2666 1323 2719 quae
1344 2666 1441 2720 per
1464 2652 1804 2721 patriarchas

217 2740 276 2795 in
304 2755 489 2795 eorum
518 2740 978 2796 benedictionibus
1014 2741 1277 2811 promisit.
1325 2740 1391 2794 Et
1437 2752 1607 2796 vetera
1660 2742 1804 2795 novis

214 2831 698 2900 supervenientibus
726 2832 1035 2901 projicietis.
1080 2832 1210 2898 Quae
1239 2840 1365 2898 sunt
1412 2847 1549 2887 nova
1585 2851 1597 2885 :
1630 2833 1805 2887 Eran-

217 2920 391 2991 gelica
423 2920 663 2986 scilicet;
716 2937 838 2975 nam
876 2937 999 2976 cum
1050 2923 1284 2977 maxima
1325 2923 1435 2977 sint
1468 2938 1528 2977 ea
1560 2939 1681 2992 qua:
1708 2940 1804 2994 per

218 3013 591 3080 patriarchas,
624 3012 792 3083 legem
828 3021 880 3067 et
919 3014 1210 3082 prophetas
1242 3014 1475 3083 pollicita
1527 3024 1672 3078 sunt,
1726 3024 1803 3068 ta-

218 3118 345 3159 men
374 3120 471 3175 per
494 3104 838 3177 Evangelium
870 3108 1132 3178 promissa
1163 3107 1364 3176 majora
1394 3116 1550 3173 sunt;
1585 3117 1803 3177 propter

1903 1925 2195 1994 coaequalis
2229 1943 2241 1978 :
2275 1942 2379 1995 qua
2409 1928 2617 1983 ratione
2644 1928 2897 1983 conclusa
2941 1945 3127 1999 pacem
3161 1947 3261 1988 nos
3288 1934 3489 1989 habere

1902 2014 2169 2081 hortatur,
2202 2017 2387 2071 dicens
2417 2032 2430 2070 :
2458 2015 2649 2076 Pacem
2678 2019 2961 2074 habeamus
2992 2022 3059 2074 ad
3082 2021 3246 2076 Deum
3269 2040 3363 2093 per
3385 2023 3491 2076 Do—

1904 2107 2103 2158 minum
2131 2117 2366 2161 nostrum
2388 2106 2571 2162 Iesum
2593 2108 2860 2173 Christum
2893 2125 2909 2163 :
2938 2113 3064 2181 quia
3093 2113 3256 2169 nullis
3287 2116 3487 2171 nostris

1902 2195 2134 2262 meritis,
2158 2198 2252 2252 sed
2278 2213 2468 2254 omnes
2492 2200 2586 2254 Dei
2618 2216 2813 2270 magna
2839 2204 3011 2273 gratia
3031 2213 3086 2258 et
3114 2206 3487 2261 misericordia

1903 2286 2067 2342 simul
2102 2288 2315 2355 salvati,
2349 2288 2471 2345 ideo
2503 2290 2729 2360 subjecti
2760 2308 2878 2349 esse
2903 2296 3163 2351 debemus
3190 2298 3301 2353 Deo
3326 2307 3379 2353 et
3399 2315 3492 2369 pa-

1902 2391 2019 2432 cem
2066 2378 2161 2432 Dei
2192 2394 2296 2433 non
2334 2388 2541 2435 tantum
2584 2386 2755 2438 sancti
2808 2386 3037 2441 invicem
3089 2391 3383 2455 coetodire,
3434 2400 3493 2447 et

1903 2468 2160 2522 concordi
2208 2469 2350 2523 inter
2385 2485 2485 2525 nos
2514 2472 2696 2527 vivere
2744 2474 3027 2541 charitate,
3058 2482 3190 2548 quia
3218 2496 3407 2537 omnes
3434 2482 3487 2536 in

1904 2555 2119 2611 Christo
2148 2556 2344 2613 fratres
2373 2575 2558 2616 sumus
2598 2576 2893 2634 omnesque
2931 2584 3039 2621 uno
3066 2572 3249 2639 pretio
3281 2570 3488 2629 Christi

1903 2650 2183 2720 sanguinis
2209 2651 2475 2721 redempti
2504 2668 2706 2710 sumus.
2741 2656 2993 2729 Sequitur
3019 2678 3031 2713 :

1974 2738 2082 2795 Per
2101 2757 2252 2811 quem
2280 2750 2328 2796 et
2345 2758 2607 2803 accessum
2622 2745 2868 2801 habemus
2890 2766 2982 2818 per
3000 2750 3156 2817 ﬁdem
3180 2753 3234 2806 in
3251 2753 3484 2829 gratiam

1902 2833 2059 2887 istam
2089 2834 2142 2887 in
2169 2850 2272 2905 qua
2300 2849 2518 2890 stamus.
2554 2837 2690 2903 Quia
2720 2854 2815 2908 per
2854 2841 3157 2910 passionem
3210 2844 3409 2899 Christi
3434 2854 3489 2901 et

1904 2932 2169 2989 mortem,
2209 2934 2369 2995 atque
2408 2928 2863 2984 resurrectionem
2902 2940 2952 2985 et
3008 2934 3377 2990 ascensionem
3435 2938 3489 2992 in

1905 3015 2142 3071 humana
2175 3032 2339 3071 carne
2389 3019 2453 3072 ad
2499 3020 2664 3075 cmlos
2694 3037 2790 3077 nos
2836 3038 3112 3077 accessum
3138 3026 3399 3082 habemus
3425 3029 3491 3083 ad

1905 3107 2073 3161 Deum
2112 3116 2166 3161 et
2207 3108 2540 3165 reconciliati
2579 3127 2765 3171 sumus
2802 3112 2910 3167 Deo
2941 3112 3171 3171 fideliter
3196 3117 3248 3171 in
3301 3120 3492 3174 eadem

222 3199 369 3267 quod
395 3199 584 3252 horum
617 3199 1017 3268 comparatione
1050 3198 1140 3254 illa
1186 3215 1216 3253 a
1238 3200 1392 3265 nobis
1427 3200 1691 3271 superflua
1714 3201 1801 3269 ju-
1828 3184 1872 3246 C
1902 3213 2008 3267 qua
2063 3198 2326 3267 redempti
2364 3214 2549 3254 sumus
2579 3202 2747 3271 gratia
2793 3220 2806 3257 :
2836 3205 2880 3257 si
2936 3205 2986 3256 in
3019 3205 3175 3276 digna
3202 3223 3494 3265 conversa-

221 3287 492 3341 dicantur.
524 3286 665 3341 Ecce
699 3288 843 3340 enim
873 3287 1166 3357 capitulum
1192 3290 1335 3358 quod
1357 3297 1526 3343 totam
1581 3290 1803 3344 benedi-

221 3374 460 3430 ctionem
501 3376 785 3433 conﬁrmat
830 3375 992 3430 infert
1021 3395 1034 3430 :
1072 3377 1123 3431 id
1153 3386 1258 3442 est,
1288 3393 1405 3446 qua:
1439 3393 1536 3447 per
1562 3379 1806 3450 Evange—

224 3469 359 3523 lium
389 3479 507 3524 acta
544 3479 670 3526 sunt
697 3480 752 3525 et
776 3472 990 3541 impleta
1015 3487 1113 3541 per
1137 3473 1388 3540 gratiam,
1413 3472 1808 3543 Aponamtaber—

222 3560 471 3616 naculum
490 3577 656 3614 meum
678 3562 732 3614 in
752 3562 919 3615 medio
941 3563 1124 3625 vestri;
1144 3561 1224 3617 vel
1249 3562 1406 3629 sicut,
1423 3562 1771 3633 Septuaginta
1791 3578 1804 3615 :

222 3654 541 3709 constituam
582 3661 943 3707 testamentum
979 3670 1147 3707 meum
1207 3655 1495 3719 vobiscum,
1543 3654 1683 3723 quod
1727 3662 1811 3708 est

222 3743 331 3798 hoc
362 3744 412 3795 in
439 3758 543 3811 quo
580 3757 715 3795 nova
743 3742 1018 3810 praemisit,
1052 3742 1204 3813 cujus
1234 3744 1312 3798 sic
1346 3744 1607 3813 prapheta
1657 3742 1808 3799 Jcrc—

227 3835 365 3889 mias
404 3831 719 3886 memoriam
762 3830 907 3894 facit,
946 3841 994 3885 et
1036 3836 1346 3885 constituam
1365 3832 1503 3885 vobis
1535 3840 1812 3885 testamen-

225 3937 337 3979 tum
368 3939 580 3989 nommt,
608 3940 709 3977 non
732 3924 1013 3978 secundum
1040 3932 1402 3977 testamentum
1449 3923 1587 3992 quod
1637 3922 1813 3992 dispo—

224 4020 312 4073 sui
357 4020 594 4088 patribus
645 4019 843 4072 vestris.
903 4016 997 4072 His
1045 4017 1187 4071 enim
1227 4016 1511 4085 conjuncta
1561 4023 1704 4079 sunt,
1759 4023 1815 4070 et

226 4127 348 4181 quin
376 4119 675 4181 sequuntur
704 4110 960 4164 maxime.
996 4108 1064 4164 Et
1092 4126 1197 4171 non,
1222 4108 1616 4169 abominabitur.
1634 4108 1813 4162 anima

226 4218 342 4257 mea
371 4218 481 4255 vos.
506 4202 755 4255 Animam
782 4215 933 4255 suam
956 4199 1097 4253 Deus
1114 4198 1439 4253 voluntatem
1468 4214 1619 4253 suam
1645 4198 1811 4252 dicit:

229 4287 521 4341 Ambulabo
553 4287 686 4340 inter
708 4303 794 4339 vos
821 4294 869 4340 et
893 4302 981 4339 ero
1028 4294 1189 4337 uester
1232 4283 1396 4347 Deus,
1440 4299 1625 4352 vosque
1669 4282 1813 4335 eritis

230 4379 454 4449 populus
480 4393 644 4431 meus.
677 4376 878 4448 Aperte
906 4385 1085 4430 autem
1126 4374 1288 4429 etiam
1326 4375 1441 4430 haec
1470 4390 1499 4429 a
1546 4373 1814 4443 Propheta

229 4470 489 4541 praedicta
527 4469 667 4524 sicut
714 4468 1063 4539 Septuaginta
1110 4466 1276 4521 editio
1327 4466 1568 4521 continet
1615 4464 1813 4533 scripta

232 4567 376 4624 sunt,
410 4559 499 4614 hic
523 4559 665 4612 Deus
684 4566 864 4613 vester
890 4572 993 4611 non
1020 4556 1353 4625 reputabitur
1379 4552 1517 4610 alius
1545 4553 1612 4607 ad
1662 4566 1808 4618 eum,

233 4650 472 4722 posthaec
502 4649 556 4703 in
586 4656 728 4703 terra
761 4648 905 4702 visus
937 4655 1038 4713 est,
1070 4657 1125 4701 et
1160 4662 1282 4701 eum
1325 4646 1633 4700 hominibus
1681 4658 1811 4699 con-

234 4750 482 4797 versatus
520 4748 626 4804 est,
672 4739 815 4808 quod
838 4754 943 4791 non
997 4738 1195 4809 egisset
1226 4737 1270 4790 si
1305 4751 1404 4790 nos
1445 4742 1807 4791 aversaretur.

237 4834 351 4888 Non
377 4848 509 4903 ergo
536 4846 637 4886 nos
666 4829 1003 4885 abominatus
1026 4837 1129 4893 est,
1178 4828 1355 4883 sedet
1388 4824 1720 4881 inambulare
1754 4825 1809 4879 in

238 4924 391 4978 nobis
428 4936 527 4991 per
567 4934 787 4976 carnem
828 4917 1026 4983 voluit,
1072 4927 1127 4973 et
1158 4916 1274 4971 ﬁeri
1310 4925 1494 4971 noster
1520 4915 1659 4969 Deus
1688 4929 1810 4968 cum

238 5023 381 5067 esset
408 5021 463 5065 et
489 5012 679 5083 prius;
710 5010 807 5065 sed
836 5009 1044 5080 ignotus
1085 5008 1209 5079 quia
1249 5022 1349 5062 nos
1380 5006 1555 5061 errori
1592 5004 1815 5073 conjun-

236 5105 308 5160 cti
337 5077 555 5158 eramus
589 5120 602 5154 :
637 5077 820 5171 postea
858 5077 1035 5154 autem
1073 5077 1170 5169 per
1206 5098 1435 5168 gratiam
1466 5097 1585 5166 ejus
1617 5112 1647 5151 a
1684 5112 1813 5167 pec-

238 5196 374 5250 catis
396 5192 565 5249 abluti
592 5200 651 5246 ct
676 5191 829 5245 donis
850 5190 1104 5255 virtutum
1117 5188 1453 5243 abundanter
1484 5188 1674 5259 repleti
1697 5203 1817 5259 per-

238 5286 519 5341 veniemus
542 5282 925 5350 sempiternam
953 5278 1018 5335 ad
1056 5278 1251 5335 lucem.

1907 3289 2053 3344 tione
2100 3297 2155 3343 et
2204 3298 2350 3343 recta
2403 3290 2504 3345 ﬁde
2535 3294 2781 3362 cupimus
2830 3311 3167 3364 permanere.
3222 3298 3493 3365 Quoniam

1907 3391 2005 3433 nos
2050 3392 2234 3434 omnes
2283 3380 2374 3447 qui
2406 3395 2621 3435 eramus
2666 3382 2818 3454 longe
2849 3399 2877 3437 a
2913 3386 3020 3439 Deo
3060 3402 3156 3455 per
3192 3392 3492 3457 peccatum,

1906 3483 2004 3537 per
2029 3468 2229 3523 Christi
2273 3471 2502 3539 gratiam
2531 3471 2659 3527 facti
2691 3490 2875 3528 sumus
2899 3489 3065 3543 prope
3111 3494 3123 3529 :
3171 3486 3224 3531 et
3248 3478 3496 3545 quiante

1900 3557 2169 3627 jaeuimus
2195 3560 2247 3612 in
2284 3569 2478 3626 morte,
2510 3574 2653 3615 nunc
2682 3562 2749 3616 ad
2782 3562 3051 3617 Christum
3096 3567 3263 3620 erecti
3310 3583 3494 3622 sumus

1907 3656 1962 3702 et
1989 3655 2196 3702 stamus
2221 3649 2272 3702 in
2306 3650 2437 3714 vita,
2464 3653 2507 3705 si
2539 3651 2590 3703 in
2616 3654 2897 3723 praeceptis
2918 3655 3033 3723 ejus
3062 3670 3492 3724 pcrmaneamus.

1980 3738 2047 3791 Et
2071 3738 2361 3807 gloriamur
2386 3744 2441 3796 in
2462 3758 2551 3811 spe
2583 3740 2764 3811 gloria:
2792 3743 3026 3810 ﬁliorum
3058 3745 3171 3797 Dei.
3204 3745 3337 3811 Quia
3374 3762 3499 3817 spe-

1910 3847 2091 3886 ramus
2125 3848 2223 3901 per
2263 3835 2601 3903 adoptionem
2653 3836 2839 3904 gratire
2881 3835 2971 3888 Dei
3002 3839 3127 3905 quia
3168 3853 3355 3893 sumus
3383 3840 3499 3895 D60

1910 3923 1963 3977 in
1995 3923 2133 3979 ﬁlios
2161 3926 2485 3994 computati;
2519 3936 2774 3978 aeternam
2798 3924 3023 3995 gloriam
3055 3926 3216 3981 simul
3254 3944 3377 3983 cum
3426 3943 3501 3985 eo

1911 4022 1966 4069 et
1990 4016 2241 4070 omnibus
2264 4016 2467 4070 sanctis
2496 4013 2612 4087 ejus
2641 4032 2740 4071 nos
2765 4031 3127 4087 possessuros.

1992 4106 2115 4160 Non
2140 4103 2311 4159 solum
2338 4114 2534 4170 autem,
2561 4106 2651 4158 sed
2680 4114 2729 4159 et
2756 4105 3044 4176 gloriantur
3066 4108 3121 4160 in
3144 4106 3499 4164 tribulationic

1913 4195 2026 4261 bus,
2051 4195 2269 4249 scientes
2292 4195 2432 4265 quod
2464 4195 2734 4249 tribulatio
2761 4197 3066 4265 patientiam
3101 4208 3367 4267 operatur,
3402 4216 3501 4269 pa-

1914 4285 2094 4338 tientia
2120 4294 2291 4338 autem
2312 4285 2689 4353 probationem.
2717 4287 2811 4341 Dei
2838 4302 3069 4356 namque
3098 4288 3282 4344 ﬁdeles
3315 4297 3369 4343 et
3407 4290 3500 4343 de-

1914 4378 2024 4430 voti
2070 4369 2274 4441 famuli,
2322 4392 2427 4431 non
2478 4378 2651 4433 solum
2694 4380 2747 4434 in
2771 4394 2863 4449 spe
2894 4388 3109 4435 aeterna:
3149 4380 3500 4436 beatitudinis

1917 4465 2232 4539 gloriantur,
2263 4466 2355 4520 sed
2394 4466 2561 4536 etiam
2588 4468 2641 4521 in
2670 4466 3036 4523 saluberrimis
3058 4469 3497 4525 tribulationibus

1916 4553 2337 4624 magnitudinem
2360 4554 2563 4625 praemii
2582 4556 2945 4622 considerant,
2969 4558 3108 4611 sicut
3126 4556 3356 4612 Iacobus
3378 4558 3455 4612 ait
3480 4576 3493 4611 :

1916 4644 2081 4699 Omne
2107 4644 2359 4714 gaudium
2386 4646 2696 4713 existimate,
2724 4647 2931 4715 fratres,
2960 4664 3081 4701 cum
3104 4649 3157 4702 in
3188 4650 3495 4708 tentationes

1911 4742 1965 4789 et
1988 4735 2359 4790 tribulationes
2388 4738 2559 4790 varias
2578 4752 2677 4806 pro
2698 4736 2898 4793 Christi
2928 4740 3142 4794 nomine
3176 4740 3489 4805 incidentis,

1910 4826 2037 4895 quia
2072 4826 2416 4880 adversitatis
2442 4827 2791 4894 sustinentia,
2831 4843 2951 4898 quae
2992 4830 3049 4883 ﬁt
3076 4841 3298 4901 propter
3323 4830 3493 4886 Deum

1915 4932 2171 4989 magnum
2202 4928 2479 4988 exspectat
2532 4920 2788 4989 gaudium
2838 4921 2892 4975 in
2936 4920 3138 4987 futuro,
3190 4923 3337 4996 unde
3365 4940 3498 4995 gau-

1914 5006 2043 5062 dere
2064 5008 2318 5081 debemus
2341 5008 2540 5078 aliquid
2569 5010 2678 5079 pati
2701 5025 2797 5080 pro
2818 5011 3035 5066 nomine
3064 5011 3157 5067 Dei
3188 5032 3202 5066 :
3228 5022 3287 5066 ut
3312 5015 3501 5083 acqui-

1916 5113 2099 5153 ramus
2127 5098 2191 5153 de
2222 5098 2567 5154 tribulatione
2595 5098 2826 5155 ﬁnienda
2871 5102 3151 5171 praemium
3204 5102 3493 5158 inﬁnitum.

1916 5185 1973 5241 ln
2024 5188 2457 5242 consideratione
2499 5189 2645 5243 enim
2684 5191 3029 5259 praemiorum
3069 5191 3273 5246 nullum
3309 5207 3499 5262 possu-

1918 5297 2037 5335 mus
2062 5282 2383 5351 condignum
2422 5283 2693 5338 aestimare
2741 5285 2997 5339 laborem.
3048 5283 3319 5358 Habemus
3351 5286 3497 5341 enim

1918 5374 2059 5444 quod
2106 5373 2331 5428 honeste
2385 5374 2678 5446 gloriemur
2718 5390 2782 5430 ac
2824 5376 2943 5431 sine
3000 5374 3259 5444 periculo.
3306 5374 3497 5447 Magna

1916 5466 2061 5522 enim
2108 5466 2278 5537 gloria
2315 5469 2487 5523 estde
2534 5467 2657 5522 imis
2682 5467 2749 5522 ad
2786 5481 2993 5523 summa
3021 5480 3290 5533 crescere,
3316 5467 3384 5521 de
3414 5468 3498 5522 ni-

1918 5556 2029 5610 hilo
2059 5555 2126 5610 ad
2153 5556 2386 5609 maxima
2428 5555 2740 5625 pervenire;
2790 5555 2931 5625 quod
2957 5556 3099 5612 etde
3120 5554 3247 5609 limo
3281 5554 3349 5613 ad
3379 5567 3494 5609 ete-

1920 5644 2029 5701 lum
2058 5653 2113 5700 et
2159 5646 2225 5699 de
2251 5646 2508 5700 servitute
2554 5659 2811 5700 vocamur
2837 5644 2906 5700 ad
2928 5658 3189 5714 regnum:
3219 5644 3264 5699 si
3314 5651 3495 5700 tamen

309 5763 335 5792 ⁸
369 5762 480 5819 lloc
520 5762 645 5817 loco
666 5759 723 5815 in
766 5760 1058 5829 exemplari
1099 5777 1198 5817 ms.
1230 5769 1497 5831 expuncta
1539 5768 1658 5817 erat
1694 5759 1784 5815 illa
1820 5757 1961 5813 LXX
1997 5758 2350 5828 interpretum
2382 5757 2679 5813 translatio.
