3946 6358
443 423 549 477 523

1084 414 1144 468 η.
1187 410 1438 467 BADANI
1481 404 1695 461 IIAURI
1731 395 2048 455 ARCIIIEP.
2090 388 2397 446 MOGUNT.
2441 385 2723 442 OPEREII
2766 383 2939 437 PARS
2978 381 3037 435 II.

442 535 589 590 omni
641 529 884 586 simulari
927 526 1092 597 gloria
1125 534 1177 580 et
1221 520 1557 593 jucunditate
1596 520 1920 579 contempta,
1961 507 2013 560 in
2044 509 2091 565 Α
2120 516 2293 565 suam,
2328 500 2423 554 sed
2452 513 2574 554 cum
2603 495 2702 564 ipsi
2732 493 2797 546 ab
2826 507 3010 546 errore
3054 488 3293 559 priorum
3347 483 3537 539 inserti
3579 480 3701 535 fuc~

2413 593 2422 597 -
2648 590 2660 597 .
2750 588 2763 597 .
3012 583 3042 597 ..
3152 596 3157 597 ί
3226 596 3235 597 ί
3272 591 3558 597 ΜΛΝ-Α
3609 574 3669 597 Α,

444 626 537 682 illo
561 622 673 679 solo
697 621 839 690 quod
872 618 1026 672 nobis
1058 614 1295 669 futurum
1342 608 1670 681 promittitur
1704 602 2011 673 gloriemur.

516 712 766 770 Probatio
790 725 906 764 vero
929 724 1070 777 spem
1104 712 1368 775 operatur,
1412 716 1525 768 spes
1561 705 1732 750 autem
1761 710 1863 746 non
1896 705 2020 743 con-

447 804 640 877 fundit.
671 800 807 859 Nam
835 814 960 868 spes
984 795 1287 851 futurorum
1328 791 1591 845 honorum
1634 778 1847 839 omnem
1893 794 2021 835 con-

446 869 711 950 I‘usionem
748 888 962 958 expellit
991 901 1006 941 :
1038 884 1181 939 unde
1227 882 1486 951 probatur
1506 878 1667 931 ‘hunc
1688 888 1793 928 non
1822 869 2022 925 habere

447 988 617 1057 spem,
655 981 744 1053 qui
788 980 841 1034 in
870 975 1155 1047 praeceptis
1194 970 1544 1028 confunditur
1569 963 1792 1021 Christi.
1824 958 2019 1029 Sequi-

450 1088 536 1133 tur
561 1118 573 1129 .

522 1164 660 1233 Quia
686 1162 917 1217 charitas
966 1158 1063 1213 Dei
1109 1154 1304 1226 diffusa
1334 1160 1406 1205 est
1442 1151 1498 1203 in
1543 1145 1784 1201 cordibus
1807 1140 2023 1196 nostris.

447 1255 754 1327 Magnitudo
795 1253 938 1307 enim
969 1249 1355 1320 promissorum
1390 1234 1770 1297 beneﬁciorum
1824 1234 2026 1289 excitat

448 1349 503 1403 in
534 1321 750 1402 homine
805 1340 1085 1400 charitatis
1132 1332 1579 1407 magnitudinem,
1620 1342 1739 1396 qua;
1786 1321 2022 1393 perfecte

449 1437 702 1499 conlidit,
734 1449 833 1490 nec
856 1433 1045 1486 timere
1078 1442 1178 1483 nec
1204 1426 1496 1495 desperare
1524 1419 1690 1475 novit.

522 1524 625 1580 Per
662 1523 912 1596 Spiritum
944 1529 1199 1580 sanctum,
1236 1515 1323 1584 qui
1349 1514 1504 1566 datus
1554 1520 1627 1563 est
1674 1506 1839 1560 nobis.
1887 1501 2029 1570 Quo-

451 1619 609 1673 modo
639 1594 736 1670 nos
759 1616 901 1669 Deus
930 1610 1104 1681 diligit
1126 1623 1189 1663 ex
1216 1607 1342 1660 hinc
1369 1599 1743 1673 cognoscimus
1769 1594 1895 1665 quia
1924 1601 2028 1647 non

451 1707 623 1763 solum
649 1705 803 1759 nobis
826 1718 925 1773 per
955 1700 1051 1766 lilii
1080 1698 1163 1753 sui
1192 1703 1419 1750 mortem
1441 1697 1663 1762 peccata
1686 1685 1910 1748 dimisit,
1936 1680 2030 1737 sed

451 1807 506 1854 et
520 1796 781 1867 Spiritum
810 1772 1054 1847 sanctum
1082 1788 1237 1843 nobis
1264 1785 1410 1839 dedit
1434 1781 1524 1852 qui
1556 1778 1711 1835 nobis
1737 1776 1915 1841 omnia
1945 1772 2029 1826 fu-

2125 605 2252 649 runt
2280 611 2347 649 ex
2375 593 2609 648 oleastro
2648 590 2701 643 in
2750 588 2944 641 bonam
2975 583 3193 645 olivam,
3225 591 3563 649 nequaquam
3605 574 3702 628 dc-

2123 688 2287 741 beant
2320 684 2561 739 invidere
2592 679 2830 751 priorum
2880 674 3059 729 saluti.
3115 670 3361 725 Miserere
3406 667 3592 730 nostri,
3618 663 3704 733 ﬁli

2125 776 2313 833 David.
2345 775 2700 841 Increpantur
2726 784 2755 821 a
2803 765 2976 819 turbis
3004 771 3057 817 et
3084 758 3434 817 nihilominus
3475 770 3581 810 non
3614 762 3707 808 ta-

2123 877 2269 932 cent,
2302 865 2394 922 sed
2425 863 2673 919 crebrius
2701 859 2755 913 id
2784 858 2959 928 ipsum
2989 847 3343 925 ingeminant,
3382 856 3443 903 ut
3489 844 3711 902 deside-

2125 962 2265 1017 rium
2288 974 2427 1015 verce
2458 957 2594 1012 lucis
2620 953 2928 1010 ostendant.

2198 1050 2347 1107 Stetit
2374 1048 2552 1111 Iesus,
2581 1056 2627 1100 et
2667 1044 2865 1099 vocavit
2907 1057 3017 1104 eos,
3053 1048 3101 1094 et
3133 1039 3205 1093 ait
3229 1054 3247 1092 :
3274 1036 3414 1103 Quid
3442 1031 3597 1090 vultis
3624 1031 3718 1102 fa-

2125 1143 2260 1197 ciam
2286 1140 2462 1196 vobis?
2489 1138 2676 1192 Dicunt
2707 1151 2723 1188 :
2754 1134 2994 1196 Domine,
3036 1139 3090 1184 ut
3114 1130 3422 1195 aperiantur
3443 1126 3581 1180 oculi
3608 1142 3715 1179 no-

2127 1234 2242 1287 stri.
2270 1231 2412 1287 Caeci
2454 1237 2629 1291 erant,
2681 1241 2787 1296 quo
2813 1230 3097 1295 pergerent
3147 1220 3481 1292 ignorabant.
3541 1217 3716 1287 Sequi

2130 1339 2237 1379 non
2266 1327 2515 1391 poterant
2547 1318 2903 1379 Salvatorem,
2948 1313 3129 1368 multa:
3168 1311 3332 1365 foveat
3373 1310 3427 1364 in
3467 1307 3716 1372 Iericho,

2131 1417 2311 1470 multa:
2336 1427 2494 1482 rupes
2542 1419 2596 1466 et
2624 1416 2894 1480 prmrupta
2935 1406 2988 1460 in
3014 1402 3337 1474 profundum
3386 1400 3663 1470 vergentia
3697 1416 3714 1452 :

2132 1507 2333 1561 idcirco
2372 1502 2629 1558 Dominus
2676 1506 2803 1562 stat,
2838 1505 2896 1550 ut
2936 1495 3119 1550 venire
3163 1492 3393 1563 possint,
3422 1499 3477 1546 et
3525 1488 3722 1545 vocari

2125 1600 2279 1669 jubet
2303 1594 2369 1651 ne
2402 1596 2570 1650 turba:
2596 1590 2942 1663 prohibeant,
2971 1595 3025 1643 et
3054 1588 3350 1656 interrogat
3374 1584 3529 1653 quasi
3562 1582 3726 1654 igno-

2135 1704 2261 1743 rans
2299 1687 2428 1756 quid
2466 1684 2633 1739 velint
2672 1690 2731 1736 ut
2767 1697 2832 1735 ex
2860 1678 3211 1748 responsione
3247 1691 3509 1730 amcorum
3540 1676 3728 1729 mani-

2136 1777 2272 1833 festa
2327 1775 2574 1831 debilitas
2614 1780 2823 1844 pereat,
2850 1778 2905 1825 et
2949 1769 3120 1823 virtus
3148 1783 3215 1822 ex
3248 1765 3484 1822 remedio
3516 1780 3721 1823 coeno-

455 1844 780 1867 ---τμη-η
1453 1844 1468 1852 _

454 1899 573 1944 tura
602 1887 741 1941 bona
789 1884 1143 1942 demonstrat,
1191 1890 1245 1931 et
1270 1877 1323 1930 in
1354 1873 1455 1928 fide
1480 1881 1645 1935 recta,
1672 1870 1726 1923 in
1756 1881 1851 1937 spe
1876 1865 2029 1918 firma
2057 1844 2109 1904 Ῑ)
2136 1882 2338 1927 scatur.

453 1989 509 2037 et
534 1980 797 2036 charitate
838 1972 1075 2045 perfecta
1110 1976 1426 2025 cor-reborat
1456 1984 1468 2019 :
1502 1964 1544 2019 si
1582 1978 1680 2018 nos
1722 1958 1877 2015 bonis
1905 1972 2034 2027 ope-

454 2071 604 2125 ribus
634 2069 821 2138 dignos
850 2062 965 2132 ejus
993 2060 1325 2117 habitatione
1352 2067 1736 2128 praeparemus.
1788 2048 1845 2103 Si
1889 2048 2033 2103 enim

455 2174 520 2214 ex
550 2166 661 2213 toto
689 2154 852 2211 corde
878 2152 1167 2221 diligimus,
1197 2146 1329 2202 nihil
1353 2150 1456 2200 erit
1477 2145 1527 2198 in
1552 2142 1727 2208 nobis,
1749 2138 1889 2194 unde
1909 2150 2036 2207 pec-

457 2250 563 2305 cati
595 2244 876 2303 desideriis
900 2243 1217 2298 serviamus.
1246 2238 1315 2294 Et
1355 2235 1483 2307 quid
1512 2243 1595 2289 est
1622 2232 1842 2303 diligere
1866 2230 2033 2283 Deum

456 2341 561 2397 nisi
598 2338 673 2395 illi
701 2349 967 2407 occupare
999 2333 1235 2388 animum
1266 2328 1549 2396 concipere
1598 2325 1837 2379 fruendae
1874 2320 2035 2375 visi0«

458 2434 543 2489 nis
561 2432 679 2501 ejus
705 2428 974 2493 affectum,
1001 2423 1211 2496 peccati
1256 2421 1457 2481 odium,
1507 2415 1688 2472 mundi
1735 2411 2035 2475 fastidium,

460 2522 683 2594 diligere
705 2521 864 2575 etiam
893 2518 1198 2588 proximum
1230 2526 1388 2583 quem
1434 2510 1548 2580 ipse
1576 2506 1787 2563 censuit
1815 2504 2039 2574 diligen-

459 2614 605 2677 dum,
639 2613 691 2666 in
721 2611 836 2681 ipso
871 2621 1054 2662 amore
1085 2618 1305 2661 servare
1350 2600 1649 2670 legitimum
1679 2595 1895 2651 modum
1941 2607 2041 2661 per

459 2703 641 2760 Iesum
666 2700 939 2756 Christum
967 2696 1251 2752 Dominum
1280 2700 1545 2754 nostrum,
1574 2688 1660 2743 cui
1688 2695 1769 2741 est
1794 2687 1966 2740 honor
1986 2691 2040 2738 et

462 2791 633 2865 gloria
669 2805 790 2845 cum
818 2787 980 2843 Patre
1014 2795 1068 2841 et
1099 2783 1306 2855 Spiritu
1338 2788 1525 2836 sancto
1551 2791 1693 2832 nunc
1720 2783 1775 2831 et
1825 2787 2040 2844 semper

462 2884 520 2940 in
549 2882 743 2939 saecula
775 2879 1113 2937 saeculorum.
1148 2876 1339 2938 Amen.

1003 2985 1281 3067 HOMILIA
1314 2982 1493 3039 XCIII.

1014 3074 1066 3113 IN
1104 3071 1276 3112 EODEI
1316 3068 1500 3110 FESTO.

574 3154 759 3210 Lectio
784 3150 953 3208 sancti
980 3146 1255 3217 Evangelii
1281 3142 1573 3200 secundum
1604 3140 1934 3195 Matthteum.

540 3248 607 3300 In
632 3244 723 3298 illo
750 3252 994 3313 tempore,
1027 3235 1315 3308 egrediente
1335 3232 1463 3287 Iesu
1513 3230 1576 3284 ab
1609 3229 1842 3293 Iericho,
1867 3235 2045 3281 secuta

467 3346 541 3391 est
569 3350 687 3388 eum
707 3332 858 3386 turba
886 3328 1050 3384 multa
1074 3341 1090 3379 :
1123 3336 1170 3380 et
1202 3341 1316 3379 ecce
1343 3323 1446 3377 duo
1487 3321 1611 3376 circi
1638 3320 1871 3375 sedentes
1897 3333 2044 3377 secus

468 3426 625 3489 vium,
651 3422 929 3476 audierunt
964 3417 1087 3489 quia
1128 3415 1281 3469 Iesus
1319 3413 1584 3475 transiret,
1630 3420 1678 3464 et
1725 3410 2044 3471 clamarunt,

469 3515 693 3568 dicentes
721 3525 737 3563 :
771 3510 1011 3574 Domine,
1039 3509 1281 3561 miserere
1329 3503 1513 3568 nostri,
1536 3500 1615 3572 ﬁli
1645 3501 1834 3555 David.
1872 3499 2049 3553 Turba

469 3612 644 3657 autem
688 3584 987 3670 increpabat
1012 3584 1109 3651 .eos
1134 3606 1190 3649 ut
1235 3601 1483 3649 tacerent.
1515 3593 1580 3646 At
1627 3591 1706 3645 illi
1738 3592 1903 3662 magis
1943 3588 2050 3643 cla-

471 3693 703 3757 mabant,
755 3692 981 3745 dicentes
1009 3703 1026 3741 :
1050 3687 1287 3752 Domine,
1330 3686 1572 3739 miserere
1615 3683 1800 3746 nostri,
1831 3681 1909 3750 [ili
1937 3680 2048 3734 Da-

469 3787 580 3853 vid,
609 3797 716 3842 etc.

546 3878 695 3947 Multi
725 3877 960 3933 latrones
996 3881 1153 3929 erant
1183 3870 1237 3927 in
1265 3869 1478 3926 Iericho
1504 3870 1595 3939 qui
1627 3868 1966 3940 egredientes
1999 3873 2053 3919 et

475 3970 863 4028 descendentes
902 3967 967 4021 de
996 3961 1379 4033 Hierosolymis
1410 3961 1461 4014 in
1488 3958 1701 4014 Iericho
1748 3958 2055 4012 interﬁcere

475 4074 530 4120 et
569 4062 855 4117 vulnerare
891 4062 1283 4112 consueverant
1328 4073 1338 4106 :
1391 4053 1593 4108 idcirco
1622 4052 1880 4106 Dominus
1911 4047 2056 4101 venit

475 4155 693 4211 Iericho
715 4166 835 4207 cum
857 4146 1151 4218 discipulis,
1164 4154 1223 4200 ut
1243 4146 1497 4200 liberaret
1518 4142 1826 4197 vulneratos
1846 4148 1901 4193 et
1922 4138 2058 4192 mul-

480 4258 589 4302 tam
633 4245 848 4299 turbam
892 4255 1074 4297 secum
1120 4238 1377 4294 traheret.
1410 4236 1648 4305 Denique
1678 4242 1961 4304 postquam
1990 4232 2057 4287 ab

474 4336 694 4393 Iericho
721 4332 892 4388 voluit
915 4331 1117 4403 egredi,
1148 4337 1324 4384 secuta
1347 4337 1422 4382 est
1452 4314 1567 4382 eum
1594 4326 1746 4380 turba
1777 4324 1965 4378 multa.
1999 4324 2053 4379 Si

480 4426 767 4482 mansisset
793 4421 1178 4495 Hierosolymis
1204 4429 1259 4477 et
1292 4435 1566 4489 nunquam
1611 4418 1676 4472 ad
1716 4417 1941 4472 humilia
1968 4418 2058 4472 dc-

481 4517 801 4581 scendisset,
832 4513 987 4569 turba
1014 4526 1184 4581 usque
1232 4511 1391 4565 hodie
1416 4510 1623 4564 sederet
1656 4508 1708 4561 in
1736 4507 1974 4563 tenebris
2002 4514 2058 4561 et

481 4608 673 4679 umbra
700 4604 907 4660 mortis.
935 4601 1041 4657 Sed
1067 4609 1123 4656 et
1166 4601 1270 4655 duo
1308 4600 1435 4655 caeci
1489 4607 1645 4653 erant
1683 4597 1833 4668 juxta
1878 4598 2053 4663 viam;

481 4711 656 4755 amcos
697 4692 949 4764 appellat,
979 4692 1069 4762 Qui
1096 4690 1328 4745 necdum
1359 4688 1537 4743 dieere
1582 4695 1833 4756 poterant
1868 4686 1924 4740 in
1975 4686 2058 4739 lu-

484 4791 630 4846 mine
672 4795 763 4841 tuo
793 4782 1093 4838 videbimus
1120 4780 1319 4834 lumen.
1356 4778 1525 4834 Sccus
1569 4778 1710 4830 viam
1761 4776 1885 4845 quia
1911 4774 2060 4830 vide-

484 4882 682 4936 bantur
706 4874 919 4945 quidem
949 4872 1149 4927 hahere
1174 4870 1306 4940 legis
1332 4867 1577 4923 notitiam
1604 4885 1617 4921 :
1650 4866 1744 4921 sed
1769 4867 1909 4920 viam
1940 4881 2059 4935 quae

487 4968 732 5024 Christus
760 4970 843 5018 est
891 4960 1212 5034 ignorabant
1248 4974 1264 5015 :
1301 4974 1435 5029 quos
1476 4958 1719 5028 plerique
1760 4955 2061 5011 Pharismos

489 5056 791 5126 intelligunt
812 5059 865 5106 et
881 5050 1221 5116 Sadducaaos,
1244 5047 1334 5102 alii
1355 5062 1482 5103 vero
1505 5055 1793 5116 utrumque
1807 5043 2060 5115 populqu

488 5154 544 5199 et
569 5141 780 5199 Veteris
809 5138 1135 5194 Testamenti
1164 5146 1219 5192 et
1251 5134 1383 5192 Novi
1416 5154 1427 5189 :
1460 5135 1602 5205 quod
1629 5134 1767 5189 alter
1805 5134 2060 5202 scriptam

489 5236 685 5306 legem,
716 5231 853 5286 alter
883 5228 1184 5283 naturalem
1210 5240 1442 5296 sequens
1468 5226 1586 5281 sine
1631 5224 1846 5280 Christo
1887 5239 2062 5279 caecus

489 5332 627 5380 erat.
654 5323 719 5378 Hi
750 5322 876 5392 quia
905 5335 1001 5392 per
1031 5335 1089 5374 se
1115 5319 1294 5374 videre
1336 5333 1443 5371 non
1477 5326 1748 5388 poterant,
1779 5317 2064 5372 audierunt

491 5414 759 5489 praeconia
788 5412 1085 5468 Salvatoris
1111 5418 1165 5465 et
1211 5407 1441 5465 confessi
1490 5417 1616 5465 sunt
1659 5408 1828 5464 ﬁlium
1871 5407 2056 5463 David.

492 5504 588 5560 Sin
616 5511 791 5558 autem
832 5510 1059 5570 uterque
1102 5514 1275 5555 caecus
1303 5498 1537 5554 refertur
1569 5499 1635 5553 ad
1662 5498 1919 5569 populum
1970 5498 2063 5553 Iu-

493 5597 728 5651 dzeorum
758 5614 771 5648 :
804 5594 908 5648 hoc
932 5590 1075 5661 quod
1102 5589 1373 5661 sequitur,
1410 5589 1708 5659 increpabat
1750 5606 1836 5643 eos
1884 5584 2060 5653 turba,

496 5700 656 5754 super
690 5682 931 5738 ethnicos
967 5679 1387 5750 intelligendum,
1428 5694 1563 5749 quos
1610 5677 1897 5748 Apostolus
1942 5693 2058 5733 mo-

498 5782 627 5839 net,
683 5788 749 5828 ne
797 5772 1092 5843 glorientur
1129 5782 1177 5823 et
1228 5769 1541 5841 superbiant
1585 5780 1771 5824 contra
1822 5770 2059 5825 radicem

2210 1963 2262 2017 Μ
2270 1965 2454 2018 isertus
2482 1971 2656 2016 autem
2681 1974 2859 2014 eorum
2888 1956 3062 2020 Iesus,
3087 1958 3250 2025 tetigit
3293 1951 3469 2007 oculos
3510 1966 3720 2004 eorum.

2136 2054 2205 2108 Et
2231 2052 2500 2122 confestim
2528 2050 2791 2113 viderunt,
2813 2059 2859 2102 et
2883 2047 3043 2101 secuti
3064 2054 3182 2099 sunt
3211 2060 3350 2097 eum.
3376 2041 3572 2111 Tangit
3592 2055 3728 2096 ocuv-

2136 2145 2254 2200 los:
2286 2154 2343 2199 et
2368 2150 2592 2215 prmstat
2633 2138 2829 2195 artifex
2870 2138 3012 2206 quod
3057 2143 3248 2191 natura
3293 2149 3399 2189 non
3448 2131 3672 2188 dederat
3706 2150 3721 2186 :

2137 2241 2229 2288 aut
2252 2242 2398 2289 certe
2418 2233 2562 2304 quod
2590 2230 2840 2287 debilitas
2869 2228 3064 2283 tulerat
3111 2228 3276 2282 donat
3327 2223 3724 2281 misericordia.

2139 2326 2444 2396 Statimque
2474 2325 2712 2379 viderunt
2758 2332 2803 2376 et
2832 2321 2993 2376 secuti
3017 2329 3137 2375 sunt
3167 2336 3307 2383 eum,
3349 2318 3441 2388 qui
3487 2325 3614 2372 ante
3666 2317 3724 2371 in

2138 2414 2354 2471 Iericho
2382 2413 2649 2470 contracti
2681 2412 2939 2468 sedebant
2966 2418 3020 2466 et
3048 2408 3285 2465 clamare
3323 2416 3530 2462 tantum
3557 2421 3729 2462 nove-

2141 2515 2293 2573 rant;
2321 2514 2507 2576 postea
2529 2511 2826 2573 sequuntur
2843 2501 3027 2557 Iesum
3056 2516 3163 2555 non
3192 2508 3297 2554 tam
3313 2500 3538 2570 pedibus
3558 2513 3727 2569 quam

2140 2597 2451 2661 virtutibus,
2476 2594 2603 2665 quia
2634 2595 2747 2662 ipse
2782 2601 2856 2647 est
2883 2592 2989 2656 via,
3020 2590 3207 2644 veritas
3236 2599 3281 2644 et
3313 2590 3440 2654 vita,
3460 2587 3730 2643 Dominus

2140 2688 2393 2743 videlicet
2421 2695 2605 2742 noster
2618 2685 2775 2741 Iesus
2796 2684 3043 2740 Christus
3072 2683 3161 2752 qui
3193 2697 3314 2737 cum
3343 2682 3503 2736 Patre
3524 2688 3580 2739 et
3603 2680 3731 2751 Spi-

2142 2778 2248 2833 ritu
2280 2786 2469 2833 sancto
2498 2776 2630 2830 vivit
2672 2784 2725 2829 et
2754 2781 2941 2844 regnat
2994 2772 3136 2827 Deus
3172 2786 3267 2842 per
3304 2772 3485 2827 omnia
3529 2771 3730 2827 saecula

2143 2867 2478 2923 saeculorum.
2504 2866 2695 2920 Amen.

2673 2953 2956 3009 HOMILIA
3007 2951 3191 3007 XCIV.

2426 3060 2742 3100 HERDOMADA
2784 3059 2837 3097 IV
2882 3059 3012 3098 νοεῖ
3050 3057 3443 3097 Ρεμτεςοετεκ.

2389 3133 2575 3188 Lectio
2603 3133 2854 3203 Epistolte
2875 3132 3017 3187 beati
3055 3130 3199 3186 Petri
3228 3132 3473 3202 apostoli.

2219 3229 2549 3294 Lharissimi,
2589 3227 2942 3283 Itumiliamini
2970 3227 3062 3281 sub
3090 3228 3285 3297 potenti
3324 3244 3482 3281 manu
3526 3227 3645 3295 Dei,
3670 3239 3731 3283 ut

2145 3339 2234 3377 vos
2265 3320 2453 3375 exultet
2480 3321 2535 3373 in
2560 3330 2788 3389 tempore
2837 3319 3148 3373 visitationis
3181 3332 3198 3371 .'
3225 3335 3425 3374 omnem
3467 3319 3733 3375 sollicitu-

2147 3411 2322 3465 dinem
2350 3423 2569 3467 vcstram
2592 3410 2920 3480 projicientes
2945 3410 2997 3463 in
3029 3425 3167 3476 eum,
3208 3410 3450 3476 quoniam
3476 3411 3575 3475 ipsi
3600 3428 3732 3465 cura

2148 3514 2223 3558 est
2252 3504 2315 3558 de
2344 3503 2504 3567 vobis,
2534 3512 2640 3557 ctc.

2220 3594 2394 3659 Modo,
2446 3595 2642 3648 fratres
2690 3591 3014 3658 charissimi,
3042 3600 3342 3648 audivimus
3384 3596 3601 3649 beatum
3631 3593 3733 3651 Pe-

2153 3694 2294 3738 trum
2342 3683 2644 3754 apostolum
2690 3682 2757 3737 ad
2802 3682 3160 3737 humilitatem
3203 3697 3303 3738 nos
3356 3684 3728 3741 cohortantem

2151 3785 2312 3844 atque
2342 3774 2633 3837 dicentem,
2661 3770 3012 3825 humiliamini
3048 3771 3142 3826 sub
3193 3775 3389 3843 potenti
3424 3790 3587 3829 manu
3613 3768 3731 3831 Dei.

2153 3863 2340 3918 Manus
2368 3864 2459 3917 Dei
2504 3870 2763 3931 potestas
2778 3859 2894 3928 ejus
2934 3862 3091 3915 datur
3114 3862 3361 3932 intelligi,
3392 3864 3514 3932 quia
3546 3864 3598 3919 in
3625 3865 3735 3921 Deo

2153 3953 2550 4025 compaginan
2575 3951 2939 4005 membrorum
2972 3967 3077 4006 non
3109 3953 3398 4019 invenitur,
3422 3954 3511 4022 qui
3535 3956 3735 4025 ubique

2156 4052 2209 4098 ct
2241 4044 2294 4097 in
2325 4045 2576 4098 omnibus
2607 4049 2749 4097 tutus
2773 4039 2964 4110 plenus
3005 4048 3089 4094 est
3133 4050 3293 4112 atque
3322 4040 3611 4113 perfectus,
3638 4048 3733 4101 sed

2155 4150 2305 4190 more
2324 4134 2603 4189 hominum
2627 4133 2692 4188 de
2716 4132 2825 4188 Deo
2855 4130 3090 4201 loquitur
3111 4130 3391 4205 Scriptura
3416 4144 3475 4189 ut
3494 4139 3733 4208 apertius

2157 4224 2497 4294 majestatem
2541 4233 2701 4294 atque
2750 4224 3048 4295 potentiam
3087 4225 3168 4280 sui
3196 4228 3458 4283 creatoris
3488 4229 3735 4288 homines

2158 4317 2505 4389 intelligant:
2562 4326 2617 4371 et
2671 4316 3027 4386 intclligentes
3079 4332 3197 4385 quae
3258 4319 3327 4373 sit
3360 4319 3605 4376 voluntas
3639 4322 3733 4379 Dei

2156 4425 2315 4481 opere
2344 4410 2637 4478 adimplere
2663 4410 3009 4473 contendant,
3055 4410 3197 4466 unde
3236 4413 3425 4480 gaudia
3467 4414 3568 4469 sibi
3596 4430 3735 4471 sem-

2082 4539 2135 4599 D
2159 4502 2374 4599 piterna
2391 4501 2756 4599 conquirant.
2785 4498 3059 4567 Seqnitur,
3108 4510 3163 4554 ut
3196 4518 3281 4556 vos
3303 4503 3493 4558 exaltet
3520 4505 3576 4560 in
3603 4516 3733 4561 tent-

2160 4608 2283 4664 pore
2308 4590 2641 4645 visitationis.
2658 4587 2794 4654 Quia
2815 4588 3060 4658 quisquis
3082 4590 3168 4645 hic
3197 4590 3248 4645 in
3264 4595 3516 4663 praesenti
3540 4598 3736 4655 saeculo

2159 4682 2274 4751 ejus
2302 4697 2360 4737 se
2386 4679 2685 4735 subdiderit
2712 4678 2971 4733 voluntati
3000 4688 3056 4734 et
3098 4683 3382 4751 przeccptis
3406 4683 3521 4753 ejus
3547 4702 3732 4743 assen-

2160 4790 2278 4828 sum
2328 4771 2772 4837 commodaverit,
2826 4779 2879 4826 et
2924 4785 3012 4837 ea,
3041 4782 3303 4841 quantum
3356 4776 3536 4832 divina
3564 4782 3733 4851 gratia

2161 4876 2319 4936 posse
2359 4862 2588 4925 dederit,
2612 4861 2865 4931 operibus
2917 4862 3213 4932 adimplere
3257 4867 3514 4938 sategerit
3559 4872 3737 4929 Carnis

2161 4952 2470 5037 superbiam
2509 4952 2856 5021 conterenda,
2888 4950 2943 5005 in
2983 4952 3068 5006 die
3120 4952 3323 5009 ultimae
3372 4957 3737 5019 retributionis

2161 5042 2487 5100 exaltabitur
2513 5058 2543 5096 a
2582 5042 2808 5099 Domino
2833 5052 2995 5112 atque
3047 5042 3115 5097 ad
3144 5053 3361 5102 acterna:
3390 5048 3739 5111 beatitudinis

2161 5134 2381 5206 praemia
2408 5134 2772 5204 perducetur:
2814 5132 3029 5187 Omnem
3067 5134 3467 5192 sollicitudinem
3496 5152 3733 5200 vestram.

2161 5212 2573 5295 projicientes’in
2610 5240 2727 5276 eum
2749 5238 2768 5277 :
2794 5223 3040 5293 quoniam
3067 5223 3163 5293 ipsi
3202 5242 3329 5278 cura
3354 5237 3427 5280 est
3458 5228 3523 5282 de
3550 5232 3687 5287 vobis

2164 5324 2223 5369 ut
2245 5314 2527 5369 Psalmista
2575 5329 2673 5368 nos
2709 5312 2982 5377 admonet,
3019 5313 3227 5379 dicens,
3267 5316 3416 5384 jacta
3457 5322 3736 5389 cogitatum

2168 5418 2316 5461 tuum
2344 5408 2398 5459 in
2426 5405 2593 5459 Deum
2614 5414 2660 5457 et
2686 5406 2793 5471 ipse
2820 5412 2868 5457 te
2892 5406 3134 5457 enutriet.
3168 5405 3236 5457 Et
3277 5405 3425 5471 alibi,
3451 5423 3738 5479 quwrentes

2168 5505 2341 5550 autem
2378 5495 2656 5549 Dominum
2695 5509 2797 5546 non
2843 5492 3082 5561 deﬁcient
3120 5496 3260 5548 omni
3311 5494 3465 5550 bono.
3518 5497 3586 5554 Et
3629 5500 3740 5571 ipse

2167 5589 2428 5645 Dominus
2453 5588 2506 5641 in
2535 5585 2859 5655 Evangelio:
2895 5584 3074 5638 Nolite
3098 5584 3311 5639 solliciti
3358 5603 3466 5642 esse
3514 5589 3740 5647 dicentes

2166 5679 2290 5750 quid
2314 5675 2743 5730 munducabimus
2769 5685 2859 5727 aut
2881 5674 3004 5744 quid
3032 5674 3259 5729 bibemus
3283 5678 3412 5730 :scit
3432 5679 3572 5731 enim
3598 5689 3736 5747 pater

2166 5768 2475 5836 vcsterquia
2515 5765 2595 5819 Itis
2625 5765 2861 5818 omnibus
2890 5764 3149 5834 indigetis.
3193 5763 3424 5830 Qutrrite
3474 5783 3599 5834 ergo
3632 5770 3735 5837 pri.
