3946 6324
123 370 213 426 525
1200 363 1506 422 HOMILI£
1547 364 1614 419 IN
1653 362 1904 418 EV'ANG.
1949 364 2035 418 ET
2081 363 2295 420 EPIST.

3257 370 3365 426 536

124 497 246 535 mm
273 496 481 550 regnum
497 479 593 533 Dei
621 489 666 531 et
681 478 940 548 justitiam
973 475 1106 546 ejus,
1127 487 1172 530 ct
1195 477 1306 530 ha'c
1336 474 1511 528 omnia
1534 474 1675 544 adji-
1703 478 1749 537 Α
1780 474 2107 528 vescendum
2140 471 2340 541 recepti
2366 480 2511 535 sunt,
2538 470 2681 541 quod
2711 469 2957 527 videntes
2980 472 3239 529 Pharisml
3274 487 3366 530 uc-

120 577 302 629 cicntur
327 574 483 629 vobis.

183 664 342 721 Sobrii
384 672 547 718 estote
596 672 643 717 et
689 662 917 733 rigilate.
953 659 1180 732 Semper
1219 659 1273 715 in
1309 659 1600 716 sobrietate
1623 665 1679 716 et

121 758 363 814 modestia
391 757 909 811 habetotevestram
952 755 1119 809 vitam
1169 760 1417 809 carentes
1464 765 1679 821 semper

120 849 299 903 astutia
326 846 546 911 diaboli,
576 855 631 901 et
656 846 872 917 vigilate
913 844 1115 916 jugiter
1152 845 1205 899 in
1237 842 1479 899 custodia
1529 857 1681 896 man-

121 938 349 992 datorum
392 937 485 991 Dei
536 944 591 991 et
642 938 693 991 in
726 937 971 992 custodia
1020 936 1320 990 animarum
1354 941 1677 987 vestrarum.

120 1024 393 1095 Sequitur:

183 1113 311 1180 Quia
353 1114 683 1169 aduersarius
718 1125 879 1169 uester
906 1114 1147 1168 diabolus
1175 1122 1427 1183 tanquam
1475 1109 1555 1164 leo
1586 1127 1681 1163 ru-

117 1204 248 1273 giens
293 1205 476 1257 circuit
508 1221 745 1276 quwrens
787 1220 940 1275 quem
968 1204 1195 1257 devoret.
1245 1200 1500 1255 Diabolus
1536 1198 1679 1254 enim

118 1307 374 1362 nunquam
407 1293 703 1359 dormiens,
743 1309 1017 1363 nunquam
1046 1294 1112 1347 ab
1154 1292 1367 1347 insidiis
1402 1290 1679 1346 hominum

117 1385 448 1452 requiescens
503 1399 715 1455 semper
746 1385 834 1439 die
878 1393 934 1439 et
968 1395 1126 1439 nocte
1174 1383 1371 1437 circuit
1420 1381 1680 1436 tentando

104 1483 165 1527 et
203 1475 420 1530 insidias
464 1477 711 1547 ponendo
738 1476 1045 1531 hominibus
1087 1474 1317 1544 qualiter
1354 1488 1678 1543 quemquam

114 1564 309 1620 illorum
341 1566 483 1635 quod
513 1565 606 1621 Dei
636 1566 899 1623 voluntati
937 1566 1162 1635 subjecti
1191 1573 1319 1621 sunt
1369 1580 1465 1620 sua
1506 1564 1680 1618 valeat

114 1656 436 1727 suggestione
486 1657 754 1727 decipere.
811 1656 1064 1723 Quwrens
1109 1672 1262 1727 quem
1312 1656 1534 1719 devoret,
1570 1670 1676 1711 non

112 1760 343 1814 corpore,
382 1745 476 1801 sed
527 1748 703 1800 anima
734 1760 1002 1816 quemque
1028 1747 1096 1801 ad
1126 1747 1319 1801 nociva
1366 1754 1421 1800 et
1465 1745 1675 1800 inutilia

114 1837 275 1891 valeat
313 1838 633 1907 pertrahere
663 1838 898 1893 carnalia
928 1839 1218 1894 desideria.

176 1924 267 1980 Cui
311 1928 543 1981 resistite
588 1927 749 1996 fortes
801 1930 855 1981 in
902 1928 1026 1997 ﬁde.
1086 1927 1347 1998 Exemplo
1386 1926 1586 1982 Christi
1630 1936 1686 1980 et

113 2023 405 2093 sanctorum
438 2014 1013 2084 ejus,contemncntes
1061 2015 1400 2075 dulcedinem
1451 2015 1687 2070 carnalis

115 2107 546 2176 concupiscentiae
585 2116 641 2161 et
686 2107 1033 2163 recordantes
1069 2108 1290 2179 jugiter,
1318 2107 1448 2177 quid
1480 2107 1549 2162 sit
1582 2106 1686 2161 illis

116 2196 477 2252 amaritudinis
502 2205 862 2268 praeparatum
907 2198 999 2267 qui
1034 2198 1317 2255 desideriis
1340 2200 1571 2254 terrenis
1597 2200 1681 2254 in-

115 2287 357 2351 serviunt,
383 2302 486 2341 nec
510 2289 753 2342 converti
780 2303 810 2342 a
832 2288 1038 2344 malitia
1059 2305 1155 2344 sua
1186 2303 1285 2359 per-
1304 2290 1681 2359 paenitentiam

116 2377 281 2433 volunt
309 2398 320 2432 :
347 2378 457 2433 Nos
490 2393 621 2448 ergo
645 2380 877 2437 fideliter
902 2382 1131 2436 Domino
1158 2384 1439 2445 adhaerere
1467 2393 1684 2454 sataga-

118 2485 240 2534 mus,
283 2469 509 2539 ejusque
555 2480 825 2541 praecepta
858 2472 1062 2541 jugitcr
1104 2475 1449 2540 meditemur,
1504 2476 1687 2531 carnis

117 2571 293 2616 nostrae
340 2562 611 2617 desideria
644 2572 994 2620 conteramus
1027 2575 1081 2623 et
1110 2567 1433 2623 resistamus
1472 2567 1688 2625 fortiter

118 2652 312 2707 diabolo
338 2655 481 2709 hosti
505 2654 859 2723 nequissimo,
889 2658 942 2711 in
967 2657 1071 2713 ﬁde
1098 2668 1264 2725 recta,
1291 2660 1345 2715 in
1372 2674 1466 2730 spe
1490 2660 1643 2715 ﬁrma
1670 2679 1682 2715 :

116 2760 142 2797 a
171 2744 369 2801 Domini
400 2746 498 2801 Dei
527 2747 911 2818 omnipotentis
932 2749 1306 2807 misericordia
1340 2752 1393 2806 in
1416 2752 1687 2807 charitate

119 2837 333 2907 perfecta
360 2838 428 2892 ad
457 2839 742 2894 servitium
770 2838 888 2908 ejus
915 2841 967 2895 in
989 2843 1274 2912 operibus;
1300 2844 1688 2901 misericordiae

118 2936 166 2982 et
205 2928 435 2997 pietatis,
465 2937 529 2982 ut
562 2928 679 2998 ejus
726 2929 989 3001 largiente
1016 2933 1186 3002 gratia
1218 2948 1524 2988 mereamur
1544 2943 1601 2989 et
1624 2936 1689 2990 de

120 3017 256 3073 hoste
286 3019 616 3090 triumphum
668 3029 723 3075 et
748 3029 964 3077 aeterna:
999 3023 1350 3079 beatitudinis
1383 3026 1684 3095 praemium.

122 3107 357 3178 Sequitur
386 3126 401 3163 :

1779 561 1980 631 dignati
2012 570 2158 625 sunt,
2183 561 2308 629 quia
2342 575 2463 615 vera
2486 560 2696 631 justitia
2720 562 3150 631 compassionem
3178 562 3366 630 habet,

1780 652 1914 707 falsa
1937 650 2152 722 justitia
2176 652 2631 723 dedignationem,
2654 652 2902 722 quamvis
2924 661 2979 707 et
2992 651 3124 721 justi
3154 652 3369 721 soleant

1780 756 1927 803 recte
1968 746 2347 817 peccatoribus
2398 745 2685 817 indignari.
2736 746 2841 801 Sed
2882 754 2965 801 est
3016 746 3161 801 aliud
3222 746 3383 817 quod

1780 836 1959 908 agitur
2004 845 2131 906 typo
2180 835 2465 904 superbiae,
2521 834 2663 887 aliud
2691 833 2830 903 quod
2874 835 2992 890 zelo
3043 836 3362 908 disciplinas,

1782 929 1876 984 sed
1912 929 2003 997 qui
2029 929 2155 999 :egri
2189 937 2346 982 erant
2367 928 2461 992 ita,
2494 936 2554 981 ut
2584 942 2757 997 aegros
2803 943 2861 983 se
2903 944 3025 985 esse
3057 931 3368 987 nescirent;

1782 1026 2052 1089 quatenus
2090 1018 2232 1087 quod
2258 1026 2415 1072 erant
2456 1026 2814 1085 agnoscerent
2844 1018 3082 1073 caelestis
3109 1034 3203 1076 eos
3252 1036 3367 1076 me-

1781 1108 1935 1163 dicus
1964 1108 2175 1163 blandis
2206 1107 2459 1163 fomentis
2511 1117 2686 1171 curat,
2738 1108 3028 1177 benignum
3057 1110 3371 1181 paradigma

1781 1201 1987 1271 objicit,
2018 1208 2074 1254 et
2124 1200 2176 1254 in
2232 1214 2419 1254 eorum
2465 1199 2629 1253 l‘orde
2662 1197 2904 1259 vulneris
2951 1207 3218 1256 tumorem
3247 1216 3374 1263 pre-

1782 1292 1900 1346 mit.
1926 1290 2017 1344 Ait
2046 1304 2277 1358 namque
2305 1307 2317 1341 :

1854 1380 1987 1445 Quis
2023 1396 2086 1433 ea:
2113 1380 2250 1432 vobis
2279 1379 2453 1440 homo,
2484 1378 2571 1444 qui
2600 1379 2750 1432 havet
2802 1388 3007 1432 centum
3058 1395 3199 1444 oves,
3235 1388 3286 1433 ct
3325 1379 3371 1446 si

1779 1472 2061 1545 perdiderit
2114 1488 2274 1524 unam
2327 1487 2390 1524 ex
2443 1470 2571 1535 illis,
2616 1488 2783 1524 nonne
2827 1472 3041 1524 dimittit
3081 1472 3370 1541 nonaginta

1780 1580 1959 1618 novem
1998 1564 2053 1616 in
2100 1562 2322 1626 deserto,
2353 1572 2400 1614 et
2440 1562 2578 1615 vadit
2602 1562 2669 1614 ad
2694 1561 2836 1614 illam
2883 1578 2999 1631 qua:
3026 1563 3249 1632 perierat
3276 1562 3375 1616 do-

1780 1675 1873 1712 nec
1907 1658 2132 1712 inveniat
2163 1656 2350 1709 illam?
2378 1655 2513 1709 Ecce
2556 1654 2693 1707 mira
2725 1651 3129 1721 dispensatione
3152 1646 3370 1722 pietatis

1782 1748 2189 1805 similitudinem
2209 1746 2422 1802 Veritas
2444 1745 2611 1810 dedit,
2636 1760 2797 1815 quam
2825 1753 2881 1798 et
2907 1744 2958 1797 in
2980 1760 3037 1799 se
3062 1745 3175 1815 ipse
3206 1744 3369 1798 homo

1713 1826 1759 1885 Β
1790 1848 2225 1910 recognosceret,
2260 1847 2318 1893 et
2366 1846 2543 1891 tamen
2589 1836 2705 1891 haec
2736 1835 3046 1905 specialiter
3082 1836 3148 1890 ad
3196 1836 3372 1905 ipsum

1790 1938 2069 1983 auctorem
2118 1928 2397 1982 hominum
2424 1925 2740 1994 pertineret.
2768 1922 2906 1989 Quia
2946 1924 3091 1977 enim
3120 1932 3375 1978 centena-

1790 2020 1903 2077 rius
1925 2028 2305 2075 estnumerus
2348 2014 2643 2086 perfectus,
2694 2016 2809 2084 ipse
2852 2024 3071 2069 centum
3102 2029 3243 2069 oves
3284 2014 3378 2069 ha-

1788 2106 1927 2174 buit,
1957 2123 2081 2163 cum
2110 2106 2438 2177 Angelorum
2465 2104 2825 2159 substantiam
2851 2112 2906 2161 et
2926 2104 3205 2159 hominum
3224 2119 3378 2158 crea-

1786 2200 1865 2254 vit
1920 2215 1935 2253 :
1972 2199 2065 2255 sed
2114 2214 2220 2261 una
2267 2198 2383 2252 ovis
2433 2205 2559 2251 tunc
2603 2196 2810 2266 periit:
2845 2198 3061 2267 quando
3100 2196 3378 2269 peccando

1788 2288 1951 2343 homo
1996 2276 2197 2358 pascua
2231 2287 2355 2342 vita:
2383 2285 2687 2355 dereliquit.
2732 2284 2945 2341 Dimisit
2976 2297 3160 2342 autem
3206 2301 3379 2341 nona-

1788 2381 2155 2452 gintanovcm
2178 2395 2308 2435 oves
2336 2379 2388 2433 in
2421 2378 2655 2441 deserto,
2688 2379 2814 2449 quia
2852 2379 2970 2435 illos
2996 2394 3237 2435 summos
3260 2379 3374 2434 An-

1789 2469 2032 2539 gelorum
2074 2470 2271 2524 choros
2307 2467 2526 2537 reliquit
2556 2468 2608 2523 in
2638 2469 2794 2523 caelo.
2825 2468 2935 2524 Cur
2963 2478 3143 2525 autem
3172 2469 3373 2527 emtum

1790 2560 2062 2614 desertum
2092 2568 2338 2625 vocatur,
2380 2559 2483 2613 nisi
2511 2560 2655 2629 quod
2678 2560 2955 2615 desertum
2986 2561 3183 2615 dicitur
3223 2560 3381 2623 dere-

1790 2647 1994 2709 liCtnm.
2028 2656 2156 2703 tunc
2180 2657 2359 2702 autem
2381 2647 2577 2703 caelum
2608 2649 2769 2703 homo
2796 2649 3054 2713 deséruit,
3088 2664 3211 2705 cum
3250 2666 3378 2720 pec-

1790 2738 1949 2793 cavit.
1997 2737 2053 2791 in
2086 2738 2301 2793 deserto
2328 2748 2507 2793 autem
2540 2740 2833 2809 nonaginta
2877 2755 3069 2809 novem
3123 2756 3255 2795 oves
3292 2755 3382 2797 re-

1791 2837 2123 2892 manserant,
2148 2832 2365 2899 quando
2406 2830 2457 2884 in
2491 2840 2632 2886 terra
2677 2831 2939 2886 Dominus
2966 2847 3127 2887 unam
3164 2847 3379 2902 qurere-

1791 2922 1885 2977 bat
1923 2940 1936 2975 :
1975 2922 2102 2991 quia
2151 2922 2429 2979 rationalis
2458 2931 2721 2979 creaturae
2768 2939 3029 2980 numerus
3062 2925 3376 2996 angelorum

1789 3009 2045 3066 videlicet
2074 3020 2129 3066 et
2156 3010 2457 3076 hominum,
2498 3012 2588 3081 qui
2621 3000 2688 3067 ad
2732 3013 3021 3067 videndum
3060 3015 3229 3069 Deum
3252 3029 3383 3070 con-

1792 3102 1889 3157 diti
1938 3102 2151 3157 fuerant
2179 3112 2438 3172 pereunte
2471 3104 2690 3163 homine
2716 3112 2838 3159 erat
2872 3103 3214 3169 imminutus,
3241 3115 3297 3159 et
3322 3115 3383 3160 ut

181 3197 311 3252 De”
339 3207 519 3253 autem
560 3200 728 3255 omni.
753 3201 958 3271 θναιίαε,
987 3203 1076 3273 qui
1106 3204 1305 3258 υοεηυξι
1334 3222 1426 3260 ηο,
1456 3206 1512 3260 in
1534 3216 1686 3261 αιιετ-
1711 3183 1755 3245 C
1788 3193 2078 3265 perfectius
2098 3209 2307 3248 summa
2332 3194 2513 3249 ovium
2542 3195 2905 3266 integraretur
2924 3194 2979 3249 in
3002 3194 3140 3251 ccelo
3172 3214 3184 3248 :
3219 3196 3383 3251 homo

121 3305 227 3341 nam
274 3306 422 3343 suam
470 3288 697 3358 gloriam
747 3292 800 3346 in
831 3290 1062 3357 Christo,
1114 3308 1215 3362 per
1258 3294 1686 3352 incarnationem

122 3378 358 3449 unigeniti
407 3379 506 3433 ﬁlii
542 3380 625 3433 sui
684 3394 845 3450 quem
884 3395 981 3450 pro
1032 3384 1218 3438 mundi
1258 3385 1408 3439 misit
1438 3388 1573 3441 mori
1604 3402 1690 3441 sa-

122 3466 234 3523 lute.

182 3558 437 3613 Modicum
464 3576 676 3630 passus.
699 3559 801 3628 Qui
832 3561 885 3616 in
916 3555 1019 3617 hoc
1061 3564 1263 3635 mundo
1289 3566 1536 3634 quamvis
1569 3582 1687 3623 mo-

122 3648 210 3705 dici
231 3653 504 3722 temporis,
530 3652 729 3708 multas
757 3655 1017 3709 sustinuit
1039 3670 1137 3725 pro
1166 3656 1324 3711 nobis
1347 3657 1595 3727 injurias,
1620 3658 1689 3713 ad

122 3742 344 3798 ultimum
394 3746 564 3800 etiam
598 3745 891 3802 cruciﬁxus
936 3755 1023 3802 est
1073 3755 1130 3803 et
1184 3750 1400 3803 occisus
1434 3758 1539 3813 est,
1591 3764 1690 3820 pro

124 3835 467 3905 redemptione
526 3844 711 3891 nostra
748 3854 763 3892 :
797 3846 851 3893 et
888 3837 1027 3893 mori
1071 3838 1322 3908 dignatus
1351 3847 1435 3893 est
1464 3854 1564 3907 pro
1594 3854 1688 3893 no-

121 3923 208 3989 bis,
230 3926 609 3997 modicumque
639 3928 896 3996 temporis
920 3936 1165 3983 retentus
1187 3943 1217 3982 a
1247 3937 1443 3994 morte,
1477 3929 1687 3983 statim-

123 4030 212 4084 que
240 4017 322 4074 die
371 4020 677 4074 resurrexit
723 4020 904 4085 tertia,
954 4020 1069 4089 ipse
1096 4020 1346 4091 perﬁciet
1386 4022 1587 4076 bonum
1630 4022 1687 4075 in

123 4104 257 4160 nobis
279 4108 421 4177 quod
453 4117 698 4178 coeperat
746 4126 760 4162 :
802 4124 1009 4180 nosque
1034 4110 1089 4165 in
1124 4126 1221 4166 sua
1261 4125 1475 4180 semper
1500 4111 1689 4167 volun-

126 4201 219 4252 tate
245 4204 295 4251 et
313 4198 366 4252 in
392 4199 578 4253 divina
601 4200 862 4271 religione
885 4200 1173 4256 conﬁrmet
1194 4210 1249 4257 et
1270 4204 1602 4259 corroboret.
1634 4212 1689 4260 et

123 4285 168 4337 in
192 4290 590 4355 perseverantia
614 4290 877 4345 bonorum
906 4306 1129 4361 operum
1157 4292 1258 4363 ipsi
1289 4294 1459 4365 gloria
1498 4307 1554 4350 et
1582 4296 1686 4349 im-

124 4378 325 4445 perium,
341 4380 463 4437 laus
486 4390 545 4437 et
563 4382 859 4452 gratiarum
882 4383 1021 4437 actio
1044 4383 1097 4437 in
1120 4384 1317 4438 saecula
1343 4384 1683 4441 saeculorum.

125 4468 289 4524 Amen.

592 4585 942 4641 HOMILIA
982 4587 1171 4645 XCV.

678 4716 810 4756 ΙΤΕΙ
834 4718 903 4755 υτ
931 4717 1118 4758 ευριιλ.

244 4808 424 4866 Lectio
459 4810 637 4866 sancti
666 4800 942 4881 Evangelii
980 4812 1275 4867 secundum
1316 4812 1536 4867 Lucam.

186 4915 244 4971 In
275 4920 362 4973 illo
417 4930 650 4992 tempore
691 4931 840 4976 erant
882 4923 1358 4992 appmpinquantes
1400 4922 1469 4975 ad
1503 4922 1685 4977 Iesum

126 5007 361 5074 publicani
384 5025 431 5067 et
472 5022 770 5083 peccatores
794 5022 848 5064 ut
878 5013 1133 5066 audirent
1146 5011 1318 5066 illum.
1354 5012 1421 5066 Et
1450 5029 1685 5066 murmu-

128 5104 285 5157 rabant
316 5104 581 5160 Pharisa'i
621 5115 667 5159 et
710 5104 931 5171 Scribce,
971 5106 1219 5171 dicentes,
1248 5107 1374 5176 quia
1396 5106 1481 5161 hic
1505 5124 1687 5179 pecca-

128 5204 242 5247 tores
270 5196 443 5265 recipit
468 5206 516 5250 et
550 5195 834 5250 manducat
864 5213 982 5250 cum
1005 5196 1133 5251 illis.

185 5282 306 5349 Quia
352 5301 460 5341 non
492 5286 668 5341 solum
704 5284 884 5355 justus
915 5301 1141 5355 peccare
1168 5302 1263 5357 per
1286 5287 1557 5355 inertiam,
1592 5288 1685 5344 sed

126 5380 173 5426 et
207 5385 445 5443 peccator
482 5378 806 5447 resipiscere
834 5393 931 5446 per
976 5377 1250 5433 solertiam
1282 5386 1481 5446 potest,
1537 5386 1684 5449 post-

129 5479 267 5533 quam
305 5468 383 5523 sal
412 5467 741 5523 infatuatu’m
792 5469 938 5524 foras
987 5469 1126 5523 mitti
1156 5469 1353 5524 debere
1404 5479 1682 5524 narratum

128 5562 214 5619 cst,
253 5570 367 5611 mox
393 5558 776 5629 paenitentium
808 5558 1001 5613 cohors
1048 5558 1193 5613 intus
1220 5558 1454 5614 admissa
1482 5558 1683 5614 descri-

131 5644 268 5710 litur,
295 5649 383 5716 qui
414 5648 483 5703 ad
513 5647 845 5702 audiendum
874 5647 967 5704 Dei
987 5647 1211 5704 verbum
1244 5650 1683 5720 appropinquan-

134 5742 214 5801 tcs,
241 5751 338 5793 non
367 5739 538 5795 solum
563 5739 633 5794 ad
659 5738 1095 5808 colloquendum,
1131 5741 1227 5797 sed
1257 5741 1421 5795 etiam
1451 5742 1517 5797 ad
1547 5758 1679 5797 con-

1710 4533 1765 4592 D

1788 3284 2031 3355 perditus
2056 3284 2402 3354 quaerebatur
2427 3285 2480 3339 in
2503 3292 2665 3341 terra.

1863 3383 2074 3438 Etcum
2124 3383 2376 3438 invenerit
2418 3382 2566 3457 illam
2622 3384 2841 3454 imponit
2888 3384 2941 3436 in
2971 3384 3215 3438 humeros
3257 3401 3381 3438 suos

1789 3474 2045 3544 gaudens.
2095 3473 2261 3535 Ovem
2295 3474 2349 3529 in
2391 3474 2635 3530 humeris
2663 3475 2775 3529 suis
2810 3476 3067 3545 imposuit
3102 3476 3231 3545 quia
3283 3476 3383 3531 bu-

1790 3580 2007 3618 manam
2044 3574 2297 3619 naturam
2324 3564 2622 3636 suscipiens
2648 3574 2870 3635 peccata
2902 3573 3089 3620 nostra
3119 3565 3233 3637 ipse
3260 3582 3387 3637 por-

1791 3655 1944 3708 tavit.

1861 3743 1930 3798 Et
1955 3745 2162 3799 veniens
2190 3745 2431 3809 domum,
2458 3753 2705 3798 convocat
2734 3746 2931 3799 amicos
2955 3757 3005 3799 et
3038 3746 3257 3809 vicinos,
3295 3746 3384 3800 di-

1791 3850 1907 3887 cens
1953 3832 2057 3886 illis
2105 3846 2123 3883 :
2168 3831 2624 3902 Congratulamini
2654 3834 2801 3899 mihi,
2832 3836 2959 3906 quia
3010 3836 3183 3889 inveni
3237 3852 3383 3891 ouem

1789 3939 1905 3993 qum
1960 3924 2205 3992 perierat.
2249 3922 2471 3978 Inventa
2520 3937 2620 3977 ove
2676 3925 2743 3979 ad
2800 3925 3021 3979 domum
3052 3926 3213 3993 rediit
3256 3928 3385 3997 quia

1790 4021 1980 4082 pastor
2002 4021 2190 4067 noster
2221 4022 2473 4083 reparato
2502 4014 2721 4069 homine
2747 4014 2814 4069 ad
2855 4031 3082 4087 regnum
3108 4017 3290 4082 rediit,
3311 4019 3383 4073 ibi

1792 4101 1998 4157 amicos
2044 4110 2098 4155 et
2125 4102 2333 4157 vicinos
2366 4102 2592 4169 invenit,
2626 4102 2745 4159 illos
2766 4104 3019 4160 videlicet
3067 4106 3385 4177 angelorum

1789 4193 2008 4257 choros,
2064 4193 2155 4261 qui
2185 4192 2344 4247 amici
2394 4193 2514 4263 ejus
2560 4204 2705 4260 sunt,
2735 4196 2861 4265 quia
2897 4196 3229 4255 voluntatem
3266 4199 3386 4269 ejus

1791 4286 2045 4341 continue
2068 4285 2121 4339 in
2148 4300 2244 4340 sua
2276 4285 2570 4340 stabilitate
2597 4288 2944 4341 custodiunt:
2972 4289 3133 4342 vicini
3163 4304 3385 4360 quoque

1791 4375 1907 4445 ejus
1930 4384 2055 4430 sunt
2086 4374 2213 4445 quia
2246 4374 2491 4433 claritate
2524 4375 2747 4431 visionis
2774 4375 2915 4431 illius
2941 4392 3038 4431 sua
3059 4378 3383 4434 assiduitate

1792 4467 2161 4539 perfruuntur,
2190 4474 2247 4521 et
2291 4467 2588 4521 notandum
2624 4469 2765 4538 qund
2802 4485 2908 4525 non
2962 4470 3124 4537 dicat,
3152 4487 3384 4544 congra-

1794 4558 2038 4613 tulamini
2080 4559 2170 4613 ovi
2200 4558 2453 4624 inventae,
2506 4560 2603 4614 sed
2652 4561 2781 4614 mihi
2811 4562 2938 4630 quia
2986 4562 3237 4619 videlicet
3262 4564 3383 4633 ejus

1792 4659 1877 4706 est
1903 4650 2156 4721 gaudium
2200 4652 2310 4705 vita
2346 4660 2555 4716 nostra,
2585 4660 2641 4705 et
2685 4668 2809 4707 cum
2839 4668 2938 4707 nos
2968 4653 3037 4709 ad
3058 4654 3259 4711 ccelum
3291 4671 3380 4711 re-

1791 4739 2063 4805 ducimur,
2089 4739 2488 4795 solemnitatem
2513 4740 2713 4795 lmtitiaa
2738 4740 2881 4797 illius
2911 4742 3219 4815 implemus.

1861 4832 1994 4887 Dico
2020 4834 2157 4887 vobis
2182 4833 2321 4903 quod
2345 4834 2417 4887 ita
2448 4834 2701 4903 gaudium
2727 4835 2822 4888 erit
2856 4835 2911 4887 in
2938 4834 3065 4889 calo
3094 4851 3253 4905 super
3272 4851 3378 4889 uno

1792 4936 2061 4996 peccatore
2084 4926 2441 4995 paenitentiam
2481 4934 2662 4994 agente
2688 4941 2846 4995 quant
2878 4941 3033 4994 super
3091 4926 3376 4994 nonaginta

1789 5034 1969 5073 novem
2010 5018 2171 5089 justis
2216 5019 2306 5089 qui
2363 5034 2468 5071 non
2512 5017 2742 5086 indigent
2789 5018 3110 5087 pauitantia.
3149 5015 3281 5071 Plus
3307 5016 3378 5071 de

1788 5111 2066 5167 conversis
2129 5110 2525 5180 peccatoribus,
2582 5124 2744 5178 quam
2800 5110 2867 5183 de
2919 5110 3190 5164 stantibus
3212 5107 3379 5177 iustis

1788 5199 2039 5272 gaudium
2086 5202 2192 5255 erit
2222 5202 2273 5254 in
2305 5199 2464 5263 cmlo,
2496 5200 2625 5268 quia
2650 5201 2967 5269 plerumque
3009 5201 3067 5255 hi
3087 5201 3179 5269 qui
3210 5201 3378 5257 nullis

1789 5308 1848 5347 se
1872 5307 2159 5363 oppressos
2200 5300 2547 5361 peccatorum
2588 5292 2819 5347 molibus
2843 5294 3039 5355 sciunt,
3082 5300 3232 5346 stant
3248 5291 3386 5361 qni-

1792 5384 1913 5438 dem
1950 5384 2001 5436 tn
2035 5384 2117 5436 via
2154 5380 2403 5451 justitiar,
2434 5382 2574 5435 milia
2598 5382 2778 5436 illicita
2804 5390 3139 5451 perpetrant,
3170 5380 3263 5436 sed
3295 5393 3375 5434 ta-

1793 5490 1915 5529 men
1945 5475 2013 5531 ad
2040 5473 2318 5529 caelestem
2346 5474 2577 5542 patriam
2602 5473 2761 5526 anxie
2799 5487 2905 5527 non
2930 5474 3204 5539 anhelant,
3250 5481 3378 5525 tan-

1796 5574 1954 5633 toque
1981 5561 2081 5619 sibi
2126 5562 2180 5617 In
2215 5564 2373 5618 rebus
2401 5562 2565 5617 licitis
2608 5577 2763 5617 usum
2793 5563 3053 5633 praebent,
3084 5572 3287 5633 quanto
3317 5574 3380 5615 se

1791 5665 2131 5726 perpetrasse
2162 5656 2347 5711 illicita
2385 5656 2531 5711 nulla
2558 5656 2937 5711 meminerunt.
2968 5654 3037 5709 Et
3061 5656 3379 5724 plcmmque

1792 5746 1929 5817 pigri
1966 5755 2251 5803 remanent
2302 5746 2373 5803 ad
2418 5746 2721 5802 exercenda
2774 5745 2910 5801 bona
2938 5744 3374 5817 praecipua,quia
