3946 6366
496 402 600 461 327

1163 389 1223 443 B.
1267 384 1519 442 BADANI
1561 379 1780 438 ΜΑυηί
1819 375 2137 435 AllClllEP.
2181 371 2490 432 MOGUNT.
2530 366 2815 427 OPERUM
2853 361 3032 419 PARS
3070 357 3131 414 ll.

3666 346 3794 401 5‘23

495 513 654 569 valde
674 522 849 565 securi
880 510 1025 568 sunt,
1050 500 1192 571 quod
1222 498 1364 554 nulla
1391 493 1765 553 commiserint
1793 491 1930 546 mala
1957 506 2080 561 gra-
2113 494 2159 552 Α
2188 504 2360 557 opere,
2388 484 2565 538 omnia
2609 483 2665 536 in
2699 480 2903 534 nomine
2933 474 3142 529 Domini
3173 470 3322 533 .Icsn,
3346 466 3542 537 gratias
3565 474 3797 532 agentes

497 618 649 659 vtora
659 642 673 654 .

572 694 676 747 Aut
695 706 812 761 qua:
832 686 1022 741 mulier
1050 682 1244 737 habens
1267 679 1548 735 drachmas
1569 677 1764 741 decem,
1789 674 1833 729 si
1853 672 2089 744 perdide-

502 787 571 841 rit
592 783 899 838 drachmam
925 793 1109 839 unam,
1132 790 1303 829 nonne
1322 769 1849 828 accendit‘lucernam
1872 776 1921 821 et
1950 780 2090 819 ever-

504 878 571 932 rit
599 878 837 937 domum,
864 882 910 926 et
943 868 1132 941 quierit
1160 866 1456 937 diligenter,
1486 864 1649 918 donec
1694 859 1962 915 inveniat?
1987 855 2090 924 Qui

504 975 755 1043 signatur
800 983 898 1039 per
951 961 1226 1035 pastorem
1277 960 1393 1032 ipse
1420 967 1473 1015 et
1517 972 1612 1028 per
1638 954 1944 1011 mulierem.
1976 952 2093 1022 lpse

505 1066 649 1121 enim
706 1062 850 1116 Deus
904 1059 1019 1127 ipse
1072 1064 1126 1112 et
1164 1054 1259 1108 Dei
1318 1050 1606 1122 sapientia.
1664 1048 1729 1103 Et
1761 1047 1886 1116 quia
1919 1046 2096 1115 imago

506 1156 830 1229 caprimitur
857 1153 910 1206 in
942 1151 1200 1204 drachma
1232 1144 1428 1199 mulier
1456 1142 1791 1200 drachmam,
1830 1136 2089 1207 perdidit,

507 1226 725 1319 quando
750 1244 912 1298 homo
944 1240 1035 1310 qui
1072 1235 1322 1293 conditus
1349 1234 1417 1287 ad
1447 1232 1738 1302 imaginem
1778 1228 1875 1284 Dei
1924 1226 2099 1280 fuerat

508 1316 788 1410 peccando
833 1349 862 1388 a
892 1328 1244 1387 similitudine
1278 1326 1361 1381 sui
1388 1322 1687 1381 conditoris
1715 1318 1960 1376 recessit.
1992 1316 2100 1372 Sed

511 1408 761 1484 accendit
804 1422 998 1478 mulier
1025 1420 1300 1475 lucernam
1331 1416 1454 1486 quia
1486 1412 1751 1483 sapientia
1800 1408 1896 1465 Dei
1932 1423 2101 1483 appa—

514 1520 622 1575 ruit
663 1518 717 1571 in
767 1512 1124 1569 humanitate.
1153 1508 1400 1564 Lucerna
1435 1505 1633 1575 quippe
1661 1502 1843 1556 lumen
1880 1499 1934 1554 in
1963 1505 2104 1553 testa

514 1617 620 1672 est,
654 1607 835 1661 lumen
864 1617 996 1657 vero
1024 1602 1078 1656 in
1110 1606 1250 1656 testa
1292 1604 1374 1652 est
1409 1595 1663 1651 divinitas
1711 1593 1766 1647 in
1800 1605 1983 1656 carne,
2011 1603 2106 1643 ac-

515 1712 680 1753 censa
711 1703 890 1749 autem
920 1692 1139 1746 lucerna
1188 1686 1393 1744 everrit
1438 1684 1656 1739 domum
1696 1682 1823 1752 quia
1874 1695 2001 1735 mox
2050 1687 2111 1734 ut

515 1788 633 1858 eius
680 1784 938 1842 divinitas
980 1796 1079 1851 per
1106 1794 1324 1835 carnem
1352 1776 1564 1840 claruit,
1605 1774 1781 1830 omnis
1813 1788 1874 1828 se
1922 1780 2107 1827 nostra

2196 577 2302 631 Deo
2332 585 2379 630 et
2410 573 2562 627 Patri
2583 588 2675 642 per
2708 569 2902 639 ipsum,
2925 575 3033 621 etc.

2262 667 2654 735 Quodcunque,
2710 658 2908 728 inquit,
2972 662 3065 709 aut
3116 650 3297 707 dicitis
3335 656 3425 700 aut
3458 644 3645 716 agitis,
3693 642 3796 699 in-

2192 766 2409 814 tuentes
2433 754 2489 810 in
2514 753 2753 817 Christo,
2777 749 3015 806 debitam
3042 743 3341 814 gratiarum
3369 738 3637 793 actionem
3668 735 3806 811 Deo

2193 857 2247 905 et
2296 846 2439 919 patri
2485 844 2689 900 referre
2740 844 3028 911 praperate
3062 848 3161 904 pro
3187 830 3313 895 illis,
3340 843 3459 898 qua:
3488 840 3583 897 per
3617 823 3802 879 Chri-

2196 917 2339 998 stum
2362 940 2515 995 vobis
2545 936 2679 992 sunt
2698 933 2963 1005 prmstita.
2990 927 3205 983 Etenim
3230 923 3452 995 psalmis
3474 930 3529 975 et
3563 917 3807 989 hymnis

2196 1039 2252 1087 et
2277 1028 2504 1085 canticis
2543 1023 2917 1098 spiritualibus
2950 1018 3247 1091 gratiarum
3274 1014 3542 1069 actionem
3566 1008 3807 1064 vocavit

2199 1123 2303 1179 hoc
2325 1120 2511 1174 dicens
2531 1116 2785 1187 quoniam
2825 1113 2877 1166 in
2909 1109 3161 1166 cordibus
3180 1104 3380 1159 vestris
3408 1101 3611 1173 gratias
3640 1099 3807 1169 agite

2200 1214 2332 1278 Deo,
2362 1210 2738 1282 quodcunque,
2763 1212 2857 1259 aut
2886 1200 3085 1265 dicitis,
3113 1206 3208 1253 aut
3229 1195 3413 1266 agitis,
3442 1194 3520 1247 sic
3540 1199 3595 1247 et
3622 1190 3806 1245 dicite

2201 1310 2257 1358 et
2292 1277 2433 1372 agite
2459 1300 2601 1355 sicut
2618 1296 2823 1366 justum
2845 1299 2931 1348 est
2950 1291 3130 1345 dicere
3156 1287 3276 1341 illos
3306 1283 3397 1354 qui
3422 1280 3548 1336 talia
3570 1277 3809 1347 assequi

2204 1370 2350 1465 digni
2374 1398 2498 1448 sunt
2519 1388 2712 1444 habiti.
2736 1386 2861 1440 Haec
2885 1383 3030 1438 enim
3053 1388 3140 1437 est
3160 1394 3287 1434 vera
3312 1376 3605 1448 gratiarum
3626 1370 3809 1435 actio,

2205 1462 2399 1542 deinde
2429 1490 2484 1537 et
2507 1481 2561 1536 in
2590 1481 2693 1535 hac
2728 1485 2885 1548 parte
2930 1474 3148 1530 imitans
3173 1470 3262 1525 illa
3288 1483 3408 1539 qua:
3432 1466 3498 1521 ad
3530 1462 3816 1535 Ephesios

2209 1576 2523 1647 scripserat,
2566 1571 2798 1626 vertitur
2824 1566 2892 1623 ad
2939 1563 3230 1638 specialem
3257 1552 3683 1617 consolationem
3713 1553 3815 1609 di-

2210 1682 2341 1724 cens
2372 1680 2389 1720 2

2260 1756 2556 1819 ‘Mulieres,
2594 1752 2815 1811 subdita:
2845 1757 3004 1805 estote
3028 1746 3176 1813 viris,
3200 1746 3333 1801 sicut
3363 1752 3583 1815 Oportet,
3605 1742 3662 1796 in
3696 1740 3817 1799 Do-

520 1835 633 1858 ηη
684 1835 933 1842 --η---η-
984 1835 1038 1851 ..
1554 1835 1561 1840 .

520 1876 855 1935 conscientia
883 1871 1177 1934 concussit,
1208 1869 1400 1925 domus
1433 1879 1667 1935 namque
1692 1862 1962 1919 everritur
1985 1870 2109 1916 Cum

2244 1849 2374 1902 tino.
2404 1846 2612 1923 Uxores
2655 1841 2809 1912 jubet
2836 1839 3081 1895 subditas
3104 1852 3225 1891 esse
3249 1835 3479 1891 maritis.

521 1966 957 2026 consideratione
991 1970 1176 2018 reatus
1210 1959 1294 2015 sui
1340 1959 1577 2013 humana
1616 1953 1949 2010 conscientia
1983 1958 2110 2023 per-

526 2061 796 2117 turbatur.
812 2053 1021 2112 Eversa
1047 2068 1178 2109 vero
1198 2053 1359 2108 domo
1386 2050 1657 2106 invenitur
1678 2037 1958 2111 drachma,
1988 2044 2112 2116 quia

529 2155 655 2209 dum
692 2152 1045 2222 perturbatur
1085 2136 1422 2204 conscientia
1462 2142 1701 2200 hominis
1733 2138 2015 2210 reparatur
2059 2136 2115 2191 in

528 2243 747 2300 nomine
770 2236 1402 2297 similitudo‘conditOris.

608 2334 676 2389 Et
707 2350 826 2388 cum
866 2332 1139 2394 inuenerit,
1181 2335 1426 2383 convocat
1456 2325 1655 2381 amicas
1685 2331 1733 2378 et
1776 2321 1999 2387 vicinas,
2029 2319 2117 2373 di-

532 2440 655 2479 cens
690 2436 709 2474 :
741 2417 1195 2490 Congratulamini
1236 2416 1388 2481 mihi,
1426 2414 1549 2487 quia
1595 2412 1766 2468 inveni
1811 2410 2119 2465 drachmam

528 2529 689 2587 quam
730 2511 1084 2582 perdideram.
1133 2506 1265 2574 Quae
1309 2505 1499 2561 amicae
1538 2504 1625 2559 vel
1651 2502 1844 2558 vicinae
1882 2501 1988 2556 nisi
2018 2499 2121 2555 illa:

532 2610 833 2676 potestates
875 2609 1001 2656 sunt
1046 2598 1315 2663 caelestes,
1357 2595 1471 2667 jam
1516 2595 1765 2668 superius
1794 2594 1970 2659 dictm,
2002 2606 2124 2664 qua:

536 2704 688 2749 tanto
735 2706 981 2762 supernae
1010 2687 1292 2759 sapientiae
1335 2687 1490 2757 juxta
1519 2695 1665 2753 sunt,
1714 2693 1919 2757 quanto
1944 2683 1993 2739 ei
2022 2698 2123 2754 per

534 2785 764 2857 gratiam
820 2781 1093 2840 continua:
1136 2778 1365 2835 visionis
1412 2778 1866 2850 appropinquant,
1905 2776 2001 2831 sed
2046 2766 2125 2830 in-

539 2876 797 2932 tuendum
842 2882 943 2929 cur
968 2873 1071 2927 ista
1100 2871 1295 2926 mulier
1340 2870 1527 2926 decem
1554 2869 1844 2924 drachmas
1872 2864 2125 2922 habuisse

542 2965 879 3039 perhibetur,
908 2962 1223 3031 angelorum
1252 2960 1450 3030 quippe
1480 2966 1538 3014 et
1562 2956 1842 3031 hominum
1872 2962 2125 3011 naturam

543 3057 611 3111 ad
637 3054 1070 3127 cognoscendum
1104 3066 1162 3107 se
1213 3049 1473 3105 Dominus
1500 3046 1759 3112 condidit,
1804 3060 1965 3117 quam
1998 3044 2126 3100 dum

544 3125 848 3202 consistere
890 3142 963 3201 ad
968 3141 1345 3196 aeternitatem
1387 3138 1579 3203 voluit,
1606 3133 1726 3193 eat'n
1749 3136 1939 3207 procul
1965 3125 2128 3191 dubio

546 3240 615 3294 ad
630 3253 783 3293 suam
806 3233 1217 3290 similitudinem
1233 3230 1456 3287 ereavit.
1480 3227 1677 3286 Decem
1692 3234 1831 3285 vero
1842 3229 2131 3283 drachmas

546 3330 738 3388 habuit
763 3327 981 3392 mulier,
1010 3326 1136 3396 quia
1166 3327 1361 3381 novem‘
1384 3326 1520 3378 sunt
1548 3322 1768 3378 ordines
1790 3320 2130 3393 angelorum,

546 3422 642 3478 sed
678 3430 737 3475 ut
763 3418 1129 3489 compleretur
1164 3415 1461 3471 electorum
1494 3422 1771 3477 numerus,
1798 3400 1961 3467 homo
1987 3409 2133 3468 deci-

549 3530 670 3571 mus
692 3520 907 3568 creatus
927 3506 1121 3578 estqui
1147 3522 1176 3561 a
1200 3506 1479 3564 conditore
1508 3520 1607 3561 suo
1632 3519 1733 3560 nec
1761 3512 1884 3576 post
1920 3503 2135 3573 culpam

552 3609 735 3679 periit,
765 3606 891 3675 quia
912 3606 1069 3658 hunc
1095 3612 1297 3657 aeterna
1344 3598 1611 3681 sapientia
1640 3612 1736 3668 per
1768 3609 2007 3657 carnenr
2035 3597 2139 3650 mi-

554 3700 751 3756 raculis
773 3710 1063 3752 coruscans
1089 3710 1158 3750 ex
1184 3693 1385 3748 lumine
1414 3700 1565 3746 testae
1590 3689 1879 3760 reparavit.
1912 3689 1998 3742 Ita
2020 3688 2139 3742 dico

555 3792 699 3848 vobis
748 3804 766 3842 :
806 3788 1073 3845 Gaudium
1122 3788 1218 3841 erit
1263 3801 1440 3840 coram
1484 3782 1682 3853 angelis
1730 3782 1824 3835 Dei
1852 3788 2009 3849 super
2035 3796 2139 3833 uno

555 3891 827 3955 peccatore
850 3879 1204 3951 pmnilentiam
1236 3886 1439 3947 agente.
1463 3873 1847 3929 Pmnitentiam
1876 3886 2036 3942 agere
2059 3878 2146 3926 est

559 3982 614 4027 et
649 3977 961 4042 perpetrata
1008 3966 1147 4025 mala
1174 3965 1431 4035 plangere
1460 3973 1513 4019 et
1555 3963 1854 4034 plangenda
1884 3977 1989 4016 non
2022 3976 2145 4030 per-

562 4072 797 4133 petrare.
831 4059 967 4114 Na’m
997 4058 1087 4128 qui
1143 4056 1222 4111 sic
1254 4055 1358 4109 alia
1406 4054 1668 4125 deplorat,
1723 4061 1783 4107 ut
1836 4062 2013 4106 tamen
2042 4050 2148 4106 alia

560 4152 887 4215 committat,
914 4149 1093 4204 adhuc
1116 4145 1491 4215 paenitentiam
1517 4158 1675 4216 agere
1698 4155 1791 4197 aut
1820 4143 2030 4214 ignorat
2055 4150 2149 4196 aut

562 4242 889 4299 dissimulat.
926 4240 1063 4307 Quid
1112 4236 1258 4291 enim
1298 4236 1538 4307 prodest,
1576 4235 1622 4288 si
1664 4232 1885 4305 peccata
1924 4233 2151 4288 luxurias

563 4334 689 4403 quis
714 4328 911 4386 deﬂeat
938 4338 1002 4383 et
1018 4338 1198 4382 tamen
1244 4326 1423 4381 adhuc
1450 4324 1692 4379 avaritiae
1736 4323 1958 4397 aestibus
1986 4323 2152 4379 anlte—

562 4424 673 4479 let?
725 4421 973 4491 autquid
1022 4420 1067 4475 si
1105 4419 1200 4473 ira:
1241 4417 1428 4488 culpas
1467 4414 1580 4485 jam
1627 4415 1829 4486 lugeat,
1866 4410 1922 4470 et
1969 4418 2149 4470 tamen

568 4513 985 4570 adhucinvidim
1012 4511 1219 4566 facibus
1237 4510 1519 4565 tabescat?
1548 4508 1655 4565 Sed
1680 4509 1859 4563 minus
1889 4515 1973 4563 est
2000 4507 2153 4563 valde

567 4605 709 4676 quod
733 4602 985 4668 dicimus,
1011 4600 1189 4671 utqui
1218 4608 1437 4669 peccata
1483 4599 1726 4669 deplorat
1764 4597 2025 4669 ploranda
2052 4597 2153 4652 mi-

570 4695 718 4750 nime
742 4690 1071 4748 committat.
1110 4688 1244 4742 Nam
1287 4687 1631 4759 cogitandum
1677 4698 2021 4758 summopere
2045 4694 2151 4753 est,

572 4794 635 4839 ut
658 4784 750 4854 qui
782 4796 842 4838 se
867 4779 1053 4835 illicita
1082 4778 1330 4834 meminit
1371 4777 1710 4833 commisisse
1752 4792 1785 4831 a
1831 4774 2151 4846 quibusdam

574 4876 740 4931 etiam
789 4871 952 4927 licitis
998 4870 1214 4925 studeat
1262 4868 1537 4923 abstinere
1590 4875 1860 4938 quatenus
1902 4882 1999 4938 per
2050 4868 2156 4922 hoc

576 4962 844 5021 conditori
892 4975 992 5016 suo
1012 4959 1320 5015 satisfaciat
1346 4978 1359 5013 :
1385 4966 1444 5014 ut
1477 4958 1567 5030 qui
1593 4960 1860 5015 commisit
1881 4957 2163 5031 prohibita-

574 5052 901 5120 sibimetipsi
917 5050 1233 5107 abscindere
1254 5049 1452 5107 debeat
1477 5052 1643 5105 etiam
1656 5053 1954 5107 commissa
1974 5051 2159 5125 [Forte

579 5144 681 5215 leg.
712 5144 1027 5213 concessa],
1051 5143 1237 5211 sicque
1260 5141 1316 5196 in
1339 5152 1489 5198 recta
1518 5142 1623 5197 fide
1646 5150 1704 5198 et
1729 5143 1887 5199 bonis
1908 5145 2162 5214 operibus

584 5234 836 5305 religiose
877 5230 1090 5296 vivens,
1125 5235 1192 5289 ad
1237 5232 1465 5307 gloriam
1512 5234 1625 5291 Deo
1648 5236 1948 5308 opitulante
1975 5252 2163 5308 perve-

586 5322 699 5376 niet
726 5318 1138 5391 sentpiternatn.

1122 5451 1402 5510 HOMILIA
1455 5456 1634 5511 XCVI.

1252 5585 1407 5626 FERIA
1440 5587 1514 5625 IV.

590 5677 777 5734 Lectio
806 5678 1060 5750 Epistolas
1090 5679 1234 5735 beati
1261 5679 1407 5736 Petri
1448 5684 1671 5751 apostoli
1703 5684 1769 5739 ad
1799 5684 2168 5741 Colossenses.

668 5766 907 5834 Fratres,
931 5787 1081 5825 omne
1129 5770 1475 5841 quodcunque
1509 5773 1692 5842 facitis
1732 5777 1786 5829 in
1812 5777 1961 5831 verba
1996 5787 2088 5831 aut
2117 5780 2169 5831 in

2287 1922 2429 2002 Viri,
2452 1933 2655 2005 diligite
2682 1946 2871 1985 uxores
2894 1937 3110 1989 vestras,
3146 1934 3194 1980 et
3222 1924 3380 1979 nolite
3400 1924 3570 1978 amari
3600 1936 3715 1976 esse
3742 1920 3823 1973 ad

2212 2027 2355 2081 illas.
2389 2023 2829 2103 Viros‘admonet
2858 2018 3082 2090 diligere
3125 2031 3251 2072 suas
3294 2029 3514 2080 uxores,
3561 2027 3660 2068 nec
3693 2025 3827 2066 mo-

2214 2118 2348 2172 leste
2371 2131 2501 2185 erga
2532 2113 2651 2168 illas
2681 2110 2909 2167 versari.

2289 2202 2443 2269 Filii,
2473 2202 2675 2257 obedite
2689 2198 3101 2270 parentibusper
3127 2196 3299 2251 omnia
3320 2212 3334 2249 :
3355 2196 3450 2248 hoc
3470 2194 3608 2248 enim
3638 2190 3825 2261 placi-

2218 2302 2328 2352 tum
2375 2302 2450 2349 est
2498 2291 2745 2353 Domino.
2800 2277 3003 2345 Suadet
3044 2286 3171 2342 ﬁliis
3210 2293 3270 2340 ut
3316 2284 3573 2342 obediant
3611 2295 3825 2353 parcn-

2221 2388 2388 2443 tibus.

2294 2476 2499 2542 Patres,
2556 2472 2716 2528 nolite
2774 2472 2843 2526 ad
2896 2469 3312 2540 indignationem
3358 2479 3637 2537 prouocare
3671 2459 3826 2529 filios

2222 2576 2415 2624 vestros
2458 2568 2519 2619 υτ
2551 2581 2654 2619 non
2688 2561 2880 2634 pusillo
2907 2561 3084 2615 animo
3132 2559 3282 2628 ﬁant.
3333 2555 3589 2611 Patribus
3620 2553 3831 2611 suadet

2223 2665 2282 2713 ut
2306 2672 2414 2715 non
2440 2653 2709 2725 superﬂue
2748 2653 2967 2707 tristeut
2997 2649 3134 2703 lilios
3162 2655 3311 2701 SUOS.

2296 2748 2465 2813 Servi,
2497 2745 2695 2801 obedite
2740 2761 2832 2815 per
2859 2742 3034 2797 omnia
3070 2740 3295 2808 dominis
3347 2735 3672 2801 carnalibus,
3709 2749 3824 2789 non

2224 2839 2293 2895 ad
2321 2836 2531 2893 oculum
2575 2826 2873 2898 servientes,
2910 2832 3062 2903 quasi
3080 2828 3383 2883 hominibus
3408 2826 3689 2897 placentes,
3726 2821 3825 2877 sed

2225 2930 2283 2984 in
2309 2926 2642 2998 simplicitate
2689 2923 2883 2989 cordis,
2930 2923 3167 2977 timentes
3222 2919 3410 2972 Deum.
3460 2916 3828 2985 Quodcunque

2229 3020 2427 3092 facitis,
2466 3032 2529 3071 ea:
2570 3016 2773 3070 animo
2800 3004 3109 3084 operamini,
3168 3011 3302 3065 sicut
3343 3007 3597 3071 Domino,
3635 3015 3682 3059 et
3713 3022 3826 3059 non

2230 3106 2525 3163 Imminibus
2554 3122 2571 3160 .'
2602 3106 2818 3159 scientes
2861 3102 2998 3173 quod
3029 3118 3062 3153 a
3100 3100 3323 3153 Domino
3362 3096 3624 3165 accipietis
3668 3094 3831 3148 retri-

2158 3197 2202 3259 C
2232 3198 2496 3252 butionem
2536 3192 2878 3249 lttereditatis.
2905 3190 3129 3245 Domino
3164 3187 3369 3242 Christo
3408 3184 3613 3238 seruile.
3661 3181 3831 3238 lubet

2235 3298 2290 3347 et
2316 3303 2503 3344 servos
2524 3286 2746 3342 obedire
2775 3286 2888 3340 suis
2916 3280 3150 3339 dominis
3198 3279 3546 3349 inspicientes
3576 3277 3629 3331 in
3672 3275 3829 3329 illam

2234 3380 2500 3441 mercedis
2527 3376 3045 3439 remunerationem,
3073 3388 3193 3443 qua:
3222 3388 3248 3425 a
3277 3371 3387 3426 Deo
3416 3370 3520 3425 illis
3553 3369 3828 3424 retribue-

2236 3482 2329 3529 tur
2363 3487 2461 3542 pro
2493 3468 2632 3524 fideli
2670 3467 2915 3532 servitio,
2952 3473 3009 3520 et
3036 3464 3113 3519 ita
3143 3462 3305 3518 facite
3338 3463 3482 3516 sicut
3520 3470 3575 3516 et
3613 3458 3825 3527 justum

2237 3571 2322 3618 est
2368 3560 2549 3616 facere
2585 3573 2681 3614 cos
2707 3556 2858 3627 quia
2909 3554 3020 3611 Deo
3047 3552 3149 3607 sibi
3179 3552 3485 3606 mercedem
3512 3548 3671 3604 tribui
3726 3564 3831 3602 cx-

2240 3659 2510 3723 schtant,
2556 3663 2663 3703 non
2689 3647 2830 3702 sicut
2857 3643 3164 3699 hominibus
3188 3640 3507 3704 servientes,
3540 3637 3650 3692 sed
3684 3638 3835 3691 sicut

2242 3739 2316 3795 illi
2348 3756 2377 3792 a
2429 3752 2536 3809 quo
2579 3747 2635 3793 et
2662 3732 2930 3790 mercedis
2956 3731 3131 3793 vicem
3161 3729 3264 3785 sibi
3295 3727 3459 3782 tribui
3484 3732 3827 3794 exspectant.

2244 3834 2563 3901 Quicunque
2584 3828 2727 3884 enim
2754 3832 3024 3897 praecepta
3054 3820 3343 3891 apostolica
3370 3818 3474 3873 rite
3500 3815 3827 3879 servaverit,

2245 3934 2300 3981 et
2328 3926 2441 3980 Deo
2486 3936 2584 3991 per
2619 3919 2788 3975 ‘ﬁdem
2817 3925 2873 3971 et
2906 3918 3050 3971 bona
3084 3929 3251 3984 opera
3276 3911 3501 3983 placere
3539 3908 3829 3971 studuerit,

2248 4017 2366 4073 sine
2410 4013 2575 4069 dubio
2614 4008 3069 4069 remunerationis
3113 4005 3351 4060 cmiestis
3384 4003 3663 4073 particeps
3701 4002 3831 4064 erit,

2247 4111 2541 4176 prmstante
2586 4100 2813 4156 Domino
2857 4107 3045 4153 nostro
3098 4095 3224 4151 Jesu
3278 4094 3515 4159 Christo,
3573 4093 3664 4163 qui
3708 4105 3833 4147 cum

2252 4198 2410 4253 Patre
2434 4208 2491 4250 et
2513 4193 2719 4264 Spiritu
2748 4198 2936 4247 sancto
2967 4189 3097 4243 vivit
3118 4184 3179 4242 et'
3204 4193 3394 4257 regnat
3416 4184 3559 4239 Deus
3585 4197 3681 4253 per
3710 4196 3837 4237 om-

2254 4290 2345 4347 nia
2372 4287 2567 4347 smcula
2598 4284 2936 4343 smculorum.
2973 4282 3165 4336 Amen.

2699 4389 3059 4455 HOMlLlA
3122 4390 3389 4449 XCVII.

2819 4502 2951 4542 ITEH
2991 4501 3150 4541 FER”.
3188 4500 3261 4540 IV.

2362 4598 2547 4654 Lectio
2576 4596 2745 4652 sancti
2772 4595 3046 4667 Evangelii
3076 4594 3370 4651 secundum
3394 4593 3725 4649 Mattharum.

2329 4710 2397 4764 In
2446 4709 2538 4764 illo
2576 4718 2804 4779 tempore
2847 4708 2979 4762 dixit
3008 4706 3165 4762 Iesus
3194 4707 3464 4777 discipulis
3494 4709 3604 4762 suis
3644 4720 3661 4760 :
3708 4708 3834 4763 Esto

2260 4800 2583 4856 consentiens
2608 4797 2908 4852 adversario
2931 4808 3017 4852 tuo
3050 4797 3153 4851 cito
3182 4797 3308 4851 dum
3333 4812 3384 4851 es
3414 4798 3467 4851 in
3506 4799 3589 4850 via
3611 4814 3727 4850 cum
3751 4815 3831 4862 co,

2260 4908 2325 4945 ne
2362 4891 2499 4960 forte
2524 4888 2701 4942 tradat
2728 4895 2775 4941 te
2805 4887 3135 4941 adversarius
3158 4887 3352 4956 judici,
3386 4895 3432 4940 et
3469 4886 3638 4955 iudex
3662 4888 3832 4940 tradat

2261 4988 2310 5034 te
2350 4978 2588 5033 ministro
2614 4986 2661 5030 et
2698 4978 2753 5030 in
2779 4991 3038 5033 carcerem
3076 4979 3324 5032 mittaris.
3374 4976 3562 5043 Amen,
3588 4978 3701 5033 dico
3742 4980 3831 5033 tibi

2262 5086 2366 5123 non
2416 5068 2555 5122 exies
2597 5068 2717 5121 inde
2756 5066 2919 5121 donec
2974 5067 3160 5121 reddas
3213 5068 3833 5139 novissimumguadran—

2264 5166 2384 5220 tem,
2415 5164 2521 5211 etc.

2338 5246 2415 5299 Ex
2461 5246 2888 5314 praecedentibus
2938 5254 2993 5299 et
3030 5247 3485 5317 consequentibus
3522 5247 3829 5304 manifestus

2268 5345 2353 5391 est
2396 5352 2608 5403 sensus,
2637 5340 2778 5408 quod
2804 5352 2902 5392 nos
2928 5339 3185 5395 Dominus
3217 5349 3381 5410 atque
3412 5342 3679 5409 Salvator,
3707 5341 3831 5400 dum

2273 5429 2326 5482 in
2351 5427 2506 5482 istius
2525 5428 2705 5483 saeculi
2733 5429 2818 5491 via
2842 5429 3130 5495 currimus,
3154 5431 3219 5483 ad
3241 5446 3431 5501 pacem
3454 5442 3509 5487 et
3528 5433 3595 5488 ad
3617 5447 3824 5489 concor-

2272 5514 2416 5569 diam
2463 5517 2808 5581 cobortetur‘,
2860 5516 3017 5585 juxta
3046 5518 3361 5590 ApoStolum
3422 5520 3727 5581 dicentem:
3773 5522 3832 5581 Si

2273 5605 2389 5671 ﬁeri
2408 5613 2592 5673 potest,
2620 5615 2874 5676 quantum
2899 5623 2963 5662 ea:
2984 5607 3126 5661 vobis
3153 5618 3252 5675 est,
3277 5627 3397 5665 cum
3420 5612 3659 5665 omnibus
3678 5613 3833 5667 Itami-

2275 5693 2424 5747 nibus
2446 5711 2626 5764 pacem
2661 5696 2924 5751 habentes.
2953 5696 3086 5751 Nam
3109 5706 3164 5753 et
3182 5698 3236 5754 in
3260 5701 3588 5769 pracedcnti
3616 5701 3835 5771 capitulo

2274 5783 2482 5839 dixerat
2517 5799 2531 5838 ε
2566 5783 2623 5840 Si
2653 5786 2837 5855 o/fercs
2881 5800 3070 5844 munus
3107 5796 3251 5843 tuum
3291 5791 3360 5843 ad
3396 5791 3564 5845 altare
3592 5802 3638 5846 et
3664 5792 3729 5844 ibi
3762 5810 3838 5848 rc-
