3946 6356
162 469 248 526 5‘19

1224 452 1531 511 IIOMIIJE
1563 453 1628 508 IN
1668 449 1925 507 EVANC.
1966 447 2052 503 ET
2090 445 2307 502 EPIST.

3292 440 3397 497 5'50

162 579 374 633 cordatus
401 572 566 642 [ueris
606 571 728 642 quia
757 570 919 638 frater
946 579 1064 622 tuus
1091 568 1241 621 liabet
1284 567 1486 637 aliquid
1531 566 1711 621 adver-
1738 569 1787 627 Α
1816 564 1870 618 in
1913 562 2124 617 David:
2157 561 2491 617 transierunt
2521 560 2574 616 in
2626 558 2877 617 affectum
2933 559 3132 624 cordis,
3179 561 3245 617 de
3278 578 3407 632 pro-

158 686 255 724 sunt
283 678 344 720 te.
362 664 434 718 Et
465 665 569 718 hoc
600 662 811 716 inllnito
838 661 1017 715 statim
1052 659 1235 721 infert,
1271 668 1389 712 esto
1418 655 1711 712 benevolus

158 772 236 819 arit
273 759 523 827 benignus
550 755 861 810 adversario
908 763 1019 814 tuo,
1050 759 1107 806 et
1135 751 1362 820 reliqua.
1396 749 1462 802 Et
1493 750 1543 802 in
1583 762 1713 801 con-

154 849 472 923 sequentibus
498 846 670 915 jubet,
702 844 916 915 Diligite
964 844 1205 898 inimicos
1256 852 1447 895 vestros
1475 849 1523 893 et
1558 841 1711 893 bene-

155 945 289 1013 facite
320 941 394 994 his
429 941 520 1010 qui
548 956 634 993 ros
660 940 899 1001 oderunt,
929 945 977 991 et
1008 945 1155 990 orate
1180 950 1274 1005 pro
1300 932 1715 1003 persecutoribus

152 1031 329 1086 vestris.
367 1026 613 1083 Judicem
645 1026 891 1096 intelligo
942 1023 1245 1087 Christum,
1278 1019 1443 1074 Pater
1483 1036 1585 1075 non
1616 1019 1715 1088 ju-

152 1124 271 1175 dicat
295 1135 623 1191 quemquam,
668 1116 757 1171 sed
789 1131 940 1169 omne
954 1114 1222 1185 judicium
1247 1112 1390 1166 dedit
1420 1109 1583 1163 Filio.
1620 1109 1719 1162 Mi-

150 1215 355 1269 nistrum
386 1210 625 1281 intelligo
650 1207 899 1278 ang-lum
928 1224 940 1259 :
975 1205 1040 1259 Et
1068 1203 1262 1275 angeli,
1314 1203 1512 1272 inquit,
1558 1202 1721 1254 mini-

149 1304 363 1359 strabant
387 1302 471 1366 ei;
502 1308 558 1355 et
585 1314 706 1355 cum
739 1296 945 1368 angelis
975 1296 1088 1350 suis
1116 1301 1402 1348 venturum
1449 1293 1721 1347 credimus

149 1400 207 1454 sd
229 1397 541 1469 judicandos
576 1394 729 1447 vivos
756 1407 821 1445 ac
848 1398 1112 1445 mortuos.
1148 1388 1438 1443 Carcerem
1482 1384 1723 1453 intelligo

150 1502 325 1558 punias
352 1484 601 1540 videlicet
635 1482 1002 1546 tenebrarum,
1037 1493 1176 1549 quas
1207 1476 1313 1530 alio
1338 1476 1457 1530 loco
1485 1474 1725 1529 exterio-

151 1592 229 1632 res
258 1584 423 1631 vocat.
448 1574 622 1628 Credo
652 1578 940 1642 propterea
970 1569 1115 1640 quod
1165 1567 1492 1621 intrinsecus
1536 1564 1645 1619 sint
1672 1563 1724 1617 in

151 1670 257 1738 ipso
284 1674 578 1728 manentes,
622 1662 796 1717 vel-si
826 1662 989 1717 etiam
1018 1659 1148 1730 quid
1192 1658 1454 1713 secretius
1497 1654 1725 1726 cogitari

150 1766 317 1828 potest
342 1756 596 1830 gaudium
626 1753 934 1807 divinorum
970 1749 1338 1821 prtemiorum,
1395 1747 1461 1801 de
1497 1760 1604 1816 quo
1647 1744 1729 1798 di-

152 1859 292 1903 catur
336 1862 494 1903 servo
525 1847 662 1902 bene
710 1844 928 1907 merito,
958 1840 1110 1894 Intra
1138 1841 1192 1894 in
1218 1839 1471 1908 gaudium
1519 1836 1730 1889 Domini

1815 654 2065 724 passione
2109 650 2360 705 transivit
2391 651 2456 705 ad
2486 651 2815 720 passionem.
2845 652 2912 706 Et
2932 652 3057 709 linic
3080 667 3185 706 non
3214 653 3397 708 volun-

1816 755 1901 800 tas
1928 744 2132 814 peccati
2166 743 2338 807 deest,
2365 744 2459 798 sed
2482 744 2716 798 occasio.
2742 743 3049 816 Quicunque
3076 745 3237 815 igitur
3264 745 3402 800 ride-

1817 836 1884 887 rit
1915 835 2186 888 mulierem
2214 832 2282 886 ad
2315 834 2810 905 concupiscendum,
2842 836 2893 889 id
2921 845 3025 900 est,
3075 837 3221 892 sisic
3249 852 3407 907 aspc-

1818 924 1959 978 xerit
2006 932 2063 978 ut
2092 924 2441 994 concupiscat
2483 934 2537 979 et
2579 925 2757 982 facere
2792 926 3061 997 disponat,
3111 929 3213 985 iste
3257 938 3405 986 recte

1817 1015 2102 1069 moechatus
2131 1031 2246 1068 eam
2276 1015 2475 1070 dicitur
2501 1016 2554 1069 in
2586 1016 2743 1070 corde
2791 1032 2910 1070 suo.

1894 1103 2047 1169 Quod
2101 1105 2146 1158 si
2193 1105 2373 1159 oculus
2422 1115 2541 1159 tuus
2571 1107 2750 1160 dexter
2797 1106 3124 1161 scandalizat
3171 1120 3240 1174 te,
3284 1127 3409 1164 erue

1822 1209 1939 1247 eum
1985 1202 2032 1246 et
2068 1194 2266 1263 projice
2316 1196 2408 1248 abs
2439 1205 2487 1249 te
2516 1210 2533 1246 :
2560 1197 2765 1266 expedit
2810 1199 2945 1252 enim
2994 1200 3087 1253 tibi
3136 1211 3200 1253 ut,
3233 1211 3409 1270 pereat

1824 1299 1987 1335 unum
2014 1286 2361 1338 membrorum
2402 1293 2636 1351 tuorum,
2670 1305 2825 1359 quant
2858 1298 3020 1342 totum
3044 1306 3230 1360 corpus
3260 1302 3410 1347 tuum

1825 1376 2065 1431 mittatur
2093 1378 2146 1431 in
2172 1378 2479 1447 gehennam.
2510 1378 2645 1445 Quia
2683 1396 2847 1451 supra
2881 1384 2945 1437 de
2971 1384 3409 1452 concupiscentia

1826 1465 2065 1519 mulieris
2088 1466 2319 1531 dixerat,
2366 1477 2516 1524 recte
2543 1486 2686 1525 nunc
2707 1472 3086 1541 cogitationem
3110 1484 3169 1528 et
3196 1488 3413 1529 sensum

1828 1563 1883 1617 in
1905 1562 2116 1618 diversa
2139 1562 2466 1619 volutantem
2490 1557 2818 1635 nuncupavit
2837 1567 3207 1623 oculum.'Per
3224 1570 3412 1625 dexte-

1830 1675 1944 1713 ram
1975 1668 2158 1715 autem
2211 1670 2266 1715 et
2302 1668 2529 1716 eteteras
2572 1663 2819 1732 corporis
2870 1673 3074 1732 partes,
3122 1664 3415 1720 voluntatis

1829 1760 1992 1823 atque
2042 1752 2330 1809 all‘ectuum
2383 1755 2533 1810 initia
2616 1757 3057 1813 demonstrantur
3102 1777 3116 1813 :
3166 1768 3227 1813 ut
3273 1762 3416 1830 quod

1833 1853 2015 1898 mente
2055 1845 2421 1915 concepimus,
2458 1838 2525 1900 ne
2568 1862 2733 1917 opere
2762 1848 3128 1918 compleamus
3159 1868 3172 1903 :
3215 1865 3417 1905 caven-

151 1943 240 1995 tni.
290 1919 753 2008 Quemadmodum
807 1935 970 1989 etiam
1028 1940 1083 1986 et
1136 1931 1190 1985 in
1245 1932 1349 1984 hac
1389 1927 1731 1983 ordinatione
1760 1926 1807 1986 Β
1836 1935 1961 1989 dum
2011 1936 2175 2006 igitur
2219 1945 2323 2001 est,
2367 1951 2435 1991 ne
2462 1938 2604 2006 quod
2638 1938 2689 1991 in
2725 1938 2881 1993 nobis
2916 1938 3175 2008 optimum
3204 1946 3287 1993 est
3309 1940 3418 1995 cito

154 2031 447 2101 reipublicze
493 2028 579 2083 vel
616 2043 647 2081 a
699 2024 997 2081 secretario
1045 2022 1129 2077 vel
1182 2037 1213 2075 a
1244 2020 1502 2091 prtetorio
1534 2018 1733 2087 judicis

154 2134 295 2176 extra
341 2121 576 2175 mittitur
606 2119 697 2188 qui
734 2118 786 2171 in
834 2128 1109 2170 carcerem
1157 2112 1411 2165 truditur.
1451 2109 1736 2176 Quadrans

154 2228 311 2285 genus
358 2210 567 2267 nummi
594 2216 699 2273 est,
729 2208 821 2278 qui
860 2207 1024 2261 habet
1062 2205 1168 2259 duo
1214 2204 1439 2266 minuta,
1491 2199 1635 2255 unde
1681 2198 1734 2252 in

157 2305 252 2359 alio
279 2302 574 2373 Evangelio
614 2300 807 2355 mulier
851 2298 938 2352 illa
970 2294 1295 2367 paupercula
1326 2302 1381 2347 et
1409 2294 1570 2347 vidua
1601 2291 1736 2346 dici-

157 2406 235 2450 tur
280 2396 495 2451 misisse
536 2395 591 2448 in
621 2394 915 2448 corbonam
959 2391 1340 2460 quadrantem,
1388 2387 1441 2440 in
1489 2386 1595 2440 alio
1632 2383 1739 2439 duo

157 2486 375 2550 minuta,
399 2500 508 2538 non
533 2483 676 2552 quod
694 2482 972 2541 dissonent
990 2478 1299 2549 Evangelia,
1318 2478 1410 2531 sed
1435 2477 1577 2547 quod
1600 2489 1740 2530 unus

156 2573 417 2641 quadrans
465 2572 602 2625 duos
646 2570 883 2624 minutos
921 2581 1174 2622 nummos
1217 2567 1435 2620 habeat.
1490 2563 1602 2619 IIoc
1654 2571 1741 2619 est

156 2677 276 2731 ergo
303 2662 444 2732 quod
491 2661 625 2715 dicit
664 2677 678 2714 :
715 2657 835 2713 Non
865 2656 1162 2729 egredieris
1208 2656 1274 2711 de
1302 2670 1524 2711 carcere
1569 2654 1741 2708 donec

155 2752 307 2806 etiam
354 2752 563 2805 minuta
607 2757 829 2820 peccata
886 2755 977 2801 tua
1026 2745 1318 2815 persolvas.
1360 2747 1443 2819 De,
1484 2742 1741 2799 solvendo

157 2850 326 2898 autem
355 2842 653 2897 novissimo
694 2837 991 2908 quadrante
1026 2844 1205 2906 potest
1243 2851 1348 2890 non
1394 2835 1624 2889 absurde
1654 2834 1739 2887 in-

159 2931 311 3003 telligi
338 2940 432 2985 aut
458 2944 559 3000 pro
582 2944 647 2984 eo
670 2927 903 2997 positum
932 2926 1075 2995 quod
1104 2924 1237 2978 nihil
1273 2924 1609 2993 relinquatur
1634 2922 1740 2975 im-

156 3026 412 3094 punitum,
456 3023 599 3078 sicut
629 3019 934 3091 'loquentes
990 3019 1156 3073 etiam
1198 3017 1427 3073 dicimus
1473 3030 1643 3086 usque
1674 3014 1742 3069 ad

155 3114 349 3179 faecem,
400 3129 527 3168 cum
569 3111 816 3167 volumus
849 3111 1153 3180 exprimere
1189 3108 1392 3177 aliquid
1439 3108 1513 3161 ita
1538 3108 1744 3162 exhau-

156 3214 291 3260 stum
318 3214 377 3260 nt
417 3204 555 3260 nihil
598 3203 1014 3272 relinqueretur,
1062 3200 1148 3254 vel
1197 3208 1256 3253 ut
1300 3197 1741 3269 signiﬁcarentur

1834 2025 2050 2080 labatur
2087 2027 2142 2081 in
2166 2027 2378 2082 vilium.
2425 2025 2483 2081 Si
2514 2028 2658 2082 enim
2691 2029 2884 2084 dexter
2906 2029 3092 2083 oculus
3119 2038 3175 2083 ct
3198 2030 3420 2085 dextera

1835 2131 2029 2170 manus
2054 2118 2445 2183 scandalizant,
2477 2127 2681 2189 quanto
2716 2119 2886 2191 magis
2916 2135 2978 2174 ea
3018 2135 3136 2189 quae
3163 2121 3213 2173 in
3240 2120 3325 2175 liis
3349 2121 3422 2175 si-

1837 2206 2005 2260 nistra
2047 2192 2173 2261 sunt
2202 2201 2280 2263 Isi
2327 2208 2505 2262 anima
2543 2208 2762 2274 labitur,
2802 2219 3006 2279 quanto
3048 2210 3166 2282 plus
3201 2227 3419 2281 corpus,

1837 2295 1979 2365 quod
2008 2304 2092 2351 est
2123 2296 2189 2351 ad
2217 2306 2496 2366 peccatum
2520 2299 2810 2369 proclivius
2834 2300 2847 2353 l

1910 2388 1976 2442 Et
1998 2389 2044 2443 si
2068 2389 2253 2443 dextra
2276 2407 2464 2444 manus
2486 2402 2577 2444 tua
2598 2391 2925 2445 scandalizat
2947 2401 3013 2456 te,
3042 2393 3283 2446 abscinde
3308 2410 3423 2449 eam

1837 2488 1884 2532 et
1935 2480 2134 2549 profice
2181 2480 2271 2534 abs
2316 2490 2397 2546 te;
2428 2482 2632 2551 expedit
2680 2483 2819 2536 enim
2844 2483 2939 2536 tibi
2964 2493 3020 2536 ut
3053 2494 3226 2552 pereat
3263 2500 3423 2538 unum

1838 2568 2192 2625 membrorum
2222 2582 2451 2635 tuorum,
2477 2589 2632 2643 quam
2663 2582 2828 2626 totum
2857 2589 3043 2644 corpus
3076 2582 3224 2628 tuum
3261 2585 3342 2628 eat
3370 2577 3425 2630 in

1839 2660 2149 2729 gehennam.
2195 2660 2336 2732 Ergo
2365 2671 2419 2717 ct
2457 2662 2648 2717 dextra
2689 2678 2881 2716 manus
2905 2664 3171 2733 accipitur
3196 2664 3425 2719 dilectus

1841 2750 2058 2821 adjutor
2078 2760 2133 2804 et
2166 2752 2429 2806 iminister
2457 2752 2512 2806 in
2545 2753 2739 2807 divinis
2767 2753 3038 2822 operibus.
3074 2753 3206 2807 Nam
3233 2749 3428 2824 'qucm-

1842 2840 2129 2895 admodum
2172 2841 2225 2895 in
2254 2842 2411 2897 oculo
2440 2844 2844 2913 contemplatio,
2879 2844 2958 2899 sic
2999 2844 3051 2898 in
3092 2861 3252 2899 manu
3281 2847 3422 2900 actio

1844 2938 1988 2983 recte
2035 2930 2371 3003 intelligitur,
2409 2942 2468 2989 ut
2516 2935 2739 3003 sinistra,
2775 2951 2965 2991 manus
3007 2936 3337 3006 intelligatur
3367 2939 3419 2991 in

1842 3021 2098 3091 operibus
2149 3037 2269 3091 quae
2320 3025 2446 3079 huic
2490 3027 2615 3079 vita:
2666 3035 2791 3080 sunt
2856 3028 3181 3093 necessaria,
3234 3029 3423 3083 dextra

1844 3124 1973 3163 vero
2001 3111 2053 3164 in
2082 3110 2188 3168 illis
2215 3114 2427 3168 actibus
2458 3114 2511 3168 in
2536 3115 2731 3183 quibus
2762 3116 2918 3170 electi
2955 3116 3052 3170 Dei
3094 3118 3147 3171 in
3170 3119 3428 3187 praesenti

1846 3199 2097 3257 laborant
2118 3204 2247 3268 vita,
2277 3214 2337 3269 ut
2367 3204 2537 3276 gloria
2578 3206 2681 3261 illis
2710 3222 2808 3275 per
2837 3208 2939 3263 hoc
2973 3208 3025 3261 in
3061 3207 3243 3263 futuro
3270 3212 3433 3265 retri-

156 3296 364 3350 nomine
393 3294 712 3365 quadrantis
739 3290 1017 3346 novissimi
1043 3298 1258 3344 terrena
1299 3298 1543 3359 peccata.
1571 3289 1741 3356 Quar—
1768 3277 1811 3336 C
1845 3291 2039 3346 buatur
2069 3296 2420 3365 sempiterna,
2456 3312 2550 3367 per
2577 3299 2909 3353 conditorem
2940 3307 2995 3353 ct
3033 3300 3429 3370 redemptorem

155 3400 203 3443 ta
230 3390 374 3445 enim
402 3405 535 3461 pars
552 3384 1329 3444 distinctorumemembrorum
1371 3382 1529 3451 hujus
1553 3384 1737 3437 mundi

154 3490 204 3533 et
226 3494 286 3534 ea
329 3479 626 3535 novissima
652 3487 796 3531 terra
826 3473 1124 3539 invenitur,
1154 3481 1213 3527 ut
1245 3472 1510 3542 incipiens
1535 3486 1564 3525 a
1601 3471 1741 3527 cmlo

154 3574 440 3625 secundam
482 3584 666 3625 aerem
698 3580 972 3630 numeres,
1001 3578 1197 3635 aquam
1222 3564 1460 3627 tertiam,
1489 3570 1739 3632 quartam

155 3670 369 3715 terram.

214 3752 453 3806 Audistis
481 3751 608 3822 quia
636 3750 835 3804 dictum
875 3757 950 3803 est
980 3747 1211 3817 antiquis
1253 3759 1272 3798 .°
1301 3743 1424 3799 Non
1453 3745 1741 3827 moechae-

151 3842 237 3896 ris.
274 3842 388 3913 Ego
422 3854 601 3897 autem
628 3842 745 3895 dico
781 3840 922 3895 vobis
949 3839 1196 3909 quoniam
1239 3838 1406 3892 omnis
1441 3838 1532 3908 qui
1560 3828 1740 3891 viderit

147 3936 415 3990 mulierem
468 3934 539 3988 ad
583 3931 1055 4002 concupiscendum
1106 3945 1243 3993 eam,
1285 3928 1404 3998 jam
1454 3928 1740 3982 moechatus

148 4035 217 4077 est
249 4041 361 4078 eam
416 4026 475 4078 in
518 4022 675 4077 corde
702 4038 818 4076 suo.
862 4020 1083 4075 Iustitia
1110 4034 1244 4089 ergo
1272 4018 1451 4073 minor
1470 4028 1553 4073 est
1588 4019 1738 4089 regni

148 4116 237 4169 Dei
279 4131 391 4170 non
438 4112 702 4168 mmchari
745 4126 1032 4180 corporum
1083 4110 1481 4179 conjunctione,
1532 4109 1739 4179 justitia

148 4218 270 4273 ergo
320 4204 503 4272 major
552 4211 639 4257 est
684 4201 835 4271 regni
866 4200 963 4255 Dei
998 4214 1105 4253 non
1152 4199 1413 4253 mtechat'i
1456 4199 1509 4253 in
1557 4199 1736 4254 corde.

144 4291 304 4348 Multo
339 4292 562 4348 facilius
616 4291 851 4345 custodit
907 4302 972 4343 ne
1022 4290 1331 4343 mmchetur
1386 4290 1440 4343 in
1510 4304 1741 4359 corpore

146 4388 388 4455 quisquis
444 4401 553 4440 non
584 4386 884 4439 mmchatur
915 4384 968 4437 in
1001 4382 1198 4449 corde;
1231 4382 1361 4436 illud
1386 4398 1518 4452 ergo
1544 4384 1741 4437 contir-

144 4478 307 4529 niavit
336 4476 435 4544 qui
485 4476 588 4528 hoc
619 4473 891 4542 przecepit,
918 4490 1022 4526 non
1051 4474 1166 4526 veni
1206 4470 1401 4526 solvere
1439 4473 1622 4542 legem,
1651 4476 1740 4527 scd

145 4565 452 4634 adimplere.
500 4563 645 4617 Sane
688 4552 1137 4617 considerandum
1167 4562 1416 4630 estquod
1448 4577 1555 4616 non
1605 4563 1740 4618 dixit

1843 3389 2087 3435 nostrum
2138 3381 2321 3437 Jesum
2352 3382 2650 3449 Christum,
2686 3387 2775 3455 qui
2802 3388 2934 3441 vivit
2972 3394 3027 3441 et
3075 3401 3264 3459 regnat
3302 3406 3425 3445 cum

1845 3468 1953 3524 Deo
1981 3469 2142 3525 Patre
2168 3473 2220 3526 in
2265 3473 2471 3528 unitate
2496 3472 2736 3541 ejusdem
2766 3476 2999 3545 Spiritus
3034 3480 3210 3534 sancti
3258 3481 3425 3547 Deus,

1843 3574 1939 3628 per
1963 3560 2146 3615 omnia
2174 3562 2369 3618 smcula
2388 3565 2735 3620 ‘smculorum.
2759 3568 2955 3623 Amen.

2352 3674 2633 3732 HOMILIA
2674 3678 2899 3734 XCVIII.

2499 3764 2655 3803 FERIA
2694 3765 2769 3803 VI.

1949 3834 2134 3892 Lectio
2178 3840 2347 3894 sancti
2406 3840 2685 3910 Evangelii
2725 3841 3018 3895 secundum
3059 3842 3319 3899 Marcum.

1913 3917 1980 3973 Ia
2002 3919 2093 3975 illo
2118 3931 2365 3994 tempore,
2387 3941 2504 3978 cum
2524 3925 2785 3980 introisset
2815 3924 2972 3981 Iesus
3002 3926 3423 4002 Hierosolymam

1842 4006 1897 4059 in
1925 4008 2194 4077 templum,
2220 4021 2327 4068 etc.

1914 4097 2068 4163 Quod
2092 4100 2368 4170 ingressus
2391 4103 2665 4159 civitatem
2692 4105 2950 4163 Dominus
2972 4109 3149 4179 primo
3170 4111 3426 4181 templum

1843 4186 1974 4253 adiit
2004 4186 2232 4243 formam
2265 4192 2421 4247 nobis
2457 4194 2749 4264 religionis,
2782 4212 2942 4266 quam
2974 4213 3263 4269 sequamur
3290 4219 3425 4273 prae-

1844 4290 2133 4347 monstrat,
2164 4292 2221 4337 ut
2250 4300 2371 4339 cum
2402 4286 2537 4341 forte
2564 4288 2748 4344 villam
2773 4298 2868 4345 aut
2912 4293 3185 4361 oppidum,
3216 4304 3310 4349 aut
3343 4294 3430 4348 al-

1846 4380 1956 4424 tum
1990 4373 2284 4441 quemlibet
2330 4375 2529 4442 locum,
2565 4378 2619 4431 in
2664 4391 2773 4448 quo
2820 4381 2891 4435 sit
2940 4383 3127 4437 domus
3165 4384 3428 4440 orationis

1844 4462 1955 4516 Deo
1977 4472 2291 4519 consecrata
2319 4466 2604 4534 intramus,
2624 4471 2798 4539 primo
2822 4472 2887 4526 ad
2917 4473 3056 4529 hanc
3076 4474 3426 4543 divertamus,

1846 4560 1903 4607 et
1930 4562 2213 4624 postquam
2246 4572 2344 4613 nos
2382 4558 2607 4614 Domino
2632 4575 2730 4630 per
2752 4564 3056 4619 orationum
3076 4569 3251 4622 studia
3276 4584 3425 4623 com-

144 4624 327 4707 Oinuis
354 4652 453 4723 qui
483 4651 818 4720 concupierit
839 4639 1141 4716 mulierem,
1165 4651 1261 4705 sed
1283 4650 1385 4718 Qui
1408 4651 1601 4706 viderit
1630 4669 1739 4706 mu—
1767 4624 1818 4683 Β
1844 4646 2298 4712 mendaverimus.
2324 4648 2402 4703 Sic
2430 4649 2624 4705 deinde
2658 4654 2725 4706 ad
2751 4656 2957 4724 agenda
2982 4670 3044 4709 ea
3070 4668 3290 4727 propter
3308 4675 3428 4729 qua:

146 4746 327 4803 lierem
354 4750 427 4804 ad
459 4747 948 4815 concupiscendam
976 4760 1119 4809 eam,
1169 4746 1220 4799 id
1250 4756 1355 4811 est,
1390 4747 1490 4800 hoc
1538 4747 1643 4800 ﬁne
1683 4757 1737 4801 et

144 4835 241 4891 hoc
265 4838 460 4893 animo
491 4838 784 4891 attenderit
809 4844 889 4889 ut.
917 4852 1037 4889 eam
1078 4838 1429 4906 concupiscat
1458 4839 1599 4907 quod
1624 4838 1735 4907 jam

144 4943 242 4983 non
284 4941 373 4985 est
404 4930 612 4985 titillari
645 4929 998 4984 delectatione
1039 4931 1238 4991 carnis,
1278 4932 1369 4984 sed
1423 4932 1578 4999 plane
1608 4948 1737 4986 con-

143 5020 340 5078 sentire
372 5020 615 5082 libidini,
660 5020 730 5072 ita
758 5029 816 5072 ut
851 5035 954 5072 non
1002 5018 1305 5073 refrenetur
1331 5019 1547 5075 illicitas
1576 5036 1738 5091 appe-

144 5097 291 5173 titus,
315 5111 419 5165 sed
447 5111 495 5164 si
519 5108 750 5164 facultas
771 5110 893 5163 data
918 5109 1080 5164 fuerit
1100 5112 1344 5165 satietur.
1369 5111 1423 5164 In
1450 5112 1533 5166 his
1560 5121 1738 5167 autem

143 5199 368 5263 duobus,
428 5200 595 5253 talem
642 5197 1006 5253 ditl‘erentiam
1034 5208 1246 5253 veteres
1288 5201 1739 5269 volueruntquod

142 5290 371 5344 alterum
406 5292 839 5360 propassionem,
878 5291 1112 5344 alterum
1158 5305 1283 5344 vero
1311 5292 1614 5360 passionem
1645 5308 1739 5347 no-

144 5381 503 5446 minaverint;
536 5382 680 5435 inter
698 5382 1002 5451 passionem
1031 5390 1211 5436 autem
1248 5390 1301 5435 et
1331 5382 1737 5451 propassioncm

144 5469 241 5523 hoc
262 5473 501 5526 interest
529 5471 671 5540 quod
691 5472 871 5541 passio
896 5480 1179 5540 reputatur
1204 5471 1254 5525 in
1281 5472 1432 5534 vitio,
1458 5474 1736 5540 propassio

148 5556 270 5611 licet
303 5562 527 5631 culpam
572 5562 781 5625 habeat,
810 5570 988 5615 tamen
1020 5577 1123 5618 non
1151 5572 1365 5617 tenetur
1402 5564 1451 5615 in
1476 5564 1735 5627 crimine;

149 5664 273 5719 ergo
293 5654 390 5720 qui
408 5652 900 5707 videritmulierem
918 5661 973 5707 et
991 5655 1168 5707 anima
1191 5654 1307 5722 ejus
1324 5655 1481 5710 fuerit
1500 5656 1737 5720 titillata,

149 5740 232 5794 hic
259 5744 622 5811 propassione
666 5757 951 5812 percussus
975 5754 1087 5809 est;
1122 5746 1167 5800 si
1213 5762 1343 5800 vero
1377 5749 1735 5812 consenserit,

148 5840 200 5886 et
225 5834 290 5888 de
317 5834 655 5905 cogitatione
681 5834 929 5889 affectum
957 5834 1163 5901 fecerit,
1194 5837 1334 5893 sicut
1362 5838 1624 5907 scriptum
1657 5847 1741 5894 est

476 5929 749 5988 Pnaoc.
794 5927 926 5991 CX.

1841 4736 2089 4791 venimus
2116 4738 2433 4807 temporalia
2470 4742 2683 4811 negotia
2718 4746 3050 4801 recedamus.

1912 4829 1982 4882 Et
2005 4832 2390 4899 circumspectis
2410 4834 2670 4901 omnibus,
2690 4852 2807 4888 cum
2820 4836 2938 4904 jam
2962 4855 3167 4907 vespera
3190 4853 3320 4895 esset
3342 4843 3430 4896 Ito-

1841 4924 2091 4986 ra,ea:ivit
2115 4925 2167 4976 in
2188 4922 2500 4978 Bethaniam
2526 4942 2642 4979 cum
2670 4929 2964 4983 duodecim.
2994 4929 3105 4985 Non
3135 4932 3236 4986 hoc
3263 4936 3425 4989 semel

1843 5012 1988 5079 fecit,
2019 5002 2112 5069 sed
2142 5031 2236 5083 per
2262 5030 2453 5070 omnes
2483 5017 2721 5087 quinque
2752 5018 2867 5074 dies
2889 5036 2952 5074 ex
2984 5037 3090 5090 quo
3122 5022 3428 5096 Hierosoly-

1844 5121 1988 5160 mam
2036 5110 2354 5162 ascenderat
2404 5123 2574 5178 nsque
2617 5110 2686 5163 ad
2730 5121 2939 5181 tempus
2993 5116 3277 5183 passimzis,
3326 5118 3428 5172 hoc

1845 5197 2018 5267 ipsum
2051 5214 2265 5266 semper
2290 5214 2451 5268 agere
2480 5199 2708 5265 solebat,
2744 5212 2801 5257 ut
2826 5219 2922 5271 per
2950 5206 3091 5259 diem
3130 5208 3182 5259 in
3231 5208 3427 5277 templo

1842 5289 2084 5351 doceret,
2116 5289 2361 5344 noctibus
2391 5304 2519 5344 vero
2563 5292 2751 5345 exiens
2791 5303 3094 5348 moraretur
3142 5298 3192 5349 in
3247 5308 3427 5352 monte

1842 5379 2057 5441 Oliveti,
2089 5380 2228 5432 sicut
2256 5379 2308 5432 in
2338 5379 2480 5434 Luca
2518 5380 2762 5452 legimus.
2802 5384 3052 5438 Docendo
3080 5386 3221 5440 enim
3255 5389 3424 5440 incre-

1846 5469 1986 5523 dulis
2008 5468 2245 5523 cilicium
2274 5472 2629 5525 correctionis
2654 5472 2871 5527 sedulus
2901 5474 3261 5543 impendebat,
3278 5489 3427 5529 com-

1844 5561 2113 5614 manendo
2143 5569 2321 5615 autem
2356 5562 2494 5630 apud
2519 5560 2702 5617 ﬁdeles
2728 5564 2954 5633 gratiam
2987 5565 3033 5619 is
3070 5567 3147 5619 cis
3184 5565 3429 5635 benigni.

1844 5652 1970 5703 tatis
2000 5652 2264 5721 propitius
2292 5652 2600 5707 exhibebat.
2642 5651 2787 5707 Bene
2830 5663 3009 5708 autem
3054 5654 3271 5717 dicitur,
3301 5655 3425 5723 quia

1843 5740 2229 5809 circumspectis
2257 5743 2494 5801 omnibus
2535 5742 2691 5796 exivit
2720 5744 2776 5796 in
2831 5744 3165 5797 Belhaniam.
3209 5743 3427 5812 Inspicit

1844 5837 2040 5906 quippe
2093 5838 2332 5892 internus
2371 5838 2575 5893 arbiter
2617 5841 2855 5893 omnium
2906 5839 3091 5903 corda,
3124 5847 3177 5891 et
3215 5852 3334 5892 cum
3373 5837 3425 5891 in

2962 5931 3022 5989 ll
