  <div class='ocr_page' id='page_1' title='image "/cluster/home/n/w/nwhite01/storage/ocr_20150623/110/uva.x000827066/173.png"; bbox 0 0 3946 6372; ppageno 0'>
   <div class='ocr_carea' id='block_1_1' title="bbox 447 458 545 513">
    <p class='ocr_par' dir='ltr' id='par_1_1' title="bbox 447 458 545 513">
     <span class='ocr_line' id='line_1_1' title="bbox 447 458 545 513; baseline -0.031 0"><span class='ocrx_word' id='word_1_1' title='bbox 447 458 545 513; x_wconf 71' lang='grc'><strong>531</strong></span> 
     </span>
    </p>
   </div>
   <div class='ocr_carea' id='block_1_2' title="bbox 1130 466 2044 534">
    <p class='ocr_par' dir='ltr' id='par_1_2' title="bbox 1130 466 2044 528">
     <span class='ocr_line' id='line_1_2' title="bbox 1130 466 2044 528; baseline 0.008 -8"><span class='ocrx_word' id='word_1_2' title='bbox 1130 466 1188 520; x_wconf 79' lang='grc' dir='ltr'><strong>Β.</strong></span> <span class='ocrx_word' id='word_1_3' title='bbox 1232 467 1481 525; x_wconf 70' lang='lat' dir='ltr'><strong>ll.\il.\&#39;.\’l</strong></span> <span class='ocrx_word' id='word_1_4' title='bbox 1519 470 1733 527; x_wconf 66' lang='lat' dir='ltr'><strong>MAUN</strong></span> <span class='ocrx_word' id='word_1_5' title='bbox 1778 472 2044 528; x_wconf 64' lang='lat' dir='ltr'><strong>ARCllllil</strong></span> 
     </span>
    </p>
   </div>
   <div class='ocr_carea' id='block_1_3' title="bbox 2151 466 3089 534">
    <p class='ocr_par' dir='ltr' id='par_1_3' title="bbox 2151 473 3089 534">
     <span class='ocr_line' id='line_1_3' title="bbox 2151 473 3089 534; baseline 0.005 -8"><span class='ocrx_word' id='word_1_6' title='bbox 2151 473 2452 530; x_wconf 68' lang='lat' dir='ltr'><strong>liOGliN&#39;i‘.</strong></span> <span class='ocrx_word' id='word_1_7' title='bbox 2485 476 2768 533; x_wconf 74' lang='lat' dir='ltr'><strong>OPERUM</strong></span> <span class='ocrx_word' id='word_1_8' title='bbox 2811 476 2988 533; x_wconf 76' lang='lat' dir='ltr'><strong>PARS</strong></span> <span class='ocrx_word' id='word_1_9' title='bbox 3026 477 3089 534; x_wconf 90' lang='lat' dir='ltr'><strong>ll.</strong></span> 
     </span>
    </p>
   </div>
   <div class='ocr_carea' id='block_1_4' title="bbox 3632 478 3745 535">
    <p class='ocr_par' dir='ltr' id='par_1_4' title="bbox 3632 478 3745 535">
     <span class='ocr_line' id='line_1_4' title="bbox 3632 478 3745 535; baseline -0.027 0"><span class='ocrx_word' id='word_1_10' title='bbox 3632 478 3745 535; x_wconf 68' lang='lat'><strong>352</strong></span> 
     </span>
    </p>
   </div>
   <div class='ocr_carea' id='block_1_5' title="bbox 446 576 3739 659">
    <p class='ocr_par' dir='ltr' id='par_1_5' title="bbox 446 576 3739 659">
     <span class='ocr_line' id='line_1_5' title="bbox 446 576 3739 659; baseline 0.004 -27"><span class='ocrx_word' id='word_1_11' title='bbox 446 576 944 633; x_wconf 77' lang='lat' dir='ltr'><strong>contradicentibus</strong></span> <span class='ocrx_word' id='word_1_12' title='bbox 983 593 1047 635; x_wconf 87' lang='lat' dir='ltr'><strong>ac</strong></span> <span class='ocrx_word' id='word_1_13' title='bbox 1080 582 1461 640; x_wconf 87' lang='lat' dir='ltr'><strong>resistentibus</strong></span> <span class='ocrx_word' id='word_1_14' title='bbox 1492 586 1732 651; x_wconf 82' lang='lat' dir='ltr'><strong>veritati,</strong></span> <span class='ocrx_word' id='word_1_15' title='bbox 1759 600 1864 639; x_wconf 88' lang='lat' dir='ltr'><strong>non</strong></span> <span class='ocrx_word' id='word_1_16' title='bbox 1894 586 2047 641; x_wconf 84' lang='lat' dir='ltr'><strong>lnve—</strong></span> <span class='ocrx_word' id='word_1_17' title='bbox 2074 589 2123 651; x_wconf 85' lang='grc' dir='ltr'>Λ</span> <span class='ocrx_word' id='word_1_18' title='bbox 2154 600 2252 641; x_wconf 90' lang='lat' dir='ltr'><strong>nec</strong></span> <span class='ocrx_word' id='word_1_19' title='bbox 2273 587 2324 641; x_wconf 92' lang='lat' dir='ltr'><strong>in</strong></span> <span class='ocrx_word' id='word_1_20' title='bbox 2353 602 2463 643; x_wconf 89' lang='lat' dir='ltr'><strong>uno</strong></span> <span class='ocrx_word' id='word_1_21' title='bbox 2488 586 2873 659; x_wconf 77' lang='lat' dir='ltr'><strong>Hierosolyma:</strong></span> <span class='ocrx_word' id='word_1_22' title='bbox 2902 588 3056 643; x_wconf 79' lang='lat' dir='ltr'><strong>urbis</strong></span> <span class='ocrx_word' id='word_1_23' title='bbox 3085 587 3224 654; x_wconf 89' lang='lat' dir='ltr'><strong>loco,</strong></span> <span class='ocrx_word' id='word_1_24' title='bbox 3249 588 3344 643; x_wconf 91' lang='lat' dir='ltr'><strong>sed</strong></span> <span class='ocrx_word' id='word_1_25' title='bbox 3371 588 3424 643; x_wconf 92' lang='lat' dir='ltr'><strong>in</strong></span> <span class='ocrx_word' id='word_1_26' title='bbox 3454 596 3566 643; x_wconf 86' lang='lat' dir='ltr'><strong>toto</strong></span> <span class='ocrx_word' id='word_1_27' title='bbox 3604 591 3739 646; x_wconf 81' lang='lat' dir='ltr'><strong>urbe</strong></span> 
     </span>
    </p>
   </div>
   <div class='ocr_carea' id='block_1_6' title="bbox 445 675 2043 747">
    <p class='ocr_par' dir='ltr' id='par_1_6' title="bbox 445 675 2043 747">
     <span class='ocr_line' id='line_1_6' title="bbox 445 675 2043 747; baseline 0.006 -18"><span class='ocrx_word' id='word_1_28' title='bbox 445 684 526 729; x_wconf 90' lang='lat' dir='ltr'><strong>mt</strong></span> <span class='ocrx_word' id='word_1_29' title='bbox 560 675 649 730; x_wconf 88' lang='lat' dir='ltr'><strong>ubi</strong></span> <span class='ocrx_word' id='word_1_30' title='bbox 696 684 858 747; x_wconf 88' lang='lat' dir='ltr'><strong>caput</strong></span> <span class='ocrx_word' id='word_1_31' title='bbox 891 676 1142 744; x_wconf 78' lang='lat' dir='ltr'><strong>reclinet,</strong></span> <span class='ocrx_word' id='word_1_32' title='bbox 1167 681 1375 737; x_wconf 84' lang='lat' dir='ltr'><strong>secedit</strong></span> <span class='ocrx_word' id='word_1_33' title='bbox 1405 684 1471 737; x_wconf 87' lang='lat' dir='ltr'><strong>ad</strong></span> <span class='ocrx_word' id='word_1_34' title='bbox 1524 682 1729 743; x_wconf 80' lang='lat' dir='ltr'><strong>fideles,</strong></span> <span class='ocrx_word' id='word_1_35' title='bbox 1765 691 1822 736; x_wconf 91' lang='lat' dir='ltr'><strong>ct</strong></span> <span class='ocrx_word' id='word_1_36' title='bbox 1870 681 1923 736; x_wconf 92' lang='lat' dir='ltr'><strong>in</strong></span> <span class='ocrx_word' id='word_1_37' title='bbox 1962 681 2043 738; x_wconf 86' lang='lat' dir='ltr'><strong>eis</strong></span> 
     </span>
    </p>
   </div>
   <div class='ocr_carea' id='block_1_7' title="bbox 445 765 2042 837">
    <p class='ocr_par' dir='ltr' id='par_1_7' title="bbox 445 765 2042 837">
     <span class='ocr_line' id='line_1_7' title="bbox 445 765 2042 837; baseline 0.006 -18"><span class='ocrx_word' id='word_1_38' title='bbox 445 765 540 837; x_wconf 85' lang='lat' dir='ltr'><strong>qui</strong></span> <span class='ocrx_word' id='word_1_39' title='bbox 572 766 831 822; x_wconf 88' lang='lat' dir='ltr'><strong>obediunt</strong></span> <span class='ocrx_word' id='word_1_40' title='bbox 857 768 1043 835; x_wconf 88' lang='lat' dir='ltr'><strong>verbo,</strong></span> <span class='ocrx_word' id='word_1_41' title='bbox 1078 771 1411 828; x_wconf 78' lang='lat' dir='ltr'><strong>mansionem</strong></span> <span class='ocrx_word' id='word_1_42' title='bbox 1442 774 1542 829; x_wconf 88' lang='lat' dir='ltr'><strong>sibi</strong></span> <span class='ocrx_word' id='word_1_43' title='bbox 1580 789 1683 827; x_wconf 90' lang='lat' dir='ltr'><strong>una</strong></span> <span class='ocrx_word' id='word_1_44' title='bbox 1718 788 1840 828; x_wconf 92' lang='lat' dir='ltr'><strong>cum</strong></span> <span class='ocrx_word' id='word_1_45' title='bbox 1881 772 2042 828; x_wconf 87' lang='lat' dir='ltr'><strong>Patre</strong></span> 
     </span>
    </p>
   </div>
   <div class='ocr_carea' id='block_1_8' title="bbox 448 857 2042 933">
    <p class='ocr_par' dir='ltr' id='par_1_8' title="bbox 448 857 2042 933">
     <span class='ocr_line' id='line_1_8' title="bbox 448 857 2042 933; baseline 0.006 -23"><span class='ocrx_word' id='word_1_46' title='bbox 448 857 623 913; x_wconf 84' lang='lat' dir='ltr'><strong>facere</strong></span> <span class='ocrx_word' id='word_1_47' title='bbox 652 859 870 929; x_wconf 77' lang='lat' dir='ltr'><strong>gaudet,</strong></span> <span class='ocrx_word' id='word_1_48' title='bbox 896 857 1160 916; x_wconf 80' lang='lat' dir='ltr'><strong>Bethania</strong></span> <span class='ocrx_word' id='word_1_49' title='bbox 1203 877 1439 933; x_wconf 80' lang='lat' dir='ltr'><strong>namque</strong></span> <span class='ocrx_word' id='word_1_50' title='bbox 1476 864 1669 919; x_wconf 89' lang='lat' dir='ltr'><strong>domus</strong></span> <span class='ocrx_word' id='word_1_51' title='bbox 1716 863 2042 919; x_wconf 75' lang='lat' dir='ltr'><strong>obedientite</strong></span> 
     </span>
    </p>
   </div>
   <div class='ocr_carea' id='block_1_9' title="bbox 448 948 671 1001">
    <p class='ocr_par' dir='ltr' id='par_1_9' title="bbox 448 948 671 1001">
     <span class='ocr_line' id='line_1_9' title="bbox 448 948 671 1001; baseline 0.004 -1"><span class='ocrx_word' id='word_1_52' title='bbox 448 948 671 1001; x_wconf 80' lang='lat' dir='ltr'><strong>dicitur.</strong></span> 
     </span>
    </p>
   </div>
   <div class='ocr_carea' id='block_1_10' title="bbox 518 1036 2015 1110">
    <p class='ocr_par' dir='ltr' id='par_1_10' title="bbox 518 1036 2015 1110">
     <span class='ocr_line' id='line_1_10' title="bbox 518 1036 2015 1110; baseline 0.007 -20"><span class='ocrx_word' id='word_1_53' title='bbox 518 1036 584 1090; x_wconf 81' lang='lat' dir='ltr'><strong>Et</strong></span> <span class='ocrx_word' id='word_1_54' title='bbox 608 1037 715 1090; x_wconf 90' lang='lat' dir='ltr'><strong>alia</strong></span> <span class='ocrx_word' id='word_1_55' title='bbox 755 1037 839 1091; x_wconf 83' lang='lat' dir='ltr'><strong>die</strong></span> <span class='ocrx_word' id='word_1_56' title='bbox 877 1055 995 1093; x_wconf 86' lang='lat' dir='ltr'><strong>cum</strong></span> <span class='ocrx_word' id='word_1_57' title='bbox 1027 1042 1228 1094; x_wconf 74' lang='lat' dir='ltr'><strong>exirent</strong></span> <span class='ocrx_word' id='word_1_58' title='bbox 1270 1060 1301 1095; x_wconf 92' lang='lat' dir='ltr'><strong>a</strong></span> <span class='ocrx_word' id='word_1_59' title='bbox 1339 1042 1622 1110; x_wconf 77' lang='lat' dir='ltr'><strong>Bethania,</strong></span> <span class='ocrx_word' id='word_1_60' title='bbox 1655 1047 1861 1101; x_wconf 86' lang='lat' dir='ltr'><strong>esuriit.</strong></span> <span class='ocrx_word' id='word_1_61' title='bbox 1906 1046 2015 1102; x_wconf 88' lang='lat' dir='ltr'><strong>Esu</strong></span> 
     </span>
    </p>
   </div>
   <div class='ocr_carea' id='block_1_11' title="bbox 446 1126 2041 1203">
    <p class='ocr_par' dir='ltr' id='par_1_11' title="bbox 446 1126 2041 1203">
     <span class='ocr_line' id='line_1_11' title="bbox 446 1126 2041 1203; baseline 0.008 -24"><span class='ocrx_word' id='word_1_62' title='bbox 446 1126 538 1180; x_wconf 89' lang='lat' dir='ltr'><strong>riit</strong></span> <span class='ocrx_word' id='word_1_63' title='bbox 565 1126 647 1182; x_wconf 82' lang='lat' dir='ltr'><strong>vel</strong></span> <span class='ocrx_word' id='word_1_64' title='bbox 681 1128 962 1183; x_wconf 81' lang='lat' dir='ltr'><strong>veritatem</strong></span> <span class='ocrx_word' id='word_1_65' title='bbox 995 1130 1245 1186; x_wconf 77' lang='lat' dir='ltr'><strong>humana:</strong></span> <span class='ocrx_word' id='word_1_66' title='bbox 1267 1133 1449 1187; x_wconf 86' lang='lat' dir='ltr'><strong>carnis</strong></span> <span class='ocrx_word' id='word_1_67' title='bbox 1474 1136 1789 1203; x_wconf 87' lang='lat' dir='ltr'><strong>ostendens,</strong></span> <span class='ocrx_word' id='word_1_68' title='bbox 1807 1136 1891 1191; x_wconf 89' lang='lat' dir='ltr'><strong>vel</strong></span> <span class='ocrx_word' id='word_1_69' title='bbox 1919 1152 2041 1192; x_wconf 88' lang='lat' dir='ltr'><strong>esu—</strong></span> 
     </span>
    </p>
   </div>
   <div class='ocr_carea' id='block_1_12' title="bbox 448 1217 2041 1283">
    <p class='ocr_par' dir='ltr' id='par_1_12' title="bbox 448 1217 2041 1283">
     <span class='ocr_line' id='line_1_12' title="bbox 448 1217 2041 1283; baseline 0.008 -11"><span class='ocrx_word' id='word_1_70' title='bbox 448 1217 593 1274; x_wconf 89' lang='lat' dir='ltr'><strong>riens</strong></span> <span class='ocrx_word' id='word_1_71' title='bbox 627 1218 856 1275; x_wconf 83' lang='lat' dir='ltr'><strong>salutem</strong></span> <span class='ocrx_word' id='word_1_72' title='bbox 887 1222 1223 1276; x_wconf 81' lang='lat' dir='ltr'><strong>credentium</strong></span> <span class='ocrx_word' id='word_1_73' title='bbox 1253 1232 1308 1277; x_wconf 91' lang='lat' dir='ltr'><strong>et</strong></span> <span class='ocrx_word' id='word_1_74' title='bbox 1334 1233 1569 1281; x_wconf 70' lang='lat' dir='ltr'><strong>testuans</strong></span> <span class='ocrx_word' id='word_1_75' title='bbox 1594 1228 1659 1283; x_wconf 90' lang='lat' dir='ltr'><strong>ad</strong></span> <span class='ocrx_word' id='word_1_76' title='bbox 1686 1227 2041 1283; x_wconf 86' lang='lat' dir='ltr'><strong>incredulita-</strong></span> 
     </span>
    </p>
   </div>
   <div class='ocr_carea' id='block_1_13' title="bbox 449 1312 822 1370">
    <p class='ocr_par' dir='ltr' id='par_1_13' title="bbox 449 1312 822 1370">
     <span class='ocr_line' id='line_1_13' title="bbox 449 1312 822 1370; baseline 0 -2"><span class='ocrx_word' id='word_1_77' title='bbox 449 1322 556 1368; x_wconf 88' lang='lat' dir='ltr'><strong>tem</strong></span> <span class='ocrx_word' id='word_1_78' title='bbox 588 1312 822 1370; x_wconf 90' lang='lat' dir='ltr'><strong>lsraelis.</strong></span> 
     </span>
    </p>
   </div>
   <div class='ocr_carea' id='block_1_14' title="bbox 519 1405 2040 1483">
    <p class='ocr_par' dir='ltr' id='par_1_14' title="bbox 519 1405 2040 1483">
     <span class='ocr_line' id='line_1_14' title="bbox 519 1405 2040 1483; baseline 0.004 -24"><span class='ocrx_word' id='word_1_79' title='bbox 519 1405 753 1477; x_wconf 78' lang='lat' dir='ltr'><strong>Cumque</strong></span> <span class='ocrx_word' id='word_1_80' title='bbox 776 1408 982 1462; x_wconf 70' lang='lat' dir='ltr'><strong>vidisset</strong></span> <span class='ocrx_word' id='word_1_81' title='bbox 1006 1425 1036 1462; x_wconf 90' lang='lat' dir='ltr'><strong>a</strong></span> <span class='ocrx_word' id='word_1_82' title='bbox 1064 1407 1213 1479; x_wconf 85' lang='lat' dir='ltr'><strong>longe</strong></span> <span class='ocrx_word' id='word_1_83' title='bbox 1232 1409 1392 1478; x_wconf 81' lang='lat' dir='ltr'><strong>ﬁcum</strong></span> <span class='ocrx_word' id='word_1_84' title='bbox 1418 1411 1688 1466; x_wconf 79' lang='lat' dir='ltr'><strong>habentem</strong></span> <span class='ocrx_word' id='word_1_85' title='bbox 1713 1412 1865 1483; x_wconf 79' lang='lat' dir='ltr'><strong>folia,</strong></span> <span class='ocrx_word' id='word_1_86' title='bbox 1880 1413 2040 1476; x_wconf 83' lang='lat' dir='ltr'><strong>renit,</strong></span> 
     </span>
    </p>
   </div>
   <div class='ocr_carea' id='block_1_15' title="bbox 445 1498 2040 1569">
    <p class='ocr_par' dir='ltr' id='par_1_15' title="bbox 445 1498 2040 1569">
     <span class='ocr_line' id='line_1_15' title="bbox 445 1498 2040 1569; baseline 0.004 -18"><span class='ocrx_word' id='word_1_87' title='bbox 445 1499 493 1552; x_wconf 83' lang='lat' dir='ltr'><strong>si</strong></span> <span class='ocrx_word' id='word_1_88' title='bbox 518 1498 648 1569; x_wconf 86' lang='lat' dir='ltr'><strong>quid</strong></span> <span class='ocrx_word' id='word_1_89' title='bbox 674 1499 805 1569; x_wconf 79' lang='lat' dir='ltr'><strong>forte</strong></span> <span class='ocrx_word' id='word_1_90' title='bbox 843 1501 1094 1555; x_wconf 81' lang='lat' dir='ltr'><strong>inueniret</strong></span> <span class='ocrx_word' id='word_1_91' title='bbox 1123 1503 1177 1555; x_wconf 86' lang='lat' dir='ltr'><strong>in</strong></span> <span class='ocrx_word' id='word_1_92' title='bbox 1206 1519 1301 1564; x_wconf 83' lang='lat' dir='ltr'><strong>ea;</strong></span> <span class='ocrx_word' id='word_1_93' title='bbox 1328 1514 1375 1558; x_wconf 87' lang='lat' dir='ltr'><strong>et</strong></span> <span class='ocrx_word' id='word_1_94' title='bbox 1401 1522 1516 1558; x_wconf 89' lang='lat' dir='ltr'><strong>cum</strong></span> <span class='ocrx_word' id='word_1_95' title='bbox 1558 1507 1778 1560; x_wconf 79' lang='lat' dir='ltr'><strong>venisset</strong></span> <span class='ocrx_word' id='word_1_96' title='bbox 1808 1505 1877 1559; x_wconf 82' lang='lat' dir='ltr'><strong>ad</strong></span> <span class='ocrx_word' id='word_1_97' title='bbox 1904 1522 2040 1569; x_wconf 89' lang='lat' dir='ltr'><strong>eam,</strong></span> 
     </span>
    </p>
   </div>
   <div class='ocr_carea' id='block_1_16' title="bbox 447 1588 2045 1665">
    <p class='ocr_par' dir='ltr' id='par_1_16' title="bbox 447 1588 2045 1665">
     <span class='ocr_line' id='line_1_16' title="bbox 447 1588 2045 1665; baseline 0.004 -24"><span class='ocrx_word' id='word_1_98' title='bbox 447 1588 579 1642; x_wconf 87' lang='lat' dir='ltr'><strong>nihil</strong></span> <span class='ocrx_word' id='word_1_99' title='bbox 605 1589 800 1644; x_wconf 79' lang='lat' dir='ltr'><strong>invenit</strong></span> <span class='ocrx_word' id='word_1_100' title='bbox 844 1601 1038 1659; x_wconf 69' lang='lat' dir='ltr'><strong>printer</strong></span> <span class='ocrx_word' id='word_1_101' title='bbox 1064 1591 1233 1660; x_wconf 79' lang='lat' dir='ltr'><strong>folia:</strong></span> <span class='ocrx_word' id='word_1_102' title='bbox 1260 1609 1360 1646; x_wconf 86' lang='lat' dir='ltr'><strong>non</strong></span> <span class='ocrx_word' id='word_1_103' title='bbox 1388 1594 1522 1647; x_wconf 86' lang='lat' dir='ltr'><strong>enim</strong></span> <span class='ocrx_word' id='word_1_104' title='bbox 1546 1605 1657 1648; x_wconf 89' lang='lat' dir='ltr'><strong>erat</strong></span> <span class='ocrx_word' id='word_1_105' title='bbox 1686 1604 1891 1665; x_wconf 73' lang='lat' dir='ltr'><strong>tempus</strong></span> <span class='ocrx_word' id='word_1_106' title='bbox 1918 1594 2045 1662; x_wconf 83' lang='lat' dir='ltr'><strong>ﬁco-</strong></span> 
     </span>
    </p>
   </div>
   <div class='ocr_carea' id='block_1_17' title="bbox 446 1679 2043 1755">
    <p class='ocr_par' dir='ltr' id='par_1_17' title="bbox 446 1679 2043 1755">
     <span class='ocr_line' id='line_1_17' title="bbox 446 1679 2043 1755; baseline 0.004 -23"><span class='ocrx_word' id='word_1_107' title='bbox 446 1696 583 1733; x_wconf 86' lang='lat' dir='ltr'><strong>rum.</strong></span> <span class='ocrx_word' id='word_1_108' title='bbox 618 1679 685 1733; x_wconf 84' lang='lat' dir='ltr'><strong>Et</strong></span> <span class='ocrx_word' id='word_1_109' title='bbox 714 1682 1026 1751; x_wconf 85' lang='lat' dir='ltr'><strong>respondens</strong></span> <span class='ocrx_word' id='word_1_110' title='bbox 1059 1681 1217 1738; x_wconf 71' lang='lat' dir='ltr'><strong>Iesus</strong></span> <span class='ocrx_word' id='word_1_111' title='bbox 1245 1684 1377 1738; x_wconf 68' lang='lat' dir='ltr'><strong>dixit</strong></span> <span class='ocrx_word' id='word_1_112' title='bbox 1406 1685 1454 1739; x_wconf 90' lang='lat' dir='ltr'><strong>ei</strong></span> <span class='ocrx_word' id='word_1_113' title='bbox 1493 1702 1509 1738; x_wconf 94' lang='lat'><em>:</em></span> <span class='ocrx_word' id='word_1_114' title='bbox 1535 1685 1658 1739; x_wconf 87' lang='lat' dir='ltr'><strong>Jam</strong></span> <span class='ocrx_word' id='word_1_115' title='bbox 1684 1702 1787 1739; x_wconf 88' lang='lat' dir='ltr'><strong>non</strong></span> <span class='ocrx_word' id='word_1_116' title='bbox 1819 1685 2043 1755; x_wconf 79' lang='lat' dir='ltr'><strong>amplius</strong></span> 
     </span>
    </p>
   </div>
   <div class='ocr_carea' id='block_1_18' title="bbox 445 1771 2045 1844">
    <p class='ocr_par' dir='ltr' id='par_1_18' title="bbox 445 1771 2045 1844">
     <span class='ocr_line' id='line_1_18' title="bbox 445 1771 2045 1844; baseline 0.006 -22"><span class='ocrx_word' id='word_1_117' title='bbox 445 1771 500 1823; x_wconf 86' lang='lat' dir='ltr'><strong>in</strong></span> <span class='ocrx_word' id='word_1_118' title='bbox 538 1781 790 1825; x_wconf 68' lang='lat' dir='ltr'><strong>(sternunt</strong></span> <span class='ocrx_word' id='word_1_119' title='bbox 817 1774 1093 1843; x_wconf 80' lang='lat' dir='ltr'><strong>quisquam</strong></span> <span class='ocrx_word' id='word_1_120' title='bbox 1124 1790 1189 1828; x_wconf 74' lang='lat' dir='ltr'><strong>ex</strong></span> <span class='ocrx_word' id='word_1_121' title='bbox 1217 1783 1267 1828; x_wconf 87' lang='lat' dir='ltr'><strong>te</strong></span> <span class='ocrx_word' id='word_1_122' title='bbox 1307 1775 1539 1844; x_wconf 82' lang='lat' dir='ltr'><strong>fructum</strong></span> <span class='ocrx_word' id='word_1_123' title='bbox 1567 1776 1865 1830; x_wconf 81' lang='lat' dir='ltr'><strong>manducet.</strong></span> <span class='ocrx_word' id='word_1_124' title='bbox 1898 1775 2045 1843; x_wconf 78' lang='lat' dir='ltr'><strong>Quo—</strong></span> 
     </span>
    </p>
   </div>
   <div class='ocr_carea' id='block_1_19' title="bbox 451 1861 2038 1935">
    <p class='ocr_par' dir='ltr' id='par_1_19' title="bbox 451 1861 2038 1935">
     <span class='ocr_line' id='line_1_19' title="bbox 451 1861 2038 1935; baseline 0.003 -21"><span class='ocrx_word' id='word_1_125' title='bbox 451 1861 613 1916; x_wconf 86' lang='lat' dir='ltr'><strong>modo</strong></span> <span class='ocrx_word' id='word_1_126' title='bbox 640 1861 902 1917; x_wconf 86' lang='lat' dir='ltr'><strong>Dominus</strong></span> <span class='ocrx_word' id='word_1_127' title='bbox 933 1863 1100 1918; x_wconf 87' lang='lat' dir='ltr'><strong>multa</strong></span> <span class='ocrx_word' id='word_1_128' title='bbox 1132 1864 1185 1919; x_wconf 91' lang='lat' dir='ltr'><strong>in</strong></span> <span class='ocrx_word' id='word_1_129' title='bbox 1222 1865 1493 1935; x_wconf 83' lang='lat' dir='ltr'><strong>parabolis</strong></span> <span class='ocrx_word' id='word_1_130' title='bbox 1532 1867 1731 1928; x_wconf 82' lang='lat' dir='ltr'><strong>dicere,</strong></span> <span class='ocrx_word' id='word_1_131' title='bbox 1766 1866 1837 1920; x_wconf 84' lang='lat' dir='ltr'><strong>ita</strong></span> <span class='ocrx_word' id='word_1_132' title='bbox 1876 1867 2038 1922; x_wconf 88' lang='lat' dir='ltr'><strong>etiam</strong></span> 
     </span>
    </p>
   </div>
   <div class='ocr_carea' id='block_1_20' title="bbox 2145 679 3744 748">
    <p class='ocr_par' dir='ltr' id='par_1_20' title="bbox 2145 679 3744 748">
     <span class='ocr_line' id='line_1_20' title="bbox 2145 679 3744 748; baseline 0.003 -17"><span class='ocrx_word' id='word_1_133' title='bbox 2145 686 2438 741; x_wconf 86' lang='lat' dir='ltr'><strong>terrarum,</strong></span> <span class='ocrx_word' id='word_1_134' title='bbox 2469 686 2523 732; x_wconf 89' lang='lat' dir='ltr'><strong>et</strong></span> <span class='ocrx_word' id='word_1_135' title='bbox 2562 693 2903 748; x_wconf 84' lang='lat' dir='ltr'><strong>nequaquam</strong></span> <span class='ocrx_word' id='word_1_136' title='bbox 2933 687 3212 733; x_wconf 87' lang='lat' dir='ltr'><strong>taurorum</strong></span> <span class='ocrx_word' id='word_1_137' title='bbox 3257 690 3314 734; x_wconf 89' lang='lat' dir='ltr'><strong>ct</strong></span> <span class='ocrx_word' id='word_1_138' title='bbox 3362 679 3661 745; x_wconf 83' lang='lat' dir='ltr'><strong>hircorum,</strong></span> <span class='ocrx_word' id='word_1_139' title='bbox 3686 688 3744 735; x_wconf 85' lang='lat' dir='ltr'><strong>et</strong></span> 
     </span>
    </p>
   </div>
   <div class='ocr_carea' id='block_1_21' title="bbox 2143 765 2835 831">
    <p class='ocr_par' dir='ltr' id='par_1_21' title="bbox 2143 765 2835 831">
     <span class='ocr_line' id='line_1_21' title="bbox 2143 765 2835 831; baseline 0.001 -12"><span class='ocrx_word' id='word_1_140' title='bbox 2143 765 2398 831; x_wconf 90' lang='lat' dir='ltr'><strong>arietum,</strong></span> <span class='ocrx_word' id='word_1_141' title='bbox 2426 770 2519 823; x_wconf 88' lang='lat' dir='ltr'><strong>sed</strong></span> <span class='ocrx_word' id='word_1_142' title='bbox 2549 769 2835 823; x_wconf 86' lang='lat' dir='ltr'><strong>orationis.</strong></span> 
     </span>
    </p>
   </div>
   <div class='ocr_carea' id='block_1_22' title="bbox 2226 855 3741 929">
    <p class='ocr_par' dir='ltr' id='par_1_22' title="bbox 2226 855 3741 929">
     <span class='ocr_line' id='line_1_22' title="bbox 2226 855 3741 929; baseline 0.004 -19"><span class='ocrx_word' id='word_1_143' title='bbox 2226 855 2325 911; x_wconf 81' lang='lat' dir='ltr'><strong>Vos</strong></span> <span class='ocrx_word' id='word_1_144' title='bbox 2355 867 2529 912; x_wconf 88' lang='lat' dir='ltr'><strong>autem</strong></span> <span class='ocrx_word' id='word_1_145' title='bbox 2554 858 2748 928; x_wconf 80' lang='lat' dir='ltr'><strong>fecistis</strong></span> <span class='ocrx_word' id='word_1_146' title='bbox 2774 876 2889 913; x_wconf 90' lang='lat' dir='ltr'><strong>eam</strong></span> <span class='ocrx_word' id='word_1_147' title='bbox 2912 859 3216 929; x_wconf 83' lang='lat' dir='ltr'><strong>speluncam</strong></span> <span class='ocrx_word' id='word_1_148' title='bbox 3244 870 3529 915; x_wconf 88' lang='lat' dir='ltr'><strong>tatronum.</strong></span> <span class='ocrx_word' id='word_1_149' title='bbox 3548 860 3649 929; x_wconf 84' lang='lat' dir='ltr'><strong>Qui</strong></span> <span class='ocrx_word' id='word_1_150' title='bbox 3672 861 3741 916; x_wconf 88' lang='lat' dir='ltr'><strong>ad</strong></span> 
     </span>
    </p>
   </div>
   <div class='ocr_carea' id='block_1_23' title="bbox 2145 946 3745 1021">
    <p class='ocr_par' dir='ltr' id='par_1_23' title="bbox 2145 946 3745 1021">
     <span class='ocr_line' id='line_1_23' title="bbox 2145 946 3745 1021; baseline 0.003 -21"><span class='ocrx_word' id='word_1_151' title='bbox 2145 946 2452 1015; x_wconf 82' lang='lat' dir='ltr'><strong>accipienda</strong></span> <span class='ocrx_word' id='word_1_152' title='bbox 2493 962 2721 1003; x_wconf 88' lang='lat' dir='ltr'><strong>munera</strong></span> <span class='ocrx_word' id='word_1_153' title='bbox 2777 948 2831 1004; x_wconf 92' lang='lat' dir='ltr'><strong>in</strong></span> <span class='ocrx_word' id='word_1_154' title='bbox 2886 949 3089 1019; x_wconf 88' lang='lat' dir='ltr'><strong>templo</strong></span> <span class='ocrx_word' id='word_1_155' title='bbox 3137 951 3468 1011; x_wconf 87' lang='lat' dir='ltr'><strong>residebant.</strong></span> <span class='ocrx_word' id='word_1_156' title='bbox 3500 950 3745 1021; x_wconf 88' lang='lat' dir='ltr'><strong>profecto</strong></span> 
     </span>
    </p>
   </div>
   <div class='ocr_carea' id='block_1_24' title="bbox 2143 1034 3744 1110">
    <p class='ocr_par' dir='ltr' id='par_1_24' title="bbox 2143 1034 3744 1110">
     <span class='ocr_line' id='line_1_24' title="bbox 2143 1034 3744 1110; baseline 0.004 -20"><span class='ocrx_word' id='word_1_157' title='bbox 2143 1037 2268 1107; x_wconf 88' lang='lat' dir='ltr'><strong>quia</strong></span> <span class='ocrx_word' id='word_1_158' title='bbox 2300 1036 2626 1108; x_wconf 89' lang='lat' dir='ltr'><strong>quibusdam</strong></span> <span class='ocrx_word' id='word_1_159' title='bbox 2658 1034 2771 1092; x_wconf 86' lang='lat' dir='ltr'><strong>non</strong></span> <span class='ocrx_word' id='word_1_160' title='bbox 2809 1038 3065 1094; x_wconf 84' lang='lat' dir='ltr'><strong>dantibus</strong></span> <span class='ocrx_word' id='word_1_161' title='bbox 3101 1038 3349 1095; x_wconf 81' lang='lat' dir='ltr'><strong>laesioncs</strong></span> <span class='ocrx_word' id='word_1_162' title='bbox 3389 1041 3744 1110; x_wconf 78' lang='lat' dir='ltr'><strong>exquirerent</strong></span> 
     </span>
    </p>
   </div>
   <div class='ocr_carea' id='block_1_25' title="bbox 2144 1126 3741 1201">
    <p class='ocr_par' dir='ltr' id='par_1_25' title="bbox 2144 1126 3741 1201">
     <span class='ocr_line' id='line_1_25' title="bbox 2144 1126 3741 1201; baseline 0.004 -20"><span class='ocrx_word' id='word_1_163' title='bbox 2144 1126 2366 1181; x_wconf 87' lang='lat' dir='ltr'><strong>dubium</strong></span> <span class='ocrx_word' id='word_1_164' title='bbox 2403 1142 2509 1181; x_wconf 91' lang='lat' dir='ltr'><strong>non</strong></span> <span class='ocrx_word' id='word_1_165' title='bbox 2548 1139 2690 1182; x_wconf 85' lang='lat' dir='ltr'><strong>erat.</strong></span> <span class='ocrx_word' id='word_1_166' title='bbox 2746 1129 2950 1184; x_wconf 89' lang='lat' dir='ltr'><strong>Domus</strong></span> <span class='ocrx_word' id='word_1_167' title='bbox 2995 1144 3126 1201; x_wconf 86' lang='lat' dir='ltr'><strong>ergo</strong></span> <span class='ocrx_word' id='word_1_168' title='bbox 3175 1132 3437 1187; x_wconf 88' lang='lat' dir='ltr'><strong>orationis</strong></span> <span class='ocrx_word' id='word_1_169' title='bbox 3484 1131 3741 1199; x_wconf 81' lang='lat' dir='ltr'><strong>spelunca</strong></span> 
     </span>
    </p>
   </div>
   <div class='ocr_carea' id='block_1_26' title="bbox 2145 1216 3746 1293">
    <p class='ocr_par' dir='ltr' id='par_1_26' title="bbox 2145 1216 3746 1293">
     <span class='ocr_line' id='line_1_26' title="bbox 2145 1216 3746 1293; baseline 0.005 -23"><span class='ocrx_word' id='word_1_170' title='bbox 2145 1217 2414 1274; x_wconf 85' lang='lat' dir='ltr'><strong>latronum</strong></span> <span class='ocrx_word' id='word_1_171' title='bbox 2439 1216 2582 1274; x_wconf 86' lang='lat' dir='ltr'><strong>facta</strong></span> <span class='ocrx_word' id='word_1_172' title='bbox 2611 1218 2807 1284; x_wconf 82' lang='lat' dir='ltr'><strong>fuerat,</strong></span> <span class='ocrx_word' id='word_1_173' title='bbox 2841 1221 2968 1290; x_wconf 84' lang='lat' dir='ltr'><strong>quia</strong></span> <span class='ocrx_word' id='word_1_174' title='bbox 2994 1222 3063 1275; x_wconf 90' lang='lat' dir='ltr'><strong>ad</strong></span> <span class='ocrx_word' id='word_1_175' title='bbox 3104 1222 3209 1277; x_wconf 89' lang='lat' dir='ltr'><strong>hoc</strong></span> <span class='ocrx_word' id='word_1_176' title='bbox 3256 1223 3311 1277; x_wconf 91' lang='lat' dir='ltr'><strong>in</strong></span> <span class='ocrx_word' id='word_1_177' title='bbox 3358 1223 3557 1293; x_wconf 86' lang='lat' dir='ltr'><strong>templo</strong></span> <span class='ocrx_word' id='word_1_178' title='bbox 3604 1224 3746 1278; x_wconf 88' lang='lat' dir='ltr'><strong>assi-</strong></span> 
     </span>
    </p>
   </div>
   <div class='ocr_carea' id='block_1_27' title="bbox 2145 1311 3745 1375">
    <p class='ocr_par' dir='ltr' id='par_1_27' title="bbox 2145 1311 3745 1375">
     <span class='ocr_line' id='line_1_27' title="bbox 2145 1311 3745 1375; baseline 0.004 -14"><span class='ocrx_word' id='word_1_179' title='bbox 2145 1317 2289 1362; x_wconf 87' lang='lat' dir='ltr'><strong>stere</strong></span> <span class='ocrx_word' id='word_1_180' title='bbox 2319 1316 2604 1375; x_wconf 81' lang='lat' dir='ltr'><strong>noverant,</strong></span> <span class='ocrx_word' id='word_1_181' title='bbox 2629 1318 2691 1363; x_wconf 90' lang='lat' dir='ltr'><strong>ut</strong></span> <span class='ocrx_word' id='word_1_182' title='bbox 2715 1318 2810 1364; x_wconf 90' lang='lat' dir='ltr'><strong>aut</strong></span> <span class='ocrx_word' id='word_1_183' title='bbox 2840 1326 2946 1365; x_wconf 89' lang='lat' dir='ltr'><strong>non</strong></span> <span class='ocrx_word' id='word_1_184' title='bbox 2977 1311 3169 1367; x_wconf 87' lang='lat' dir='ltr'><strong>dantes</strong></span> <span class='ocrx_word' id='word_1_185' title='bbox 3193 1327 3416 1367; x_wconf 84' lang='lat' dir='ltr'><strong>munera</strong></span> <span class='ocrx_word' id='word_1_186' title='bbox 3458 1313 3745 1369; x_wconf 89' lang='lat' dir='ltr'><strong>studerent</strong></span> 
     </span>
    </p>
   </div>
   <div class='ocr_carea' id='block_1_28' title="bbox 2143 1395 3744 1473">
    <p class='ocr_par' dir='ltr' id='par_1_28' title="bbox 2143 1395 3744 1473">
     <span class='ocr_line' id='line_1_28' title="bbox 2143 1395 3744 1473; baseline 0.002 -20"><span class='ocrx_word' id='word_1_187' title='bbox 2143 1398 2499 1469; x_wconf 87' lang='lat' dir='ltr'><strong>corporaliter</strong></span> <span class='ocrx_word' id='word_1_188' title='bbox 2525 1400 2800 1470; x_wconf 88' lang='lat' dir='ltr'><strong>persequi,</strong></span> <span class='ocrx_word' id='word_1_189' title='bbox 2828 1408 2921 1454; x_wconf 87' lang='lat' dir='ltr'><strong>aut</strong></span> <span class='ocrx_word' id='word_1_190' title='bbox 2949 1395 3142 1457; x_wconf 81' lang='lat' dir='ltr'><strong>dantes</strong></span> <span class='ocrx_word' id='word_1_191' title='bbox 3172 1402 3488 1473; x_wconf 87' lang='lat' dir='ltr'><strong>spiritaliter</strong></span> <span class='ocrx_word' id='word_1_192' title='bbox 3521 1417 3744 1457; x_wconf 87' lang='lat' dir='ltr'><strong>nccare.</strong></span> 
     </span>
    </p>
   </div>
   <div class='ocr_carea' id='block_1_29' title="bbox 2215 1488 3748 1565">
    <p class='ocr_par' dir='ltr' id='par_1_29' title="bbox 2215 1488 3748 1565">
     <span class='ocr_line' id='line_1_29' title="bbox 2215 1488 3748 1565; baseline 0.003 -22"><span class='ocrx_word' id='word_1_193' title='bbox 2215 1488 2286 1543; x_wconf 84' lang='lat' dir='ltr'><strong>Et</strong></span> <span class='ocrx_word' id='word_1_194' title='bbox 2314 1506 2430 1543; x_wconf 90' lang='lat' dir='ltr'><strong>cum</strong></span> <span class='ocrx_word' id='word_1_195' title='bbox 2456 1507 2607 1545; x_wconf 87' lang='lat' dir='ltr'><strong>mane</strong></span> <span class='ocrx_word' id='word_1_196' title='bbox 2627 1492 2934 1555; x_wconf 84' lang='lat' dir='ltr'><strong>transirent,</strong></span> <span class='ocrx_word' id='word_1_197' title='bbox 2959 1492 3198 1547; x_wconf 82' lang='lat' dir='ltr'><strong>uiderunt</strong></span> <span class='ocrx_word' id='word_1_198' title='bbox 3222 1495 3382 1565; x_wconf 81' lang='lat' dir='ltr'><strong>ﬁcum</strong></span> <span class='ocrx_word' id='word_1_199' title='bbox 3412 1495 3623 1547; x_wconf 83' lang='lat' dir='ltr'><strong>aridam</strong></span> <span class='ocrx_word' id='word_1_200' title='bbox 3662 1494 3748 1564; x_wconf 82' lang='lat' dir='ltr'><strong>fa—</strong></span> 
     </span>
    </p>
   </div>
   <div class='ocr_carea' id='block_1_30' title="bbox 2146 1580 3747 1655">
    <p class='ocr_par' dir='ltr' id='par_1_30' title="bbox 2146 1580 3747 1655">
     <span class='ocr_line' id='line_1_30' title="bbox 2146 1580 3747 1655; baseline 0.004 -21"><span class='ocrx_word' id='word_1_201' title='bbox 2146 1590 2283 1634; x_wconf 89' lang='lat' dir='ltr'><strong>ctam</strong></span> <span class='ocrx_word' id='word_1_202' title='bbox 2310 1581 2659 1638; x_wconf 67' lang='lat' dir='ltr'><strong>dradicibus.</strong></span> <span class='ocrx_word' id='word_1_203' title='bbox 2710 1580 2825 1639; x_wconf 84' lang='lat' dir='ltr'><strong>Non</strong></span> <span class='ocrx_word' id='word_1_204' title='bbox 2856 1586 2991 1639; x_wconf 89' lang='lat' dir='ltr'><strong>rami</strong></span> <span class='ocrx_word' id='word_1_205' title='bbox 3020 1592 3226 1639; x_wconf 87' lang='lat' dir='ltr'><strong>tantum</strong></span> <span class='ocrx_word' id='word_1_206' title='bbox 3253 1592 3348 1639; x_wconf 87' lang='lat' dir='ltr'><strong>aut</strong></span> <span class='ocrx_word' id='word_1_207' title='bbox 3372 1585 3539 1655; x_wconf 89' lang='lat' dir='ltr'><strong>stipes</strong></span> <span class='ocrx_word' id='word_1_208' title='bbox 3568 1584 3747 1640; x_wconf 84' lang='lat' dir='ltr'><strong>infru—</strong></span> 
     </span>
    </p>
   </div>
   <div class='ocr_carea' id='block_1_31' title="bbox 2146 1674 3746 1744">
    <p class='ocr_par' dir='ltr' id='par_1_31' title="bbox 2146 1674 3746 1744">
     <span class='ocr_line' id='line_1_31' title="bbox 2146 1674 3746 1744; baseline 0.003 -17"><span class='ocrx_word' id='word_1_209' title='bbox 2146 1682 2349 1728; x_wconf 71' lang='lat' dir='ltr'><strong>ctuosae</strong></span> <span class='ocrx_word' id='word_1_210' title='bbox 2370 1674 2478 1739; x_wconf 89' lang='lat' dir='ltr'><strong>lici,</strong></span> <span class='ocrx_word' id='word_1_211' title='bbox 2508 1674 2600 1728; x_wconf 89' lang='lat' dir='ltr'><strong>sed</strong></span> <span class='ocrx_word' id='word_1_212' title='bbox 2623 1674 2741 1744; x_wconf 90' lang='lat' dir='ltr'><strong>ipsa</strong></span> <span class='ocrx_word' id='word_1_213' title='bbox 2794 1676 2962 1730; x_wconf 90' lang='lat' dir='ltr'><strong>etiam</strong></span> <span class='ocrx_word' id='word_1_214' title='bbox 3014 1677 3162 1731; x_wconf 88' lang='lat' dir='ltr'><strong>radix</strong></span> <span class='ocrx_word' id='word_1_215' title='bbox 3209 1676 3576 1742; x_wconf 86' lang='lat' dir='ltr'><strong>arefaciendo,</strong></span> <span class='ocrx_word' id='word_1_216' title='bbox 3617 1691 3746 1732; x_wconf 82' lang='lat' dir='ltr'><strong>sen—</strong></span> 
     </span>
    </p>
   </div>
   <div class='ocr_carea' id='block_1_32' title="bbox 2149 1765 3746 1835">
    <p class='ocr_par' dir='ltr' id='par_1_32' title="bbox 2149 1765 3746 1835">
     <span class='ocr_line' id='line_1_32' title="bbox 2149 1765 3746 1835; baseline 0.002 -16"><span class='ocrx_word' id='word_1_217' title='bbox 2149 1766 2377 1820; x_wconf 88' lang='lat' dir='ltr'><strong>tentiam</strong></span> <span class='ocrx_word' id='word_1_218' title='bbox 2440 1765 2635 1820; x_wconf 65' lang='lat' dir='ltr'><strong>divinae</strong></span> <span class='ocrx_word' id='word_1_219' title='bbox 2691 1766 2747 1819; x_wconf 90' lang='lat' dir='ltr'><strong>in</strong></span> <span class='ocrx_word' id='word_1_220' title='bbox 2811 1781 2871 1820; x_wconf 92' lang='lat' dir='ltr'><strong>se</strong></span> <span class='ocrx_word' id='word_1_221' title='bbox 2928 1767 3323 1835; x_wconf 85' lang='lat' dir='ltr'><strong>reprobationis</strong></span> <span class='ocrx_word' id='word_1_222' title='bbox 3368 1768 3638 1832; x_wconf 89' lang='lat' dir='ltr'><strong>ostendit,</strong></span> <span class='ocrx_word' id='word_1_223' title='bbox 3683 1776 3746 1822; x_wconf 88' lang='lat' dir='ltr'><strong>et</strong></span> 
     </span>
    </p>
   </div>
   <div class='ocr_carea' id='block_1_33' title="bbox 2146 1854 3745 1927">
    <p class='ocr_par' dir='ltr' id='par_1_33' title="bbox 2146 1854 3745 1927">
     <span class='ocr_line' id='line_1_33' title="bbox 2146 1854 3745 1927; baseline -0.001 -18"><span class='ocrx_word' id='word_1_224' title='bbox 2146 1854 2383 1911; x_wconf 86' lang='lat' dir='ltr'><strong>Joannes</strong></span> <span class='ocrx_word' id='word_1_225' title='bbox 2405 1855 2501 1920; x_wconf 89' lang='lat' dir='ltr'><strong>ait,</strong></span> <span class='ocrx_word' id='word_1_226' title='bbox 2530 1855 2653 1925; x_wconf 81' lang='lat' dir='ltr'><strong>quia</strong></span> <span class='ocrx_word' id='word_1_227' title='bbox 2682 1856 2879 1909; x_wconf 87' lang='lat' dir='ltr'><strong>securis</strong></span> <span class='ocrx_word' id='word_1_228' title='bbox 2911 1856 2980 1908; x_wconf 91' lang='lat' dir='ltr'><strong>ad</strong></span> <span class='ocrx_word' id='word_1_229' title='bbox 3009 1857 3238 1909; x_wconf 86' lang='lat' dir='ltr'><strong>radicem</strong></span> <span class='ocrx_word' id='word_1_230' title='bbox 3280 1856 3527 1910; x_wconf 87' lang='lat' dir='ltr'><strong>arborum</strong></span> <span class='ocrx_word' id='word_1_231' title='bbox 3567 1857 3745 1927; x_wconf 86' lang='lat' dir='ltr'><strong>posita</strong></span> 
     </span>
    </p>
   </div>
   <div class='ocr_carea' id='block_1_34' title="bbox 450 1935 3747 2025">
    <p class='ocr_par' dir='ltr' id='par_1_34' title="bbox 450 1935 3747 2025">
     <span class='ocr_line' id='line_1_34' title="bbox 450 1935 3747 2025; baseline 0.005 -20"><span class='ocrx_word' id='word_1_232' title='bbox 450 1936 711 2007; x_wconf 78' lang='lat' dir='ltr'><strong>nonnulla</strong></span> <span class='ocrx_word' id='word_1_233' title='bbox 761 1953 816 2008; x_wconf 89' lang='lat' dir='ltr'><strong>in</strong></span> <span class='ocrx_word' id='word_1_234' title='bbox 873 1954 1145 2024; x_wconf 75' lang='lat' dir='ltr'><strong>parabolis</strong></span> <span class='ocrx_word' id='word_1_235' title='bbox 1186 1945 1385 2013; x_wconf 69' lang='lat' dir='ltr'><strong>‘facere</strong></span> <span class='ocrx_word' id='word_1_236' title='bbox 1433 1956 1659 2012; x_wconf 86' lang='lat' dir='ltr'><strong>solebat.</strong></span> <span class='ocrx_word' id='word_1_237' title='bbox 1705 1956 1845 2023; x_wconf 85' lang='lat' dir='ltr'><strong>Quid</strong></span> <span class='ocrx_word' id='word_1_238' title='bbox 1893 1956 2038 2011; x_wconf 88' lang='lat' dir='ltr'><strong>enim</strong></span> <span class='ocrx_word' id='word_1_239' title='bbox 2072 1935 2115 1993; x_wconf 81' lang='grc' dir='ltr'><strong>Β</strong></span> <span class='ocrx_word' id='word_1_240' title='bbox 2143 1943 2517 2001; x_wconf 65' lang='lat' dir='ltr'><strong>cst-Arctum</strong></span> <span class='ocrx_word' id='word_1_241' title='bbox 2553 1955 2640 2000; x_wconf 72' lang='lat' dir='ltr'><strong>est</strong></span> <span class='ocrx_word' id='word_1_242' title='bbox 2667 1945 2851 2015; x_wconf 73' lang='lat' dir='ltr'><strong>itaque</strong></span> <span class='ocrx_word' id='word_1_243' title='bbox 2888 1945 3077 2000; x_wconf 70' lang='lat' dir='ltr'><strong>ﬁcosa</strong></span> <span class='ocrx_word' id='word_1_244' title='bbox 3126 1946 3417 2011; x_wconf 63' lang='lat' dir='ltr'><strong>radicibus.</strong></span> <span class='ocrx_word' id='word_1_245' title='bbox 3445 1955 3506 2001; x_wconf 73' lang='grc' dir='ltr'><strong>ιιι</strong></span> <span class='ocrx_word' id='word_1_246' title='bbox 3552 1936 3747 2025; x_wconf 55' lang='lat' dir='ltr'><strong>05R?&quot;-</strong></span> 
     </span>
    </p>
   </div>
   <div class='ocr_carea' id='block_1_35' title="bbox 452 2047 2041 2118">
    <p class='ocr_par' dir='ltr' id='par_1_35' title="bbox 452 2047 2041 2118">
     <span class='ocr_line' id='line_1_35' title="bbox 452 2047 2041 2118; baseline 0.002 -19"><span class='ocrx_word' id='word_1_247' title='bbox 452 2060 630 2100; x_wconf 78' lang='lat' dir='ltr'><strong>causa:</strong></span> <span class='ocrx_word' id='word_1_248' title='bbox 656 2053 776 2101; x_wconf 89' lang='lat' dir='ltr'><strong>erat</strong></span> <span class='ocrx_word' id='word_1_249' title='bbox 815 2054 876 2101; x_wconf 92' lang='lat' dir='ltr'><strong>ut</strong></span> <span class='ocrx_word' id='word_1_250' title='bbox 899 2047 1149 2101; x_wconf 88' lang='lat' dir='ltr'><strong>esuriens</strong></span> <span class='ocrx_word' id='word_1_251' title='bbox 1174 2047 1385 2103; x_wconf 89' lang='lat' dir='ltr'><strong>fructus</strong></span> <span class='ocrx_word' id='word_1_252' title='bbox 1410 2049 1461 2103; x_wconf 92' lang='lat' dir='ltr'><strong>in</strong></span> <span class='ocrx_word' id='word_1_253' title='bbox 1494 2048 1720 2103; x_wconf 85' lang='lat' dir='ltr'><strong>ficulnea</strong></span> <span class='ocrx_word' id='word_1_254' title='bbox 1750 2057 2041 2118; x_wconf 81' lang='lat' dir='ltr'><strong>quaereret,</strong></span> 
     </span>
    </p>
   </div>
   <div class='ocr_carea' id='block_1_36' title="bbox 450 2140 2043 2210">
    <p class='ocr_par' dir='ltr' id='par_1_36' title="bbox 450 2140 2043 2210">
     <span class='ocr_line' id='line_1_36' title="bbox 450 2140 2043 2210; baseline 0.003 -21"><span class='ocrx_word' id='word_1_255' title='bbox 450 2153 679 2207; x_wconf 88' lang='lat' dir='ltr'><strong>quorum</strong></span> <span class='ocrx_word' id='word_1_256' title='bbox 712 2147 924 2210; x_wconf 86' lang='lat' dir='ltr'><strong>tempus</strong></span> <span class='ocrx_word' id='word_1_257' title='bbox 944 2140 1181 2194; x_wconf 90' lang='lat' dir='ltr'><strong>nondum</strong></span> <span class='ocrx_word' id='word_1_258' title='bbox 1205 2155 1343 2204; x_wconf 89' lang='lat' dir='ltr'><strong>esse,</strong></span> <span class='ocrx_word' id='word_1_259' title='bbox 1363 2141 1589 2209; x_wconf 88' lang='lat' dir='ltr'><strong>quilibet</strong></span> <span class='ocrx_word' id='word_1_260' title='bbox 1611 2142 1771 2196; x_wconf 89' lang='lat' dir='ltr'><strong>homo</strong></span> <span class='ocrx_word' id='word_1_261' title='bbox 1797 2149 2043 2204; x_wconf 84' lang='lat' dir='ltr'><strong>noverat,</strong></span> 
     </span>
    </p>
   </div>
   <div class='ocr_carea' id='block_1_37' title="bbox 450 2228 2045 2302">
    <p class='ocr_par' dir='ltr' id='par_1_37' title="bbox 450 2228 2045 2302">
     <span class='ocr_line' id='line_1_37' title="bbox 450 2228 2045 2302; baseline 0.002 -19"><span class='ocrx_word' id='word_1_262' title='bbox 450 2229 810 2299; x_wconf 83' lang='lat' dir='ltr'><strong>arboreinque</strong></span> <span class='ocrx_word' id='word_1_263' title='bbox 832 2229 956 2301; x_wconf 88' lang='lat' dir='ltr'><strong>quia</strong></span> <span class='ocrx_word' id='word_1_264' title='bbox 987 2228 1222 2285; x_wconf 90' lang='lat' dir='ltr'><strong>fructum</strong></span> <span class='ocrx_word' id='word_1_265' title='bbox 1250 2245 1347 2299; x_wconf 89' lang='lat' dir='ltr'><strong>per</strong></span> <span class='ocrx_word' id='word_1_266' title='bbox 1376 2232 1425 2284; x_wconf 88' lang='lat' dir='ltr'><strong>id</strong></span> <span class='ocrx_word' id='word_1_267' title='bbox 1456 2232 1713 2302; x_wconf 88' lang='lat' dir='ltr'><strong>temporis</strong></span> <span class='ocrx_word' id='word_1_268' title='bbox 1741 2247 1847 2286; x_wconf 94' lang='lat' dir='ltr'><strong>non</strong></span> <span class='ocrx_word' id='word_1_269' title='bbox 1878 2232 2045 2286; x_wconf 82' lang='lat' dir='ltr'><strong>habe-</strong></span> 
     </span>
    </p>
   </div>
   <div class='ocr_carea' id='block_1_38' title="bbox 451 2320 2045 2387">
    <p class='ocr_par' dir='ltr' id='par_1_38' title="bbox 451 2320 2045 2387">
     <span class='ocr_line' id='line_1_38' title="bbox 451 2320 2045 2387; baseline 0.001 -12"><span class='ocrx_word' id='word_1_270' title='bbox 451 2328 557 2381; x_wconf 88' lang='lat' dir='ltr'><strong>ret,</strong></span> <span class='ocrx_word' id='word_1_271' title='bbox 586 2330 801 2375; x_wconf 69' lang='lat' dir='ltr'><strong>aeternas</strong></span> <span class='ocrx_word' id='word_1_272' title='bbox 847 2320 1150 2376; x_wconf 88' lang='lat' dir='ltr'><strong>sterilitatis</strong></span> <span class='ocrx_word' id='word_1_273' title='bbox 1194 2321 1572 2377; x_wconf 90' lang='lat' dir='ltr'><strong>maledictione</strong></span> <span class='ocrx_word' id='word_1_274' title='bbox 1610 2322 1913 2387; x_wconf 85' lang='lat' dir='ltr'><strong>damnaret,</strong></span> <span class='ocrx_word' id='word_1_275' title='bbox 1938 2322 2045 2377; x_wconf 88' lang='lat' dir='ltr'><strong>nisi</strong></span> 
     </span>
    </p>
   </div>
   <div class='ocr_carea' id='block_1_39' title="bbox 451 2405 2046 2480">
    <p class='ocr_par' dir='ltr' id='par_1_39' title="bbox 451 2405 2046 2480">
     <span class='ocr_line' id='line_1_39' title="bbox 451 2405 2046 2480; baseline 0.003 -16"><span class='ocrx_word' id='word_1_276' title='bbox 451 2411 580 2480; x_wconf 86' lang='lat' dir='ltr'><strong>quia</strong></span> <span class='ocrx_word' id='word_1_277' title='bbox 612 2409 821 2480; x_wconf 80' lang='lat' dir='ltr'><strong>plebem</strong></span> <span class='ocrx_word' id='word_1_278' title='bbox 851 2424 1011 2480; x_wconf 91' lang='lat' dir='ltr'><strong>quam</strong></span> <span class='ocrx_word' id='word_1_279' title='bbox 1049 2411 1215 2466; x_wconf 86' lang='lat' dir='ltr'><strong>verbo</strong></span> <span class='ocrx_word' id='word_1_280' title='bbox 1261 2411 1511 2478; x_wconf 88' lang='lat' dir='ltr'><strong>docebat,</strong></span> <span class='ocrx_word' id='word_1_281' title='bbox 1541 2414 1644 2467; x_wconf 91' lang='lat' dir='ltr'><strong>hoc</strong></span> <span class='ocrx_word' id='word_1_282' title='bbox 1691 2413 1855 2468; x_wconf 86' lang='lat' dir='ltr'><strong>etiam</strong></span> <span class='ocrx_word' id='word_1_283' title='bbox 1902 2405 2046 2469; x_wconf 77' lang='lat' dir='ltr'><strong>facto</strong></span> 
     </span>
    </p>
   </div>
   <div class='ocr_carea' id='block_1_40' title="bbox 452 2499 2043 2570">
    <p class='ocr_par' dir='ltr' id='par_1_40' title="bbox 452 2499 2043 2570">
     <span class='ocr_line' id='line_1_40' title="bbox 452 2499 2043 2570; baseline 0.003 -16"><span class='ocrx_word' id='word_1_284' title='bbox 452 2500 712 2563; x_wconf 84' lang='lat' dir='ltr'><strong>terrebat,</strong></span> <span class='ocrx_word' id='word_1_285' title='bbox 743 2514 811 2553; x_wconf 91' lang='lat' dir='ltr'><strong>ne</strong></span> <span class='ocrx_word' id='word_1_286' title='bbox 839 2499 964 2570; x_wconf 88' lang='lat' dir='ltr'><strong>quis</strong></span> <span class='ocrx_word' id='word_1_287' title='bbox 994 2500 1243 2555; x_wconf 76' lang='lat' dir='ltr'><strong>habendo</strong></span> <span class='ocrx_word' id='word_1_288' title='bbox 1268 2499 1392 2556; x_wconf 88' lang='lat' dir='ltr'><strong>folia</strong></span> <span class='ocrx_word' id='word_1_289' title='bbox 1421 2510 1475 2557; x_wconf 90' lang='lat' dir='ltr'><strong>et</strong></span> <span class='ocrx_word' id='word_1_290' title='bbox 1509 2500 1744 2557; x_wconf 88' lang='lat' dir='ltr'><strong>fructum</strong></span> <span class='ocrx_word' id='word_1_291' title='bbox 1790 2518 1895 2558; x_wconf 91' lang='lat' dir='ltr'><strong>non</strong></span> <span class='ocrx_word' id='word_1_292' title='bbox 1945 2504 2043 2558; x_wconf 89' lang='lat' dir='ltr'><strong>ha-</strong></span> 
     </span>
    </p>
   </div>
   <div class='ocr_carea' id='block_1_41' title="bbox 453 2582 2048 2667">
    <p class='ocr_par' dir='ltr' id='par_1_41' title="bbox 453 2582 2048 2667">
     <span class='ocr_line' id='line_1_41' title="bbox 453 2582 2048 2667; baseline 0.005 -24"><span class='ocrx_word' id='word_1_293' title='bbox 453 2590 652 2655; x_wconf 86' lang='lat' dir='ltr'><strong>ben-.lo,</strong></span> <span class='ocrx_word' id='word_1_294' title='bbox 688 2590 791 2643; x_wconf 89' lang='lat' dir='ltr'><strong>hoc</strong></span> <span class='ocrx_word' id='word_1_295' title='bbox 820 2598 904 2644; x_wconf 90' lang='lat' dir='ltr'><strong>est</strong></span> <span class='ocrx_word' id='word_1_296' title='bbox 933 2591 1103 2645; x_wconf 86' lang='lat' dir='ltr'><strong>verba</strong></span> <span class='ocrx_word' id='word_1_297' title='bbox 1132 2591 1591 2667; x_wconf 33' lang='lat' dir='ltr'><strong>justitiaa&#39;absque</strong></span> <span class='ocrx_word' id='word_1_298' title='bbox 1626 2582 1882 2663; x_wconf 73' lang='lat' dir='ltr'><strong>operibus</strong></span> <span class='ocrx_word' id='word_1_299' title='bbox 1910 2609 2048 2664; x_wconf 74' lang='lat' dir='ltr'><strong>pra:-</strong></span> 
     </span>
    </p>
   </div>
   <div class='ocr_carea' id='block_1_42' title="bbox 457 2681 2045 2756">
    <p class='ocr_par' dir='ltr' id='par_1_42' title="bbox 457 2681 2045 2756">
     <span class='ocr_line' id='line_1_42' title="bbox 457 2681 2045 2756; baseline 0.004 -23"><span class='ocrx_word' id='word_1_300' title='bbox 457 2681 1023 2753; x_wconf 77' lang='lat' dir='ltr'><strong>tendcndo,excidi,ct</strong></span> <span class='ocrx_word' id='word_1_301' title='bbox 1050 2682 1102 2735; x_wconf 92' lang='lat' dir='ltr'><strong>in</strong></span> <span class='ocrx_word' id='word_1_302' title='bbox 1132 2682 1308 2752; x_wconf 80' lang='lat' dir='ltr'><strong>ignem</strong></span> <span class='ocrx_word' id='word_1_303' title='bbox 1338 2694 1639 2740; x_wconf 89' lang='lat' dir='ltr'><strong>mereretur</strong></span> <span class='ocrx_word' id='word_1_304' title='bbox 1663 2685 2045 2756; x_wconf 82' lang='lat' dir='ltr'><strong>projici.‘!Una-</strong></span> 
     </span>
    </p>
   </div>
   <div class='ocr_carea' id='block_1_43' title="bbox 454 2770 2043 2843">
    <p class='ocr_par' dir='ltr' id='par_1_43' title="bbox 454 2770 2043 2843">
     <span class='ocr_line' id='line_1_43' title="bbox 454 2770 2043 2843; baseline 0.006 -21"><span class='ocrx_word' id='word_1_305' title='bbox 454 2786 680 2841; x_wconf 67' lang='lat' dir='ltr'><strong>qumque</strong></span> <span class='ocrx_word' id='word_1_306' title='bbox 702 2773 844 2827; x_wconf 90' lang='lat' dir='ltr'><strong>enim</strong></span> <span class='ocrx_word' id='word_1_307' title='bbox 874 2770 1038 2826; x_wconf 86' lang='lat' dir='ltr'><strong>arbor</strong></span> <span class='ocrx_word' id='word_1_308' title='bbox 1080 2788 1185 2827; x_wconf 90' lang='lat' dir='ltr'><strong>non</strong></span> <span class='ocrx_word' id='word_1_309' title='bbox 1238 2774 1303 2828; x_wconf 83' lang='lat' dir='ltr'><strong>de</strong></span> <span class='ocrx_word' id='word_1_310' title='bbox 1348 2772 1589 2841; x_wconf 83' lang='lat' dir='ltr'><strong>ﬂoribus,</strong></span> <span class='ocrx_word' id='word_1_311' title='bbox 1623 2791 1729 2830; x_wconf 90' lang='lat' dir='ltr'><strong>non</strong></span> <span class='ocrx_word' id='word_1_312' title='bbox 1768 2777 1834 2831; x_wconf 82' lang='lat' dir='ltr'><strong>de</strong></span> <span class='ocrx_word' id='word_1_313' title='bbox 1879 2776 2043 2843; x_wconf 88' lang='lat' dir='ltr'><strong>foliis,</strong></span> 
     </span>
    </p>
   </div>
   <div class='ocr_carea' id='block_1_44' title="bbox 453 2862 2047 2940">
    <p class='ocr_par' dir='ltr' id='par_1_44' title="bbox 453 2862 2047 2940">
     <span class='ocr_line' id='line_1_44' title="bbox 453 2862 2047 2940; baseline 0.004 -23"><span class='ocrx_word' id='word_1_314' title='bbox 453 2864 549 2917; x_wconf 87' lang='lat' dir='ltr'><strong>sed</strong></span> <span class='ocrx_word' id='word_1_315' title='bbox 576 2862 752 2919; x_wconf 89' lang='lat' dir='ltr'><strong>fructu</strong></span> <span class='ocrx_word' id='word_1_316' title='bbox 778 2878 877 2919; x_wconf 89' lang='lat' dir='ltr'><strong>suo</strong></span> <span class='ocrx_word' id='word_1_317' title='bbox 908 2866 1272 2935; x_wconf 76' lang='lat' dir='ltr'><strong>cognoscitur,</strong></span> <span class='ocrx_word' id='word_1_318' title='bbox 1290 2866 1341 2920; x_wconf 89' lang='lat' dir='ltr'><strong>id</strong></span> <span class='ocrx_word' id='word_1_319' title='bbox 1370 2875 1470 2930; x_wconf 88' lang='lat' dir='ltr'><strong>est,</strong></span> <span class='ocrx_word' id='word_1_320' title='bbox 1491 2869 1861 2940; x_wconf 89' lang='lat' dir='ltr'><strong>unusquisque</strong></span> <span class='ocrx_word' id='word_1_321' title='bbox 1883 2872 2047 2925; x_wconf 81' lang='lat' dir='ltr'><strong>homo</strong></span> 
     </span>
    </p>
   </div>
   <div class='ocr_carea' id='block_1_45' title="bbox 454 2954 2042 3030">
    <p class='ocr_par' dir='ltr' id='par_1_45' title="bbox 454 2954 2042 3030">
     <span class='ocr_line' id='line_1_45' title="bbox 454 2954 2042 3030; baseline 0.004 -21"><span class='ocrx_word' id='word_1_322' title='bbox 454 2970 560 3009; x_wconf 82' lang='lat' dir='ltr'><strong>non</strong></span> <span class='ocrx_word' id='word_1_323' title='bbox 602 2955 668 3009; x_wconf 90' lang='lat' dir='ltr'><strong>de</strong></span> <span class='ocrx_word' id='word_1_324' title='bbox 701 2954 1062 3010; x_wconf 73' lang='lat' dir='ltr'><strong>testimatione</strong></span> <span class='ocrx_word' id='word_1_325' title='bbox 1111 2955 1267 3010; x_wconf 69' lang='lat' dir='ltr'><strong>famte</strong></span> <span class='ocrx_word' id='word_1_326' title='bbox 1312 2958 1395 3011; x_wconf 89' lang='lat' dir='ltr'><strong>vel</strong></span> <span class='ocrx_word' id='word_1_327' title='bbox 1444 2964 1754 3014; x_wconf 80' lang='lat' dir='ltr'><strong>sermonum</strong></span> <span class='ocrx_word' id='word_1_328' title='bbox 1803 2974 1994 3030; x_wconf 87' lang='lat' dir='ltr'><strong>pompa</strong></span> <span class='ocrx_word' id='word_1_329' title='bbox 2030 2978 2042 3015; x_wconf 90' lang='lat'><strong>:</strong></span> 
     </span>
    </p>
   </div>
   <div class='ocr_carea' id='block_1_46' title="bbox 452 3045 1842 3116">
    <p class='ocr_par' dir='ltr' id='par_1_46' title="bbox 452 3045 1842 3116">
     <span class='ocr_line' id='line_1_46' title="bbox 452 3045 1842 3116; baseline 0.003 -17"><span class='ocrx_word' id='word_1_330' title='bbox 452 3045 548 3100; x_wconf 86' lang='lat' dir='ltr'><strong>sed</strong></span> <span class='ocrx_word' id='word_1_331' title='bbox 581 3045 647 3100; x_wconf 90' lang='lat' dir='ltr'><strong>de</strong></span> <span class='ocrx_word' id='word_1_332' title='bbox 669 3059 889 3100; x_wconf 89' lang='lat' dir='ltr'><strong>suarum</strong></span> <span class='ocrx_word' id='word_1_333' title='bbox 922 3047 1232 3101; x_wconf 89' lang='lat' dir='ltr'><strong>testimonio</strong></span> <span class='ocrx_word' id='word_1_334' title='bbox 1260 3048 1519 3116; x_wconf 89' lang='lat' dir='ltr'><strong>probatur</strong></span> <span class='ocrx_word' id='word_1_335' title='bbox 1549 3050 1842 3104; x_wconf 86' lang='lat' dir='ltr'><strong>actionum.</strong></span> 
     </span>
    </p>
   </div>
   <div class='ocr_carea' id='block_1_47' title="bbox 528 3136 2047 3209">
    <p class='ocr_par' dir='ltr' id='par_1_47' title="bbox 528 3136 2047 3209">
     <span class='ocr_line' id='line_1_47' title="bbox 528 3136 2047 3209; baseline 0.003 -20"><span class='ocrx_word' id='word_1_336' title='bbox 528 3136 595 3189; x_wconf 83' lang='lat' dir='ltr'><strong>Et</strong></span> <span class='ocrx_word' id='word_1_337' title='bbox 621 3136 830 3191; x_wconf 76' lang='lat' dir='ltr'><strong>veniunt</strong></span> <span class='ocrx_word' id='word_1_338' title='bbox 867 3136 1306 3209; x_wconf 83' lang='lat' dir='ltr'><strong>Hierosolymam,</strong></span> <span class='ocrx_word' id='word_1_339' title='bbox 1331 3148 1378 3192; x_wconf 91' lang='lat' dir='ltr'><strong>et</strong></span> <span class='ocrx_word' id='word_1_340' title='bbox 1406 3156 1525 3193; x_wconf 87' lang='lat' dir='ltr'><strong>cum</strong></span> <span class='ocrx_word' id='word_1_341' title='bbox 1550 3141 1812 3194; x_wconf 80' lang='lat' dir='ltr'><strong>introisset</strong></span> <span class='ocrx_word' id='word_1_342' title='bbox 1837 3141 1890 3194; x_wconf 87' lang='lat' dir='ltr'><strong>in</strong></span> <span class='ocrx_word' id='word_1_343' title='bbox 1920 3150 2047 3195; x_wconf 83' lang='lat' dir='ltr'><strong>tent-</strong></span> 
     </span>
    </p>
   </div>
   <div class='ocr_carea' id='block_1_48' title="bbox 454 3226 2046 3300">
    <p class='ocr_par' dir='ltr' id='par_1_48' title="bbox 454 3226 2046 3300">
     <span class='ocr_line' id='line_1_48' title="bbox 454 3226 2046 3300; baseline 0.004 -22"><span class='ocrx_word' id='word_1_344' title='bbox 454 3226 621 3296; x_wconf 78' lang='lat' dir='ltr'><strong>plum,</strong></span> <span class='ocrx_word' id='word_1_345' title='bbox 648 3227 797 3297; x_wconf 70' lang='lat' dir='ltr'><strong>erepit</strong></span> <span class='ocrx_word' id='word_1_346' title='bbox 823 3227 1009 3297; x_wconf 83' lang='lat' dir='ltr'><strong>ejicere</strong></span> <span class='ocrx_word' id='word_1_347' title='bbox 1035 3228 1302 3283; x_wconf 81' lang='lat' dir='ltr'><strong>uendentes</strong></span> <span class='ocrx_word' id='word_1_348' title='bbox 1330 3238 1378 3283; x_wconf 87' lang='lat' dir='ltr'><strong>et</strong></span> <span class='ocrx_word' id='word_1_349' title='bbox 1406 3240 1630 3283; x_wconf 85' lang='lat' dir='ltr'><strong>ementes</strong></span> <span class='ocrx_word' id='word_1_350' title='bbox 1671 3232 1725 3284; x_wconf 89' lang='lat' dir='ltr'><strong>in</strong></span> <span class='ocrx_word' id='word_1_351' title='bbox 1766 3230 1975 3300; x_wconf 82' lang='lat' dir='ltr'><strong>templo,</strong></span> <span class='ocrx_word' id='word_1_352' title='bbox 1998 3241 2046 3285; x_wconf 85' lang='lat' dir='ltr'><strong>et</strong></span> 
     </span>
    </p>
   </div>
   <div class='ocr_carea' id='block_1_49' title="bbox 2144 2024 3745 2109">
    <p class='ocr_par' dir='ltr' id='par_1_49' title="bbox 2144 2024 3745 2109">
     <span class='ocr_line' id='line_1_49' title="bbox 2144 2024 3745 2109; baseline 0.001 -17"><span class='ocrx_word' id='word_1_353' title='bbox 2144 2038 2363 2093; x_wconf 88' lang='lat' dir='ltr'><strong>deretur</strong></span> <span class='ocrx_word' id='word_1_354' title='bbox 2390 2052 2523 2109; x_wconf 85' lang='lat' dir='ltr'><strong>gens</strong></span> <span class='ocrx_word' id='word_1_355' title='bbox 2553 2037 2716 2106; x_wconf 89' lang='lat' dir='ltr'><strong>impia</strong></span> <span class='ocrx_word' id='word_1_356' title='bbox 2753 2052 2861 2092; x_wconf 91' lang='lat' dir='ltr'><strong>non</strong></span> <span class='ocrx_word' id='word_1_357' title='bbox 2890 2037 2958 2093; x_wconf 90' lang='lat' dir='ltr'><strong>ad</strong></span> <span class='ocrx_word' id='word_1_358' title='bbox 2987 2046 3198 2107; x_wconf 89' lang='lat' dir='ltr'><strong>tempus</strong></span> <span class='ocrx_word' id='word_1_359' title='bbox 3216 2079 3230 2101; x_wconf 93' lang='lat'><strong>,</strong></span> <span class='ocrx_word' id='word_1_360' title='bbox 3261 2045 3316 2093; x_wconf 91' lang='lat' dir='ltr'><strong>et</strong></span> <span class='ocrx_word' id='word_1_361' title='bbox 3339 2053 3404 2093; x_wconf 86' lang='lat' dir='ltr'><strong>ex</strong></span> <span class='ocrx_word' id='word_1_362' title='bbox 3433 2048 3586 2108; x_wconf 88' lang='lat' dir='ltr'><strong>parte</strong></span> <span class='ocrx_word' id='word_1_363' title='bbox 3613 2024 3745 2093; x_wconf 83' lang='lat' dir='ltr'><strong>cor—</strong></span> 
     </span>
    </p>
   </div>
   <div class='ocr_carea' id='block_1_50' title="bbox 2145 2126 3747 2201">
    <p class='ocr_par' dir='ltr' id='par_1_50' title="bbox 2145 2126 3747 2201">
     <span class='ocr_line' id='line_1_50' title="bbox 2145 2126 3747 2201; baseline 0 -18"><span class='ocrx_word' id='word_1_364' title='bbox 2145 2126 2367 2201; x_wconf 80' lang='lat' dir='ltr'><strong>rigenda</strong></span> <span class='ocrx_word' id='word_1_365' title='bbox 2406 2138 2756 2184; x_wconf 79' lang='lat' dir='ltr'><strong>externorum</strong></span> <span class='ocrx_word' id='word_1_366' title='bbox 2805 2127 3133 2191; x_wconf 77' lang='lat' dir='ltr'><strong>incursibus,</strong></span> <span class='ocrx_word' id='word_1_367' title='bbox 3168 2137 3225 2182; x_wconf 90' lang='lat' dir='ltr'><strong>et</strong></span> <span class='ocrx_word' id='word_1_368' title='bbox 3270 2142 3393 2181; x_wconf 80' lang='lat' dir='ltr'><strong>mox</strong></span> <span class='ocrx_word' id='word_1_369' title='bbox 3443 2127 3747 2183; x_wconf 84' lang='lat' dir='ltr'><strong>miserante</strong></span> 
     </span>
    </p>
   </div>
   <div class='ocr_carea' id='block_1_51' title="bbox 2144 2220 3745 2291">
    <p class='ocr_par' dir='ltr' id='par_1_51' title="bbox 2144 2220 3745 2291">
     <span class='ocr_line' id='line_1_51' title="bbox 2144 2220 3745 2291; baseline 0 -16"><span class='ocrx_word' id='word_1_370' title='bbox 2144 2220 2374 2276; x_wconf 92' lang='lat' dir='ltr'><strong>Domino</strong></span> <span class='ocrx_word' id='word_1_371' title='bbox 2400 2229 2523 2290; x_wconf 90' lang='lat' dir='ltr'><strong>post</strong></span> <span class='ocrx_word' id='word_1_372' title='bbox 2550 2228 2729 2275; x_wconf 84' lang='lat' dir='ltr'><strong>actam</strong></span> <span class='ocrx_word' id='word_1_373' title='bbox 2764 2220 3141 2290; x_wconf 83' lang='lat' dir='ltr'><strong>paenitentiam</strong></span> <span class='ocrx_word' id='word_1_374' title='bbox 3178 2222 3371 2291; x_wconf 82' lang='lat' dir='ltr'><strong>priscae</strong></span> <span class='ocrx_word' id='word_1_375' title='bbox 3401 2222 3745 2277; x_wconf 88' lang='lat' dir='ltr'><strong>restituenda</strong></span> 
     </span>
    </p>
   </div>
   <div class='ocr_carea' id='block_1_52' title="bbox 2142 2309 3747 2381">
    <p class='ocr_par' dir='ltr' id='par_1_52' title="bbox 2142 2309 3747 2381">
     <span class='ocr_line' id='line_1_52' title="bbox 2142 2309 3747 2381; baseline -0.001 -14"><span class='ocrx_word' id='word_1_376' title='bbox 2142 2312 2400 2376; x_wconf 89' lang='lat' dir='ltr'><strong>libertati,</strong></span> <span class='ocrx_word' id='word_1_377' title='bbox 2427 2319 2488 2365; x_wconf 91' lang='lat' dir='ltr'><strong>ut</strong></span> <span class='ocrx_word' id='word_1_378' title='bbox 2528 2326 2670 2381; x_wconf 73' lang='lat' dir='ltr'><strong>srepe</strong></span> <span class='ocrx_word' id='word_1_379' title='bbox 2714 2309 2914 2365; x_wconf 89' lang='lat' dir='ltr'><strong>factum</strong></span> <span class='ocrx_word' id='word_1_380' title='bbox 2959 2324 3115 2365; x_wconf 90' lang='lat' dir='ltr'><strong>sacra</strong></span> <span class='ocrx_word' id='word_1_381' title='bbox 3160 2310 3389 2365; x_wconf 87' lang='lat' dir='ltr'><strong>historia</strong></span> <span class='ocrx_word' id='word_1_382' title='bbox 3432 2309 3620 2376; x_wconf 90' lang='lat' dir='ltr'><strong>refert,</strong></span> <span class='ocrx_word' id='word_1_383' title='bbox 3643 2310 3747 2366; x_wconf 86' lang='lat' dir='ltr'><strong>sed</strong></span> 
     </span>
    </p>
   </div>
   <div class='ocr_carea' id='block_1_53' title="bbox 2143 2400 3745 2472">
    <p class='ocr_par' dir='ltr' id='par_1_53' title="bbox 2143 2400 3745 2472">
     <span class='ocr_line' id='line_1_53' title="bbox 2143 2400 3745 2472; baseline -0.001 -14"><span class='ocrx_word' id='word_1_384' title='bbox 2143 2410 2345 2458; x_wconf 60' lang='lat' dir='ltr'><strong>seuerus</strong></span> <span class='ocrx_word' id='word_1_385' title='bbox 2387 2401 2568 2472; x_wconf 87' lang='lat' dir='ltr'><strong>potius</strong></span> <span class='ocrx_word' id='word_1_386' title='bbox 2594 2402 2942 2457; x_wconf 86' lang='lat' dir='ltr'><strong>damnatione</strong></span> <span class='ocrx_word' id='word_1_387' title='bbox 2970 2400 3238 2467; x_wconf 83' lang='lat' dir='ltr'><strong>ferienda,</strong></span> <span class='ocrx_word' id='word_1_388' title='bbox 3262 2400 3500 2456; x_wconf 75' lang='lat' dir='ltr'><strong>arefacta</strong></span> <span class='ocrx_word' id='word_1_389' title='bbox 3527 2410 3613 2457; x_wconf 80' lang='lat' dir='ltr'><strong>est</strong></span> <span class='ocrx_word' id='word_1_390' title='bbox 3648 2418 3745 2456; x_wconf 85' lang='lat' dir='ltr'><strong>ra-</strong></span> 
     </span>
    </p>
   </div>
   <div class='ocr_carea' id='block_1_54' title="bbox 2146 2491 3747 2562">
    <p class='ocr_par' dir='ltr' id='par_1_54' title="bbox 2146 2491 3747 2562">
     <span class='ocr_line' id='line_1_54' title="bbox 2146 2491 3747 2562; baseline 0 -14"><span class='ocrx_word' id='word_1_391' title='bbox 2146 2493 2369 2559; x_wconf 90' lang='lat' dir='ltr'><strong>dicitus,</strong></span> <span class='ocrx_word' id='word_1_392' title='bbox 2400 2500 2457 2547; x_wconf 90' lang='lat' dir='ltr'><strong>ut</strong></span> <span class='ocrx_word' id='word_1_393' title='bbox 2484 2492 2828 2547; x_wconf 84' lang='lat' dir='ltr'><strong>intinlaretur</strong></span> <span class='ocrx_word' id='word_1_394' title='bbox 2858 2491 3090 2548; x_wconf 90' lang='lat' dir='ltr'><strong>nefanda</strong></span> <span class='ocrx_word' id='word_1_395' title='bbox 3121 2492 3274 2562; x_wconf 87' lang='lat' dir='ltr'><strong>plebs</strong></span> <span class='ocrx_word' id='word_1_396' title='bbox 3300 2508 3407 2548; x_wconf 92' lang='lat' dir='ltr'><strong>non</strong></span> <span class='ocrx_word' id='word_1_397' title='bbox 3434 2494 3609 2548; x_wconf 89' lang='lat' dir='ltr'><strong>solum</strong></span> <span class='ocrx_word' id='word_1_398' title='bbox 3638 2494 3747 2548; x_wconf 87' lang='lat' dir='ltr'><strong>hu—</strong></span> 
     </span>
    </p>
   </div>
   <div class='ocr_carea' id='block_1_55' title="bbox 2147 2584 3751 2657">
    <p class='ocr_par' dir='ltr' id='par_1_55' title="bbox 2147 2584 3751 2657">
     <span class='ocr_line' id='line_1_55' title="bbox 2147 2584 3751 2657; baseline 0.002 -17"><span class='ocrx_word' id='word_1_399' title='bbox 2147 2602 2308 2641; x_wconf 85' lang='lat' dir='ltr'><strong>mana</strong></span> <span class='ocrx_word' id='word_1_400' title='bbox 2335 2584 2507 2657; x_wconf 87' lang='lat' dir='ltr'><strong>gloria</strong></span> <span class='ocrx_word' id='word_1_401' title='bbox 2553 2585 2880 2650; x_wconf 89' lang='lat' dir='ltr'><strong>forinsecus,</strong></span> <span class='ocrx_word' id='word_1_402' title='bbox 2904 2600 3093 2641; x_wconf 83' lang='lat' dir='ltr'><strong>verum</strong></span> <span class='ocrx_word' id='word_1_403' title='bbox 3136 2586 3301 2643; x_wconf 87' lang='lat' dir='ltr'><strong>etiam</strong></span> <span class='ocrx_word' id='word_1_404' title='bbox 3365 2587 3549 2642; x_wconf 88' lang='lat' dir='ltr'><strong>divino</strong></span> <span class='ocrx_word' id='word_1_405' title='bbox 3596 2587 3751 2643; x_wconf 85' lang='lat' dir='ltr'><strong>intus</strong></span> 
     </span>
    </p>
   </div>
   <div class='ocr_carea' id='block_1_56' title="bbox 2142 2675 3133 2732">
    <p class='ocr_par' dir='ltr' id='par_1_56' title="bbox 2142 2675 3133 2732">
     <span class='ocr_line' id='line_1_56' title="bbox 2142 2675 3133 2732; baseline 0 -2"><span class='ocrx_word' id='word_1_406' title='bbox 2142 2676 2330 2732; x_wconf 76' lang='lat' dir='ltr'><strong>favore</strong></span> <span class='ocrx_word' id='word_1_407' title='bbox 2360 2676 2600 2730; x_wconf 86' lang='lat' dir='ltr'><strong>funditus</strong></span> <span class='ocrx_word' id='word_1_408' title='bbox 2623 2690 2744 2731; x_wconf 87' lang='lat' dir='ltr'><strong>esse</strong></span> <span class='ocrx_word' id='word_1_409' title='bbox 2772 2675 3133 2731; x_wconf 84' lang='lat' dir='ltr'><strong>destituenda.</strong></span> 
     </span>
    </p>
   </div>
   <div class='ocr_carea' id='block_1_57' title="bbox 2220 2764 3747 2836">
    <p class='ocr_par' dir='ltr' id='par_1_57' title="bbox 2220 2764 3747 2836">
     <span class='ocr_line' id='line_1_57' title="bbox 2220 2764 3747 2836; baseline 0.001 -16"><span class='ocrx_word' id='word_1_410' title='bbox 2220 2766 2287 2821; x_wconf 86' lang='lat' dir='ltr'><strong>Et</strong></span> <span class='ocrx_word' id='word_1_411' title='bbox 2318 2766 2630 2836; x_wconf 84' lang='lat' dir='ltr'><strong>respondens</strong></span> <span class='ocrx_word' id='word_1_412' title='bbox 2652 2764 2809 2820; x_wconf 73' lang='lat' dir='ltr'><strong>Iesus</strong></span> <span class='ocrx_word' id='word_1_413' title='bbox 2840 2767 2913 2819; x_wconf 87' lang='lat' dir='ltr'><strong>ait</strong></span> <span class='ocrx_word' id='word_1_414' title='bbox 2943 2765 3048 2820; x_wconf 81' lang='lat' dir='ltr'><strong>illis</strong></span> <span class='ocrx_word' id='word_1_415' title='bbox 3092 2782 3109 2821; x_wconf 90' lang='lat'><strong><em>:</em></strong></span> <span class='ocrx_word' id='word_1_416' title='bbox 3156 2764 3357 2822; x_wconf 82' lang='lat' dir='ltr'><strong>Habete</strong></span> <span class='ocrx_word' id='word_1_417' title='bbox 3401 2768 3559 2836; x_wconf 79' lang='lat' dir='ltr'><strong>ﬁdem</strong></span> <span class='ocrx_word' id='word_1_418' title='bbox 3612 2767 3747 2822; x_wconf 81' lang='lat' dir='ltr'><strong>Dea.</strong></span> 
     </span>
    </p>
   </div>
   <div class='ocr_carea' id='block_1_58' title="bbox 2146 2855 3748 2927">
    <p class='ocr_par' dir='ltr' id='par_1_58' title="bbox 2146 2855 3748 2927">
     <span class='ocr_line' id='line_1_58' title="bbox 2146 2855 3748 2927; baseline 0.002 -17"><span class='ocrx_word' id='word_1_419' title='bbox 2146 2857 2311 2910; x_wconf 79' lang='lat' dir='ltr'><strong>Amen</strong></span> <span class='ocrx_word' id='word_1_420' title='bbox 2339 2856 2458 2911; x_wconf 84' lang='lat' dir='ltr'><strong>dico</strong></span> <span class='ocrx_word' id='word_1_421' title='bbox 2487 2855 2625 2911; x_wconf 83' lang='lat' dir='ltr'><strong>vobis</strong></span> <span class='ocrx_word' id='word_1_422' title='bbox 2654 2858 2777 2927; x_wconf 85' lang='lat' dir='ltr'><strong>quia</strong></span> <span class='ocrx_word' id='word_1_423' title='bbox 2803 2856 3092 2927; x_wconf 87' lang='lat' dir='ltr'><strong>quicunque</strong></span> <span class='ocrx_word' id='word_1_424' title='bbox 3133 2857 3327 2912; x_wconf 71' lang='lat' dir='ltr'><strong>dixerit</strong></span> <span class='ocrx_word' id='word_1_425' title='bbox 3370 2859 3490 2912; x_wconf 87' lang='lat' dir='ltr'><strong>huic</strong></span> <span class='ocrx_word' id='word_1_426' title='bbox 3522 2860 3686 2913; x_wconf 86' lang='lat' dir='ltr'><strong>monti</strong></span> <span class='ocrx_word' id='word_1_427' title='bbox 3725 2875 3748 2913; x_wconf 92' lang='lat'><strong><em>:</em></strong></span> 
     </span>
    </p>
   </div>
   <div class='ocr_carea' id='block_1_59' title="bbox 2151 2947 3752 3013">
    <p class='ocr_par' dir='ltr' id='par_1_59' title="bbox 2151 2947 3752 3013">
     <span class='ocr_line' id='line_1_59' title="bbox 2151 2947 3752 3013; baseline 0.002 -14"><span class='ocrx_word' id='word_1_428' title='bbox 2151 2947 2350 3001; x_wconf 88' lang='lat' dir='ltr'><strong>Tollere</strong></span> <span class='ocrx_word' id='word_1_429' title='bbox 2376 2958 2422 3002; x_wconf 87' lang='lat' dir='ltr'><strong>et</strong></span> <span class='ocrx_word' id='word_1_430' title='bbox 2449 2949 2652 3002; x_wconf 87' lang='lat' dir='ltr'><strong>mittere</strong></span> <span class='ocrx_word' id='word_1_431' title='bbox 2679 2950 2733 3001; x_wconf 86' lang='lat' dir='ltr'><strong>in</strong></span> <span class='ocrx_word' id='word_1_432' title='bbox 2758 2964 2900 3003; x_wconf 88' lang='lat' dir='ltr'><strong>mare</strong></span> <span class='ocrx_word' id='word_1_433' title='bbox 2916 2965 2936 3013; x_wconf 91' lang='lat'><strong><em>;</em></strong></span> <span class='ocrx_word' id='word_1_434' title='bbox 2970 2958 3018 3002; x_wconf 90' lang='lat' dir='ltr'><strong>et</strong></span> <span class='ocrx_word' id='word_1_435' title='bbox 3048 2965 3151 3003; x_wconf 84' lang='lat' dir='ltr'><strong>non</strong></span> <span class='ocrx_word' id='word_1_436' title='bbox 3168 2949 3482 3004; x_wconf 66' lang='lat' dir='ltr'><strong>haisitarerit</strong></span> <span class='ocrx_word' id='word_1_437' title='bbox 3510 2951 3564 3004; x_wconf 89' lang='lat' dir='ltr'><strong>in</strong></span> <span class='ocrx_word' id='word_1_438' title='bbox 3586 2950 3752 3004; x_wconf 82' lang='lat' dir='ltr'><strong>corde</strong></span> 
     </span>
    </p>
   </div>
   <div class='ocr_carea' id='block_1_60' title="bbox 2147 3038 3749 3117">
    <p class='ocr_par' dir='ltr' id='par_1_60' title="bbox 2147 3038 3749 3117">
     <span class='ocr_line' id='line_1_60' title="bbox 2147 3038 3749 3117; baseline 0.001 -23"><span class='ocrx_word' id='word_1_439' title='bbox 2147 3055 2262 3105; x_wconf 88' lang='lat' dir='ltr'><strong>suo,</strong></span> <span class='ocrx_word' id='word_1_440' title='bbox 2282 3038 2370 3093; x_wconf 78' lang='lat' dir='ltr'><strong>sed</strong></span> <span class='ocrx_word' id='word_1_441' title='bbox 2396 3038 2673 3094; x_wconf 79' lang='lat' dir='ltr'><strong>crediderit</strong></span> <span class='ocrx_word' id='word_1_442' title='bbox 2698 3041 2823 3117; x_wconf 80' lang='lat' dir='ltr'><strong>quia</strong></span> <span class='ocrx_word' id='word_1_443' title='bbox 2841 3038 3185 3111; x_wconf 84' lang='lat' dir='ltr'><strong>quodcunque</strong></span> <span class='ocrx_word' id='word_1_444' title='bbox 3206 3040 3400 3095; x_wconf 68' lang='lat' dir='ltr'><strong>dixerit</strong></span> <span class='ocrx_word' id='word_1_445' title='bbox 3420 3041 3535 3110; x_wconf 83' lang='lat' dir='ltr'><strong>ﬁat,</strong></span> <span class='ocrx_word' id='word_1_446' title='bbox 3553 3041 3641 3109; x_wconf 78' lang='lat' dir='ltr'><strong>ﬁet</strong></span> <span class='ocrx_word' id='word_1_447' title='bbox 3668 3043 3749 3095; x_wconf 87' lang='lat' dir='ltr'><strong>ei.</strong></span> 
     </span>
    </p>
   </div>
   <div class='ocr_carea' id='block_1_61' title="bbox 2150 3127 3752 3198">
    <p class='ocr_par' dir='ltr' id='par_1_61' title="bbox 2150 3127 3752 3198">
     <span class='ocr_line' id='line_1_61' title="bbox 2150 3127 3752 3198; baseline 0.001 -15"><span class='ocrx_word' id='word_1_448' title='bbox 2150 3127 2337 3184; x_wconf 89' lang='lat' dir='ltr'><strong>Solent</strong></span> <span class='ocrx_word' id='word_1_449' title='bbox 2357 3128 2585 3198; x_wconf 79' lang='lat' dir='ltr'><strong>gentiles</strong></span> <span class='ocrx_word' id='word_1_450' title='bbox 2614 3130 2707 3198; x_wconf 89' lang='lat' dir='ltr'><strong>qui</strong></span> <span class='ocrx_word' id='word_1_451' title='bbox 2730 3138 2921 3184; x_wconf 88' lang='lat' dir='ltr'><strong>contra</strong></span> <span class='ocrx_word' id='word_1_452' title='bbox 2949 3129 3246 3185; x_wconf 89' lang='lat' dir='ltr'><strong>Ecclesiam</strong></span> <span class='ocrx_word' id='word_1_453' title='bbox 3295 3130 3582 3196; x_wconf 78' lang='lat' dir='ltr'><strong>maledicta</strong></span> <span class='ocrx_word' id='word_1_454' title='bbox 3607 3132 3752 3185; x_wconf 89' lang='lat' dir='ltr'><strong>scri-</strong></span> 
     </span>
    </p>
   </div>
   <div class='ocr_carea' id='block_1_62' title="bbox 2148 3219 3748 3299">
    <p class='ocr_par' dir='ltr' id='par_1_62' title="bbox 2148 3219 3748 3299">
     <span class='ocr_line' id='line_1_62' title="bbox 2148 3219 3748 3299; baseline 0.002 -25"><span class='ocrx_word' id='word_1_455' title='bbox 2148 3233 2331 3290; x_wconf 90' lang='lat' dir='ltr'><strong>psere,</strong></span> <span class='ocrx_word' id='word_1_456' title='bbox 2363 3219 2733 3299; x_wconf 81' lang='lat' dir='ltr'><strong>improperare</strong></span> <span class='ocrx_word' id='word_1_457' title='bbox 2760 3221 2963 3276; x_wconf 89' lang='lat' dir='ltr'><strong>nostris</strong></span> <span class='ocrx_word' id='word_1_458' title='bbox 2995 3220 3139 3290; x_wconf 87' lang='lat' dir='ltr'><strong>quod</strong></span> <span class='ocrx_word' id='word_1_459' title='bbox 3168 3221 3588 3275; x_wconf 84' lang='lat' dir='ltr'><strong>nouhabuerint</strong></span> <span class='ocrx_word' id='word_1_460' title='bbox 3618 3221 3748 3291; x_wconf 86' lang='lat' dir='ltr'><strong>ple-</strong></span> 
     </span>
    </p>
   </div>
   <div class='ocr_carea' id='block_1_63' title="bbox 456 3297 2044 3390">
    <p class='ocr_par' dir='ltr' id='par_1_63' title="bbox 456 3316 2044 3383">
     <span class='ocr_line' id='line_1_63' title="bbox 456 3316 2044 3383; baseline 0.006 -15"><span class='ocrx_word' id='word_1_461' title='bbox 456 3332 662 3370; x_wconf 84' lang='lat' dir='ltr'><strong>mensas</strong></span> <span class='ocrx_word' id='word_1_462' title='bbox 693 3316 1187 3383; x_wconf 85' lang='lat' dir='ltr'><strong>nummulariorum,</strong></span> <span class='ocrx_word' id='word_1_463' title='bbox 1218 3329 1265 3372; x_wconf 88' lang='lat' dir='ltr'><strong>ct</strong></span> <span class='ocrx_word' id='word_1_464' title='bbox 1298 3320 1575 3374; x_wconf 82' lang='lat' dir='ltr'><strong>cathedras</strong></span> <span class='ocrx_word' id='word_1_465' title='bbox 1604 3321 1931 3375; x_wconf 85' lang='lat' dir='ltr'><strong>vendentium</strong></span> <span class='ocrx_word' id='word_1_466' title='bbox 1967 3338 2044 3377; x_wconf 81' lang='lat' dir='ltr'><strong>co-</strong></span> 
     </span>
    </p>
   </div>
   <div class='ocr_carea' id='block_1_64' title="bbox 2151 3297 3749 3390">
    <p class='ocr_par' dir='ltr' id='par_1_64' title="bbox 2151 3297 3749 3390">
     <span class='ocr_line' id='line_1_64' title="bbox 2151 3297 3749 3390; baseline 0.003 -28"><span class='ocrx_word' id='word_1_467' title='bbox 2151 3324 2276 3363; x_wconf 89' lang='lat' dir='ltr'><strong>nam</strong></span> <span class='ocrx_word' id='word_1_468' title='bbox 2304 3308 2465 3364; x_wconf 84' lang='lat' dir='ltr'><strong>ﬁdem</strong></span> <span class='ocrx_word' id='word_1_469' title='bbox 2512 3297 2796 3379; x_wconf 8' lang='lat' dir='ltr'><strong>Dei,vquia</strong></span> <span class='ocrx_word' id='word_1_470' title='bbox 2841 3324 3117 3379; x_wconf 90' lang='lat' dir='ltr'><strong>nunquam</strong></span> <span class='ocrx_word' id='word_1_471' title='bbox 3176 3318 3390 3390; x_wconf 63' lang='lat' dir='ltr'><strong>montes</strong></span> <span class='ocrx_word' id='word_1_472' title='bbox 3438 3309 3749 3375; x_wconf 76' lang='lat' dir='ltr'><strong>transferre</strong></span> 
     </span>
    </p>
   </div>
   <div class='ocr_carea' id='block_1_65' title="bbox 455 3406 2047 3474">
    <p class='ocr_par' dir='ltr' id='par_1_65' title="bbox 455 3406 2047 3474">
     <span class='ocr_line' id='line_1_65' title="bbox 455 3406 2047 3474; baseline 0.005 -16"><span class='ocrx_word' id='word_1_473' title='bbox 455 3406 661 3460; x_wconf 84' lang='lat' dir='ltr'><strong>lurnbas</strong></span> <span class='ocrx_word' id='word_1_474' title='bbox 682 3406 879 3461; x_wconf 79' lang='lat' dir='ltr'><strong>evertit.</strong></span> <span class='ocrx_word' id='word_1_475' title='bbox 900 3406 1051 3474; x_wconf 81' lang='lat' dir='ltr'><strong>Quod</strong></span> <span class='ocrx_word' id='word_1_476' title='bbox 1078 3407 1446 3464; x_wconf 88' lang='lat' dir='ltr'><strong>malediccndo</strong></span> <span class='ocrx_word' id='word_1_477' title='bbox 1471 3409 1628 3464; x_wconf 85' lang='lat' dir='ltr'><strong>ficum</strong></span> <span class='ocrx_word' id='word_1_478' title='bbox 1657 3410 2047 3467; x_wconf 80' lang='lat' dir='ltr'><strong>infructuosam</strong></span> 
     </span>
    </p>
   </div>
   <div class='ocr_carea' id='block_1_66' title="bbox 455 3497 2046 3574">
    <p class='ocr_par' dir='ltr' id='par_1_66' title="bbox 455 3497 2046 3574">
     <span class='ocr_line' id='line_1_66' title="bbox 455 3497 2046 3574; baseline 0.005 -22"><span class='ocrx_word' id='word_1_479' title='bbox 455 3513 553 3567; x_wconf 91' lang='lat' dir='ltr'><strong>per</strong></span> <span class='ocrx_word' id='word_1_480' title='bbox 579 3497 805 3568; x_wconf 77' lang='lat' dir='ltr'><strong>ﬁguram</strong></span> <span class='ocrx_word' id='word_1_481' title='bbox 840 3498 1030 3554; x_wconf 81' lang='lat' dir='ltr'><strong>fecerit</strong></span> <span class='ocrx_word' id='word_1_482' title='bbox 1060 3499 1337 3567; x_wconf 89' lang='lat' dir='ltr'><strong>Dominus,</strong></span> <span class='ocrx_word' id='word_1_483' title='bbox 1368 3503 1469 3558; x_wconf 90' lang='lat' dir='ltr'><strong>hoc</strong></span> <span class='ocrx_word' id='word_1_484' title='bbox 1512 3503 1655 3558; x_wconf 89' lang='lat' dir='ltr'><strong>idem</strong></span> <span class='ocrx_word' id='word_1_485' title='bbox 1710 3520 1835 3559; x_wconf 78' lang='lat' dir='ltr'><strong>mox</strong></span> <span class='ocrx_word' id='word_1_486' title='bbox 1885 3522 2046 3574; x_wconf 84' lang='lat' dir='ltr'><strong>aper-</strong></span> 
     </span>
    </p>
   </div>
   <div class='ocr_carea' id='block_1_67' title="bbox 460 3589 2049 3666">
    <p class='ocr_par' dir='ltr' id='par_1_67' title="bbox 460 3589 2049 3666">
     <span class='ocr_line' id='line_1_67' title="bbox 460 3589 2049 3666; baseline 0.006 -24"><span class='ocrx_word' id='word_1_487' title='bbox 460 3592 565 3643; x_wconf 86' lang='lat' dir='ltr'><strong>tius</strong></span> <span class='ocrx_word' id='word_1_488' title='bbox 598 3590 833 3643; x_wconf 89' lang='lat' dir='ltr'><strong>ostendit</strong></span> <span class='ocrx_word' id='word_1_489' title='bbox 880 3589 1144 3660; x_wconf 86' lang='lat' dir='ltr'><strong>ejiciendo</strong></span> <span class='ocrx_word' id='word_1_490' title='bbox 1189 3591 1464 3662; x_wconf 84' lang='lat' dir='ltr'><strong>ilnprobos</strong></span> <span class='ocrx_word' id='word_1_491' title='bbox 1512 3608 1543 3648; x_wconf 91' lang='lat' dir='ltr'><strong>e</strong></span> <span class='ocrx_word' id='word_1_492' title='bbox 1593 3595 1810 3663; x_wconf 84' lang='lat' dir='ltr'><strong>templo.</strong></span> <span class='ocrx_word' id='word_1_493' title='bbox 1865 3594 2049 3666; x_wconf 86' lang='lat' dir='ltr'><strong>Neque</strong></span> 
     </span>
    </p>
   </div>
   <div class='ocr_carea' id='block_1_68' title="bbox 455 3679 2049 3753">
    <p class='ocr_par' dir='ltr' id='par_1_68' title="bbox 455 3679 2049 3753">
     <span class='ocr_line' id='line_1_68' title="bbox 455 3679 2049 3753; baseline 0.006 -20"><span class='ocrx_word' id='word_1_494' title='bbox 455 3680 601 3734; x_wconf 86' lang='lat' dir='ltr'><strong>enim</strong></span> <span class='ocrx_word' id='word_1_495' title='bbox 629 3679 830 3750; x_wconf 82' lang='lat' dir='ltr'><strong>aliquid</strong></span> <span class='ocrx_word' id='word_1_496' title='bbox 858 3682 1102 3751; x_wconf 86' lang='lat' dir='ltr'><strong>peccavit</strong></span> <span class='ocrx_word' id='word_1_497' title='bbox 1129 3684 1307 3747; x_wconf 89' lang='lat' dir='ltr'><strong>arbor,</strong></span> <span class='ocrx_word' id='word_1_498' title='bbox 1342 3700 1462 3753; x_wconf 68' lang='lat' dir='ltr'><strong>quas</strong></span> <span class='ocrx_word' id='word_1_499' title='bbox 1499 3686 1775 3740; x_wconf 88' lang='lat' dir='ltr'><strong>esuriente</strong></span> <span class='ocrx_word' id='word_1_500' title='bbox 1822 3687 2049 3743; x_wconf 89' lang='lat' dir='ltr'><strong>Domino</strong></span> 
     </span>
    </p>
   </div>
   <div class='ocr_carea' id='block_1_69' title="bbox 459 3771 2045 3844">
    <p class='ocr_par' dir='ltr' id='par_1_69' title="bbox 459 3771 2045 3844">
     <span class='ocr_line' id='line_1_69' title="bbox 459 3771 2045 3844; baseline 0.005 -21"><span class='ocrx_word' id='word_1_501' title='bbox 459 3785 618 3839; x_wconf 88' lang='lat' dir='ltr'><strong>poma</strong></span> <span class='ocrx_word' id='word_1_502' title='bbox 656 3786 761 3825; x_wconf 94' lang='lat' dir='ltr'><strong>non</strong></span> <span class='ocrx_word' id='word_1_503' title='bbox 791 3771 1013 3837; x_wconf 88' lang='lat' dir='ltr'><strong>habuit,</strong></span> <span class='ocrx_word' id='word_1_504' title='bbox 1046 3786 1275 3840; x_wconf 92' lang='lat' dir='ltr'><strong>quorum</strong></span> <span class='ocrx_word' id='word_1_505' title='bbox 1310 3774 1540 3829; x_wconf 89' lang='lat' dir='ltr'><strong>necdum</strong></span> <span class='ocrx_word' id='word_1_506' title='bbox 1576 3783 1785 3844; x_wconf 89' lang='lat' dir='ltr'><strong>tempus</strong></span> <span class='ocrx_word' id='word_1_507' title='bbox 1813 3774 2045 3831; x_wconf 87' lang='lat' dir='ltr'><strong>advene-</strong></span> 
     </span>
    </p>
   </div>
   <div class='ocr_carea' id='block_1_70' title="bbox 461 3862 2045 3933">
    <p class='ocr_par' dir='ltr' id='par_1_70' title="bbox 461 3862 2045 3933">
     <span class='ocr_line' id='line_1_70' title="bbox 461 3862 2045 3933; baseline 0.004 -20"><span class='ocrx_word' id='word_1_508' title='bbox 461 3870 564 3925; x_wconf 80' lang='lat' dir='ltr'><strong>rat,</strong></span> <span class='ocrx_word' id='word_1_509' title='bbox 591 3862 683 3915; x_wconf 90' lang='lat' dir='ltr'><strong>sed</strong></span> <span class='ocrx_word' id='word_1_510' title='bbox 711 3875 1004 3930; x_wconf 87' lang='lat' dir='ltr'><strong>peccavere</strong></span> <span class='ocrx_word' id='word_1_511' title='bbox 1032 3864 1344 3917; x_wconf 86' lang='lat' dir='ltr'><strong>sacerdotes</strong></span> <span class='ocrx_word' id='word_1_512' title='bbox 1386 3865 1477 3933; x_wconf 82' lang='lat' dir='ltr'><strong>qui</strong></span> <span class='ocrx_word' id='word_1_513' title='bbox 1525 3864 1577 3918; x_wconf 93' lang='lat' dir='ltr'><strong>in</strong></span> <span class='ocrx_word' id='word_1_514' title='bbox 1627 3862 1786 3920; x_wconf 80' lang='lat' dir='ltr'><strong>domo</strong></span> <span class='ocrx_word' id='word_1_515' title='bbox 1835 3866 2045 3921; x_wconf 91' lang='lat' dir='ltr'><strong>Domini</strong></span> 
     </span>
    </p>
   </div>
   <div class='ocr_carea' id='block_1_71' title="bbox 457 3942 2048 4024">
    <p class='ocr_par' dir='ltr' id='par_1_71' title="bbox 457 3942 2048 4024">
     <span class='ocr_line' id='line_1_71' title="bbox 457 3942 2048 4024; baseline 0.004 -20"><span class='ocrx_word' id='word_1_516' title='bbox 457 3950 738 4005; x_wconf 71' lang='lat' dir='ltr'><strong>saecularia</strong></span> <span class='ocrx_word' id='word_1_517' title='bbox 766 3942 981 4022; x_wconf 81' lang='lat' dir='ltr'><strong>negotia</strong></span> <span class='ocrx_word' id='word_1_518' title='bbox 1004 3951 1284 4019; x_wconf 82' lang='lat' dir='ltr'><strong>gerebant,</strong></span> <span class='ocrx_word' id='word_1_519' title='bbox 1309 3961 1363 4006; x_wconf 92' lang='lat' dir='ltr'><strong>ct</strong></span> <span class='ocrx_word' id='word_1_520' title='bbox 1384 3950 1615 4007; x_wconf 88' lang='lat' dir='ltr'><strong>fructum</strong></span> <span class='ocrx_word' id='word_1_521' title='bbox 1643 3954 1861 4022; x_wconf 89' lang='lat' dir='ltr'><strong>pietatis</strong></span> <span class='ocrx_word' id='word_1_522' title='bbox 1885 3970 2048 4024; x_wconf 88' lang='lat' dir='ltr'><strong>quem</strong></span> 
     </span>
    </p>
   </div>
   <div class='ocr_carea' id='block_1_72' title="bbox 459 4040 2049 4110">
    <p class='ocr_par' dir='ltr' id='par_1_72' title="bbox 459 4040 2049 4110">
     <span class='ocr_line' id='line_1_72' title="bbox 459 4040 2049 4110; baseline 0.004 -17"><span class='ocrx_word' id='word_1_523' title='bbox 459 4042 759 4095; x_wconf 88' lang='lat' dir='ltr'><strong>debuerant</strong></span> <span class='ocrx_word' id='word_1_524' title='bbox 789 4055 1057 4110; x_wconf 86' lang='lat' dir='ltr'><strong>quemque</strong></span> <span class='ocrx_word' id='word_1_525' title='bbox 1082 4040 1133 4094; x_wconf 91' lang='lat' dir='ltr'><strong>in</strong></span> <span class='ocrx_word' id='word_1_526' title='bbox 1176 4040 1254 4095; x_wconf 91' lang='lat' dir='ltr'><strong>cis</strong></span> <span class='ocrx_word' id='word_1_527' title='bbox 1280 4040 1538 4097; x_wconf 87' lang='lat' dir='ltr'><strong>Dominus</strong></span> <span class='ocrx_word' id='word_1_528' title='bbox 1581 4044 1876 4108; x_wconf 85' lang='lat' dir='ltr'><strong>esuriebat,</strong></span> <span class='ocrx_word' id='word_1_529' title='bbox 1907 4044 2049 4099; x_wconf 87' lang='lat' dir='ltr'><strong>ferre</strong></span> 
     </span>
    </p>
   </div>
   <div class='ocr_carea' id='block_1_73' title="bbox 458 4131 2044 4203">
    <p class='ocr_par' dir='ltr' id='par_1_73' title="bbox 458 4131 2044 4203">
     <span class='ocr_line' id='line_1_73' title="bbox 458 4131 2044 4203; baseline 0.003 -16"><span class='ocrx_word' id='word_1_530' title='bbox 458 4133 895 4203; x_wconf 88' lang='lat' dir='ltr'><strong>supersederant.</strong></span> <span class='ocrx_word' id='word_1_531' title='bbox 911 4131 1149 4188; x_wconf 81' lang='lat' dir='ltr'><strong>Arefecit</strong></span> <span class='ocrx_word' id='word_1_532' title='bbox 1170 4132 1430 4188; x_wconf 88' lang='lat' dir='ltr'><strong>Dominus</strong></span> <span class='ocrx_word' id='word_1_533' title='bbox 1458 4136 1708 4189; x_wconf 89' lang='lat' dir='ltr'><strong>arborem</strong></span> <span class='ocrx_word' id='word_1_534' title='bbox 1738 4136 2044 4201; x_wconf 72' lang='lat' dir='ltr'><strong>maledicto,</strong></span> 
     </span>
    </p>
   </div>
   <div class='ocr_carea' id='block_1_74' title="bbox 459 4225 2049 4297">
    <p class='ocr_par' dir='ltr' id='par_1_74' title="bbox 459 4225 2049 4297">
     <span class='ocr_line' id='line_1_74' title="bbox 459 4225 2049 4297; baseline 0.001 -16"><span class='ocrx_word' id='word_1_535' title='bbox 459 4236 517 4281; x_wconf 89' lang='lat' dir='ltr'><strong>ut</strong></span> <span class='ocrx_word' id='word_1_536' title='bbox 544 4225 793 4280; x_wconf 89' lang='lat' dir='ltr'><strong>homines</strong></span> <span class='ocrx_word' id='word_1_537' title='bbox 815 4225 927 4279; x_wconf 70' lang='lat' dir='ltr'><strong>haec</strong></span> <span class='ocrx_word' id='word_1_538' title='bbox 954 4226 1197 4279; x_wconf 91' lang='lat' dir='ltr'><strong>videntes</strong></span> <span class='ocrx_word' id='word_1_539' title='bbox 1225 4225 1339 4278; x_wconf 91' lang='lat' dir='ltr'><strong>sive</strong></span> <span class='ocrx_word' id='word_1_540' title='bbox 1370 4225 1652 4281; x_wconf 87' lang='lat' dir='ltr'><strong>audientes</strong></span> <span class='ocrx_word' id='word_1_541' title='bbox 1684 4227 1851 4281; x_wconf 85' lang='lat' dir='ltr'><strong>multo</strong></span> <span class='ocrx_word' id='word_1_542' title='bbox 1880 4229 2049 4297; x_wconf 82' lang='lat' dir='ltr'><strong>magis</strong></span> 
     </span>
    </p>
   </div>
   <div class='ocr_carea' id='block_1_75' title="bbox 462 4314 2045 4390">
    <p class='ocr_par' dir='ltr' id='par_1_75' title="bbox 462 4314 2045 4390">
     <span class='ocr_line' id='line_1_75' title="bbox 462 4314 2045 4390; baseline 0.002 -20"><span class='ocrx_word' id='word_1_543' title='bbox 462 4315 823 4390; x_wconf 75' lang='lat' dir='ltr'><strong>intelligerent</strong></span> <span class='ocrx_word' id='word_1_544' title='bbox 852 4330 972 4370; x_wconf 90' lang='lat' dir='ltr'><strong>sese</strong></span> <span class='ocrx_word' id='word_1_545' title='bbox 995 4315 1178 4369; x_wconf 89' lang='lat' dir='ltr'><strong>divino</strong></span> <span class='ocrx_word' id='word_1_546' title='bbox 1207 4314 1645 4371; x_wconf 88' lang='lat' dir='ltr'><strong>condemnandos</strong></span> <span class='ocrx_word' id='word_1_547' title='bbox 1678 4333 1797 4373; x_wconf 89' lang='lat' dir='ltr'><strong>esse</strong></span> <span class='ocrx_word' id='word_1_548' title='bbox 1817 4316 2045 4386; x_wconf 83' lang='lat' dir='ltr'><strong>judicio,</strong></span> 
     </span>
    </p>
   </div>
   <div class='ocr_carea' id='block_1_76' title="bbox 459 4404 2045 4475">
    <p class='ocr_par' dir='ltr' id='par_1_76' title="bbox 459 4404 2045 4475">
     <span class='ocr_line' id='line_1_76' title="bbox 459 4404 2045 4475; baseline 0.004 -17"><span class='ocrx_word' id='word_1_549' title='bbox 459 4405 504 4459; x_wconf 87' lang='lat' dir='ltr'><strong>si</strong></span> <span class='ocrx_word' id='word_1_550' title='bbox 536 4406 739 4475; x_wconf 85' lang='lat' dir='ltr'><strong>absque</strong></span> <span class='ocrx_word' id='word_1_551' title='bbox 763 4420 987 4474; x_wconf 85' lang='lat' dir='ltr'><strong>operum</strong></span> <span class='ocrx_word' id='word_1_552' title='bbox 1011 4404 1189 4460; x_wconf 91' lang='lat' dir='ltr'><strong>fructu</strong></span> <span class='ocrx_word' id='word_1_553' title='bbox 1212 4405 1279 4460; x_wconf 84' lang='lat' dir='ltr'><strong>de</strong></span> <span class='ocrx_word' id='word_1_554' title='bbox 1304 4407 1493 4474; x_wconf 89' lang='lat' dir='ltr'><strong>plausu</strong></span> <span class='ocrx_word' id='word_1_555' title='bbox 1523 4415 1731 4463; x_wconf 89' lang='lat' dir='ltr'><strong>tantum</strong></span> <span class='ocrx_word' id='word_1_556' title='bbox 1770 4411 1871 4465; x_wconf 89' lang='lat' dir='ltr'><strong>sibi</strong></span> <span class='ocrx_word' id='word_1_557' title='bbox 1918 4411 2045 4465; x_wconf 85' lang='lat' dir='ltr'><strong>reli-</strong></span> 
     </span>
    </p>
   </div>
   <div class='ocr_carea' id='block_1_77' title="bbox 460 4496 2046 4570">
    <p class='ocr_par' dir='ltr' id='par_1_77' title="bbox 460 4496 2046 4570">
     <span class='ocr_line' id='line_1_77' title="bbox 460 4496 2046 4570; baseline 0.003 -20"><span class='ocrx_word' id='word_1_558' title='bbox 460 4497 596 4567; x_wconf 89' lang='lat' dir='ltr'><strong>giosi</strong></span> <span class='ocrx_word' id='word_1_559' title='bbox 623 4498 886 4551; x_wconf 85' lang='lat' dir='ltr'><strong>sermonis</strong></span> <span class='ocrx_word' id='word_1_560' title='bbox 924 4496 1067 4549; x_wconf 89' lang='lat' dir='ltr'><strong>velut</strong></span> <span class='ocrx_word' id='word_1_561' title='bbox 1091 4497 1155 4551; x_wconf 89' lang='lat' dir='ltr'><strong>de</strong></span> <span class='ocrx_word' id='word_1_562' title='bbox 1183 4498 1379 4564; x_wconf 89' lang='lat' dir='ltr'><strong>sonitu,</strong></span> <span class='ocrx_word' id='word_1_563' title='bbox 1405 4506 1459 4554; x_wconf 89' lang='lat' dir='ltr'><strong>et</strong></span> <span class='ocrx_word' id='word_1_564' title='bbox 1487 4506 1801 4570; x_wconf 82' lang='lat' dir='ltr'><strong>tegumento</strong></span> <span class='ocrx_word' id='word_1_565' title='bbox 1831 4501 2046 4555; x_wconf 87' lang='lat' dir='ltr'><strong>blandi-</strong></span> 
     </span>
    </p>
   </div>
   <div class='ocr_carea' id='block_1_78' title="bbox 461 4587 1323 4644">
    <p class='ocr_par' dir='ltr' id='par_1_78' title="bbox 461 4587 1323 4644">
     <span class='ocr_line' id='line_1_78' title="bbox 461 4587 1323 4644; baseline 0 -1"><span class='ocrx_word' id='word_1_566' title='bbox 461 4598 649 4643; x_wconf 83' lang='lat' dir='ltr'><strong>reutur</strong></span> <span class='ocrx_word' id='word_1_567' title='bbox 676 4589 1021 4643; x_wconf 74' lang='lat' dir='ltr'><strong>viridantium</strong></span> <span class='ocrx_word' id='word_1_568' title='bbox 1050 4587 1323 4644; x_wconf 87' lang='lat' dir='ltr'><strong>foliorum.</strong></span> 
     </span>
    </p>
   </div>
   <div class='ocr_carea' id='block_1_79' title="bbox 535 4677 2045 4752">
    <p class='ocr_par' dir='ltr' id='par_1_79' title="bbox 535 4677 2045 4752">
     <span class='ocr_line' id='line_1_79' title="bbox 535 4677 2045 4752; baseline 0.004 -23"><span class='ocrx_word' id='word_1_569' title='bbox 535 4677 600 4729; x_wconf 82' lang='lat' dir='ltr'><strong>Et</strong></span> <span class='ocrx_word' id='word_1_570' title='bbox 623 4693 723 4729; x_wconf 87' lang='lat' dir='ltr'><strong>non</strong></span> <span class='ocrx_word' id='word_1_571' title='bbox 746 4678 943 4731; x_wconf 81' lang='lat' dir='ltr'><strong>sinebat</strong></span> <span class='ocrx_word' id='word_1_572' title='bbox 970 4687 1024 4729; x_wconf 90' lang='lat' dir='ltr'><strong>ut</strong></span> <span class='ocrx_word' id='word_1_573' title='bbox 1042 4678 1317 4746; x_wconf 85' lang='lat' dir='ltr'><strong>quisquam</strong></span> <span class='ocrx_word' id='word_1_574' title='bbox 1349 4679 1656 4748; x_wconf 81' lang='lat' dir='ltr'><strong>transferret</strong></span> <span class='ocrx_word' id='word_1_575' title='bbox 1680 4697 1771 4735; x_wconf 87' lang='lat' dir='ltr'><strong>vas</strong></span> <span class='ocrx_word' id='word_1_576' title='bbox 1798 4697 1891 4752; x_wconf 81' lang='lat' dir='ltr'><strong>per</strong></span> <span class='ocrx_word' id='word_1_577' title='bbox 1918 4692 2045 4736; x_wconf 82' lang='lat' dir='ltr'><strong>tem-</strong></span> 
     </span>
    </p>
   </div>
   <div class='ocr_carea' id='block_1_80' title="bbox 461 4765 2049 4839">
    <p class='ocr_par' dir='ltr' id='par_1_80' title="bbox 461 4765 2049 4839">
     <span class='ocr_line' id='line_1_80' title="bbox 461 4765 2049 4839; baseline 0.005 -22"><span class='ocrx_word' id='word_1_578' title='bbox 461 4766 624 4836; x_wconf 83' lang='lat' dir='ltr'><strong>plum.</strong></span> <span class='ocrx_word' id='word_1_579' title='bbox 658 4765 730 4821; x_wconf 80' lang='lat' dir='ltr'><strong>De</strong></span> <span class='ocrx_word' id='word_1_580' title='bbox 756 4767 899 4820; x_wconf 81' lang='lat' dir='ltr'><strong>vasis</strong></span> <span class='ocrx_word' id='word_1_581' title='bbox 928 4767 1058 4819; x_wconf 88' lang='lat' dir='ltr'><strong>dicit</strong></span> <span class='ocrx_word' id='word_1_582' title='bbox 1082 4766 1187 4819; x_wconf 89' lang='lat' dir='ltr'><strong>illis</strong></span> <span class='ocrx_word' id='word_1_583' title='bbox 1210 4781 1330 4834; x_wconf 72' lang='lat' dir='ltr'><strong>qua:</strong></span> <span class='ocrx_word' id='word_1_584' title='bbox 1358 4769 1630 4822; x_wconf 87' lang='lat' dir='ltr'><strong>mercandi</strong></span> <span class='ocrx_word' id='word_1_585' title='bbox 1658 4770 1830 4839; x_wconf 84' lang='lat' dir='ltr'><strong>gratia</strong></span> <span class='ocrx_word' id='word_1_586' title='bbox 1855 4770 2049 4826; x_wconf 83' lang='lat' dir='ltr'><strong>infere-</strong></span> 
     </span>
    </p>
   </div>
   <div class='ocr_carea' id='block_1_81' title="bbox 460 4857 2049 4929">
    <p class='ocr_par' dir='ltr' id='par_1_81' title="bbox 460 4857 2049 4929">
     <span class='ocr_line' id='line_1_81' title="bbox 460 4857 2049 4929; baseline 0.005 -21"><span class='ocrx_word' id='word_1_587' title='bbox 460 4858 674 4920; x_wconf 80' lang='lat' dir='ltr'><strong>bantur,</strong></span> <span class='ocrx_word' id='word_1_588' title='bbox 704 4865 958 4913; x_wconf 63' lang='lat' dir='ltr'><strong>catterum</strong></span> <span class='ocrx_word' id='word_1_589' title='bbox 988 4857 1129 4911; x_wconf 89' lang='lat' dir='ltr'><strong>absit</strong></span> <span class='ocrx_word' id='word_1_590' title='bbox 1158 4865 1215 4911; x_wconf 74' lang='lat' dir='ltr'><strong>ut</strong></span> <span class='ocrx_word' id='word_1_591' title='bbox 1245 4872 1368 4929; x_wconf 83' lang='lat' dir='ltr'><strong>vasa</strong></span> <span class='ocrx_word' id='word_1_592' title='bbox 1411 4858 1520 4913; x_wconf 90' lang='lat' dir='ltr'><strong>Deo</strong></span> <span class='ocrx_word' id='word_1_593' title='bbox 1563 4859 1739 4913; x_wconf 87' lang='lat' dir='ltr'><strong>dicata</strong></span> <span class='ocrx_word' id='word_1_594' title='bbox 1789 4860 2049 4916; x_wconf 72' lang='lat' dir='ltr'><strong>Dominus</strong></span> 
     </span>
    </p>
   </div>
   <div class='ocr_carea' id='block_1_82' title="bbox 462 4948 2047 5020">
    <p class='ocr_par' dir='ltr' id='par_1_82' title="bbox 462 4948 2047 5020">
     <span class='ocr_line' id='line_1_82' title="bbox 462 4948 2047 5020; baseline 0.002 -18"><span class='ocrx_word' id='word_1_595' title='bbox 462 4951 683 5020; x_wconf 87' lang='lat' dir='ltr'><strong>cjiccrct</strong></span> <span class='ocrx_word' id='word_1_596' title='bbox 710 4950 775 5004; x_wconf 87' lang='lat' dir='ltr'><strong>de</strong></span> <span class='ocrx_word' id='word_1_597' title='bbox 802 4948 1016 5019; x_wconf 88' lang='lat' dir='ltr'><strong>templo,</strong></span> <span class='ocrx_word' id='word_1_598' title='bbox 1048 4948 1132 5002; x_wconf 82' lang='lat' dir='ltr'><strong>vel</strong></span> <span class='ocrx_word' id='word_1_599' title='bbox 1178 4948 1454 5004; x_wconf 76' lang='lat' dir='ltr'><strong>intrdferri</strong></span> <span class='ocrx_word' id='word_1_600' title='bbox 1486 4951 1800 5019; x_wconf 87' lang='lat' dir='ltr'><strong>prohiberet</strong></span> <span class='ocrx_word' id='word_1_601' title='bbox 1831 4952 1882 5005; x_wconf 87' lang='lat' dir='ltr'><strong>in</strong></span> <span class='ocrx_word' id='word_1_602' title='bbox 1914 4962 2047 5005; x_wconf 86' lang='lat' dir='ltr'><strong>tem-</strong></span> 
     </span>
    </p>
   </div>
   <div class='ocr_carea' id='block_1_83' title="bbox 462 5038 2048 5113">
    <p class='ocr_par' dir='ltr' id='par_1_83' title="bbox 462 5038 2048 5113">
     <span class='ocr_line' id='line_1_83' title="bbox 462 5038 2048 5113; baseline 0.002 -21"><span class='ocrx_word' id='word_1_603' title='bbox 462 5042 640 5111; x_wconf 87' lang='lat' dir='ltr'><strong>plum,</strong></span> <span class='ocrx_word' id='word_1_604' title='bbox 694 5041 784 5094; x_wconf 87' lang='lat' dir='ltr'><strong>ubi</strong></span> <span class='ocrx_word' id='word_1_605' title='bbox 836 5038 999 5095; x_wconf 84' lang='lat' dir='ltr'><strong>futuri</strong></span> <span class='ocrx_word' id='word_1_606' title='bbox 1054 5040 1134 5093; x_wconf 89' lang='lat' dir='ltr'><strong>sui</strong></span> <span class='ocrx_word' id='word_1_607' title='bbox 1191 5040 1457 5095; x_wconf 83' lang='lat' dir='ltr'><strong>examinis</strong></span> <span class='ocrx_word' id='word_1_608' title='bbox 1508 5042 1717 5111; x_wconf 76' lang='lat' dir='ltr'><strong>insigne</strong></span> <span class='ocrx_word' id='word_1_609' title='bbox 1764 5044 2048 5113; x_wconf 72' lang='lat' dir='ltr'><strong>prretendit</strong></span> 
     </span>
    </p>
   </div>
   <div class='ocr_carea' id='block_1_84' title="bbox 462 5131 2048 5209">
    <p class='ocr_par' dir='ltr' id='par_1_84' title="bbox 462 5131 2048 5209">
     <span class='ocr_line' id='line_1_84' title="bbox 462 5131 2048 5209; baseline 0.002 -22"><span class='ocrx_word' id='word_1_610' title='bbox 462 5131 789 5202; x_wconf 78' lang='lat' dir='ltr'><strong>exemplum.</strong></span> <span class='ocrx_word' id='word_1_611' title='bbox 826 5131 928 5185; x_wconf 84' lang='lat' dir='ltr'><strong>Sed</strong></span> <span class='ocrx_word' id='word_1_612' title='bbox 978 5132 1155 5200; x_wconf 86' lang='lat' dir='ltr'><strong>potius</strong></span> <span class='ocrx_word' id='word_1_613' title='bbox 1186 5131 1458 5186; x_wconf 87' lang='lat' dir='ltr'><strong>immunda</strong></span> <span class='ocrx_word' id='word_1_614' title='bbox 1495 5144 1547 5187; x_wconf 90' lang='lat' dir='ltr'><strong>ct</strong></span> <span class='ocrx_word' id='word_1_615' title='bbox 1600 5134 1829 5205; x_wconf 87' lang='lat' dir='ltr'><strong>profana</strong></span> <span class='ocrx_word' id='word_1_616' title='bbox 1874 5136 2048 5209; x_wconf 79' lang='lat' dir='ltr'><strong>elimi-</strong></span> 
     </span>
    </p>
   </div>
   <div class='ocr_carea' id='block_1_85' title="bbox 466 5221 2046 5299">
    <p class='ocr_par' dir='ltr' id='par_1_85' title="bbox 466 5221 2046 5299">
     <span class='ocr_line' id='line_1_85' title="bbox 466 5221 2046 5299; baseline 0.004 -23"><span class='ocrx_word' id='word_1_617' title='bbox 466 5231 557 5276; x_wconf 90' lang='lat' dir='ltr'><strong>nat</strong></span> <span class='ocrx_word' id='word_1_618' title='bbox 588 5237 712 5277; x_wconf 83' lang='lat' dir='ltr'><strong>vasa</strong></span> <span class='ocrx_word' id='word_1_619' title='bbox 735 5222 801 5276; x_wconf 85' lang='lat' dir='ltr'><strong>de</strong></span> <span class='ocrx_word' id='word_1_620' title='bbox 832 5221 1051 5289; x_wconf 86' lang='lat' dir='ltr'><strong>templo,</strong></span> <span class='ocrx_word' id='word_1_621' title='bbox 1082 5238 1147 5274; x_wconf 86' lang='lat' dir='ltr'><strong>ac</strong></span> <span class='ocrx_word' id='word_1_622' title='bbox 1184 5238 1248 5275; x_wconf 88' lang='lat' dir='ltr'><strong>ne</strong></span> <span class='ocrx_word' id='word_1_623' title='bbox 1275 5223 1505 5291; x_wconf 86' lang='lat' dir='ltr'><strong>amplius</strong></span> <span class='ocrx_word' id='word_1_624' title='bbox 1531 5224 1836 5281; x_wconf 84' lang='lat' dir='ltr'><strong>inferantur</strong></span> <span class='ocrx_word' id='word_1_625' title='bbox 1859 5229 2046 5299; x_wconf 86' lang='lat' dir='ltr'><strong>prohi-</strong></span> 
     </span>
    </p>
   </div>
   <div class='ocr_carea' id='block_1_86' title="bbox 464 5312 2049 5387">
    <p class='ocr_par' dir='ltr' id='par_1_86' title="bbox 464 5312 2049 5387">
     <span class='ocr_line' id='line_1_86' title="bbox 464 5312 2049 5387; baseline 0.004 -21"><span class='ocrx_word' id='word_1_626' title='bbox 464 5313 575 5375; x_wconf 86' lang='lat' dir='ltr'><strong>bet,</strong></span> <span class='ocrx_word' id='word_1_627' title='bbox 603 5314 816 5381; x_wconf 90' lang='lat' dir='ltr'><strong>quando</strong></span> <span class='ocrx_word' id='word_1_628' title='bbox 850 5329 956 5367; x_wconf 89' lang='lat' dir='ltr'><strong>non</strong></span> <span class='ocrx_word' id='word_1_629' title='bbox 990 5312 1161 5367; x_wconf 89' lang='lat' dir='ltr'><strong>solum</strong></span> <span class='ocrx_word' id='word_1_630' title='bbox 1204 5314 1268 5367; x_wconf 91' lang='lat' dir='ltr'><strong>de</strong></span> <span class='ocrx_word' id='word_1_631' title='bbox 1314 5313 1557 5369; x_wconf 85' lang='lat' dir='ltr'><strong>Ecclesia</strong></span> <span class='ocrx_word' id='word_1_632' title='bbox 1603 5331 1793 5373; x_wconf 87' lang='lat' dir='ltr'><strong>omnes</strong></span> <span class='ocrx_word' id='word_1_633' title='bbox 1840 5320 2049 5387; x_wconf 86' lang='lat' dir='ltr'><strong>repellit</strong></span> 
     </span>
    </p>
   </div>
   <div class='ocr_carea' id='block_1_87' title="bbox 464 5402 2049 5473">
    <p class='ocr_par' dir='ltr' id='par_1_87' title="bbox 464 5402 2049 5473">
     <span class='ocr_line' id='line_1_87' title="bbox 464 5402 2049 5473; baseline 0.003 -17"><span class='ocrx_word' id='word_1_634' title='bbox 464 5418 529 5457; x_wconf 87' lang='lat' dir='ltr'><strong>ac</strong></span> <span class='ocrx_word' id='word_1_635' title='bbox 552 5402 799 5458; x_wconf 87' lang='lat' dir='ltr'><strong>deturbat</strong></span> <span class='ocrx_word' id='word_1_636' title='bbox 829 5404 1107 5473; x_wconf 86' lang='lat' dir='ltr'><strong>reprobos,</strong></span> <span class='ocrx_word' id='word_1_637' title='bbox 1141 5418 1324 5457; x_wconf 88' lang='lat' dir='ltr'><strong>verum</strong></span> <span class='ocrx_word' id='word_1_638' title='bbox 1355 5405 1518 5459; x_wconf 86' lang='lat' dir='ltr'><strong>etiam</strong></span> <span class='ocrx_word' id='word_1_639' title='bbox 1550 5420 1616 5460; x_wconf 90' lang='lat' dir='ltr'><strong>ne</strong></span> <span class='ocrx_word' id='word_1_640' title='bbox 1645 5406 1787 5461; x_wconf 89' lang='lat' dir='ltr'><strong>ultra</strong></span> <span class='ocrx_word' id='word_1_641' title='bbox 1824 5409 1890 5462; x_wconf 89' lang='lat' dir='ltr'><strong>ad</strong></span> <span class='ocrx_word' id='word_1_642' title='bbox 1937 5418 2049 5461; x_wconf 80' lang='lat' dir='ltr'><strong>tur-</strong></span> 
     </span>
    </p>
   </div>
   <div class='ocr_carea' id='block_1_88' title="bbox 465 5491 2042 5561">
    <p class='ocr_par' dir='ltr' id='par_1_88' title="bbox 465 5491 2042 5561">
     <span class='ocr_line' id='line_1_88' title="bbox 465 5491 2042 5561; baseline 0.004 -15"><span class='ocrx_word' id='word_1_643' title='bbox 465 5491 700 5548; x_wconf 78' lang='lat' dir='ltr'><strong>handam</strong></span> <span class='ocrx_word' id='word_1_644' title='bbox 726 5492 1021 5550; x_wconf 74' lang='lat' dir='ltr'><strong>Ecclesium</strong></span> <span class='ocrx_word' id='word_1_645' title='bbox 1050 5494 1272 5561; x_wconf 85' lang='lat' dir='ltr'><strong>intrent,</strong></span> <span class='ocrx_word' id='word_1_646' title='bbox 1304 5506 1507 5552; x_wconf 65' lang='lat' dir='ltr'><strong>{eterna</strong></span> <span class='ocrx_word' id='word_1_647' title='bbox 1528 5512 1623 5554; x_wconf 80' lang='lat' dir='ltr'><strong>eos</strong></span> <span class='ocrx_word' id='word_1_648' title='bbox 1650 5501 1871 5554; x_wconf 85' lang='lat' dir='ltr'><strong>verbere</strong></span> <span class='ocrx_word' id='word_1_649' title='bbox 1894 5516 2042 5554; x_wconf 83' lang='lat' dir='ltr'><strong>com-</strong></span> 
     </span>
    </p>
   </div>
   <div class='ocr_carea' id='block_1_89' title="bbox 468 5584 661 5655">
    <p class='ocr_par' dir='ltr' id='par_1_89' title="bbox 468 5584 661 5655">
     <span class='ocr_line' id='line_1_89' title="bbox 468 5584 661 5655; baseline -0.01 -16"><span class='ocrx_word' id='word_1_650' title='bbox 468 5584 661 5655; x_wconf 72' lang='lat' dir='ltr'><strong>pascit.</strong></span> 
     </span>
    </p>
   </div>
   <div class='ocr_carea' id='block_1_90' title="bbox 540 5672 2048 5749">
    <p class='ocr_par' dir='ltr' id='par_1_90' title="bbox 540 5672 2048 5749">
     <span class='ocr_line' id='line_1_90' title="bbox 540 5672 2048 5749; baseline 0.005 -24"><span class='ocrx_word' id='word_1_651' title='bbox 540 5672 606 5725; x_wconf 83' lang='lat' dir='ltr'><strong>Et</strong></span> <span class='ocrx_word' id='word_1_652' title='bbox 637 5674 868 5739; x_wconf 81' lang='lat' dir='ltr'><strong>docebat,</strong></span> <span class='ocrx_word' id='word_1_653' title='bbox 899 5676 1075 5731; x_wconf 85' lang='lat' dir='ltr'><strong>dicens</strong></span> <span class='ocrx_word' id='word_1_654' title='bbox 1114 5676 1187 5732; x_wconf 85' lang='lat' dir='ltr'><strong>eis</strong></span> <span class='ocrx_word' id='word_1_655' title='bbox 1221 5693 1239 5731; x_wconf 92' lang='lat'><strong><em>:</em></strong></span> <span class='ocrx_word' id='word_1_656' title='bbox 1288 5677 1477 5732; x_wconf 79' lang='lat' dir='ltr'><strong>Nonne</strong></span> <span class='ocrx_word' id='word_1_657' title='bbox 1515 5680 1763 5748; x_wconf 84' lang='lat' dir='ltr'><strong>scriptum</strong></span> <span class='ocrx_word' id='word_1_658' title='bbox 1810 5690 1884 5734; x_wconf 85' lang='lat' dir='ltr'><strong>est</strong></span> <span class='ocrx_word' id='word_1_659' title='bbox 1924 5684 2048 5749; x_wconf 78' lang='lat' dir='ltr'><strong>quia</strong></span> 
     </span>
    </p>
   </div>
   <div class='ocr_carea' id='block_1_91' title="bbox 467 5767 2049 5842">
    <p class='ocr_par' dir='ltr' id='par_1_91' title="bbox 467 5767 2049 5842">
     <span class='ocr_line' id='line_1_91' title="bbox 467 5767 2049 5842; baseline 0.007 -28"><span class='ocrx_word' id='word_1_660' title='bbox 467 5776 651 5819; x_wconf 68' lang='lat' dir='ltr'><strong>almus</strong></span> <span class='ocrx_word' id='word_1_661' title='bbox 675 5782 786 5819; x_wconf 84' lang='lat' dir='ltr'><strong>mea</strong></span> <span class='ocrx_word' id='word_1_662' title='bbox 812 5767 996 5821; x_wconf 80' lang='lat' dir='ltr'><strong>domus</strong></span> <span class='ocrx_word' id='word_1_663' title='bbox 1028 5767 1280 5821; x_wconf 87' lang='lat' dir='ltr'><strong>orationis</strong></span> <span class='ocrx_word' id='word_1_664' title='bbox 1312 5770 1582 5823; x_wconf 84' lang='lat' dir='ltr'><strong>vocabitur</strong></span> <span class='ocrx_word' id='word_1_665' title='bbox 1616 5772 1853 5824; x_wconf 87' lang='lat' dir='ltr'><strong>omnibus</strong></span> <span class='ocrx_word' id='word_1_666' title='bbox 1884 5774 2049 5842; x_wconf 88' lang='lat' dir='ltr'><strong>genti-</strong></span> 
     </span>
    </p>
   </div>
   <div class='ocr_carea' id='block_1_92' title="bbox 469 5853 2049 5929">
    <p class='ocr_par' dir='ltr' id='par_1_92' title="bbox 469 5853 2049 5929">
     <span class='ocr_line' id='line_1_92' title="bbox 469 5853 2049 5929; baseline 0.008 -25"><span class='ocrx_word' id='word_1_667' title='bbox 469 5854 562 5907; x_wconf 80' lang='lat' dir='ltr'><strong>bus</strong></span> <span class='ocrx_word' id='word_1_668' title='bbox 577 5853 603 5905; x_wconf 84' lang='lat'><strong><em>?</em></strong></span> <span class='ocrx_word' id='word_1_669' title='bbox 620 5854 895 5919; x_wconf 87' lang='lat' dir='ltr'><strong>()mnlbus,</strong></span> <span class='ocrx_word' id='word_1_670' title='bbox 918 5856 1111 5924; x_wconf 81' lang='lat' dir='ltr'><strong>inquit,</strong></span> <span class='ocrx_word' id='word_1_671' title='bbox 1128 5855 1405 5923; x_wconf 83' lang='lat' dir='ltr'><strong>Gentibus,</strong></span> <span class='ocrx_word' id='word_1_672' title='bbox 1432 5872 1534 5913; x_wconf 90' lang='lat' dir='ltr'><strong>non</strong></span> <span class='ocrx_word' id='word_1_673' title='bbox 1558 5860 1646 5913; x_wconf 92' lang='lat' dir='ltr'><strong>uni</strong></span> <span class='ocrx_word' id='word_1_674' title='bbox 1665 5860 1807 5929; x_wconf 80' lang='lat' dir='ltr'><strong>genti</strong></span> <span class='ocrx_word' id='word_1_675' title='bbox 1832 5858 2049 5927; x_wconf 57' lang='lat' dir='ltr'><strong>ludam,</strong></span> 
     </span>
    </p>
   </div>
   <div class='ocr_carea' id='block_1_93' title="bbox 2074 4647 2124 4706">
    <p class='ocr_par' dir='ltr' id='par_1_93' title="bbox 2074 4647 2124 4706">
     <span class='ocr_line' id='line_1_93' title="bbox 2074 4647 2124 4706; baseline 0 0"><span class='ocrx_word' id='word_1_676' title='bbox 2074 4647 2124 4706; x_wconf 92' lang='lat' dir='ltr'><strong>D</strong></span> 
     </span>
    </p>
   </div>
   <div class='ocr_carea' id='block_1_94' title="bbox 2145 3400 3751 3474">
    <p class='ocr_par' dir='ltr' id='par_1_94' title="bbox 2145 3400 3751 3474">
     <span class='ocr_line' id='line_1_94' title="bbox 2145 3400 3751 3474; baseline 0.002 -17"><span class='ocrx_word' id='word_1_677' title='bbox 2145 3402 2440 3473; x_wconf 87' lang='lat' dir='ltr'><strong>potuerint.</strong></span> <span class='ocrx_word' id='word_1_678' title='bbox 2458 3400 2673 3468; x_wconf 81' lang='lat' dir='ltr'><strong>Quibus</strong></span> <span class='ocrx_word' id='word_1_679' title='bbox 2701 3402 3162 3473; x_wconf 87' lang='lat' dir='ltr'><strong>respondendum,</strong></span> <span class='ocrx_word' id='word_1_680' title='bbox 3181 3420 3288 3459; x_wconf 93' lang='lat' dir='ltr'><strong>non</strong></span> <span class='ocrx_word' id='word_1_681' title='bbox 3318 3405 3497 3460; x_wconf 88' lang='lat' dir='ltr'><strong>omnia</strong></span> <span class='ocrx_word' id='word_1_682' title='bbox 3537 3406 3751 3474; x_wconf 81' lang='lat' dir='ltr'><strong>scripta</strong></span> 
     </span>
    </p>
   </div>
   <div class='ocr_carea' id='block_1_95' title="bbox 2147 3494 3751 3566">
    <p class='ocr_par' dir='ltr' id='par_1_95' title="bbox 2147 3494 3751 3566">
     <span class='ocr_line' id='line_1_95' title="bbox 2147 3494 3751 3566; baseline 0.001 -15"><span class='ocrx_word' id='word_1_683' title='bbox 2147 3510 2267 3551; x_wconf 88' lang='lat' dir='ltr'><strong>esse</strong></span> <span class='ocrx_word' id='word_1_684' title='bbox 2293 3509 2412 3564; x_wconf 66' lang='lat' dir='ltr'><strong>qua:</strong></span> <span class='ocrx_word' id='word_1_685' title='bbox 2440 3494 2493 3548; x_wconf 91' lang='lat' dir='ltr'><strong>in</strong></span> <span class='ocrx_word' id='word_1_686' title='bbox 2523 3494 2762 3550; x_wconf 86' lang='lat' dir='ltr'><strong>Ecclesia</strong></span> <span class='ocrx_word' id='word_1_687' title='bbox 2794 3502 2921 3549; x_wconf 89' lang='lat' dir='ltr'><strong>sunt</strong></span> <span class='ocrx_word' id='word_1_688' title='bbox 2958 3504 3105 3566; x_wconf 84' lang='lat' dir='ltr'><strong>gesta</strong></span> <span class='ocrx_word' id='word_1_689' title='bbox 3128 3537 3143 3562; x_wconf 93' lang='lat'><strong>,</strong></span> <span class='ocrx_word' id='word_1_690' title='bbox 3175 3496 3317 3552; x_wconf 87' lang='lat' dir='ltr'><strong>sicut</strong></span> <span class='ocrx_word' id='word_1_691' title='bbox 3356 3497 3519 3553; x_wconf 87' lang='lat' dir='ltr'><strong>etiam</strong></span> <span class='ocrx_word' id='word_1_692' title='bbox 3558 3499 3624 3552; x_wconf 90' lang='lat' dir='ltr'><strong>de</strong></span> <span class='ocrx_word' id='word_1_693' title='bbox 3655 3497 3751 3552; x_wconf 83' lang='lat' dir='ltr'><strong>fa-</strong></span> 
     </span>
    </p>
   </div>
   <div class='ocr_carea' id='block_1_96' title="bbox 2148 3584 3757 3657">
    <p class='ocr_par' dir='ltr' id='par_1_96' title="bbox 2148 3584 3757 3657">
     <span class='ocr_line' id='line_1_96' title="bbox 2148 3584 3757 3657; baseline 0.001 -15"><span class='ocrx_word' id='word_1_694' title='bbox 2148 3587 2249 3643; x_wconf 89' lang='lat' dir='ltr'><strong>ctis</strong></span> <span class='ocrx_word' id='word_1_695' title='bbox 2280 3587 2448 3657; x_wconf 86' lang='lat' dir='ltr'><strong>ipsius</strong></span> <span class='ocrx_word' id='word_1_696' title='bbox 2473 3584 2702 3651; x_wconf 88' lang='lat' dir='ltr'><strong>Christi,</strong></span> <span class='ocrx_word' id='word_1_697' title='bbox 2746 3584 2838 3642; x_wconf 87' lang='lat' dir='ltr'><strong>Dei</strong></span> <span class='ocrx_word' id='word_1_698' title='bbox 2892 3594 2948 3641; x_wconf 91' lang='lat' dir='ltr'><strong>et</strong></span> <span class='ocrx_word' id='word_1_699' title='bbox 2998 3586 3211 3641; x_wconf 91' lang='lat' dir='ltr'><strong>Domini</strong></span> <span class='ocrx_word' id='word_1_700' title='bbox 3241 3588 3412 3641; x_wconf 88' lang='lat' dir='ltr'><strong>nostri</strong></span> <span class='ocrx_word' id='word_1_701' title='bbox 3460 3586 3757 3656; x_wconf 80' lang='lat' dir='ltr'><strong>Scriptura</strong></span> 
     </span>
    </p>
   </div>
   <div class='ocr_carea' id='block_1_97' title="bbox 2148 3676 3758 3755">
    <p class='ocr_par' dir='ltr' id='par_1_97' title="bbox 2148 3676 3758 3755">
     <span class='ocr_line' id='line_1_97' title="bbox 2148 3676 3758 3755; baseline -0.001 -20"><span class='ocrx_word' id='word_1_702' title='bbox 2148 3686 2332 3735; x_wconf 90' lang='lat' dir='ltr'><strong>nostra</strong></span> <span class='ocrx_word' id='word_1_703' title='bbox 2358 3685 2601 3743; x_wconf 87' lang='lat' dir='ltr'><strong>testatur,</strong></span> <span class='ocrx_word' id='word_1_704' title='bbox 2631 3678 2771 3732; x_wconf 89' lang='lat' dir='ltr'><strong>unde</strong></span> <span class='ocrx_word' id='word_1_705' title='bbox 2798 3685 2851 3733; x_wconf 87' lang='lat' dir='ltr'><strong>et</strong></span> <span class='ocrx_word' id='word_1_706' title='bbox 2879 3678 2981 3733; x_wconf 91' lang='lat' dir='ltr'><strong>hoc</strong></span> <span class='ocrx_word' id='word_1_707' title='bbox 3003 3692 3218 3755; x_wconf 89' lang='lat' dir='ltr'><strong>quoque</strong></span> <span class='ocrx_word' id='word_1_708' title='bbox 3244 3676 3359 3732; x_wconf 88' lang='lat' dir='ltr'><strong>fleri</strong></span> <span class='ocrx_word' id='word_1_709' title='bbox 3390 3678 3652 3747; x_wconf 87' lang='lat' dir='ltr'><strong>potuisse,</strong></span> <span class='ocrx_word' id='word_1_710' title='bbox 3690 3688 3758 3733; x_wconf 88' lang='lat' dir='ltr'><strong>ut</strong></span> 
     </span>
    </p>
   </div>
   <div class='ocr_carea' id='block_1_98' title="bbox 2148 3770 3757 3835">
    <p class='ocr_par' dir='ltr' id='par_1_98' title="bbox 2148 3770 3757 3835">
     <span class='ocr_line' id='line_1_98' title="bbox 2148 3770 3757 3835; baseline -0.002 -7"><span class='ocrx_word' id='word_1_711' title='bbox 2148 3787 2309 3828; x_wconf 73' lang='lat' dir='ltr'><strong>mons</strong></span> <span class='ocrx_word' id='word_1_712' title='bbox 2329 3772 2540 3826; x_wconf 83' lang='lat' dir='ltr'><strong>ablatus</strong></span> <span class='ocrx_word' id='word_1_713' title='bbox 2563 3773 2628 3826; x_wconf 84' lang='lat' dir='ltr'><strong>de</strong></span> <span class='ocrx_word' id='word_1_714' title='bbox 2662 3779 2804 3825; x_wconf 86' lang='lat' dir='ltr'><strong>terra</strong></span> <span class='ocrx_word' id='word_1_715' title='bbox 2835 3770 3142 3825; x_wconf 89' lang='lat' dir='ltr'><strong>mitteretur</strong></span> <span class='ocrx_word' id='word_1_716' title='bbox 3171 3770 3224 3824; x_wconf 93' lang='lat' dir='ltr'><strong>in</strong></span> <span class='ocrx_word' id='word_1_717' title='bbox 3252 3784 3432 3835; x_wconf 87' lang='lat' dir='ltr'><strong>mare,</strong></span> <span class='ocrx_word' id='word_1_718' title='bbox 3460 3770 3505 3824; x_wconf 89' lang='lat' dir='ltr'><strong>si</strong></span> <span class='ocrx_word' id='word_1_719' title='bbox 3546 3785 3757 3825; x_wconf 78' lang='lat' dir='ltr'><strong>ncces-</strong></span> 
     </span>
    </p>
   </div>
   <div class='ocr_carea' id='block_1_99' title="bbox 2148 3859 3755 3933">
    <p class='ocr_par' dir='ltr' id='par_1_99' title="bbox 2148 3859 3755 3933">
     <span class='ocr_line' id='line_1_99' title="bbox 2148 3859 3755 3933; baseline -0.002 -14"><span class='ocrx_word' id='word_1_720' title='bbox 2148 3864 2282 3919; x_wconf 88' lang='lat' dir='ltr'><strong>silas</strong></span> <span class='ocrx_word' id='word_1_721' title='bbox 2309 3863 2427 3918; x_wconf 82' lang='lat' dir='ltr'><strong>fieri</strong></span> <span class='ocrx_word' id='word_1_722' title='bbox 2472 3863 2525 3918; x_wconf 90' lang='lat' dir='ltr'><strong>id</strong></span> <span class='ocrx_word' id='word_1_723' title='bbox 2570 3861 2925 3933; x_wconf 81' lang='lat' dir='ltr'><strong>poposcisset,</strong></span> <span class='ocrx_word' id='word_1_724' title='bbox 2970 3861 3238 3931; x_wconf 90' lang='lat' dir='ltr'><strong>quomodo</strong></span> <span class='ocrx_word' id='word_1_725' title='bbox 3285 3860 3514 3932; x_wconf 87' lang='lat' dir='ltr'><strong>legimus</strong></span> <span class='ocrx_word' id='word_1_726' title='bbox 3535 3859 3755 3915; x_wconf 88' lang='lat' dir='ltr'><strong>factum</strong></span> 
     </span>
    </p>
   </div>
   <div class='ocr_carea' id='block_1_100' title="bbox 2146 3951 3753 4025">
    <p class='ocr_par' dir='ltr' id='par_1_100' title="bbox 2146 3951 3753 4025">
     <span class='ocr_line' id='line_1_100' title="bbox 2146 3951 3753 4025; baseline -0.001 -17"><span class='ocrx_word' id='word_1_727' title='bbox 2146 3956 2400 4025; x_wconf 87' lang='lat' dir='ltr'><strong>precibus</strong></span> <span class='ocrx_word' id='word_1_728' title='bbox 2428 3953 2488 4007; x_wconf 90' lang='lat' dir='ltr'><strong>B.</strong></span> <span class='ocrx_word' id='word_1_729' title='bbox 2516 3952 2992 4023; x_wconf 79' lang='lat' dir='ltr'><strong>PatrisGregorii,</strong></span> <span class='ocrx_word' id='word_1_730' title='bbox 3019 3952 3415 4007; x_wconf 70' lang='lat' dir='ltr'><strong>Neo-Ctesarire</strong></span> <span class='ocrx_word' id='word_1_731' title='bbox 3448 3951 3606 4006; x_wconf 88' lang='lat' dir='ltr'><strong>Ponti</strong></span> <span class='ocrx_word' id='word_1_732' title='bbox 3635 3966 3753 4007; x_wconf 87' lang='lat' dir='ltr'><strong>an-</strong></span> 
     </span>
    </p>
   </div>
   <div class='ocr_carea' id='block_1_101' title="bbox 2150 4042 3752 4107">
    <p class='ocr_par' dir='ltr' id='par_1_101' title="bbox 2150 4042 3752 4107">
     <span class='ocr_line' id='line_1_101' title="bbox 2150 4042 3752 4107; baseline -0.002 -7"><span class='ocrx_word' id='word_1_733' title='bbox 2150 4046 2333 4100; x_wconf 89' lang='lat' dir='ltr'><strong>tistitis</strong></span> <span class='ocrx_word' id='word_1_734' title='bbox 2362 4045 2461 4098; x_wconf 90' lang='lat' dir='ltr'><strong>viri</strong></span> <span class='ocrx_word' id='word_1_735' title='bbox 2502 4044 2712 4098; x_wconf 87' lang='lat' dir='ltr'><strong>meritis</strong></span> <span class='ocrx_word' id='word_1_736' title='bbox 2735 4053 2791 4098; x_wconf 89' lang='lat' dir='ltr'><strong>et</strong></span> <span class='ocrx_word' id='word_1_737' title='bbox 2818 4043 3107 4098; x_wconf 85' lang='lat' dir='ltr'><strong>virtutibus</strong></span> <span class='ocrx_word' id='word_1_738' title='bbox 3138 4042 3340 4107; x_wconf 82' lang='lat' dir='ltr'><strong>eximii;</strong></span> <span class='ocrx_word' id='word_1_739' title='bbox 3375 4049 3434 4095; x_wconf 87' lang='lat' dir='ltr'><strong>ut</strong></span> <span class='ocrx_word' id='word_1_740' title='bbox 3478 4056 3635 4095; x_wconf 90' lang='lat' dir='ltr'><strong>mons</strong></span> <span class='ocrx_word' id='word_1_741' title='bbox 3689 4042 3752 4096; x_wconf 90' lang='lat' dir='ltr'><strong>in</strong></span> 
     </span>
    </p>
   </div>
   <div class='ocr_carea' id='block_1_102' title="bbox 2149 4131 3757 4202">
    <p class='ocr_par' dir='ltr' id='par_1_102' title="bbox 2149 4131 3757 4202">
     <span class='ocr_line' id='line_1_102' title="bbox 2149 4131 3757 4202; baseline -0.001 -13"><span class='ocrx_word' id='word_1_742' title='bbox 2149 4143 2295 4191; x_wconf 88' lang='lat' dir='ltr'><strong>terra</strong></span> <span class='ocrx_word' id='word_1_743' title='bbox 2326 4142 2533 4188; x_wconf 88' lang='lat' dir='ltr'><strong>tantum</strong></span> <span class='ocrx_word' id='word_1_744' title='bbox 2564 4133 2682 4189; x_wconf 91' lang='lat' dir='ltr'><strong>loco</strong></span> <span class='ocrx_word' id='word_1_745' title='bbox 2722 4132 2957 4198; x_wconf 88' lang='lat' dir='ltr'><strong>cederet,</strong></span> <span class='ocrx_word' id='word_1_746' title='bbox 2987 4141 3248 4202; x_wconf 87' lang='lat' dir='ltr'><strong>quantum</strong></span> <span class='ocrx_word' id='word_1_747' title='bbox 3281 4131 3471 4187; x_wconf 62' lang='lat' dir='ltr'><strong>incola:</strong></span> <span class='ocrx_word' id='word_1_748' title='bbox 3500 4132 3757 4189; x_wconf 85' lang='lat' dir='ltr'><strong>civitatis</strong></span> 
     </span>
    </p>
   </div>
   <div class='ocr_carea' id='block_1_103' title="bbox 2148 4224 3758 4297">
    <p class='ocr_par' dir='ltr' id='par_1_103' title="bbox 2148 4224 3758 4297">
     <span class='ocr_line' id='line_1_103' title="bbox 2148 4224 3758 4297; baseline -0.002 -15"><span class='ocrx_word' id='word_1_749' title='bbox 2148 4243 2283 4297; x_wconf 63' lang='lat' dir='ltr'><strong>opus</strong></span> <span class='ocrx_word' id='word_1_750' title='bbox 2310 4228 2597 4281; x_wconf 85' lang='lat' dir='ltr'><strong>habebant.</strong></span> <span class='ocrx_word' id='word_1_751' title='bbox 2628 4226 2828 4280; x_wconf 76' lang='lat' dir='ltr'><strong>Verum</strong></span> <span class='ocrx_word' id='word_1_752' title='bbox 2858 4225 2983 4294; x_wconf 86' lang='lat' dir='ltr'><strong>quia</strong></span> <span class='ocrx_word' id='word_1_753' title='bbox 3015 4224 3215 4279; x_wconf 88' lang='lat' dir='ltr'><strong>montis</strong></span> <span class='ocrx_word' id='word_1_754' title='bbox 3243 4224 3462 4278; x_wconf 90' lang='lat' dir='ltr'><strong>nomine</strong></span> <span class='ocrx_word' id='word_1_755' title='bbox 3491 4239 3758 4279; x_wconf 86' lang='lat' dir='ltr'><strong>nonnun-</strong></span> 
     </span>
    </p>
   </div>
   <div class='ocr_carea' id='block_1_104' title="bbox 2148 4314 3754 4390">
    <p class='ocr_par' dir='ltr' id='par_1_104' title="bbox 2148 4314 3754 4390">
     <span class='ocr_line' id='line_1_104' title="bbox 2148 4314 3754 4390; baseline -0.003 -16"><span class='ocrx_word' id='word_1_756' title='bbox 2148 4337 2307 4390; x_wconf 85' lang='lat' dir='ltr'><strong>quam</strong></span> <span class='ocrx_word' id='word_1_757' title='bbox 2334 4318 2579 4373; x_wconf 89' lang='lat' dir='ltr'><strong>diabolus</strong></span> <span class='ocrx_word' id='word_1_758' title='bbox 2610 4316 2967 4387; x_wconf 84' lang='lat' dir='ltr'><strong>significatur,</strong></span> <span class='ocrx_word' id='word_1_759' title='bbox 3007 4314 3250 4370; x_wconf 84' lang='lat' dir='ltr'><strong>videlicet</strong></span> <span class='ocrx_word' id='word_1_760' title='bbox 3291 4322 3512 4384; x_wconf 87' lang='lat' dir='ltr'><strong>propter</strong></span> <span class='ocrx_word' id='word_1_761' title='bbox 3545 4329 3754 4384; x_wconf 86' lang='lat' dir='ltr'><strong>super-</strong></span> 
     </span>
    </p>
   </div>
   <div class='ocr_carea' id='block_1_105' title="bbox 2150 4405 3757 4480">
    <p class='ocr_par' dir='ltr' id='par_1_105' title="bbox 2150 4405 3757 4480">
     <span class='ocr_line' id='line_1_105' title="bbox 2150 4405 3757 4480; baseline -0.002 -14"><span class='ocrx_word' id='word_1_762' title='bbox 2150 4413 2291 4466; x_wconf 85' lang='lat' dir='ltr'><strong>biam</strong></span> <span class='ocrx_word' id='word_1_763' title='bbox 2320 4426 2423 4480; x_wconf 83' lang='lat' dir='ltr'><strong>qua</strong></span> <span class='ocrx_word' id='word_1_764' title='bbox 2462 4423 2519 4465; x_wconf 90' lang='lat' dir='ltr'><strong>sc</strong></span> <span class='ocrx_word' id='word_1_765' title='bbox 2543 4419 2729 4464; x_wconf 90' lang='lat' dir='ltr'><strong>contra</strong></span> <span class='ocrx_word' id='word_1_766' title='bbox 2760 4406 2928 4462; x_wconf 87' lang='lat' dir='ltr'><strong>Deum</strong></span> <span class='ocrx_word' id='word_1_767' title='bbox 2957 4407 3135 4478; x_wconf 83' lang='lat' dir='ltr'><strong>erigit,</strong></span> <span class='ocrx_word' id='word_1_768' title='bbox 3168 4417 3221 4461; x_wconf 91' lang='lat' dir='ltr'><strong>et</strong></span> <span class='ocrx_word' id='word_1_769' title='bbox 3254 4421 3375 4461; x_wconf 85' lang='lat' dir='ltr'><strong>esse</strong></span> <span class='ocrx_word' id='word_1_770' title='bbox 3406 4405 3517 4460; x_wconf 82' lang='lat' dir='ltr'><strong>vult</strong></span> <span class='ocrx_word' id='word_1_771' title='bbox 3545 4407 3757 4464; x_wconf 89' lang='lat' dir='ltr'><strong>similis</strong></span> 
     </span>
    </p>
   </div>
   <div class='ocr_carea' id='block_1_106' title="bbox 2148 4496 3755 4568">
    <p class='ocr_par' dir='ltr' id='par_1_106' title="bbox 2148 4496 3755 4568">
     <span class='ocr_line' id='line_1_106' title="bbox 2148 4496 3755 4568; baseline -0.002 -12"><span class='ocrx_word' id='word_1_772' title='bbox 2148 4502 2447 4566; x_wconf 82' lang='lat' dir='ltr'><strong>Altissimo,</strong></span> <span class='ocrx_word' id='word_1_773' title='bbox 2482 4515 2635 4554; x_wconf 88' lang='lat' dir='ltr'><strong>mons</strong></span> <span class='ocrx_word' id='word_1_774' title='bbox 2659 4499 2723 4553; x_wconf 84' lang='lat' dir='ltr'><strong>ad</strong></span> <span class='ocrx_word' id='word_1_775' title='bbox 2746 4506 3070 4568; x_wconf 60' lang='lat' dir='ltr'><strong>praeceptum</strong></span> <span class='ocrx_word' id='word_1_776' title='bbox 3097 4512 3283 4552; x_wconf 91' lang='lat' dir='ltr'><strong>eorum</strong></span> <span class='ocrx_word' id='word_1_777' title='bbox 3305 4496 3397 4565; x_wconf 90' lang='lat' dir='ltr'><strong>qui</strong></span> <span class='ocrx_word' id='word_1_778' title='bbox 3431 4496 3602 4551; x_wconf 87' lang='lat' dir='ltr'><strong>fortes</strong></span> <span class='ocrx_word' id='word_1_779' title='bbox 3633 4496 3755 4553; x_wconf 83' lang='lat' dir='ltr'><strong>fide</strong></span> 
     </span>
    </p>
   </div>
   <div class='ocr_carea' id='block_1_107' title="bbox 2150 4587 3752 4656">
    <p class='ocr_par' dir='ltr' id='par_1_107' title="bbox 2150 4587 3752 4656">
     <span class='ocr_line' id='line_1_107' title="bbox 2150 4587 3752 4656; baseline -0.004 -8"><span class='ocrx_word' id='word_1_780' title='bbox 2150 4601 2276 4648; x_wconf 87' lang='lat' dir='ltr'><strong>sunt</strong></span> <span class='ocrx_word' id='word_1_781' title='bbox 2307 4592 2509 4646; x_wconf 72' lang='lat' dir='ltr'><strong>toilitur</strong></span> <span class='ocrx_word' id='word_1_782' title='bbox 2544 4589 2609 4644; x_wconf 91' lang='lat' dir='ltr'><strong>de</strong></span> <span class='ocrx_word' id='word_1_783' title='bbox 2648 4598 2816 4655; x_wconf 82' lang='lat' dir='ltr'><strong>terra,</strong></span> <span class='ocrx_word' id='word_1_784' title='bbox 2847 4598 2900 4645; x_wconf 86' lang='lat' dir='ltr'><strong>et</strong></span> <span class='ocrx_word' id='word_1_785' title='bbox 2956 4589 3007 4642; x_wconf 89' lang='lat' dir='ltr'><strong>in</strong></span> <span class='ocrx_word' id='word_1_786' title='bbox 3062 4602 3213 4642; x_wconf 88' lang='lat' dir='ltr'><strong>mare</strong></span> <span class='ocrx_word' id='word_1_787' title='bbox 3261 4587 3578 4656; x_wconf 87' lang='lat' dir='ltr'><strong>projicitur,</strong></span> <span class='ocrx_word' id='word_1_788' title='bbox 3612 4603 3752 4642; x_wconf 90' lang='lat' dir='ltr'><strong>cum</strong></span> 
     </span>
    </p>
   </div>
   <div class='ocr_carea' id='block_1_108' title="bbox 2150 4677 3757 4753">
    <p class='ocr_par' dir='ltr' id='par_1_108' title="bbox 2150 4677 3757 4753">
     <span class='ocr_line' id='line_1_108' title="bbox 2150 4677 3757 4753; baseline -0.002 -18"><span class='ocrx_word' id='word_1_789' title='bbox 2150 4679 2566 4753; x_wconf 61' lang='lat' dir='ltr'><strong>praedicantibus</strong></span> <span class='ocrx_word' id='word_1_790' title='bbox 2594 4680 2819 4733; x_wconf 86' lang='lat' dir='ltr'><strong>verbum</strong></span> <span class='ocrx_word' id='word_1_791' title='bbox 2848 4677 3157 4732; x_wconf 89' lang='lat' dir='ltr'><strong>doctoribus</strong></span> <span class='ocrx_word' id='word_1_792' title='bbox 3184 4678 3403 4739; x_wconf 84' lang='lat' dir='ltr'><strong>sanctis,</strong></span> <span class='ocrx_word' id='word_1_793' title='bbox 3427 4677 3757 4733; x_wconf 87' lang='lat' dir='ltr'><strong>immundus</strong></span> 
     </span>
    </p>
   </div>
   <div class='ocr_carea' id='block_1_109' title="bbox 2151 4766 3757 4843">
    <p class='ocr_par' dir='ltr' id='par_1_109' title="bbox 2151 4766 3757 4843">
     <span class='ocr_line' id='line_1_109' title="bbox 2151 4766 3757 4843; baseline -0.002 -17"><span class='ocrx_word' id='word_1_794' title='bbox 2151 4774 2373 4843; x_wconf 89' lang='lat' dir='ltr'><strong>spiritus</strong></span> <span class='ocrx_word' id='word_1_795' title='bbox 2410 4773 2478 4825; x_wconf 89' lang='lat' dir='ltr'><strong>ab</strong></span> <span class='ocrx_word' id='word_1_796' title='bbox 2523 4785 2708 4825; x_wconf 90' lang='lat' dir='ltr'><strong>eorum</strong></span> <span class='ocrx_word' id='word_1_797' title='bbox 2755 4768 2916 4823; x_wconf 89' lang='lat' dir='ltr'><strong>corde</strong></span> <span class='ocrx_word' id='word_1_798' title='bbox 2960 4767 3258 4837; x_wconf 87' lang='lat' dir='ltr'><strong>repellitur,</strong></span> <span class='ocrx_word' id='word_1_799' title='bbox 3308 4766 3400 4836; x_wconf 89' lang='lat' dir='ltr'><strong>qui</strong></span> <span class='ocrx_word' id='word_1_800' title='bbox 3454 4767 3523 4820; x_wconf 88' lang='lat' dir='ltr'><strong>ad</strong></span> <span class='ocrx_word' id='word_1_801' title='bbox 3569 4767 3757 4823; x_wconf 83' lang='lat' dir='ltr'><strong>vitam</strong></span> 
     </span>
    </p>
   </div>
   <div class='ocr_carea' id='block_1_110' title="bbox 2152 4859 3767 4934">
    <p class='ocr_par' dir='ltr' id='par_1_110' title="bbox 2152 4859 3767 4934">
     <span class='ocr_line' id='line_1_110' title="bbox 2152 4859 3767 4934; baseline -0.002 -16"><span class='ocrx_word' id='word_1_802' title='bbox 2152 4874 2276 4918; x_wconf 90' lang='lat' dir='ltr'><strong>sunt</strong></span> <span class='ocrx_word' id='word_1_803' title='bbox 2305 4863 2670 4934; x_wconf 65' lang='lat' dir='ltr'><strong>praeordinati,</strong></span> <span class='ocrx_word' id='word_1_804' title='bbox 2700 4871 2753 4915; x_wconf 89' lang='lat' dir='ltr'><strong>et</strong></span> <span class='ocrx_word' id='word_1_805' title='bbox 2785 4861 2837 4915; x_wconf 90' lang='lat' dir='ltr'><strong>in</strong></span> <span class='ocrx_word' id='word_1_806' title='bbox 2868 4860 3195 4914; x_wconf 88' lang='lat' dir='ltr'><strong>turbulentis</strong></span> <span class='ocrx_word' id='word_1_807' title='bbox 3220 4860 3528 4927; x_wconf 85' lang='lat' dir='ltr'><strong>anlarisqne</strong></span> <span class='ocrx_word' id='word_1_808' title='bbox 3551 4859 3767 4915; x_wconf 80' lang='lat' dir='ltr'><strong>infide-</strong></span> 
     </span>
    </p>
   </div>
   <div class='ocr_carea' id='block_1_111' title="bbox 2150 4950 3758 5021">
    <p class='ocr_par' dir='ltr' id='par_1_111' title="bbox 2150 4950 3758 5021">
     <span class='ocr_line' id='line_1_111' title="bbox 2150 4950 3758 5021; baseline -0.002 -12"><span class='ocrx_word' id='word_1_809' title='bbox 2150 4956 2280 5009; x_wconf 90' lang='lat' dir='ltr'><strong>lium</strong></span> <span class='ocrx_word' id='word_1_810' title='bbox 2330 4954 2618 5017; x_wconf 88' lang='lat' dir='ltr'><strong>mentibus,</strong></span> <span class='ocrx_word' id='word_1_811' title='bbox 2648 4953 2924 5006; x_wconf 78' lang='lat' dir='ltr'><strong>vesaniam</strong></span> <span class='ocrx_word' id='word_1_812' title='bbox 2976 4966 3087 5005; x_wconf 73' lang='lat' dir='ltr'><strong>sum</strong></span> <span class='ocrx_word' id='word_1_813' title='bbox 3128 4950 3431 5021; x_wconf 86' lang='lat' dir='ltr'><strong>tyrannidis</strong></span> <span class='ocrx_word' id='word_1_814' title='bbox 3477 4964 3758 5006; x_wconf 76' lang='lat' dir='ltr'><strong>exercere</strong></span> 
     </span>
    </p>
   </div>
   <div class='ocr_carea' id='block_1_112' title="bbox 2152 5040 3760 5116">
    <p class='ocr_par' dir='ltr' id='par_1_112' title="bbox 2152 5040 3760 5116">
     <span class='ocr_line' id='line_1_112' title="bbox 2152 5040 3760 5116; baseline 0 -19"><span class='ocrx_word' id='word_1_815' title='bbox 2152 5045 2506 5116; x_wconf 83' lang='lat' dir='ltr'><strong>permittitur,</strong></span> <span class='ocrx_word' id='word_1_816' title='bbox 2538 5059 2642 5097; x_wconf 90' lang='lat' dir='ltr'><strong>non</strong></span> <span class='ocrx_word' id='word_1_817' title='bbox 2671 5044 2812 5112; x_wconf 90' lang='lat' dir='ltr'><strong>quod</strong></span> <span class='ocrx_word' id='word_1_818' title='bbox 2840 5043 2911 5096; x_wconf 66' lang='lat' dir='ltr'><strong>ibi</strong></span> <span class='ocrx_word' id='word_1_819' title='bbox 2951 5050 3003 5096; x_wconf 90' lang='lat' dir='ltr'><strong>et</strong></span> <span class='ocrx_word' id='word_1_820' title='bbox 3038 5050 3163 5095; x_wconf 88' lang='lat' dir='ltr'><strong>ante</strong></span> <span class='ocrx_word' id='word_1_821' title='bbox 3189 5040 3371 5095; x_wconf 83' lang='lat' dir='ltr'><strong>sedem</strong></span> <span class='ocrx_word' id='word_1_822' title='bbox 3399 5054 3760 5112; x_wconf 76' lang='lat' dir='ltr'><strong>regnumque</strong></span> 
     </span>
    </p>
   </div>
   <div class='ocr_carea' id='block_1_113' title="bbox 2150 5131 3763 5203">
    <p class='ocr_par' dir='ltr' id='par_1_113' title="bbox 2150 5131 3763 5203">
     <span class='ocr_line' id='line_1_113' title="bbox 2150 5131 3763 5203; baseline -0.002 -13"><span class='ocrx_word' id='word_1_823' title='bbox 2150 5151 2256 5190; x_wconf 90' lang='lat' dir='ltr'><strong>non</strong></span> <span class='ocrx_word' id='word_1_824' title='bbox 2297 5136 2562 5199; x_wconf 81' lang='lat' dir='ltr'><strong>habuerit,</strong></span> <span class='ocrx_word' id='word_1_825' title='bbox 2587 5136 2681 5189; x_wconf 90' lang='lat' dir='ltr'><strong>sed</strong></span> <span class='ocrx_word' id='word_1_826' title='bbox 2712 5135 2854 5203; x_wconf 87' lang='lat' dir='ltr'><strong>quod</strong></span> <span class='ocrx_word' id='word_1_827' title='bbox 2885 5136 3033 5187; x_wconf 86' lang='lat' dir='ltr'><strong>tanto</strong></span> <span class='ocrx_word' id='word_1_828' title='bbox 3056 5133 3236 5186; x_wconf 89' lang='lat' dir='ltr'><strong>aerius</strong></span> <span class='ocrx_word' id='word_1_829' title='bbox 3271 5132 3323 5185; x_wconf 91' lang='lat' dir='ltr'><strong>in</strong></span> <span class='ocrx_word' id='word_1_830' title='bbox 3351 5146 3443 5185; x_wconf 88' lang='lat' dir='ltr'><strong>eos</strong></span> <span class='ocrx_word' id='word_1_831' title='bbox 3467 5131 3763 5201; x_wconf 84' lang='lat' dir='ltr'><strong>quoslibet</strong></span> 
     </span>
    </p>
   </div>
   <div class='ocr_carea' id='block_1_114' title="bbox 2151 5222 3755 5293">
    <p class='ocr_par' dir='ltr' id='par_1_114' title="bbox 2151 5222 3755 5293">
     <span class='ocr_line' id='line_1_114' title="bbox 2151 5222 3755 5293; baseline -0.001 -13"><span class='ocrx_word' id='word_1_832' title='bbox 2151 5226 2391 5287; x_wconf 72' lang='lat' dir='ltr'><strong>desmvit,</strong></span> <span class='ocrx_word' id='word_1_833' title='bbox 2426 5233 2626 5293; x_wconf 85' lang='lat' dir='ltr'><strong>quanto</strong></span> <span class='ocrx_word' id='word_1_834' title='bbox 2657 5224 2889 5293; x_wconf 87' lang='lat' dir='ltr'><strong>amplius</strong></span> <span class='ocrx_word' id='word_1_835' title='bbox 2917 5239 2974 5277; x_wconf 89' lang='lat' dir='ltr'><strong>se</strong></span> <span class='ocrx_word' id='word_1_836' title='bbox 3006 5223 3152 5277; x_wconf 87' lang='lat' dir='ltr'><strong>dolet</strong></span> <span class='ocrx_word' id='word_1_837' title='bbox 3189 5238 3217 5275; x_wconf 90' lang='lat' dir='ltr'><strong>a</strong></span> <span class='ocrx_word' id='word_1_838' title='bbox 3250 5222 3466 5276; x_wconf 66' lang='lat' dir='ltr'><strong>laesione</strong></span> <span class='ocrx_word' id='word_1_839' title='bbox 3522 5223 3755 5291; x_wconf 87' lang='lat' dir='ltr'><strong>piorum</strong></span> 
     </span>
    </p>
   </div>
   <div class='ocr_carea' id='block_1_115' title="bbox 2150 5312 3758 5385">
    <p class='ocr_par' dir='ltr' id='par_1_115' title="bbox 2150 5312 3758 5385">
     <span class='ocr_line' id='line_1_115' title="bbox 2150 5312 3758 5385; baseline 0 -15"><span class='ocrx_word' id='word_1_840' title='bbox 2150 5315 2314 5371; x_wconf 85' lang='lat' dir='ltr'><strong>fuisse</strong></span> <span class='ocrx_word' id='word_1_841' title='bbox 2367 5316 2679 5385; x_wconf 85' lang='lat' dir='ltr'><strong>depulsum,</strong></span> <span class='ocrx_word' id='word_1_842' title='bbox 2711 5331 2872 5383; x_wconf 74' lang='lat' dir='ltr'><strong>quem</strong></span> <span class='ocrx_word' id='word_1_843' title='bbox 2931 5323 3109 5368; x_wconf 88' lang='lat' dir='ltr'><strong>tamen</strong></span> <span class='ocrx_word' id='word_1_844' title='bbox 3158 5314 3383 5367; x_wconf 87' lang='lat' dir='ltr'><strong>victoria</strong></span> <span class='ocrx_word' id='word_1_845' title='bbox 3434 5312 3758 5370; x_wconf 85' lang='lat' dir='ltr'><strong>Salvatoris</strong></span> 
     </span>
    </p>
   </div>
   <div class='ocr_carea' id='block_1_116' title="bbox 2150 5405 3761 5470">
    <p class='ocr_par' dir='ltr' id='par_1_116' title="bbox 2150 5405 3761 5470">
     <span class='ocr_line' id='line_1_116' title="bbox 2150 5405 3761 5470; baseline -0.001 -8"><span class='ocrx_word' id='word_1_846' title='bbox 2150 5410 2323 5463; x_wconf 85' lang='lat' dir='ltr'><strong>nostri</strong></span> <span class='ocrx_word' id='word_1_847' title='bbox 2358 5408 2568 5461; x_wconf 88' lang='lat' dir='ltr'><strong>Domini</strong></span> <span class='ocrx_word' id='word_1_848' title='bbox 2596 5405 2719 5462; x_wconf 84' lang='lat' dir='ltr'><strong>Jesu</strong></span> <span class='ocrx_word' id='word_1_849' title='bbox 2752 5406 2989 5470; x_wconf 85' lang='lat' dir='ltr'><strong>Christi,</strong></span> <span class='ocrx_word' id='word_1_850' title='bbox 3018 5406 3254 5460; x_wconf 86' lang='lat' dir='ltr'><strong>liberans</strong></span> <span class='ocrx_word' id='word_1_851' title='bbox 3281 5405 3483 5459; x_wconf 87' lang='lat' dir='ltr'><strong>electos</strong></span> <span class='ocrx_word' id='word_1_852' title='bbox 3513 5418 3649 5458; x_wconf 91' lang='lat' dir='ltr'><strong>suos</strong></span> <span class='ocrx_word' id='word_1_853' title='bbox 3684 5406 3761 5461; x_wconf 81' lang='lat' dir='ltr'><strong>de</strong></span> 
     </span>
    </p>
   </div>
   <div class='ocr_carea' id='block_1_117' title="bbox 2152 5495 3753 5567">
    <p class='ocr_par' dir='ltr' id='par_1_117' title="bbox 2152 5495 3753 5567">
     <span class='ocr_line' id='line_1_117' title="bbox 2152 5495 3753 5567; baseline 0.001 -16"><span class='ocrx_word' id='word_1_854' title='bbox 2152 5500 2417 5562; x_wconf 84' lang='lat' dir='ltr'><strong>manibus,</strong></span> <span class='ocrx_word' id='word_1_855' title='bbox 2437 5500 2607 5567; x_wconf 86' lang='lat' dir='ltr'><strong>ipsum</strong></span> <span class='ocrx_word' id='word_1_856' title='bbox 2639 5500 2849 5552; x_wconf 80' lang='lat' dir='ltr'><strong>hostem</strong></span> <span class='ocrx_word' id='word_1_857' title='bbox 2877 5496 3095 5551; x_wconf 88' lang='lat' dir='ltr'><strong>lmmani</strong></span> <span class='ocrx_word' id='word_1_858' title='bbox 3119 5496 3333 5566; x_wconf 81' lang='lat' dir='ltr'><strong>generis</strong></span> <span class='ocrx_word' id='word_1_859' title='bbox 3360 5508 3461 5564; x_wconf 89' lang='lat' dir='ltr'><strong>pro</strong></span> <span class='ocrx_word' id='word_1_860' title='bbox 3492 5495 3753 5564; x_wconf 80' lang='lat' dir='ltr'><strong>nequitia</strong></span> 
     </span>
    </p>
   </div>
   <div class='ocr_carea' id='block_1_118' title="bbox 2149 5586 3491 5656">
    <p class='ocr_par' dir='ltr' id='par_1_118' title="bbox 2149 5586 3491 5656">
     <span class='ocr_line' id='line_1_118' title="bbox 2149 5586 3491 5656; baseline -0.007 -11"><span class='ocrx_word' id='word_1_861' title='bbox 2149 5605 2246 5645; x_wconf 89' lang='lat' dir='ltr'><strong>sua</strong></span> <span class='ocrx_word' id='word_1_862' title='bbox 2269 5588 2520 5644; x_wconf 86' lang='lat' dir='ltr'><strong>claustris</strong></span> <span class='ocrx_word' id='word_1_863' title='bbox 2550 5588 2742 5642; x_wconf 88' lang='lat' dir='ltr'><strong>inferni</strong></span> <span class='ocrx_word' id='word_1_864' title='bbox 2773 5586 3047 5642; x_wconf 88' lang='lat' dir='ltr'><strong>damnabit</strong></span> <span class='ocrx_word' id='word_1_865' title='bbox 3076 5587 3128 5640; x_wconf 91' lang='lat' dir='ltr'><strong>in</strong></span> <span class='ocrx_word' id='word_1_866' title='bbox 3153 5594 3491 5656; x_wconf 87' lang='lat' dir='ltr'><strong>perpetuum.</strong></span> 
     </span>
    </p>
   </div>
   <div class='ocr_carea' id='block_1_119' title="bbox 2834 5789 3040 5804">
    <p class='ocr_par' dir='ltr' id='par_1_119' title="bbox 2834 5789 3040 5804">
     <span class='ocr_line' id='line_1_119' title="bbox 2834 5789 3040 5804; baseline 0.015 -3"><span class='ocrx_word' id='word_1_867' title='bbox 2834 5789 3040 5804; x_wconf 65' lang='grc'><strong>.-</strong></span> 
     </span>
    </p>
   </div>
  </div>
