3946 6362
646 591 916 651 llOMlLlA
974 588 1151 644 XCIX.

425 703 675 745 DOMINICA
714 701 746 737 ν
794 697 923 736 νοδτ
968 693 1362 734 PENTECOSTEN.

459 778 646 833 Lectio
674 774 919 846 Epistula:
942 773 1008 827 ad
1037 772 1325 826 Romanos.

193 873 418 935 Fratres,
435 869 675 923 existimo
694 863 832 935 quod
860 879 959 915 non
984 873 1102 914 sunt
1126 860 1396 929 condigna:
1425 857 1693 927 passiones

135 962 273 1028 hujus
298 956 536 1025 temporis
558 954 625 1007 ad
648 954 882 1023 futuram
910 950 1134 1023 gloriam
1162 967 1281 1021 quo:
1302 946 1612 1006 revelabitur
1641 947 1694 999 in

134 1049 283 1111 nobis,
314 1056 417 1101 ctc.

194 1142 334 1209 Quod
387 1140 453 1193 ad
506 1136 966 1207 comparationem
1010 1131 1237 1190 'azternce
1278 1132 1480 1202 gloriae,
1536 1144 1696 1199 quam

130 1234 317 1288 sanctis
342 1231 453 1285 suis
489 1229 631 1283 Deus
656 1236 782 1283 ante
812 1226 1005 1282 saecula
1023 1224 1380 1295 praeparavit,
1406 1221 1541 1276 nihil
1573 1234 1700 1274 con-

131 1326 331 1394 dignum
351 1322 471 1391 quis
500 1321 551 1375 in
581 1321 682 1375 hoc
704 1318 901 1374 smculo
922 1319 1092 1388 possit
1114 1315 1383 1386 passionis
1403 1312 1697 1375 sustinere;

130 1416 177 1467 in
206 1413 448 1483 pmsenti
480 1411 710 1467 lectione
739 1410 1014 1480 apostolus
1051 1407 1250 1460 Paulus
1295 1403 1529 1459 breviter
1578 1400 1705 1455 inti-

132 1505 283 1558 mavit
312 1504 532 1557 dicens:
564 1501 823 1554 Existimo
852 1500 996 1554 enim
1022 1498 1160 1568 quod
1213 1508 1318 1569 non
1360 1505 1482 1549 sunt
1527 1492 1707 1547 condi-

127 1592 517 1667 gnmpassiones
541 1591 699 1659 hujus
723 1590 987 1659 temporis,
1003 1588 1071 1640 ad
1088 1587 1321 1655 futuram
1350 1584 1572 1655 gloriam
1592 1599 1708 1653 quae

132 1684 428 1737 revelabitur
454 1682 508 1735 in
539 1681 707 1735 nol/is.
739 1679 798 1733 In
844 1693 953 1749 quo
992 1679 1137 1733 enim
1188 1676 1416 1731 mortale
1451 1676 1576 1744 quid
1604 1676 1707 1728 im-

130 1774 329 1828 mortali
359 1781 539 1844 potest
564 1772 889 1842 comparari,
919 1780 1012 1825 aut
1056 1769 1311 1825 invisibili
1366 1767 1594 1833 visibilc,
1619 1775 1713 1821 aut

130 1866 333 1920 aeternis
378 1862 732 1934 temporalia?
780 1862 972 1932 Siqua
1017 1870 1195 1916 tamen
1234 1861 1285 1913 in
1318 1858 1571 1928 praesenti
1601 1858 1710 1912 vita

1210 472 1510 531 ῙΞΟΜῘΙᾸᾸΞ
1548 473 1614 527 i.\'
1657 467 1908 524 EVANG.
1952 466 2040 521 ET
2085 465 2299 522 EPIST.

1729 613 1763 668 Α
1784 582 2052 654 nequitia,
2083 596 2179 651 per
2205 580 2362 634 lidcm
2384 579 2436 633 in
2466 576 2749 633 libertatem
2780 579 2961 649 gloriw
2990 579 3222 649 ﬁliorum
3255 580 3373 647 Dei,

3267 464 3370 517 δπι

1797 676 1867 727 ita
1899 682 1955 727 ut
1977 670 2090 739 jam
2120 686 2225 725 non
2258 670 2427 734 carni,
2458 682 2557 724 nec
2584 672 2812 724 terrenis
2844 669 3042 724 serviat
3072 670 3377 737 desideriis,

1796 782 1900 820 non
1928 763 2141 819 diabolo
2170 763 2264 818 sed
2294 761 2535 827 Christo,
2573 762 2727 831 cujus
2777 761 2962 832 gloria:
3004 764 3281 834 particeps
3326 776 3377 819 c:

1795 854 2037 908 coluercs
2075 852 2243 923 ipsius
2276 850 2447 922 gratia
2477 850 2763 905 elliciatur.

1868 943 2078 998 Scimus
2106 944 2242 996 enim
2264 940 2402 1013 quod
2429 942 2596 995 omm’s
2623 950 2866 997 creatura
2897 943 3205 1013 ingemiscit.
3230 944 3379 1013 Quod

1799 1032 1931 1087 dicit
1958 1032 2134 1086 omnis
2162 1040 2435 1096 creatura,
2470 1046 2610 1085 lltlllc
2648 1032 2961 1103 angelorum
3008 1045 3062 1089 et
3105 1036 3383 1092 hominum

1801 1127 2050 1179 naturam
2081 1123 2227 1186 dicit,
2260 1124 2387 1192 quia
2436 1132 2496 1177 ut
2544 1123 2598 1177 in
2645 1124 2933 1197 Evangelia
2980 1127 3241 1184 Dominus
3271 1130 3383 1183 ait:

1803 1219 1945 1273 sicut
1979 1216 2156 1287 angeli
2194 1217 2423 1286 gaudent
2452 1230 2614 1285 super
2645 1218 2987 1285 ptenitentes,
3016 1219 3087 1274 ita
3129 1221 3307 1276 dolent
3334 1232 3391 1278 et

1805 1307 2165 1380 ingemiscunt
2188 1320 2353 1378 super
2381 1306 2623 1362 converti
2660 1306 2923 1373 nolentes,
2943 1318 2998 1364 et
3026 1312 3265 1381 quotidie
3295 1328 3391 1370 nos

1806 1406 1917 1452 stra
1949 1404 2256 1466 spectantes
2279 1396 2601 1459 certamina,
2631 1396 2813 1451 dolent
2841 1398 2994 1454 valde
3012 1416 3135 1455 cum
3165 1403 3392 1457 convin-

1808 1488 1981 1542 cimur
2026 1502 2055 1541 a
2105 1487 2349 1554 diabolo;
2384 1503 2509 1543 cum
2555 1504 2687 1545 vero
2733 1491 3000 1546 vincimus
3048 1492 3216 1548 multo
3272 1494 3394 1564 plus

1810 1578 2064 1649 gaudent.
2091 1578 2432 1651 QuaprOpter
2458 1580 2504 1635 si
2533 1594 2655 1635 cum
2687 1583 2892 1637 sanctis
2928 1582 3149 1654 Angelis
3180 1585 3234 1638 in
3258 1587 3396 1641 cmlo

1811 1671 2048 1741 gaudere
2072 1671 2320 1742 cupimus
2338 1711 2354 1738 ,
2387 1687 2576 1727 eorum
2608 1688 2753 1728 nunc
2772 1674 3027 1747 gaudium
3057 1660 3111 1729 in
3139 1677 3277 1732 bona
3303 1693 3399 1731 no-

1812 1771 1923 1817 stra
1956 1764 2389 1829 conversatione,
2414 1765 2591 1834 dignis
2620 1766 2861 1821 moribus
2901 1766 2955 1821 in
2996 1769 3251 1824 castitate
3276 1770 3399 1823 vita:

1814 1868 2012 1924 magno
2044 1855 2221 1909 studio
2246 1854 2509 1923 perlicere
2533 1855 2790 1911 debemus
2806 1895 2820 1919 ,
2846 1863 2904 1911 ut
2932 1872 3054 1913 cum
3081 1857 3401 1915 deficiamus

136 1958 263 2012 velut
289 1958 536 2026 quzcdam
568 1956 776 2026 possint
815 1956 1021 2010 semina
1063 1953 1246 2024 gloria:
1288 1950 1486 2021 colligi,
1530 1949 1710 2005 futura
1746 1960 1786 2017 Β
1816 1948 1883 2002 ab
1914 1948 2016 2002 hac
2044 1948 2151 2002 vita
2178 1946 2403 2013 carnali,
2430 1948 2681 2018 recipiant
2710 1964 2801 2003 nos
2830 1949 2884 2002 in
2920 1958 3116 2004 (eterna
3161 1951 3401 2006 taberna-

131 2047 223 2100 ista
254 2047 464 2101 semina
506 2060 573 2099 ex
607 2043 1044 2101 tribulationibus
1073 2051 1129 2097 et
1169 2042 1529 2112 passionibus,
1560 2053 1708 2109 qua:-

132 2151 227 2205 quc
261 2136 546 2205 patiuntur
572 2144 792 2206 propter
824 2134 1111 2190 Dominum
1158 2132 1508 2202 colliguntur.
1561 2129 1713 2186 Sicut

132 2226 245 2281 alibi
295 2226 437 2281 idem
498 2227 628 2281 dicit
676 2225 993 2296 Apostolus,
1022 2226 1165 2296 quod
1201 2239 1345 2279 enim
1376 2223 1429 2278 in
1459 2225 1713 2293 prtesenti

132 2329 562 2375 momentaneum
612 2327 728 2382 est,
762 2328 816 2373 et
852 2317 987 2382 leve,
1046 2318 1369 2372 immensum
1427 2322 1513 2370 est
1568 2313 1712 2369 enim

128 2411 328 2479 pondus
367 2410 557 2481 gloria":
591 2408 803 2475 futura},
835 2424 996 2479 quam
1047 2418 1426 2477 exspectamus
1463 2405 1555 2475 qui
1605 2420 1714 2459 non

133 2502 445 2571 respicimus
476 2503 543 2557 ad
570 2517 632 2555 ea
664 2516 784 2570 qua:
807 2501 1081 2565 videntur,
1109 2500 1203 2555 sed
1230 2514 1294 2554 ea
1320 2513 1439 2567 qua:
1473 2512 1579 2552 non
1635 2496 1713 2551 vi-

130 2589 312 2643 dentur
337 2600 393 2645 et
416 2598 621 2646 aeterna
650 2599 797 2654 sunt,
817 2590 1040 2659 proinde
1068 2590 1213 2643 enim
1242 2588 1420 2643 omnis
1445 2586 1719 2643 tribulatio

132 2680 535 2750 qualiscumque
600 2682 699 2746 sit,
752 2696 871 2751 qum
922 2679 1202 2745 acciderit,
1251 2678 1501 2749 quamvis
1554 2692 1720 2745 smva,

130 2772 370 2840 quamvis
416 2771 580 2842 longa
628 2772 898 2835 videatur,
952 2771 1109 2840 quasi
1162 2776 1599 2824 momentancum
1654 2781 1722 2823 ac

132 2860 237 2915 leve
258 2876 380 2916 esse
408 2861 593 2931 putari
629 2868 863 2931 oportet.
900 2860 1238 2929 Quicumque
1288 2858 1433 2914 enim
1464 2858 1532 2912 ad
1574 2856 1719 2911 futu—

133 2966 239 3005 ram
266 2952 467 3023 aspicit
495 2953 741 3024 gloriam,
780 2967 900 3021 qua:
930 2952 1085 3006 nobis
1131 2959 1215 3005 est
1265 2949 1525 3016 revelata,
1560 2956 1724 3018 atque

132 3044 369 3113 quaesita,
402 3044 496 3098 ubi
524 3042 1003 3098 transformabitur
1038 3058 1237 3113 corpus
1280 3050 1527 3096 nostrum
1573 3055 1721 3095 mor-

132 3134 250 3201 tale,
286 3134 589 3191 conformis
626 3134 811 3205 glorim
838 3134 1081 3203 corporis
1120 3133 1242 3187 Filii
1280 3133 1468 3188 Dei....
1512 3132 1724 3200 Quanto

132 3223 357 3293 majores
430 3226 577 3281 enim
645 3224 1021 3279 tribulationes
1072 3224 1129 3278 in
1190 3224 1295 3279 hoc
1367 3223 1566 3279 mundo
1624 3238 1725 3295 pro

1816 2037 1935 2091 cula
1963 2039 2121 2093 simul
2152 2040 2387 2110 gaudere
2417 2053 2541 2094 cum
2568 2038 2691 2094 illis.

1888 2129 2013 2185 Non
2034 2130 2203 2187 solum
2225 2142 2400 2186 autem
2424 2131 2517 2186 illa
2538 2133 2629 2188 sed
2669 2135 2988 2206 nosmetipsi.
3026 2133 3092 2191 'ld
3142 2143 3244 2199 est,
3273 2150 3405 2207 apo-

1817 2226 1939 2280 stoli
1964 2234 2019 2281 et
2049 2226 2328 2295 apostolici
2359 2226 2463 2281 viri
2494 2226 2549 2281 in
2579 2226 2822 2283 Ecclesia
2849 2238 3159 2285 sanctorum
3192 2244 3409 2286 succes-

1816 2329 1968 2371 sores
2000 2302 2391 2385 apostolorum.

1888 2402 2163 2459 Primitias
2210 2404 2459 2478 Spiritus,
2492 2407 2545 2464 id
2573 2417 2678 2475 est,
2701 2410 2897 2483 pignus
2940 2420 2995 2467 et
3042 2412 3180 2467 dona
3231 2415 3409 2484 sancti

1821 2493 2054 2562 Spiritus
2066 2495 2333 2563 habentes,
2357 2498 2497 2551 intra
2519 2515 2613 2553 nos
2628 2501 2900 2570 gemimus,
2927 2501 3256 2573 adoptionem
3271 2504 3348 2575 ﬁli
3354 2522 3411 2560 o—

1822 2601 1937 2638 rum
1972 2585 2070 2639 Dei
2098 2596 2471 2656 exspectantes,
2518 2589 2922 2659 redeatptionem
2955 2595 3185 2664 corporis
3226 2598 3410 2651 nostri.

1821 2675 2099 2732 Gemimus
2126 2677 2275 2755 enim
2296 2678 2579 2748 adoptivos
2619 2679 2757 2736 illius
2801 2682 2895 2738 Dei
2924 2683 3122 2741 fratres
3171 2696 3413 2754 nostros,

1822 2783 1959 2837 quos
1995 2768 2191 2825 docere
2219 2758 2281 2823 et
2302 2770 2586 2827 instituere
2609 2772 2758 2828 missi
2788 2789 2994 2842 sumus,
3025 2777 3197 2833 donec
3230 2779 3413 2835 vidca—

1824 2872 1946 2913 mus
1975 2870 2069 2913 eos
2093 2857 2146 2912 in
2174 2859 2321 2914 omni
2351 2860 2494 2916 bono
2516 2862 2802 2931 proﬁcere,
2833 2874 2893 2919 ut
2915 2865 3009 2921 lilii
3042 2866 3136 2923 Dei
3162 2876 3215 2925 et
3237 2868 3413 2926 hatre-

1825 2948 1920 3002 dcs
1935 2936 2138 3003 Christi
2160 2946 2298 3005 ellici
2322 2961 2651 3007 mereantur.
2678 2953 2860 3009 Donec
2878 2970 3007 3028 ergo
3029 2971 3150 3023 nos,
3168 2958 3411 3029 inquam,

1826 3041 1918 3111 qui
1949 3039 2281 3096 instituimur
2312 3040 2381 3096 ab
2422 3042 2502 3098 eis
2546 3044 2874 3115 negligimus
2920 3055 2976 3103 et
3020 3062 3329 3115 moramur,
3360 3060 3416 3107 et

1826 3132 2219 3197 emendationis
2246 3144 2446 3190 nostrae
2472 3141 2688 3206 tempus
2710 3135 2926 3208 longius
2948 3139 3417 3208 protelamusmcc

1831 3237 1938 3277 non
1976 3222 2337 3279 invisibilibus
2364 3224 2720 3295 delectamur,
2766 3226 2838 3283 ad
2886 3227 3099 3286 dolores
3145 3232 3417 3302 apostolos

130 3314 339 3370 Christo
389 3317 668 3386 patimur,
738 3324 885 3369 tanto
945 3314 1176 3383 amplius
1241 3314 1399 3369 nobis
1456 3315 1725 3386 magnitu-
1753 3307 1794 3367 C
1828 3328 2252 3382 commovemus,
2284 3331 2349 3371 ac
2376 3315 2579 3372 luctum
2620 3315 2875 3375 similiter
2898 3328 2954 3375 et
2981 3322 3187 3378 sanctis
3215 3323 3417 3394 pandi-

131 3402 299 3457 dinem
327 3405 521 3476 gloria:
548 3405 835 3459 credamus
872 3403 1154 3458 cumulari.

196 3493 338 3548 Nam
392 3496 715 3565 exspectatio
765 3504 1023 3548 creatura:
1079 3494 1444 3548 reuelationem
1490 3495 1724 3563 ﬁliorum

130 3586 217 3639 Dei
242 3598 535 3658 exspectat.
565 3587 908 3658 Exspcctatio
932 3597 1195 3644 creaturse
1240 3590 1575 3659 exspectatio
1628 3591 1725 3645 ho-

128 3678 284 3732 minis
302 3680 654 3734 rationabilis
678 3688 780 3743 est,
808 3679 899 3748 qui
919 3689 1197 3750 exspectat
1222 3681 1366 3735 diem
1388 3681 1601 3751 judicii,
1618 3696 1725 3751 quo

128 3768 459 3825 revelabitur
488 3779 693 3840 quanta
743 3772 813 3825 sit
842 3771 1012 3841 gloria
1058 3781 1361 3841 praeparata
1412 3772 1498 3827 his
1537 3772 1631 3842 qui
1671 3772 1725 3825 in

131 3857 227 3914 hoc
256 3861 464 3917 saeculo
496 3860 728 3916 ﬁdeliter
753 3878 852 3931 pro
885 3861 995 3917 Deo
1020 3863 1406 3917 tribulationes
1433 3864 1722 3927 sustinent,

128 3956 177 4001 et
204 3949 460 4006 laborant
483 3952 541 4006 in
571 3950 786 4007 Domini
812 3952 1107 4006 voluntate.

203 4040 443 4098 Vanitati
470 4046 610 4098 enim
650 4054 893 4099 creatura
930 4045 1163 4114 subjecta
1195 4055 1292 4099 est.
1329 4045 1385 4099 Id
1418 4054 1522 4111 est,
1550 4047 1727 4102 omnis

130 4130 285 4186 homo
335 4135 492 4189 vanit
536 4135 576 4188 ti
624 4133 783 4202 hujus
820 4136 1003 4189 mundi
1047 4136 1250 4190 invitus
1297 4146 1381 4191 est
1427 4138 1721 4209 subjectus,

131 4224 361 4288 quandiu
398 4225 795 4294 temporalibus
821 4225 1033 4285 deditus
1060 4234 1144 4281 est
1171 4228 1352 4293 rebus,
1377 4227 1463 4283 vel
1488 4229 1726 4298 quandiu

129 4312 243 4368 istis
290 4316 639 4371 transitoriis
699 4317 899 4383 utitur,
954 4332 1074 4387 qua:
1133 4325 1417 4373 transeunt
1468 4326 1725 4390 tanquam

131 4404 316 4457 umbra
327 4445 340 4458 .

196 4496 319 4551 Non
343 4498 548 4553 volens.
575 4498 689 4555 Non
716 4501 859 4556 enim
886 4501 1025 4557 sicut
1047 4508 1237 4571 sponte
1269 4503 1511 4572 peccavit
1543 4504 1727 4568 homo,

132 4584 203 4639 sic
235 4589 406 4642 etiam
441 4594 639 4659 sponte
667 4592 954 4646 damnatus
984 4601 1069 4646 est
1113 4610 1125 4646 :
1166 4593 1262 4647 sed
1290 4592 1565 4647 voluntate
1609 4593 1729 4661 ejus

1826 3403 2103 3460 catoribus
2123 3404 2461 3476 disciplinam
2484 3406 2803 3463 docentibus
2828 3407 3067 3465 dolorem
3096 3411 3413 3483 ingerimus,

1826 3498 1916 3566 qui
1956 3512 2076 3552 cum
2105 3504 2322 3553 nostras
2347 3498 2687 3568 prospiciunt
2734 3499 3076 3569 iniquitates,
3109 3516 3305 3575 magno
3357 3521 3418 3560 se

1825 3586 2067 3658 nilligunt
2088 3586 2232 3642 luctu
2257 3601 2357 3657 pro
2386 3586 2703 3644 excessibus
2729 3589 2952 3654 nostris,
2974 3598 3031 3645 et
3052 3591 3289 3647 divinam
3317 3609 3417 3665 pro

1826 3677 1985 3732 nobis
2030 3676 2321 3747 implorant
2356 3676 2651 3747 pietatem,
2680 3677 2959 3733 humiliter
3012 3680 3080 3736 de
3128 3684 3419 3753 praeteritis

1826 3768 2039 3821 veniam
2070 3766 2426 3837 postulantes,
2444 3774 2511 3821 'et
2549 3767 2619 3823 de
2666 3766 2867 3823 futuris
2914 3771 3235 3827 custodiam.
3293 3772 3420 3829 Haec

1828 3870 1957 3926 ergo
1982 3864 2037 3911 et
2068 3857 2152 3910 his
2178 3854 2375 3911 similia
2404 3856 2692 3926 diligenter
2720 3872 2785 3913 ac
2830 3857 3065 3915 fideliter
3111 3862 3416 3932 cogitantes

1827 3954 1933 3993 non
1976 3939 2352 4007 aquieseamus
2378 3938 2477 4001 eis,
2509 3939 2599 4007 qui
2627 3954 2727 4009 per
2766 3940 2998 3996 liberum
3048 3945 3333 4001 arbitrium
3364 3948 3420 4003 in

1828 4031 2137 4101 superbiam
2168 4030 2294 4107 elati
2318 4031 2660 4101 praecipitare
2686 4034 3030 4104 semetipsos,
3064 4038 3239 4110 magis
3259 4054 3421 4109 quam
3479 4095 3482 4099 .

1827 4123 2043 4178 elevare
2069 4132 2359 4189 conantur,
2393 4124 2486 4178 sed
2521 4124 2797 4179 humiliter
2835 4127 3244 4186 consideremus
3292 4131 3420 4187 illud

1829 4215 1974 4283 quod
2005 4213 2296 4283 Apostolus
2322 4214 2474 4277 dicit,
2500 4213 2643 4268 Deus
2676 4216 2766 4286 qui
2806 4228 3054 4286 aperatur
3091 4220 3145 4272 in
3181 4220 3321 4275 vobis
3372 4229 3420 4276 et

1829 4305 1955 4360 uelle
1982 4317 2030 4359 et
2057 4307 2325 4375 perﬁcere,
2344 4307 2545 4376 gratias
2568 4321 2791 4377 agamus
2814 4307 3040 4365 Domino
3060 4327 3128 4367 ac
3153 4311 3421 4371 Salvatori

1832 4406 2035 4457 nostro,
2070 4396 2159 4464 qui
2186 4410 2285 4450 nos
2313 4396 2473 4451 nullis
2502 4398 2935 4467 praecedentibus
2974 4403 3183 4457 meritis
3228 4404 3421 4461 Vulne-

1831 4496 1976 4541 ratos
2000 4486 2240 4550 curavit,
2269 4496 2321 4541 et
2353 4487 2598 4543 inimicos
2626 4491 3018 4557 reconciliavit,
3048 4502 3102 4547 et
3134 4495 3202 4548 de
3242 4498 3418 4567 capti-

1831 4580 1997 4632 vitate
2040 4578 2287 4644 redemit,
2320 4578 2387 4632 de
2434 4580 2673 4634 tenebris
2725 4582 2792 4635 ad
2843 4582 3016 4637 lucem
3066 4587 3301 4651 reduxit,
3354 4589 3422 4644 dc

130 4678 217 4745 qui
243 4679 494 4750 disponit
526 4682 798 4748 universa,
826 4682 980 4749 cujus
1020 4686 1182 4738 etiam
1213 4687 1371 4739 homo
1400 4690 1724 4757 contempsit
1759 4665 1802 4722 Ῐ)
1836 4682 2009 4726 ιηθνίθ
2036 4673 2103 4725 ³(Ῐ
2131 4671 2293 4724 Vllum
2346 4673 2641 4738 Γονθεηνίί»
2682 4681 2737 4728 οι
2788 4674 3065 4731 “Miiller
3100 4679 3422 4737 conﬁtcntes

132 4782 422 4839 prmeepta.
458 4773 745 4841 Subjectus
774 4783 855 4827 est
881 4783 1061 4828 autem
1092 4776 1252 4828 homo
1280 4777 1524 4842 vanitati,
1560 4795 1728 4847 quan-

131 4858 213 4913 diu
244 4861 298 4915 in
330 4864 441 4916 hac
475 4863 685 4917 mortali
726 4864 923 4919 vixerit
946 4881 1130 4919 carne.
1168 4866 1440 4934 Sequitur.

199 4954 475 5019 Quoniam
512 4966 561 5009 et
605 4958 718 5025 ipsa
765 4967 1006 5011 creatura
1062 4958 1366 5011 liberabitur
1411 4978 1441 5011 a
1487 4962 1730 5013 servitute

130 5046 489 5116 corruptionis
522 5047 576 5098 in
605 5046 891 5099 libertatem
920 5048 1103 5117 gloria:
1144 5047 1378 5116 ﬁliorum
1419 5049 1535 5103 Dei.
1568 5050 1730 5103 Crea-

134 5144 246 5190 tura
279 5148 475 5191 autem
518 5146 663 5191 recte
700 5138 898 5191 dicitur
944 5139 1123 5202 homo,
1176 5138 1414 5209 quandiu
1462 5148 1727 5193 creatura:

132 5242 232 5281 non
258 5228 509 5283 creatori
544 5228 797 5283 deservit.
829 5228 959 5283 Cum
993 5238 1171 5284 autem
1214 5232 1371 5283 ﬁdem
1405 5231 1729 5299 perceperit,

131 5330 182 5375 ct
206 5323 507 5377 Dominum
540 5321 709 5375 Deum
738 5337 893 5375 suum
929 5320 1228 5390 agnoverit.
1263 5328 1317 5374 ct
1354 5319 1469 5387 ejus
1516 5320 1733 5375 obedire

130 5416 358 5485 σαφεῖ-ὴ
394 5414 686 5476 voluntati,
716 5430 821 5466 non
860 5412 971 5481 jam
1003 5425 1277 5475 creatura,
1310 5413 1401 5466 sed
1448 5412 1540 5465 Dei
1594 5411 1735 5467 ﬁlius

134 5513 507 5575 nuncupatur.
531 5504 636 5558 Ista
664 5512 841 5557 autem
872 5514 1146 5566 creatura,
1176 5504 1227 5557 id
1256 5512 1358 5566 est,
1398 5503 1579 5567 homo,
1610 5518 1733 5556 cum

134 5593 311 5647 divina
344 5594 655 5664 inspirante
680 5593 853 5665 gratia
884 5594 1195 5657 crediderit,
1229 5593 1548 5645 liberabitur
1568 5608 1597 5645 a
1626 5608 1737 5647 ser—

132 5682 302 5739 vitate
332 5686 733 5757 corruptionis,
766 5693 826 5739 ut
856 5700 961 5739 non
991 5686 1235 5740 interitui
1266 5685 1487 5749 serviat,
1512 5685 1597 5739 cui
1622 5700 1734 5739 ser-

136 5780 285 5832 viunt
316 5794 519 5833 omnes
546 5790 883 5850 peccatores,
931 5778 1167 5849 quandiu
1221 5780 1271 5831 in
1324 5778 1561 5847 peccatis
1606 5792 1730 5847 per-

141 5882 378 5923 manent.
418 5871 750 5925 Libcmbitur
794 5878 971 5924 autem
1021 5871 1085 5923 all
1142 5871 1240 5921 ista
1294 5870 1634 5936 corruptivum
1682 5879 1733 5921 ct

1834 4765 2181 4835 fragilitatem
2219 4773 2459 4819 nostram
2494 4764 2640 4820 illius
2690 4766 3118 4824 miscricordiam
3170 4772 3423 4842 deprece-

1834 4874 1973 4911 mur.
2018 4854 2084 4912 Ut
2114 4858 2240 4927 quia
2272 4873 2370 4913 nos
2398 4858 2694 4913 secundum
2729 4859 3075 4915 Psalmistam
3112 4863 3422 4919 misericor-

1833 4950 1921 5004 dia
1946 4965 2039 5004 sua
2066 4952 2345 5019 prccvenit,
2379 4951 2628 5021 dignetur
2649 4952 2704 5006 in
2730 4953 2884 5008 nobis
2911 4970 3015 5009 non
3038 4955 3210 5011 solum
3238 4967 3421 5013 custo-

1835 5045 1972 5109 dire,
1997 5045 2089 5098 sed
2117 5045 2278 5098 etiam
2308 5058 2507 5113 augere
2538 5059 2759 5099 munera
2789 5054 2841 5099 et
2866 5047 3130 5103 bcnclicia
3165 5064 3283 5116 sua,
3307 5066 3428 5120 qua:

1832 5137 1946 5206 ipse
1984 5136 2233 5206 dignatus
2284 5143 2370 5189 est
2414 5136 2564 5200 dare,
2596 5137 2688 5205 qui
2735 5153 2857 5192 cum
2905 5136 3068 5193 Patre
3110 5147 3166 5193 et
3220 5139 3427 5211 Spiritu

1834 5238 2022 5284 saneto
2063 5228 2198 5282 vivit
2248 5235 2303 5281 et
2357 5238 2542 5299 regnat
2594 5228 2647 5283 in
2704 5229 2913 5284 unitate
2964 5228 3199 5299 Spiritus
3250 5232 3423 5286 sancti

1839 5318 1977 5373 Deus
2033 5334 2173 5372 nunc
2226 5327 2281 5374 et
2335 5333 2580 5389 semper,
2624 5326 2679 5374 et
2736 5320 2789 5373 in
2836 5310 3033 5375 saecula
3080 5321 3421 5379 seculorum.

1837 5410 2029 5464 Amen.

2440 5499 2719 5555 llOMlLlA
2759 5499 2820 5555 C.

2376 5607 2429 5645 IN
2478 5606 2653 5645 EODEI
2706 5604 2893 5645 Fl-ISTO.

1981 5684 2165 5739 Lectio
2194 5682 2365 5737 sancti
2401 5683 2678 5756 Evangelii
2718 5683 3014 5737 secundum
3062 5681 3281 5739 Lucam.

1910 5776 1974 5829 In
2009 5776 2100 5829 illo
2150 5786 2377 5841 tempore
2412 5775 2545 5828 dia'it
2580 5774 2735 5828 Iesus
2763 5771 3035 5842 discipulis
3067 5776 3176 5828 suis
3204 5791 3221 5829 :
3248 5776 3426 5832 Estote

1842 5868 2222 5923 misericordes.
2252 5866 2384 5918 sicut
2414 5876 2459 5919 ct
2496 5864 2655 5919 Pater
2688 5875 2848 5919 vester
2874 5864 3278 5921 miscricorsest.
