  <div class='ocr_page' id='page_1' title='image "/cluster/home/n/w/nwhite01/storage/ocr_20150623/110/uva.x000827066/175.png"; bbox 0 0 3946 6386; ppageno 0'>
   <div class='ocr_carea' id='block_1_1' title="bbox 464 476 572 533">
    <p class='ocr_par' dir='ltr' id='par_1_1' title="bbox 464 476 572 533">
     <span class='ocr_line' id='line_1_1' title="bbox 464 476 572 533; baseline 0 0"><span class='ocrx_word' id='word_1_1' title='bbox 464 476 572 533; x_wconf 76' lang='lat'><strong>535</strong></span> 
     </span>
    </p>
   </div>
   <div class='ocr_carea' id='block_1_2' title="bbox 1110 426 3097 565">
    <p class='ocr_par' dir='ltr' id='par_1_2' title="bbox 1110 426 3097 565">
     <span class='ocr_line' id='line_1_2' title="bbox 1110 426 3097 565; baseline 0.004 -36"><span class='ocrx_word' id='word_1_2' title='bbox 1110 473 1177 529; x_wconf 83' lang='grc' dir='ltr'><strong>Β.</strong></span> <span class='ocrx_word' id='word_1_3' title='bbox 1218 472 1474 531; x_wconf 75' lang='lat' dir='ltr'><strong>RABANI</strong></span> <span class='ocrx_word' id='word_1_4' title='bbox 1514 472 1732 531; x_wconf 78' lang='lat' dir='ltr'><strong>MAURI</strong></span> <span class='ocrx_word' id='word_1_5' title='bbox 1767 473 2087 531; x_wconf 73' lang='lat' dir='ltr'><strong>ARCHIEI’.</strong></span> <span class='ocrx_word' id='word_1_6' title='bbox 2136 426 2445 537; x_wconf 61' lang='lat' dir='ltr'><strong>MOGUiiT.</strong></span> <span class='ocrx_word' id='word_1_7' title='bbox 2490 477 2776 565; x_wconf 77' lang='lat' dir='ltr'><strong>DPERUM</strong></span> <span class='ocrx_word' id='word_1_8' title='bbox 2817 480 2996 537; x_wconf 81' lang='lat' dir='ltr'><strong>PARS</strong></span> <span class='ocrx_word' id='word_1_9' title='bbox 3033 481 3097 537; x_wconf 89' lang='lat' dir='ltr'><strong>ll.</strong></span> 
     </span>
    </p>
   </div>
   <div class='ocr_carea' id='block_1_3' title="bbox 3659 485 3765 544">
    <p class='ocr_par' dir='ltr' id='par_1_3' title="bbox 3659 485 3765 544">
     <span class='ocr_line' id='line_1_3' title="bbox 3659 485 3765 544; baseline 0.009 -1"><span class='ocrx_word' id='word_1_10' title='bbox 3659 485 3765 544; x_wconf 74' lang='grc'><strong>558</strong></span> 
     </span>
    </p>
   </div>
   <div class='ocr_carea' id='block_1_4' title="bbox 535 587 3764 669">
    <p class='ocr_par' dir='ltr' id='par_1_4' title="bbox 535 587 3764 669">
     <span class='ocr_line' id='line_1_4' title="bbox 535 587 3764 669; baseline 0.003 -22"><span class='ocrx_word' id='word_1_11' title='bbox 535 590 844 648; x_wconf 82' lang='lat' dir='ltr'><strong>Misericors</strong></span> <span class='ocrx_word' id='word_1_12' title='bbox 868 596 952 645; x_wconf 90' lang='lat' dir='ltr'><strong>est</strong></span> <span class='ocrx_word' id='word_1_13' title='bbox 979 588 1123 645; x_wconf 86' lang='lat' dir='ltr'><strong>Deus</strong></span> <span class='ocrx_word' id='word_1_14' title='bbox 1157 604 1320 660; x_wconf 92' lang='lat' dir='ltr'><strong>super</strong></span> <span class='ocrx_word' id='word_1_15' title='bbox 1360 590 1625 661; x_wconf 82' lang='lat' dir='ltr'><strong>ingratos,</strong></span> <span class='ocrx_word' id='word_1_16' title='bbox 1654 598 1711 645; x_wconf 91' lang='lat' dir='ltr'><strong>et</strong></span> <span class='ocrx_word' id='word_1_17' title='bbox 1737 588 1945 659; x_wconf 80' lang='lat' dir='ltr'><strong>majore</strong></span> <span class='ocrx_word' id='word_1_18' title='bbox 1971 587 2058 643; x_wconf 86' lang='lat' dir='ltr'><strong>vel</strong></span> <span class='ocrx_word' id='word_1_19' title='bbox 2090 594 2135 652; x_wconf 80' lang='grc' dir='ltr'>Α</span> <span class='ocrx_word' id='word_1_20' title='bbox 2165 600 2381 647; x_wconf 89' lang='lat' dir='ltr'><strong>cantem</strong></span> <span class='ocrx_word' id='word_1_21' title='bbox 2406 607 2434 647; x_wconf 87' lang='lat' dir='ltr'><strong>a</strong></span> <span class='ocrx_word' id='word_1_22' title='bbox 2468 602 2754 662; x_wconf 89' lang='lat' dir='ltr'><strong>peccatore</strong></span> <span class='ocrx_word' id='word_1_23' title='bbox 2782 594 3037 666; x_wconf 87' lang='lat' dir='ltr'><strong>castigari</strong></span> <span class='ocrx_word' id='word_1_24' title='bbox 3075 608 3180 649; x_wconf 89' lang='lat' dir='ltr'><strong>non</strong></span> <span class='ocrx_word' id='word_1_25' title='bbox 3208 609 3369 665; x_wconf 88' lang='lat' dir='ltr'><strong>posse</strong></span> <span class='ocrx_word' id='word_1_26' title='bbox 3413 601 3764 669; x_wconf 68' lang='lat' dir='ltr'><strong>praemonuit.</strong></span> 
     </span>
    </p>
   </div>
   <div class='ocr_carea' id='block_1_5' title="bbox 464 677 2063 753">
    <p class='ocr_par' dir='ltr' id='par_1_5' title="bbox 464 677 2063 753">
     <span class='ocr_line' id='line_1_5' title="bbox 464 677 2063 753; baseline -0.006 -13"><span class='ocrx_word' id='word_1_27' title='bbox 464 682 747 753; x_wconf 76' lang='lat' dir='ltr'><strong>multiplici</strong></span> <span class='ocrx_word' id='word_1_28' title='bbox 790 679 999 736; x_wconf 89' lang='lat' dir='ltr'><strong>scilicet</strong></span> <span class='ocrx_word' id='word_1_29' title='bbox 1042 695 1156 735; x_wconf 60' lang='lat' dir='ltr'><strong>sua»</strong></span> <span class='ocrx_word' id='word_1_30' title='bbox 1186 679 1584 745; x_wconf 88' lang='lat' dir='ltr'><strong>misericordia,</strong></span> <span class='ocrx_word' id='word_1_31' title='bbox 1629 695 1736 750; x_wconf 93' lang='lat' dir='ltr'><strong>qua</strong></span> <span class='ocrx_word' id='word_1_32' title='bbox 1769 680 1935 735; x_wconf 90' lang='lat' dir='ltr'><strong>etiam</strong></span> <span class='ocrx_word' id='word_1_33' title='bbox 1984 677 2063 748; x_wconf 74' lang='lat' dir='ltr'><strong>ju—</strong></span> 
     </span>
    </p>
   </div>
   <div class='ocr_carea' id='block_1_6' title="bbox 464 772 2063 848">
    <p class='ocr_par' dir='ltr' id='par_1_6' title="bbox 464 772 2063 848">
     <span class='ocr_line' id='line_1_6' title="bbox 464 772 2063 848; baseline -0.003 -17"><span class='ocrx_word' id='word_1_34' title='bbox 464 782 647 831; x_wconf 85' lang='lat' dir='ltr'><strong>menta</strong></span> <span class='ocrx_word' id='word_1_35' title='bbox 673 772 863 848; x_wconf 82' lang='lat' dir='ltr'><strong>salvat,</strong></span> <span class='ocrx_word' id='word_1_36' title='bbox 893 773 1209 842; x_wconf 76' lang='lat' dir='ltr'><strong>temporalia</strong></span> <span class='ocrx_word' id='word_1_37' title='bbox 1233 772 1371 828; x_wconf 88' lang='lat' dir='ltr'><strong>bona</strong></span> <span class='ocrx_word' id='word_1_38' title='bbox 1396 772 1678 844; x_wconf 77' lang='lat' dir='ltr'><strong>largiendo</strong></span> <span class='ocrx_word' id='word_1_39' title='bbox 1704 772 1788 828; x_wconf 85' lang='lat' dir='ltr'><strong>vel</strong></span> <span class='ocrx_word' id='word_1_40' title='bbox 1819 772 2063 828; x_wconf 72' lang='lat' dir='ltr'><strong>ctelestia</strong></span> 
     </span>
    </p>
   </div>
   <div class='ocr_carea' id='block_1_7' title="bbox 463 862 2063 937">
    <p class='ocr_par' dir='ltr' id='par_1_7' title="bbox 463 862 2063 937">
     <span class='ocr_line' id='line_1_7' title="bbox 463 862 2063 937; baseline -0.004 -15"><span class='ocrx_word' id='word_1_41' title='bbox 463 866 601 922; x_wconf 90' lang='lat' dir='ltr'><strong>bona</strong></span> <span class='ocrx_word' id='word_1_42' title='bbox 632 865 893 935; x_wconf 80' lang='lat' dir='ltr'><strong>singulari</strong></span> <span class='ocrx_word' id='word_1_43' title='bbox 936 864 1133 937; x_wconf 88' lang='lat' dir='ltr'><strong>gratia,</strong></span> <span class='ocrx_word' id='word_1_44' title='bbox 1159 878 1265 933; x_wconf 88' lang='lat' dir='ltr'><strong>qua</strong></span> <span class='ocrx_word' id='word_1_45' title='bbox 1313 862 1518 919; x_wconf 88' lang='lat' dir='ltr'><strong>electos</strong></span> <span class='ocrx_word' id='word_1_46' title='bbox 1571 862 1746 919; x_wconf 87' lang='lat' dir='ltr'><strong>solum</strong></span> <span class='ocrx_word' id='word_1_47' title='bbox 1797 862 2063 933; x_wconf 89' lang='lat' dir='ltr'><strong>gloriﬁcat</strong></span> 
     </span>
    </p>
   </div>
   <div class='ocr_carea' id='block_1_8' title="bbox 465 952 2065 1027">
    <p class='ocr_par' dir='ltr' id='par_1_8' title="bbox 465 952 2065 1027">
     <span class='ocr_line' id='line_1_8' title="bbox 465 952 2065 1027; baseline -0.003 -16"><span class='ocrx_word' id='word_1_48' title='bbox 465 956 796 1027; x_wconf 89' lang='lat' dir='ltr'><strong>inspirando.</strong></span> <span class='ocrx_word' id='word_1_49' title='bbox 862 953 970 1010; x_wconf 85' lang='lat' dir='ltr'><strong>Sed</strong></span> <span class='ocrx_word' id='word_1_50' title='bbox 1025 955 1139 1010; x_wconf 91' lang='lat' dir='ltr'><strong>sive</strong></span> <span class='ocrx_word' id='word_1_51' title='bbox 1186 954 1293 1009; x_wconf 88' lang='lat' dir='ltr'><strong>hoc</strong></span> <span class='ocrx_word' id='word_1_52' title='bbox 1346 955 1462 1010; x_wconf 88' lang='lat' dir='ltr'><strong>sive</strong></span> <span class='ocrx_word' id='word_1_53' title='bbox 1509 952 1639 1009; x_wconf 92' lang='lat' dir='ltr'><strong>illud</strong></span> <span class='ocrx_word' id='word_1_54' title='bbox 1690 953 1804 1009; x_wconf 92' lang='lat' dir='ltr'><strong>sive</strong></span> <span class='ocrx_word' id='word_1_55' title='bbox 1853 962 2065 1009; x_wconf 89' lang='lat' dir='ltr'><strong>utrum-</strong></span> 
     </span>
    </p>
   </div>
   <div class='ocr_carea' id='block_1_9' title="bbox 462 1045 2065 1118">
    <p class='ocr_par' dir='ltr' id='par_1_9' title="bbox 462 1045 2065 1118">
     <span class='ocr_line' id='line_1_9' title="bbox 462 1045 2065 1118; baseline -0.001 -17"><span class='ocrx_word' id='word_1_56' title='bbox 462 1063 569 1118; x_wconf 88' lang='lat' dir='ltr'><strong>que</strong></span> <span class='ocrx_word' id='word_1_57' title='bbox 592 1046 882 1117; x_wconf 84' lang='lat' dir='ltr'><strong>intclligas,</strong></span> <span class='ocrx_word' id='word_1_58' title='bbox 910 1062 1100 1118; x_wconf 86' lang='lat' dir='ltr'><strong>magna</strong></span> <span class='ocrx_word' id='word_1_59' title='bbox 1131 1045 1226 1101; x_wconf 88' lang='lat' dir='ltr'><strong>Dei</strong></span> <span class='ocrx_word' id='word_1_60' title='bbox 1250 1046 1491 1101; x_wconf 83' lang='lat' dir='ltr'><strong>bonitate</strong></span> <span class='ocrx_word' id='word_1_61' title='bbox 1511 1046 1591 1112; x_wconf 88' lang='lat' dir='ltr'><strong>lit,</strong></span> <span class='ocrx_word' id='word_1_62' title='bbox 1615 1061 1737 1116; x_wconf 65' lang='lat' dir='ltr'><strong>quae</strong></span> <span class='ocrx_word' id='word_1_63' title='bbox 1764 1046 1920 1102; x_wconf 91' lang='lat' dir='ltr'><strong>nobis</strong></span> <span class='ocrx_word' id='word_1_64' title='bbox 1943 1045 2065 1101; x_wconf 89' lang='lat' dir='ltr'><strong>imi-</strong></span> 
     </span>
    </p>
   </div>
   <div class='ocr_carea' id='block_1_10' title="bbox 433 1137 2065 1211">
    <p class='ocr_par' dir='ltr' id='par_1_10' title="bbox 433 1137 2065 1211">
     <span class='ocr_line' id='line_1_10' title="bbox 433 1137 2065 1211; baseline -0.003 -15"><span class='ocrx_word' id='word_1_65' title='bbox 433 1138 436 1143; x_wconf 72' lang='grc'><em>”</em></span> <span class='ocrx_word' id='word_1_66' title='bbox 462 1140 623 1197; x_wconf 89' lang='lat' dir='ltr'><strong>tanda</strong></span> <span class='ocrx_word' id='word_1_67' title='bbox 655 1139 988 1211; x_wconf 74' lang='lat' dir='ltr'><strong>prmcipitur,</strong></span> <span class='ocrx_word' id='word_1_68' title='bbox 1028 1139 1075 1195; x_wconf 90' lang='lat' dir='ltr'><strong>si</strong></span> <span class='ocrx_word' id='word_1_69' title='bbox 1102 1137 1199 1194; x_wconf 88' lang='lat' dir='ltr'><strong>ﬁlii</strong></span> <span class='ocrx_word' id='word_1_70' title='bbox 1236 1138 1332 1194; x_wconf 91' lang='lat' dir='ltr'><strong>Dei</strong></span> <span class='ocrx_word' id='word_1_71' title='bbox 1356 1152 1481 1195; x_wconf 87' lang='lat' dir='ltr'><strong>esse</strong></span> <span class='ocrx_word' id='word_1_72' title='bbox 1510 1137 1781 1204; x_wconf 89' lang='lat' dir='ltr'><strong>volumus,</strong></span> <span class='ocrx_word' id='word_1_73' title='bbox 1808 1137 2065 1208; x_wconf 85' lang='lat' dir='ltr'><strong>gloriam-</strong></span> 
     </span>
    </p>
   </div>
   <div class='ocr_carea' id='block_1_11' title="bbox 459 1230 1258 1305">
    <p class='ocr_par' dir='ltr' id='par_1_11' title="bbox 459 1230 1258 1305">
     <span class='ocr_line' id='line_1_11' title="bbox 459 1230 1258 1305; baseline 0 -18"><span class='ocrx_word' id='word_1_74' title='bbox 459 1230 568 1305; x_wconf 82' lang='lat' dir='ltr'><strong>que</strong></span> <span class='ocrx_word' id='word_1_75' title='bbox 592 1232 825 1288; x_wconf 90' lang='lat' dir='ltr'><strong>ﬁliorum</strong></span> <span class='ocrx_word' id='word_1_76' title='bbox 855 1233 950 1287; x_wconf 93' lang='lat' dir='ltr'><strong>Dei</strong></span> <span class='ocrx_word' id='word_1_77' title='bbox 989 1231 1258 1287; x_wconf 85' lang='lat' dir='ltr'><strong>obtinere.</strong></span> 
     </span>
    </p>
   </div>
   <div class='ocr_carea' id='block_1_12' title="bbox 519 1320 2065 1393">
    <p class='ocr_par' dir='ltr' id='par_1_12' title="bbox 519 1320 2065 1393">
     <span class='ocr_line' id='line_1_12' title="bbox 519 1320 2065 1393; baseline -0.001 -16"><span class='ocrx_word' id='word_1_78' title='bbox 519 1322 697 1377; x_wconf 79' lang='lat' dir='ltr'><strong>Nolite</strong></span> <span class='ocrx_word' id='word_1_79' title='bbox 702 1321 947 1393; x_wconf 85' lang='lat' dir='ltr'><strong>judicare</strong></span> <span class='ocrx_word' id='word_1_80' title='bbox 960 1340 980 1390; x_wconf 89' lang='lat'><strong><em>;</em></strong></span> <span class='ocrx_word' id='word_1_81' title='bbox 993 1331 1040 1377; x_wconf 90' lang='lat' dir='ltr'><strong>et</strong></span> <span class='ocrx_word' id='word_1_82' title='bbox 1063 1339 1165 1379; x_wconf 87' lang='lat' dir='ltr'><strong>non</strong></span> <span class='ocrx_word' id='word_1_83' title='bbox 1171 1320 1545 1393; x_wconf 86' lang='lat' dir='ltr'><strong>judicabimini</strong></span> <span class='ocrx_word' id='word_1_84' title='bbox 1552 1328 1569 1386; x_wconf 58' lang='lat'><strong>,‘</strong></span> <span class='ocrx_word' id='word_1_85' title='bbox 1582 1321 1741 1377; x_wconf 77' lang='lat' dir='ltr'><strong>nolite</strong></span> <span class='ocrx_word' id='word_1_86' title='bbox 1753 1322 2065 1377; x_wconf 86' lang='lat' dir='ltr'><strong>condemna-</strong></span> 
     </span>
    </p>
   </div>
   <div class='ocr_carea' id='block_1_13' title="bbox 459 1413 2063 1481">
    <p class='ocr_par' dir='ltr' id='par_1_13' title="bbox 459 1413 2063 1481">
     <span class='ocr_line' id='line_1_13' title="bbox 459 1413 2063 1481; baseline -0.002 -9"><span class='ocrx_word' id='word_1_87' title='bbox 459 1432 534 1481; x_wconf 82' lang='lat' dir='ltr'><strong>re,</strong></span> <span class='ocrx_word' id='word_1_88' title='bbox 563 1424 611 1470; x_wconf 89' lang='lat' dir='ltr'><strong>et</strong></span> <span class='ocrx_word' id='word_1_89' title='bbox 635 1432 738 1471; x_wconf 87' lang='lat' dir='ltr'><strong>non</strong></span> <span class='ocrx_word' id='word_1_90' title='bbox 758 1414 1256 1471; x_wconf 87' lang='lat' dir='ltr'><strong>condemnabimini.</strong></span> <span class='ocrx_word' id='word_1_91' title='bbox 1285 1414 1400 1471; x_wconf 90' lang='lat' dir='ltr'><strong>lloc</strong></span> <span class='ocrx_word' id='word_1_92' title='bbox 1425 1415 1546 1471; x_wconf 91' lang='lat' dir='ltr'><strong>loco</strong></span> <span class='ocrx_word' id='word_1_93' title='bbox 1571 1414 1706 1469; x_wconf 89' lang='lat' dir='ltr'><strong>nihil</strong></span> <span class='ocrx_word' id='word_1_94' title='bbox 1738 1413 1882 1469; x_wconf 85' lang='lat' dir='ltr'><strong>aliud</strong></span> <span class='ocrx_word' id='word_1_95' title='bbox 1906 1413 2063 1469; x_wconf 87' lang='lat' dir='ltr'><strong>nobis</strong></span> 
     </span>
    </p>
   </div>
   <div class='ocr_carea' id='block_1_14' title="bbox 458 1503 2057 1579">
    <p class='ocr_par' dir='ltr' id='par_1_14' title="bbox 458 1503 2057 1579">
     <span class='ocr_line' id='line_1_14' title="bbox 458 1503 2057 1579; baseline -0.003 -16"><span class='ocrx_word' id='word_1_96' title='bbox 458 1507 677 1579; x_wconf 73' lang='lat' dir='ltr'><strong>praecipi</strong></span> <span class='ocrx_word' id='word_1_97' title='bbox 704 1506 983 1572; x_wconf 79' lang='lat' dir='ltr'><strong>existimo,</strong></span> <span class='ocrx_word' id='word_1_98' title='bbox 1012 1505 1116 1561; x_wconf 89' lang='lat' dir='ltr'><strong>nisi</strong></span> <span class='ocrx_word' id='word_1_99' title='bbox 1146 1514 1207 1561; x_wconf 88' lang='lat' dir='ltr'><strong>ut</strong></span> <span class='ocrx_word' id='word_1_100' title='bbox 1235 1520 1298 1560; x_wconf 91' lang='lat' dir='ltr'><strong>ea</strong></span> <span class='ocrx_word' id='word_1_101' title='bbox 1330 1505 1475 1561; x_wconf 89' lang='lat' dir='ltr'><strong>laeta</strong></span> <span class='ocrx_word' id='word_1_102' title='bbox 1513 1518 1635 1576; x_wconf 66' lang='lat' dir='ltr'><strong>quae.</strong></span> <span class='ocrx_word' id='word_1_103' title='bbox 1684 1503 1909 1560; x_wconf 88' lang='lat' dir='ltr'><strong>dubium</strong></span> <span class='ocrx_word' id='word_1_104' title='bbox 1953 1513 2057 1570; x_wconf 90' lang='lat' dir='ltr'><strong>est,</strong></span> 
     </span>
    </p>
   </div>
   <div class='ocr_carea' id='block_1_15' title="bbox 460 1598 2058 1673">
    <p class='ocr_par' dir='ltr' id='par_1_15' title="bbox 460 1598 2058 1673">
     <span class='ocr_line' id='line_1_15' title="bbox 460 1598 2058 1673; baseline -0.004 -15"><span class='ocrx_word' id='word_1_105' title='bbox 460 1617 569 1673; x_wconf 89' lang='lat' dir='ltr'><strong>quo</strong></span> <span class='ocrx_word' id='word_1_106' title='bbox 598 1601 780 1656; x_wconf 88' lang='lat' dir='ltr'><strong>animo</strong></span> <span class='ocrx_word' id='word_1_107' title='bbox 806 1600 943 1656; x_wconf 86' lang='lat' dir='ltr'><strong>ﬁant</strong></span> <span class='ocrx_word' id='word_1_108' title='bbox 965 1600 1018 1655; x_wconf 91' lang='lat' dir='ltr'><strong>in</strong></span> <span class='ocrx_word' id='word_1_109' title='bbox 1049 1598 1325 1655; x_wconf 84' lang='lat' dir='ltr'><strong>meliorem</strong></span> <span class='ocrx_word' id='word_1_110' title='bbox 1356 1609 1564 1670; x_wconf 89' lang='lat' dir='ltr'><strong>partem</strong></span> <span class='ocrx_word' id='word_1_111' title='bbox 1617 1598 2058 1668; x_wconf 86' lang='lat' dir='ltr'><strong>interpretemur.</strong></span> 
     </span>
    </p>
   </div>
   <div class='ocr_carea' id='block_1_16' title="bbox 508 1688 2055 1756">
    <p class='ocr_par' dir='ltr' id='par_1_16' title="bbox 508 1688 2055 1756">
     <span class='ocr_line' id='line_1_16' title="bbox 508 1688 2055 1756; baseline 0.001 -10"><span class='ocrx_word' id='word_1_112' title='bbox 508 1722 541 1746; x_wconf 70' lang='grc' dir='ltr'><strong>ο</strong></span> <span class='ocrx_word' id='word_1_113' title='bbox 556 1688 855 1755; x_wconf 84' lang='lat' dir='ltr'><strong>Dimittite;</strong></span> <span class='ocrx_word' id='word_1_114' title='bbox 878 1704 925 1745; x_wconf 85' lang='lat' dir='ltr'><strong>et</strong></span> <span class='ocrx_word' id='word_1_115' title='bbox 948 1692 1245 1745; x_wconf 71' lang='lat' dir='ltr'><strong>dimittetur</strong></span> <span class='ocrx_word' id='word_1_116' title='bbox 1266 1692 1566 1756; x_wconf 84' lang='lat' dir='ltr'><strong>vobis,date</strong></span> <span class='ocrx_word' id='word_1_117' title='bbox 1587 1700 1636 1748; x_wconf 89' lang='lat' dir='ltr'><strong>et</strong></span> <span class='ocrx_word' id='word_1_118' title='bbox 1656 1693 1868 1748; x_wconf 81' lang='lat' dir='ltr'><strong>dabitur</strong></span> <span class='ocrx_word' id='word_1_119' title='bbox 1892 1692 2055 1748; x_wconf 82' lang='lat' dir='ltr'><strong>vobis.</strong></span> 
     </span>
    </p>
   </div>
   <div class='ocr_carea' id='block_1_17' title="bbox 487 1781 2060 1857">
    <p class='ocr_par' dir='ltr' id='par_1_17' title="bbox 487 1781 2060 1857">
     <span class='ocr_line' id='line_1_17' title="bbox 487 1781 2060 1857; baseline 0.003 -20"><span class='ocrx_word' id='word_1_120' title='bbox 487 1781 772 1840; x_wconf 86' lang='lat' dir='ltr'><strong>Dimittere</strong></span> <span class='ocrx_word' id='word_1_121' title='bbox 812 1798 914 1839; x_wconf 82' lang='lat' dir='ltr'><strong>nos</strong></span> <span class='ocrx_word' id='word_1_122' title='bbox 960 1784 1209 1852; x_wconf 82' lang='lat' dir='ltr'><strong>injurias,</strong></span> <span class='ocrx_word' id='word_1_123' title='bbox 1242 1784 1374 1840; x_wconf 88' lang='lat' dir='ltr'><strong>dare</strong></span> <span class='ocrx_word' id='word_1_124' title='bbox 1407 1786 1669 1842; x_wconf 90' lang='lat' dir='ltr'><strong>beneﬁcia</strong></span> <span class='ocrx_word' id='word_1_125' title='bbox 1699 1786 1874 1857; x_wconf 82' lang='lat' dir='ltr'><strong>jubet,</strong></span> <span class='ocrx_word' id='word_1_126' title='bbox 1913 1795 1971 1840; x_wconf 90' lang='lat' dir='ltr'><strong>ut</strong></span> <span class='ocrx_word' id='word_1_127' title='bbox 2007 1794 2060 1842; x_wconf 89' lang='lat' dir='ltr'><strong>et</strong></span> 
     </span>
    </p>
   </div>
   <div class='ocr_carea' id='block_1_18' title="bbox 488 1869 2061 1944">
    <p class='ocr_par' dir='ltr' id='par_1_18' title="bbox 488 1869 2061 1944">
     <span class='ocr_line' id='line_1_18' title="bbox 488 1869 2061 1944; baseline 0.001 -14"><span class='ocrx_word' id='word_1_128' title='bbox 488 1875 650 1930; x_wconf 89' lang='lat' dir='ltr'><strong>nobis</strong></span> <span class='ocrx_word' id='word_1_129' title='bbox 675 1869 894 1944; x_wconf 82' lang='lat' dir='ltr'><strong>peccata</strong></span> <span class='ocrx_word' id='word_1_130' title='bbox 922 1876 1287 1942; x_wconf 84' lang='lat' dir='ltr'><strong>dimittantur,</strong></span> <span class='ocrx_word' id='word_1_131' title='bbox 1313 1887 1365 1932; x_wconf 86' lang='lat' dir='ltr'><strong>et</strong></span> <span class='ocrx_word' id='word_1_132' title='bbox 1385 1878 1493 1933; x_wconf 87' lang='lat' dir='ltr'><strong>vita</strong></span> <span class='ocrx_word' id='word_1_133' title='bbox 1517 1879 1679 1934; x_wconf 85' lang='lat' dir='ltr'><strong>detur</strong></span> <span class='ocrx_word' id='word_1_134' title='bbox 1699 1888 1920 1934; x_wconf 81' lang='lat' dir='ltr'><strong>aeterna.</strong></span> <span class='ocrx_word' id='word_1_135' title='bbox 1943 1879 2061 1944; x_wconf 86' lang='lat' dir='ltr'><strong>Qua</strong></span> 
     </span>
    </p>
   </div>
   <div class='ocr_carea' id='block_1_19' title="bbox 2166 676 3763 759">
    <p class='ocr_par' dir='ltr' id='par_1_19' title="bbox 2166 676 3763 759">
     <span class='ocr_line' id='line_1_19' title="bbox 2166 676 3763 759; baseline 0.009 -26"><span class='ocrx_word' id='word_1_136' title='bbox 2166 676 2316 734; x_wconf 81' lang='lat' dir='ltr'><strong>Multi</strong></span> <span class='ocrx_word' id='word_1_137' title='bbox 2341 682 2483 735; x_wconf 86' lang='lat' dir='ltr'><strong>enim</strong></span> <span class='ocrx_word' id='word_1_138' title='bbox 2507 682 2757 751; x_wconf 81' lang='lat' dir='ltr'><strong>superbia</strong></span> <span class='ocrx_word' id='word_1_139' title='bbox 2772 682 2857 737; x_wconf 85' lang='lat' dir='ltr'><strong>vel</strong></span> <span class='ocrx_word' id='word_1_140' title='bbox 2875 684 3016 744; x_wconf 85' lang='lat' dir='ltr'><strong>odio,</strong></span> <span class='ocrx_word' id='word_1_141' title='bbox 3035 683 3365 757; x_wconf 83' lang='lat' dir='ltr'><strong>philargyria</strong></span> <span class='ocrx_word' id='word_1_142' title='bbox 3396 686 3479 759; x_wconf 59' lang='lat' dir='ltr'><strong>vel</strong></span> <span class='ocrx_word' id='word_1_143' title='bbox 3508 689 3763 747; x_wconf 85' lang='lat' dir='ltr'><strong>avaritia.</strong></span> 
     </span>
    </p>
   </div>
   <div class='ocr_carea' id='block_1_20' title="bbox 2165 770 3772 846">
    <p class='ocr_par' dir='ltr' id='par_1_20' title="bbox 2165 770 3772 846">
     <span class='ocr_line' id='line_1_20' title="bbox 2165 770 3772 846; baseline 0.008 -21"><span class='ocrx_word' id='word_1_144' title='bbox 2165 770 2247 826; x_wconf 85' lang='lat' dir='ltr'><strong>vel</strong></span> <span class='ocrx_word' id='word_1_145' title='bbox 2279 772 2385 827; x_wconf 83' lang='lat' dir='ltr'><strong>alio</strong></span> <span class='ocrx_word' id='word_1_146' title='bbox 2435 772 2677 842; x_wconf 89' lang='lat' dir='ltr'><strong>quolibet</strong></span> <span class='ocrx_word' id='word_1_147' title='bbox 2729 776 2957 830; x_wconf 89' lang='lat' dir='ltr'><strong>crimine</strong></span> <span class='ocrx_word' id='word_1_148' title='bbox 2996 778 3258 846; x_wconf 70' lang='lat' dir='ltr'><strong>praeventi</strong></span> <span class='ocrx_word' id='word_1_149' title='bbox 3305 777 3444 833; x_wconf 90' lang='lat' dir='ltr'><strong>levia</strong></span> <span class='ocrx_word' id='word_1_150' title='bbox 3484 781 3617 837; x_wconf 72' lang='lat' dir='ltr'><strong>haec</strong></span> <span class='ocrx_word' id='word_1_151' title='bbox 3672 794 3772 838; x_wconf 77' lang='lat' dir='ltr'><strong>aut</strong></span> 
     </span>
    </p>
   </div>
   <div class='ocr_carea' id='block_1_21' title="bbox 2165 861 3765 941">
    <p class='ocr_par' dir='ltr' id='par_1_21' title="bbox 2165 861 3765 941">
     <span class='ocr_line' id='line_1_21' title="bbox 2165 861 3765 941; baseline 0.008 -25"><span class='ocrx_word' id='word_1_152' title='bbox 2165 861 2313 916; x_wconf 91' lang='lat' dir='ltr'><strong>nulla</strong></span> <span class='ocrx_word' id='word_1_153' title='bbox 2346 863 2655 933; x_wconf 85' lang='lat' dir='ltr'><strong>judicantes</strong></span> <span class='ocrx_word' id='word_1_154' title='bbox 2709 866 2975 921; x_wconf 86' lang='lat' dir='ltr'><strong>acerrime</strong></span> <span class='ocrx_word' id='word_1_155' title='bbox 3025 868 3344 939; x_wconf 82' lang='lat' dir='ltr'><strong>corripiunt,</strong></span> <span class='ocrx_word' id='word_1_156' title='bbox 3399 886 3536 941; x_wconf 90' lang='lat' dir='ltr'><strong>quos</strong></span> <span class='ocrx_word' id='word_1_157' title='bbox 3583 874 3765 929; x_wconf 78' lang='lat' dir='ltr'><strong>subita</strong></span> 
     </span>
    </p>
   </div>
   <div class='ocr_carea' id='block_1_22' title="bbox 2164 952 3766 1034">
    <p class='ocr_par' dir='ltr' id='par_1_22' title="bbox 2164 952 3766 1034">
     <span class='ocr_line' id='line_1_22' title="bbox 2164 952 3766 1034; baseline 0.009 -30"><span class='ocrx_word' id='word_1_158' title='bbox 2164 952 2395 1008; x_wconf 74' lang='lat' dir='ltr'><strong>viderint</strong></span> <span class='ocrx_word' id='word_1_159' title='bbox 2425 954 2504 1008; x_wconf 90' lang='lat' dir='ltr'><strong>ira</strong></span> <span class='ocrx_word' id='word_1_160' title='bbox 2534 956 2797 1023; x_wconf 86' lang='lat' dir='ltr'><strong>turbatos,</strong></span> <span class='ocrx_word' id='word_1_161' title='bbox 2821 956 3037 1012; x_wconf 88' lang='lat' dir='ltr'><strong>oculum</strong></span> <span class='ocrx_word' id='word_1_162' title='bbox 3071 961 3268 1015; x_wconf 89' lang='lat' dir='ltr'><strong>mentis</strong></span> <span class='ocrx_word' id='word_1_163' title='bbox 3292 977 3321 1015; x_wconf 91' lang='lat' dir='ltr'><strong>a</strong></span> <span class='ocrx_word' id='word_1_164' title='bbox 3356 962 3516 1017; x_wconf 88' lang='lat' dir='ltr'><strong>solito</strong></span> <span class='ocrx_word' id='word_1_165' title='bbox 3550 966 3766 1034; x_wconf 77' lang='lat' dir='ltr'><strong>purita—</strong></span> 
     </span>
    </p>
   </div>
   <div class='ocr_carea' id='block_1_23' title="bbox 2166 1034 3761 1123">
    <p class='ocr_par' dir='ltr' id='par_1_23' title="bbox 2166 1034 3761 1123">
     <span class='ocr_line' id='line_1_23' title="bbox 2166 1034 3761 1123; baseline 0.008 -26"><span class='ocrx_word' id='word_1_166' title='bbox 2166 1043 2236 1097; x_wconf 86' lang='lat' dir='ltr'><strong>tis</strong></span> <span class='ocrx_word' id='word_1_167' title='bbox 2262 1034 2407 1098; x_wconf 72' lang='lat' dir='ltr'><strong>sta&#39;tu</strong></span> <span class='ocrx_word' id='word_1_168' title='bbox 2436 1046 2593 1114; x_wconf 89' lang='lat' dir='ltr'><strong>quasi</strong></span> <span class='ocrx_word' id='word_1_169' title='bbox 2644 1045 2854 1102; x_wconf 81' lang='lat' dir='ltr'><strong>festuca</strong></span> <span class='ocrx_word' id='word_1_170' title='bbox 2886 1048 3127 1104; x_wconf 86' lang='lat' dir='ltr'><strong>irruente</strong></span> <span class='ocrx_word' id='word_1_171' title='bbox 3165 1059 3424 1123; x_wconf 77' lang='lat' dir='ltr'><strong>mutasse,</strong></span> <span class='ocrx_word' id='word_1_172' title='bbox 3459 1064 3624 1123; x_wconf 89' lang='lat' dir='ltr'><strong>atque</strong></span> <span class='ocrx_word' id='word_1_173' title='bbox 3654 1056 3761 1111; x_wconf 84' lang='lat' dir='ltr'><strong>im-</strong></span> 
     </span>
    </p>
   </div>
   <div class='ocr_carea' id='block_1_24' title="bbox 2163 1138 3766 1214">
    <p class='ocr_par' dir='ltr' id='par_1_24' title="bbox 2163 1138 3766 1214">
     <span class='ocr_line' id='line_1_24' title="bbox 2163 1138 3766 1214; baseline 0.009 -25"><span class='ocrx_word' id='word_1_174' title='bbox 2163 1150 2433 1192; x_wconf 83' lang='lat' dir='ltr'><strong>memores</strong></span> <span class='ocrx_word' id='word_1_175' title='bbox 2463 1138 2727 1193; x_wconf 88' lang='lat' dir='ltr'><strong>Dominici</strong></span> <span class='ocrx_word' id='word_1_176' title='bbox 2744 1141 3026 1210; x_wconf 76' lang='lat' dir='ltr'><strong>praecepti,</strong></span> <span class='ocrx_word' id='word_1_177' title='bbox 3052 1158 3159 1212; x_wconf 91' lang='lat' dir='ltr'><strong>quo</strong></span> <span class='ocrx_word' id='word_1_178' title='bbox 3184 1144 3280 1214; x_wconf 86' lang='lat' dir='ltr'><strong>ait,</strong></span> <span class='ocrx_word' id='word_1_179' title='bbox 3309 1144 3489 1200; x_wconf 82' lang='lat' dir='ltr'><strong>Nolite</strong></span> <span class='ocrx_word' id='word_1_180' title='bbox 3517 1149 3766 1203; x_wconf 80' lang='lat' dir='ltr'><strong>condem-</strong></span> 
     </span>
    </p>
   </div>
   <div class='ocr_carea' id='block_1_25' title="bbox 2164 1232 3763 1305">
    <p class='ocr_par' dir='ltr' id='par_1_25' title="bbox 2164 1232 3763 1305">
     <span class='ocr_line' id='line_1_25' title="bbox 2164 1232 3763 1305; baseline 0.01 -26"><span class='ocrx_word' id='word_1_181' title='bbox 2164 1242 2291 1280; x_wconf 82' lang='lat' dir='ltr'><strong>nare</strong></span> <span class='ocrx_word' id='word_1_182' title='bbox 2345 1237 2393 1281; x_wconf 87' lang='lat' dir='ltr'><strong>et</strong></span> <span class='ocrx_word' id='word_1_183' title='bbox 2460 1245 2563 1283; x_wconf 85' lang='lat' dir='ltr'><strong>non</strong></span> <span class='ocrx_word' id='word_1_184' title='bbox 2621 1232 3134 1298; x_wconf 86' lang='lat' dir='ltr'><strong>condemnabimini,</strong></span> <span class='ocrx_word' id='word_1_185' title='bbox 3190 1235 3363 1305; x_wconf 82' lang='lat' dir='ltr'><strong>magis</strong></span> <span class='ocrx_word' id='word_1_186' title='bbox 3420 1246 3606 1293; x_wconf 77' lang='lat' dir='ltr'><strong>ainant</strong></span> <span class='ocrx_word' id='word_1_187' title='bbox 3676 1240 3763 1296; x_wconf 86' lang='lat' dir='ltr'><strong>vi-</strong></span> 
     </span>
    </p>
   </div>
   <div class='ocr_carea' id='block_1_26' title="bbox 2164 1322 3763 1399">
    <p class='ocr_par' dir='ltr' id='par_1_26' title="bbox 2164 1322 3763 1399">
     <span class='ocr_line' id='line_1_26' title="bbox 2164 1322 3763 1399; baseline 0.01 -28"><span class='ocrx_word' id='word_1_188' title='bbox 2164 1328 2417 1386; x_wconf 87' lang='lat' dir='ltr'><strong>tuperare</strong></span> <span class='ocrx_word' id='word_1_189' title='bbox 2459 1328 2515 1374; x_wconf 88' lang='lat' dir='ltr'><strong>et</strong></span> <span class='ocrx_word' id='word_1_190' title='bbox 2555 1322 2849 1390; x_wconf 89' lang='lat' dir='ltr'><strong>damnare,</strong></span> <span class='ocrx_word' id='word_1_191' title='bbox 2888 1338 3055 1393; x_wconf 88' lang='lat' dir='ltr'><strong>quam</strong></span> <span class='ocrx_word' id='word_1_192' title='bbox 3102 1328 3396 1383; x_wconf 79' lang='lat' dir='ltr'><strong>emendare</strong></span> <span class='ocrx_word' id='word_1_193' title='bbox 3436 1337 3600 1399; x_wconf 89' lang='lat' dir='ltr'><strong>atque</strong></span> <span class='ocrx_word' id='word_1_194' title='bbox 3634 1346 3763 1387; x_wconf 86' lang='lat' dir='ltr'><strong>cor-</strong></span> 
     </span>
    </p>
   </div>
   <div class='ocr_carea' id='block_1_27' title="bbox 2162 1424 2356 1477">
    <p class='ocr_par' dir='ltr' id='par_1_27' title="bbox 2162 1424 2356 1477">
     <span class='ocr_line' id='line_1_27' title="bbox 2162 1424 2356 1477; baseline 0.005 -15"><span class='ocrx_word' id='word_1_195' title='bbox 2162 1424 2356 1477; x_wconf 78' lang='lat' dir='ltr'><strong>rigere.</strong></span> 
     </span>
    </p>
   </div>
   <div class='ocr_carea' id='block_1_28' title="bbox 2234 1499 3764 1583">
    <p class='ocr_par' dir='ltr' id='par_1_28' title="bbox 2234 1499 3764 1583">
     <span class='ocr_line' id='line_1_28' title="bbox 2234 1499 3764 1583; baseline 0.012 -30"><span class='ocrx_word' id='word_1_196' title='bbox 2234 1499 2301 1557; x_wconf 82' lang='lat' dir='ltr'><strong>Et</strong></span> <span class='ocrx_word' id='word_1_197' title='bbox 2323 1504 2585 1573; x_wconf 83' lang='lat' dir='ltr'><strong>quomodo</strong></span> <span class='ocrx_word' id='word_1_198' title='bbox 2613 1515 2757 1575; x_wconf 81' lang='lat' dir='ltr'><strong>potes</strong></span> <span class='ocrx_word' id='word_1_199' title='bbox 2811 1508 2984 1563; x_wconf 78' lang='lat' dir='ltr'><strong>dicere</strong></span> <span class='ocrx_word' id='word_1_200' title='bbox 3027 1510 3185 1580; x_wconf 88' lang='lat' dir='ltr'><strong>fratri</strong></span> <span class='ocrx_word' id='word_1_201' title='bbox 3225 1520 3315 1567; x_wconf 85' lang='lat' dir='ltr'><strong>tuo</strong></span> <span class='ocrx_word' id='word_1_202' title='bbox 3348 1530 3365 1567; x_wconf 88' lang='lat'><strong><em>:</em></strong></span> <span class='ocrx_word' id='word_1_203' title='bbox 3406 1512 3621 1583; x_wconf 84' lang='lat' dir='ltr'><strong>Frater,</strong></span> <span class='ocrx_word' id='word_1_204' title='bbox 3648 1517 3764 1573; x_wconf 80' lang='lat' dir='ltr'><strong>sine</strong></span> 
     </span>
    </p>
   </div>
   <div class='ocr_carea' id='block_1_29' title="bbox 2161 1592 3763 1671">
    <p class='ocr_par' dir='ltr' id='par_1_29' title="bbox 2161 1592 3763 1671">
     <span class='ocr_line' id='line_1_29' title="bbox 2161 1592 3763 1671; baseline 0.011 -27"><span class='ocrx_word' id='word_1_205' title='bbox 2161 1592 2370 1662; x_wconf 85' lang='lat' dir='ltr'><strong>ejiciam</strong></span> <span class='ocrx_word' id='word_1_206' title='bbox 2393 1594 2649 1663; x_wconf 79' lang='lat' dir='ltr'><strong>festucam</strong></span> <span class='ocrx_word' id='word_1_207' title='bbox 2669 1597 2733 1651; x_wconf 88' lang='lat' dir='ltr'><strong>de</strong></span> <span class='ocrx_word' id='word_1_208' title='bbox 2756 1599 2907 1653; x_wconf 88' lang='lat' dir='ltr'><strong>oculo</strong></span> <span class='ocrx_word' id='word_1_209' title='bbox 2944 1608 3055 1665; x_wconf 86' lang='lat' dir='ltr'><strong>tuo,</strong></span> <span class='ocrx_word' id='word_1_210' title='bbox 3092 1604 3202 1671; x_wconf 86' lang='lat' dir='ltr'><strong>ipse</strong></span> <span class='ocrx_word' id='word_1_211' title='bbox 3249 1605 3449 1659; x_wconf 83' lang='lat' dir='ltr'><strong>trabem</strong></span> <span class='ocrx_word' id='word_1_212' title='bbox 3494 1608 3549 1660; x_wconf 87' lang='lat' dir='ltr'><strong>in</strong></span> <span class='ocrx_word' id='word_1_213' title='bbox 3605 1608 3763 1663; x_wconf 86' lang='lat' dir='ltr'><strong>oculo</strong></span> 
     </span>
    </p>
   </div>
   <div class='ocr_carea' id='block_1_30' title="bbox 2161 1685 3761 1771">
    <p class='ocr_par' dir='ltr' id='par_1_30' title="bbox 2161 1685 3761 1771">
     <span class='ocr_line' id='line_1_30' title="bbox 2161 1685 3761 1771; baseline 0.012 -36"><span class='ocrx_word' id='word_1_214' title='bbox 2161 1691 2249 1736; x_wconf 87' lang='lat' dir='ltr'><strong>tuo</strong></span> <span class='ocrx_word' id='word_1_215' title='bbox 2274 1700 2377 1737; x_wconf 92' lang='lat' dir='ltr'><strong>non</strong></span> <span class='ocrx_word' id='word_1_216' title='bbox 2400 1685 2622 1740; x_wconf 85' lang='lat' dir='ltr'><strong>videns?</strong></span> <span class='ocrx_word' id='word_1_217' title='bbox 2662 1687 2789 1744; x_wconf 68' lang='lat' dir='ltr'><strong>Haec</strong></span> <span class='ocrx_word' id='word_1_218' title='bbox 2833 1705 2956 1746; x_wconf 91' lang='lat' dir='ltr'><strong>cum</strong></span> <span class='ocrx_word' id='word_1_219' title='bbox 3008 1691 3175 1749; x_wconf 79' lang='lat' dir='ltr'><strong>fratre</strong></span> <span class='ocrx_word' id='word_1_220' title='bbox 3226 1695 3342 1766; x_wconf 82' lang='lat' dir='ltr'><strong>agis</strong></span> <span class='ocrx_word' id='word_1_221' title='bbox 3386 1698 3538 1752; x_wconf 85' lang='lat' dir='ltr'><strong>verbi</strong></span> <span class='ocrx_word' id='word_1_222' title='bbox 3580 1699 3761 1771; x_wconf 86' lang='lat' dir='ltr'><strong>gratia</strong></span> 
     </span>
    </p>
   </div>
   <div class='ocr_carea' id='block_1_31' title="bbox 2160 1772 3760 1854">
    <p class='ocr_par' dir='ltr' id='par_1_31' title="bbox 2160 1772 3760 1854">
     <span class='ocr_line' id='line_1_31' title="bbox 2160 1772 3760 1854; baseline 0.011 -29"><span class='ocrx_word' id='word_1_223' title='bbox 2160 1772 2302 1842; x_wconf 88' lang='lat' dir='ltr'><strong>quod</strong></span> <span class='ocrx_word' id='word_1_224' title='bbox 2327 1772 2407 1827; x_wconf 90' lang='lat' dir='ltr'><strong>ira</strong></span> <span class='ocrx_word' id='word_1_225' title='bbox 2438 1775 2525 1829; x_wconf 91' lang='lat' dir='ltr'><strong>ille</strong></span> <span class='ocrx_word' id='word_1_226' title='bbox 2556 1778 2819 1845; x_wconf 75' lang='lat' dir='ltr'><strong>peccavit,</strong></span> <span class='ocrx_word' id='word_1_227' title='bbox 2847 1789 2903 1833; x_wconf 88' lang='lat' dir='ltr'><strong>tu</strong></span> <span class='ocrx_word' id='word_1_228' title='bbox 2927 1782 3049 1837; x_wconf 78' lang='lat' dir='ltr'><strong>odio</strong></span> <span class='ocrx_word' id='word_1_229' title='bbox 3075 1785 3444 1853; x_wconf 80' lang='lat' dir='ltr'><strong>reprehendis.</strong></span> <span class='ocrx_word' id='word_1_230' title='bbox 3483 1786 3760 1854; x_wconf 81' lang='lat' dir='ltr'><strong>Quantqu</strong></span> 
     </span>
    </p>
   </div>
   <div class='ocr_carea' id='block_1_32' title="bbox 2159 1865 3758 1938">
    <p class='ocr_par' dir='ltr' id='par_1_32' title="bbox 2159 1865 3758 1938">
     <span class='ocr_line' id='line_1_32' title="bbox 2159 1865 3758 1938; baseline 0.012 -22"><span class='ocrx_word' id='word_1_231' title='bbox 2159 1872 2341 1919; x_wconf 90' lang='lat' dir='ltr'><strong>autem</strong></span> <span class='ocrx_word' id='word_1_232' title='bbox 2372 1865 2513 1919; x_wconf 88' lang='lat' dir='ltr'><strong>inter</strong></span> <span class='ocrx_word' id='word_1_233' title='bbox 2536 1865 2801 1923; x_wconf 81' lang='lat' dir='ltr'><strong>festucam</strong></span> <span class='ocrx_word' id='word_1_234' title='bbox 2832 1878 2889 1925; x_wconf 89' lang='lat' dir='ltr'><strong>et</strong></span> <span class='ocrx_word' id='word_1_235' title='bbox 2911 1873 3143 1938; x_wconf 88' lang='lat' dir='ltr'><strong>trabem,</strong></span> <span class='ocrx_word' id='word_1_236' title='bbox 3173 1882 3383 1931; x_wconf 87' lang='lat' dir='ltr'><strong>tantum</strong></span> <span class='ocrx_word' id='word_1_237' title='bbox 3426 1877 3568 1933; x_wconf 89' lang='lat' dir='ltr'><strong>inter</strong></span> <span class='ocrx_word' id='word_1_238' title='bbox 3616 1880 3758 1934; x_wconf 87' lang='lat' dir='ltr'><strong>iram</strong></span> 
     </span>
    </p>
   </div>
   <div class='ocr_carea' id='block_1_33' title="bbox 491 1941 3757 2037">
    <p class='ocr_par' dir='ltr' id='par_1_33' title="bbox 491 1941 3757 2037">
     <span class='ocr_line' id='line_1_33' title="bbox 491 1941 3757 2037; baseline 0.003 -13"><span class='ocrx_word' id='word_1_239' title='bbox 491 1969 765 2024; x_wconf 76' lang='lat' dir='ltr'><strong>sententia</strong></span> <span class='ocrx_word' id='word_1_240' title='bbox 790 1970 939 2024; x_wconf 88' lang='lat' dir='ltr'><strong>brevi</strong></span> <span class='ocrx_word' id='word_1_241' title='bbox 967 1967 1061 2024; x_wconf 88' lang='lat' dir='ltr'><strong>sed</strong></span> <span class='ocrx_word' id='word_1_242' title='bbox 1088 1969 1287 2021; x_wconf 75' lang='lat' dir='ltr'><strong>eximia</strong></span> <span class='ocrx_word' id='word_1_243' title='bbox 1316 1977 1679 2037; x_wconf 79' lang='lat' dir='ltr'><strong>cuncta,quae</strong></span> <span class='ocrx_word' id='word_1_244' title='bbox 1704 1968 1968 2023; x_wconf 85' lang='lat' dir='ltr'><strong>latissime</strong></span> <span class='ocrx_word' id='word_1_245' title='bbox 1997 1967 2065 2022; x_wconf 89' lang='lat' dir='ltr'><strong>de</strong></span> <span class='ocrx_word' id='word_1_246' title='bbox 2091 1941 2132 1999; x_wconf 75' lang='grc' dir='ltr'>Β</span> <span class='ocrx_word' id='word_1_247' title='bbox 2161 1954 2328 2009; x_wconf 58' lang='lat' dir='ltr'><strong>(“Stal</strong></span> <span class='ocrx_word' id='word_1_248' title='bbox 2357 1963 2520 2025; x_wconf 58' lang='lat' dir='ltr'><strong>atque</strong></span> <span class='ocrx_word' id='word_1_249' title='bbox 2546 1958 2748 2014; x_wconf 71' lang='grc' dir='ltr'><strong>οάίυω·</strong></span> <span class='ocrx_word' id='word_1_250' title='bbox 2779 1960 2974 2016; x_wconf 70' lang='lat' dir='ltr'><strong>Odium</strong></span> <span class='ocrx_word' id='word_1_251' title='bbox 3018 1972 3102 2018; x_wconf 55' lang='lat' dir='ltr'><strong>est</strong></span> <span class='ocrx_word' id='word_1_252' title='bbox 3135 1966 3278 2019; x_wconf 68' lang='lat' dir='ltr'><strong>enim</strong></span> <span class='ocrx_word' id='word_1_253' title='bbox 3312 1966 3391 2020; x_wconf 69' lang='lat' dir='ltr'><strong>ira</strong></span> <span class='ocrx_word' id='word_1_254' title='bbox 3430 1968 3757 2035; x_wconf 67' lang='grc' dir='ltr'><strong>ίηνοῑεταων</strong></span> 
     </span>
    </p>
   </div>
   <div class='ocr_carea' id='block_1_34' title="bbox 459 2050 2059 2123">
    <p class='ocr_par' dir='ltr' id='par_1_34' title="bbox 459 2050 2059 2123">
     <span class='ocr_line' id='line_1_34' title="bbox 459 2050 2059 2123; baseline -0.004 -11"><span class='ocrx_word' id='word_1_255' title='bbox 459 2054 833 2113; x_wconf 85' lang='lat' dir='ltr'><strong>conversando</strong></span> <span class='ocrx_word' id='word_1_256' title='bbox 860 2050 1250 2109; x_wconf 80' lang='lat' dir='ltr'><strong>cunrinimicis</strong></span> <span class='ocrx_word' id='word_1_257' title='bbox 1299 2052 1677 2116; x_wconf 83' lang='lat' dir='ltr'><strong>mandaverat,</strong></span> <span class='ocrx_word' id='word_1_258' title='bbox 1700 2050 2059 2123; x_wconf 87' lang='lat' dir='ltr'><strong>comprehen-</strong></span> 
     </span>
    </p>
   </div>
   <div class='ocr_carea' id='block_1_35' title="bbox 460 2148 963 2209">
    <p class='ocr_par' dir='ltr' id='par_1_35' title="bbox 460 2148 963 2209">
     <span class='ocr_line' id='line_1_35' title="bbox 460 2148 963 2209; baseline -0.016 0"><span class='ocrx_word' id='word_1_259' title='bbox 460 2152 638 2209; x_wconf 88' lang='lat' dir='ltr'><strong>dendo</strong></span> <span class='ocrx_word' id='word_1_260' title='bbox 667 2148 963 2207; x_wconf 83' lang='lat' dir='ltr'><strong>concludit.</strong></span> 
     </span>
    </p>
   </div>
   <div class='ocr_carea' id='block_1_36' title="bbox 534 2235 2058 2307">
    <p class='ocr_par' dir='ltr' id='par_1_36' title="bbox 534 2235 2058 2307">
     <span class='ocr_line' id='line_1_36' title="bbox 534 2235 2058 2307; baseline -0.007 -10"><span class='ocrx_word' id='word_1_261' title='bbox 534 2239 841 2297; x_wconf 73' lang='lat' dir='ltr'><strong>Mansuram</strong></span> <span class='ocrx_word' id='word_1_262' title='bbox 884 2239 1097 2301; x_wconf 85' lang='lat' dir='ltr'><strong>bonam,</strong></span> <span class='ocrx_word' id='word_1_263' title='bbox 1127 2246 1175 2292; x_wconf 86' lang='lat' dir='ltr'><strong>et</strong></span> <span class='ocrx_word' id='word_1_264' title='bbox 1220 2235 1534 2306; x_wconf 76' lang='lat' dir='ltr'><strong>confertam,</strong></span> <span class='ocrx_word' id='word_1_265' title='bbox 1565 2246 1614 2292; x_wconf 87' lang='lat' dir='ltr'><strong>et</strong></span> <span class='ocrx_word' id='word_1_266' title='bbox 1648 2236 1986 2307; x_wconf 85' lang='lat' dir='ltr'><strong>coagitatam,</strong></span> <span class='ocrx_word' id='word_1_267' title='bbox 2010 2244 2058 2288; x_wconf 88' lang='lat' dir='ltr'><strong>et</strong></span> 
     </span>
    </p>
   </div>
   <div class='ocr_carea' id='block_1_37' title="bbox 460 2324 2057 2404">
    <p class='ocr_par' dir='ltr' id='par_1_37' title="bbox 460 2324 2057 2404">
     <span class='ocr_line' id='line_1_37' title="bbox 460 2324 2057 2404; baseline -0.008 -14"><span class='ocrx_word' id='word_1_268' title='bbox 460 2331 904 2404; x_wconf 78' lang='lat' dir='ltr'><strong>supereﬂiuenten&#39;t</strong></span> <span class='ocrx_word' id='word_1_269' title='bbox 949 2325 1197 2399; x_wconf 85' lang='lat' dir='ltr'><strong>[dabunt]</strong></span> <span class='ocrx_word' id='word_1_270' title='bbox 1227 2327 1281 2380; x_wconf 88' lang='lat' dir='ltr'><strong>in</strong></span> <span class='ocrx_word' id='word_1_271' title='bbox 1310 2327 1485 2381; x_wconf 89' lang='lat' dir='ltr'><strong>sinum</strong></span> <span class='ocrx_word' id='word_1_272' title='bbox 1523 2336 1768 2381; x_wconf 82' lang='lat' dir='ltr'><strong>vestrum.</strong></span> <span class='ocrx_word' id='word_1_273' title='bbox 1816 2324 1954 2380; x_wconf 83' lang='lat' dir='ltr'><strong>Huic</strong></span> <span class='ocrx_word' id='word_1_274' title='bbox 1984 2325 2057 2379; x_wconf 90' lang='lat' dir='ltr'><strong>si-</strong></span> 
     </span>
    </p>
   </div>
   <div class='ocr_carea' id='block_1_38' title="bbox 459 2415 2056 2490">
    <p class='ocr_par' dir='ltr' id='par_1_38' title="bbox 459 2415 2056 2490">
     <span class='ocr_line' id='line_1_38' title="bbox 459 2415 2056 2490; baseline -0.006 -12"><span class='ocrx_word' id='word_1_275' title='bbox 459 2421 588 2478; x_wconf 83' lang='lat' dir='ltr'><strong>mile</strong></span> <span class='ocrx_word' id='word_1_276' title='bbox 615 2427 699 2477; x_wconf 88' lang='lat' dir='ltr'><strong>est</strong></span> <span class='ocrx_word' id='word_1_277' title='bbox 726 2418 867 2490; x_wconf 87' lang='lat' dir='ltr'><strong>quod</strong></span> <span class='ocrx_word' id='word_1_278' title='bbox 896 2418 1025 2473; x_wconf 85' lang='lat' dir='ltr'><strong>alibi</strong></span> <span class='ocrx_word' id='word_1_279' title='bbox 1056 2417 1221 2483; x_wconf 83' lang='lat' dir='ltr'><strong>dicit,</strong></span> <span class='ocrx_word' id='word_1_280' title='bbox 1254 2426 1310 2470; x_wconf 89' lang='lat' dir='ltr'><strong>ut</strong></span> <span class='ocrx_word' id='word_1_281' title='bbox 1340 2424 1388 2471; x_wconf 91' lang='lat' dir='ltr'><strong>et</strong></span> <span class='ocrx_word' id='word_1_282' title='bbox 1427 2417 1528 2486; x_wconf 88' lang='lat' dir='ltr'><strong>ipsi</strong></span> <span class='ocrx_word' id='word_1_283' title='bbox 1571 2416 1825 2485; x_wconf 80' lang='lat' dir='ltr'><strong>recipiant</strong></span> <span class='ocrx_word' id='word_1_284' title='bbox 1872 2432 1960 2469; x_wconf 80' lang='lat' dir='ltr'><strong>vos</strong></span> <span class='ocrx_word' id='word_1_285' title='bbox 2001 2415 2056 2468; x_wconf 89' lang='lat' dir='ltr'><strong>in</strong></span> 
     </span>
    </p>
   </div>
   <div class='ocr_carea' id='block_1_39' title="bbox 459 2505 2055 2577">
    <p class='ocr_par' dir='ltr' id='par_1_39' title="bbox 459 2505 2055 2577">
     <span class='ocr_line' id='line_1_39' title="bbox 459 2505 2055 2577; baseline -0.009 -6"><span class='ocrx_word' id='word_1_286' title='bbox 459 2524 657 2571; x_wconf 69' lang='lat' dir='ltr'><strong>artemo</strong></span> <span class='ocrx_word' id='word_1_287' title='bbox 686 2508 1045 2567; x_wconf 73' lang='lat' dir='ltr'><strong>tabernacula.</strong></span> <span class='ocrx_word' id='word_1_288' title='bbox 1094 2507 1210 2564; x_wconf 86' lang='lat' dir='ltr'><strong>Non</strong></span> <span class='ocrx_word' id='word_1_289' title='bbox 1266 2509 1412 2577; x_wconf 68' lang='lat' dir='ltr'><strong>enim</strong></span> <span class='ocrx_word' id='word_1_290' title='bbox 1459 2522 1727 2577; x_wconf 89' lang='lat' dir='ltr'><strong>pauperes</strong></span> <span class='ocrx_word' id='word_1_291' title='bbox 1774 2506 1915 2575; x_wconf 90' lang='lat' dir='ltr'><strong>ipsi,</strong></span> <span class='ocrx_word' id='word_1_292' title='bbox 1961 2505 2055 2561; x_wconf 85' lang='lat' dir='ltr'><strong>sed</strong></span> 
     </span>
    </p>
   </div>
   <div class='ocr_carea' id='block_1_40' title="bbox 459 2596 2055 2672">
    <p class='ocr_par' dir='ltr' id='par_1_40' title="bbox 459 2596 2055 2672">
     <span class='ocr_line' id='line_1_40' title="bbox 459 2596 2055 2672; baseline -0.009 -8"><span class='ocrx_word' id='word_1_293' title='bbox 459 2607 710 2665; x_wconf 83' lang='lat' dir='ltr'><strong>Christus</strong></span> <span class='ocrx_word' id='word_1_294' title='bbox 733 2602 1041 2660; x_wconf 86' lang='lat' dir='ltr'><strong>mercedem</strong></span> <span class='ocrx_word' id='word_1_295' title='bbox 1072 2601 1159 2656; x_wconf 91' lang='lat' dir='ltr'><strong>his</strong></span> <span class='ocrx_word' id='word_1_296' title='bbox 1181 2599 1275 2672; x_wconf 87' lang='lat' dir='ltr'><strong>qui</strong></span> <span class='ocrx_word' id='word_1_297' title='bbox 1302 2599 1704 2670; x_wconf 85' lang='lat' dir='ltr'><strong>eleemosynam</strong></span> <span class='ocrx_word' id='word_1_298' title='bbox 1732 2596 1912 2652; x_wconf 84' lang='lat' dir='ltr'><strong>fecere</strong></span> <span class='ocrx_word' id='word_1_299' title='bbox 1937 2597 2055 2650; x_wconf 87' lang='lat' dir='ltr'><strong>red-</strong></span> 
     </span>
    </p>
   </div>
   <div class='ocr_carea' id='block_1_41' title="bbox 458 2688 2054 2761">
    <p class='ocr_par' dir='ltr' id='par_1_41' title="bbox 458 2688 2054 2761">
     <span class='ocr_line' id='line_1_41' title="bbox 458 2688 2054 2761; baseline -0.009 -8"><span class='ocrx_word' id='word_1_300' title='bbox 458 2697 673 2754; x_wconf 90' lang='lat' dir='ltr'><strong>diturus</strong></span> <span class='ocrx_word' id='word_1_301' title='bbox 698 2704 802 2750; x_wconf 91' lang='lat' dir='ltr'><strong>est.</strong></span> <span class='ocrx_word' id='word_1_302' title='bbox 836 2692 1009 2761; x_wconf 86' lang='lat' dir='ltr'><strong>Quam</strong></span> <span class='ocrx_word' id='word_1_303' title='bbox 1041 2700 1220 2748; x_wconf 86' lang='lat' dir='ltr'><strong>tamen</strong></span> <span class='ocrx_word' id='word_1_304' title='bbox 1266 2692 1321 2745; x_wconf 91' lang='lat' dir='ltr'><strong>in</strong></span> <span class='ocrx_word' id='word_1_305' title='bbox 1369 2690 1548 2745; x_wconf 90' lang='lat' dir='ltr'><strong>sinum</strong></span> <span class='ocrx_word' id='word_1_306' title='bbox 1598 2688 1731 2744; x_wconf 90' lang='lat' dir='ltr'><strong>dare</strong></span> <span class='ocrx_word' id='word_1_307' title='bbox 1771 2688 2054 2751; x_wconf 84' lang='lat' dir='ltr'><strong>dicuntur,</strong></span> 
     </span>
    </p>
   </div>
   <div class='ocr_carea' id='block_1_42' title="bbox 460 2776 2056 2859">
    <p class='ocr_par' dir='ltr' id='par_1_42' title="bbox 460 2776 2056 2859">
     <span class='ocr_line' id='line_1_42' title="bbox 460 2776 2056 2859; baseline -0.009 -14"><span class='ocrx_word' id='word_1_308' title='bbox 460 2790 588 2859; x_wconf 87' lang='lat' dir='ltr'><strong>quia</strong></span> <span class='ocrx_word' id='word_1_309' title='bbox 616 2784 975 2859; x_wconf 88' lang='lat' dir='ltr'><strong>promerendo</strong></span> <span class='ocrx_word' id='word_1_310' title='bbox 1004 2782 1145 2839; x_wconf 91' lang='lat' dir='ltr'><strong>illius</strong></span> <span class='ocrx_word' id='word_1_311' title='bbox 1167 2781 1510 2837; x_wconf 88' lang='lat' dir='ltr'><strong>occasionem</strong></span> <span class='ocrx_word' id='word_1_312' title='bbox 1559 2778 1776 2843; x_wconf 89' lang='lat' dir='ltr'><strong>dedere,</strong></span> <span class='ocrx_word' id='word_1_313' title='bbox 1808 2792 1930 2833; x_wconf 89' lang='lat' dir='ltr'><strong>cum</strong></span> <span class='ocrx_word' id='word_1_314' title='bbox 1971 2776 2056 2832; x_wconf 87' lang='lat' dir='ltr'><strong>vel</strong></span> 
     </span>
    </p>
   </div>
   <div class='ocr_carea' id='block_1_43' title="bbox 460 2866 2053 2953">
    <p class='ocr_par' dir='ltr' id='par_1_43' title="bbox 460 2866 2053 2953">
     <span class='ocr_line' id='line_1_43' title="bbox 460 2866 2053 2953; baseline -0.01 -16"><span class='ocrx_word' id='word_1_315' title='bbox 460 2878 742 2953; x_wconf 79' lang='lat' dir='ltr'><strong>egentibus</strong></span> <span class='ocrx_word' id='word_1_316' title='bbox 786 2874 993 2932; x_wconf 89' lang='lat' dir='ltr'><strong>miserti</strong></span> <span class='ocrx_word' id='word_1_317' title='bbox 1025 2873 1107 2929; x_wconf 88' lang='lat' dir='ltr'><strong>vel</strong></span> <span class='ocrx_word' id='word_1_318' title='bbox 1156 2871 1401 2942; x_wconf 86' lang='lat' dir='ltr'><strong>improbe</strong></span> <span class='ocrx_word' id='word_1_319' title='bbox 1448 2870 1729 2926; x_wconf 67' lang='lat' dir='ltr'><strong>smvientes</strong></span> <span class='ocrx_word' id='word_1_320' title='bbox 1768 2866 2053 2923; x_wconf 84' lang='lat' dir='ltr'><strong>fortiorum</strong></span> 
     </span>
    </p>
   </div>
   <div class='ocr_carea' id='block_1_44' title="bbox 457 2958 2051 3037">
    <p class='ocr_par' dir='ltr' id='par_1_44' title="bbox 457 2958 2051 3037">
     <span class='ocr_line' id='line_1_44' title="bbox 457 2958 2051 3037; baseline -0.009 -9"><span class='ocrx_word' id='word_1_321' title='bbox 457 2980 606 3037; x_wconf 85' lang='lat' dir='ltr'><strong>sunt,</strong></span> <span class='ocrx_word' id='word_1_322' title='bbox 641 2978 696 3024; x_wconf 88' lang='lat' dir='ltr'><strong>et</strong></span> <span class='ocrx_word' id='word_1_323' title='bbox 732 2966 944 3023; x_wconf 86' lang='lat' dir='ltr'><strong>tolerati</strong></span> <span class='ocrx_word' id='word_1_324' title='bbox 971 2964 1253 3035; x_wconf 86' lang='lat' dir='ltr'><strong>patientia,</strong></span> <span class='ocrx_word' id='word_1_325' title='bbox 1275 2972 1329 3017; x_wconf 92' lang='lat' dir='ltr'><strong>et</strong></span> <span class='ocrx_word' id='word_1_326' title='bbox 1358 2960 1719 3017; x_wconf 75' lang='lat' dir='ltr'><strong>beneficentia</strong></span> <span class='ocrx_word' id='word_1_327' title='bbox 1744 2958 2051 3025; x_wconf 88' lang='lat' dir='ltr'><strong>sustentati,</strong></span> 
     </span>
    </p>
   </div>
   <div class='ocr_carea' id='block_1_45' title="bbox 459 3050 2055 3130">
    <p class='ocr_par' dir='ltr' id='par_1_45' title="bbox 459 3050 2055 3130">
     <span class='ocr_line' id='line_1_45' title="bbox 459 3050 2055 3130; baseline -0.007 -13"><span class='ocrx_word' id='word_1_328' title='bbox 459 3073 516 3117; x_wconf 90' lang='lat' dir='ltr'><strong>et</strong></span> <span class='ocrx_word' id='word_1_329' title='bbox 563 3061 631 3116; x_wconf 91' lang='lat' dir='ltr'><strong>ad</strong></span> <span class='ocrx_word' id='word_1_330' title='bbox 679 3059 848 3130; x_wconf 90' lang='lat' dir='ltr'><strong>ipsam</strong></span> <span class='ocrx_word' id='word_1_331' title='bbox 917 3054 1205 3126; x_wconf 81' lang='lat' dir='ltr'><strong>aliquoties</strong></span> <span class='ocrx_word' id='word_1_332' title='bbox 1262 3052 1422 3109; x_wconf 89' lang='lat' dir='ltr'><strong>ﬁdem</strong></span> <span class='ocrx_word' id='word_1_333' title='bbox 1491 3050 1834 3122; x_wconf 66' lang='lat' dir='ltr'><strong>indulgentia:</strong></span> <span class='ocrx_word' id='word_1_334' title='bbox 1878 3051 2055 3121; x_wconf 89' lang='lat' dir='ltr'><strong>gratia</strong></span> 
     </span>
    </p>
   </div>
   <div class='ocr_carea' id='block_1_46' title="bbox 455 3151 687 3223">
    <p class='ocr_par' dir='ltr' id='par_1_46' title="bbox 455 3151 687 3223">
     <span class='ocr_line' id='line_1_46' title="bbox 455 3151 687 3223; baseline 0 -19"><span class='ocrx_word' id='word_1_335' title='bbox 455 3151 687 3223; x_wconf 69' lang='lat' dir='ltr'><strong>probati.</strong></span> 
     </span>
    </p>
   </div>
   <div class='ocr_carea' id='block_1_47' title="bbox 529 3234 2047 3311">
    <p class='ocr_par' dir='ltr' id='par_1_47' title="bbox 529 3234 2047 3311">
     <span class='ocr_line' id='line_1_47' title="bbox 529 3234 2047 3311; baseline -0.007 -14"><span class='ocrx_word' id='word_1_336' title='bbox 529 3242 731 3297; x_wconf 81' lang='lat' dir='ltr'><strong>Eadem</strong></span> <span class='ocrx_word' id='word_1_337' title='bbox 763 3242 950 3311; x_wconf 79' lang='lat' dir='ltr'><strong>quippe</strong></span> <span class='ocrx_word' id='word_1_338' title='bbox 980 3254 1225 3293; x_wconf 80' lang='lat' dir='ltr'><strong>mensura</strong></span> <span class='ocrx_word' id='word_1_339' title='bbox 1251 3254 1353 3308; x_wconf 86' lang='lat' dir='ltr'><strong>qua</strong></span> <span class='ocrx_word' id='word_1_340' title='bbox 1402 3236 1567 3307; x_wconf 84' lang='lat' dir='ltr'><strong>mensi</strong></span> <span class='ocrx_word' id='word_1_341' title='bbox 1611 3234 1838 3305; x_wconf 85' lang='lat' dir='ltr'><strong>fueritis,</strong></span> <span class='ocrx_word' id='word_1_342' title='bbox 1881 3249 2047 3287; x_wconf 87' lang='lat' dir='ltr'><strong>reme-</strong></span> 
     </span>
    </p>
   </div>
   <div class='ocr_carea' id='block_1_48' title="bbox 2161 2046 3759 2127">
    <p class='ocr_par' dir='ltr' id='par_1_48' title="bbox 2161 2046 3759 2127">
     <span class='ocr_line' id='line_1_48' title="bbox 2161 2046 3759 2127; baseline 0.009 -28"><span class='ocrx_word' id='word_1_343' title='bbox 2161 2059 2281 2115; x_wconf 71' lang='lat' dir='ltr'><strong>quaa</strong></span> <span class='ocrx_word' id='word_1_344' title='bbox 2304 2046 2458 2116; x_wconf 90' lang='lat' dir='ltr'><strong>quasi</strong></span> <span class='ocrx_word' id='word_1_345' title='bbox 2490 2056 2759 2106; x_wconf 87' lang='lat' dir='ltr'><strong>vetustate</strong></span> <span class='ocrx_word' id='word_1_346' title='bbox 2796 2051 2911 2120; x_wconf 89' lang='lat' dir='ltr'><strong>ipsa</strong></span> <span class='ocrx_word' id='word_1_347' title='bbox 2961 2061 3172 2109; x_wconf 87' lang='lat' dir='ltr'><strong>tantum</strong></span> <span class='ocrx_word' id='word_1_348' title='bbox 3215 2058 3507 2127; x_wconf 89' lang='lat' dir='ltr'><strong>acceperit,</strong></span> <span class='ocrx_word' id='word_1_349' title='bbox 3534 2065 3596 2113; x_wconf 90' lang='lat' dir='ltr'><strong>ut</strong></span> <span class='ocrx_word' id='word_1_350' title='bbox 3641 2075 3759 2114; x_wconf 79' lang='lat' dir='ltr'><strong>me-</strong></span> 
     </span>
    </p>
   </div>
   <div class='ocr_carea' id='block_1_49' title="bbox 2161 2136 3761 2218">
    <p class='ocr_par' dir='ltr' id='par_1_49' title="bbox 2161 2136 3761 2218">
     <span class='ocr_line' id='line_1_49' title="bbox 2161 2136 3761 2218; baseline 0.011 -28"><span class='ocrx_word' id='word_1_351' title='bbox 2161 2136 2266 2192; x_wconf 90' lang='lat' dir='ltr'><strong>rito</strong></span> <span class='ocrx_word' id='word_1_352' title='bbox 2292 2136 2592 2209; x_wconf 88' lang='lat' dir='ltr'><strong>appelletur</strong></span> <span class='ocrx_word' id='word_1_353' title='bbox 2624 2143 2825 2197; x_wconf 90' lang='lat' dir='ltr'><strong>trabes.</strong></span> <span class='ocrx_word' id='word_1_354' title='bbox 2859 2143 3000 2199; x_wconf 80' lang='lat' dir='ltr'><strong>Fieri</strong></span> <span class='ocrx_word' id='word_1_355' title='bbox 3033 2155 3213 2202; x_wconf 87' lang='lat' dir='ltr'><strong>autem</strong></span> <span class='ocrx_word' id='word_1_356' title='bbox 3237 2158 3419 2218; x_wconf 87' lang='lat' dir='ltr'><strong>potest</strong></span> <span class='ocrx_word' id='word_1_357' title='bbox 3462 2160 3521 2205; x_wconf 90' lang='lat' dir='ltr'><strong>ut</strong></span> <span class='ocrx_word' id='word_1_358' title='bbox 3557 2152 3603 2207; x_wconf 90' lang='lat' dir='ltr'><strong>si</strong></span> <span class='ocrx_word' id='word_1_359' title='bbox 3645 2153 3761 2207; x_wconf 75' lang='lat' dir='ltr'><strong>ira~</strong></span> 
     </span>
    </p>
   </div>
   <div class='ocr_carea' id='block_1_50' title="bbox 2160 2228 3762 2309">
    <p class='ocr_par' dir='ltr' id='par_1_50' title="bbox 2160 2228 3762 2309">
     <span class='ocr_line' id='line_1_50' title="bbox 2160 2228 3762 2309; baseline 0.012 -28"><span class='ocrx_word' id='word_1_360' title='bbox 2160 2228 2327 2283; x_wconf 89' lang='lat' dir='ltr'><strong>sceris</strong></span> <span class='ocrx_word' id='word_1_361' title='bbox 2354 2230 2561 2285; x_wconf 88' lang='lat' dir='ltr'><strong>homini</strong></span> <span class='ocrx_word' id='word_1_362' title='bbox 2585 2231 2719 2286; x_wconf 80' lang='lat' dir='ltr'><strong>velis</strong></span> <span class='ocrx_word' id='word_1_363' title='bbox 2745 2246 2870 2287; x_wconf 90' lang='lat' dir='ltr'><strong>eum</strong></span> <span class='ocrx_word' id='word_1_364' title='bbox 2894 2237 3125 2309; x_wconf 81' lang='lat' dir='ltr'><strong>corrigi;</strong></span> <span class='ocrx_word' id='word_1_365' title='bbox 3158 2240 3202 2293; x_wconf 88' lang='lat' dir='ltr'><strong>si</strong></span> <span class='ocrx_word' id='word_1_366' title='bbox 3230 2248 3409 2294; x_wconf 89' lang='lat' dir='ltr'><strong>autem</strong></span> <span class='ocrx_word' id='word_1_367' title='bbox 3440 2242 3621 2298; x_wconf 90' lang='lat' dir='ltr'><strong>oderis</strong></span> <span class='ocrx_word' id='word_1_368' title='bbox 3657 2243 3762 2299; x_wconf 44' lang='lat' dir='ltr'><strong>ho;</strong></span> 
     </span>
    </p>
   </div>
   <div class='ocr_carea' id='block_1_51' title="bbox 2159 2322 3757 2405">
    <p class='ocr_par' dir='ltr' id='par_1_51' title="bbox 2159 2322 3757 2405">
     <span class='ocr_line' id='line_1_51' title="bbox 2159 2322 3757 2405; baseline 0.009 -30"><span class='ocrx_word' id='word_1_369' title='bbox 2159 2322 2380 2390; x_wconf 74' lang='lat' dir='ltr'><strong>minem,</strong></span> <span class='ocrx_word' id='word_1_370' title='bbox 2397 2338 2503 2377; x_wconf 90' lang='lat' dir='ltr'><strong>non</strong></span> <span class='ocrx_word' id='word_1_371' title='bbox 2516 2333 2673 2394; x_wconf 90' lang='lat' dir='ltr'><strong>potes</strong></span> <span class='ocrx_word' id='word_1_372' title='bbox 2693 2340 2814 2380; x_wconf 90' lang='lat' dir='ltr'><strong>eum</strong></span> <span class='ocrx_word' id='word_1_373' title='bbox 2843 2326 2978 2383; x_wconf 89' lang='lat' dir='ltr'><strong>velle</strong></span> <span class='ocrx_word' id='word_1_374' title='bbox 3005 2330 3302 2399; x_wconf 83' lang='lat' dir='ltr'><strong>corrigere,</strong></span> <span class='ocrx_word' id='word_1_375' title='bbox 3329 2340 3385 2386; x_wconf 90' lang='lat' dir='ltr'><strong>et</strong></span> <span class='ocrx_word' id='word_1_376' title='bbox 3404 2331 3525 2387; x_wconf 91' lang='lat' dir='ltr'><strong>ideo</strong></span> <span class='ocrx_word' id='word_1_377' title='bbox 3548 2333 3757 2405; x_wconf 85' lang='lat' dir='ltr'><strong>impos-</strong></span> 
     </span>
    </p>
   </div>
   <div class='ocr_carea' id='block_1_52' title="bbox 2160 2412 3760 2496">
    <p class='ocr_par' dir='ltr' id='par_1_52' title="bbox 2160 2412 3760 2496">
     <span class='ocr_line' id='line_1_52' title="bbox 2160 2412 3760 2496; baseline 0.009 -29"><span class='ocrx_word' id='word_1_378' title='bbox 2160 2412 2315 2469; x_wconf 89' lang='lat' dir='ltr'><strong>sibile</strong></span> <span class='ocrx_word' id='word_1_379' title='bbox 2346 2414 2563 2482; x_wconf 88' lang='lat' dir='ltr'><strong>dicitur,</strong></span> <span class='ocrx_word' id='word_1_380' title='bbox 2588 2425 2647 2470; x_wconf 92' lang='lat' dir='ltr'><strong>ut</strong></span> <span class='ocrx_word' id='word_1_381' title='bbox 2692 2416 2957 2473; x_wconf 81' lang='lat' dir='ltr'><strong>festucam</strong></span> <span class='ocrx_word' id='word_1_382' title='bbox 2997 2417 3185 2475; x_wconf 84' lang='lat' dir='ltr'><strong>fratris</strong></span> <span class='ocrx_word' id='word_1_383' title='bbox 3222 2421 3379 2477; x_wconf 88' lang='lat' dir='ltr'><strong>oculo</strong></span> <span class='ocrx_word' id='word_1_384' title='bbox 3424 2423 3625 2491; x_wconf 87' lang='lat' dir='ltr'><strong>demat,</strong></span> <span class='ocrx_word' id='word_1_385' title='bbox 3656 2425 3760 2496; x_wconf 86' lang='lat' dir='ltr'><strong>qui</strong></span> 
     </span>
    </p>
   </div>
   <div class='ocr_carea' id='block_1_53' title="bbox 2158 2508 2989 2581">
    <p class='ocr_par' dir='ltr' id='par_1_53' title="bbox 2158 2508 2989 2581">
     <span class='ocr_line' id='line_1_53' title="bbox 2158 2508 2989 2581; baseline 0.007 -22"><span class='ocrx_word' id='word_1_386' title='bbox 2158 2522 2254 2560; x_wconf 85' lang='lat' dir='ltr'><strong>suo</strong></span> <span class='ocrx_word' id='word_1_387' title='bbox 2290 2508 2498 2581; x_wconf 84' lang='lat' dir='ltr'><strong>trabem</strong></span> <span class='ocrx_word' id='word_1_388' title='bbox 2524 2516 2698 2578; x_wconf 85' lang='lat' dir='ltr'><strong>gestat</strong></span> <span class='ocrx_word' id='word_1_389' title='bbox 2726 2510 2783 2564; x_wconf 91' lang='lat' dir='ltr'><strong>in</strong></span> <span class='ocrx_word' id='word_1_390' title='bbox 2812 2510 2989 2567; x_wconf 90' lang='lat' dir='ltr'><strong>oculo.</strong></span> 
     </span>
    </p>
   </div>
   <div class='ocr_carea' id='block_1_54' title="bbox 2228 2596 3761 2682">
    <p class='ocr_par' dir='ltr' id='par_1_54' title="bbox 2228 2596 3761 2682">
     <span class='ocr_line' id='line_1_54' title="bbox 2228 2596 3761 2682; baseline 0.008 -31"><span class='ocrx_word' id='word_1_391' title='bbox 2228 2596 2541 2668; x_wconf 81' lang='lat' dir='ltr'><strong>Hypocrita,</strong></span> <span class='ocrx_word' id='word_1_392' title='bbox 2572 2601 2700 2670; x_wconf 82' lang='lat' dir='ltr'><strong>ejice</strong></span> <span class='ocrx_word' id='word_1_393' title='bbox 2738 2602 2966 2671; x_wconf 87' lang='lat' dir='ltr'><strong>primum</strong></span> <span class='ocrx_word' id='word_1_394' title='bbox 3022 2604 3219 2659; x_wconf 84' lang='lat' dir='ltr'><strong>trabem</strong></span> <span class='ocrx_word' id='word_1_395' title='bbox 3266 2606 3331 2660; x_wconf 88' lang='lat' dir='ltr'><strong>de</strong></span> <span class='ocrx_word' id='word_1_396' title='bbox 3378 2607 3527 2682; x_wconf 65' lang='lat' dir='ltr'><strong>oculo</strong></span> <span class='ocrx_word' id='word_1_397' title='bbox 3556 2619 3671 2676; x_wconf 89' lang='lat' dir='ltr'><strong>tuo,</strong></span> <span class='ocrx_word' id='word_1_398' title='bbox 3703 2620 3761 2664; x_wconf 79' lang='lat' dir='ltr'><strong>et</strong></span> 
     </span>
    </p>
   </div>
   <div class='ocr_carea' id='block_1_55' title="bbox 2157 2689 3756 2765">
    <p class='ocr_par' dir='ltr' id='par_1_55' title="bbox 2157 2689 3756 2765">
     <span class='ocr_line' id='line_1_55' title="bbox 2157 2689 3756 2765; baseline 0.009 -25"><span class='ocrx_word' id='word_1_399' title='bbox 2157 2689 2584 2759; x_wconf 57' lang='lat' dir='ltr'><strong>tunc’perspicies</strong></span> <span class='ocrx_word' id='word_1_400' title='bbox 2602 2702 2655 2745; x_wconf 91' lang='lat' dir='ltr'><strong>ut</strong></span> <span class='ocrx_word' id='word_1_401' title='bbox 2684 2692 2877 2746; x_wconf 81' lang='lat' dir='ltr'><strong>educas</strong></span> <span class='ocrx_word' id='word_1_402' title='bbox 2902 2693 3155 2762; x_wconf 81' lang='lat' dir='ltr'><strong>festucam</strong></span> <span class='ocrx_word' id='word_1_403' title='bbox 3190 2696 3255 2749; x_wconf 88' lang='lat' dir='ltr'><strong>de</strong></span> <span class='ocrx_word' id='word_1_404' title='bbox 3275 2696 3426 2750; x_wconf 90' lang='lat' dir='ltr'><strong>oculo</strong></span> <span class='ocrx_word' id='word_1_405' title='bbox 3446 2698 3629 2765; x_wconf 76' lang='lat' dir='ltr'><strong>fratris</strong></span> <span class='ocrx_word' id='word_1_406' title='bbox 3648 2701 3756 2760; x_wconf 75' lang='lat' dir='ltr'><strong>tui.</strong></span> 
     </span>
    </p>
   </div>
   <div class='ocr_carea' id='block_1_56' title="bbox 2157 2778 3760 2861">
    <p class='ocr_par' dir='ltr' id='par_1_56' title="bbox 2157 2778 3760 2861">
     <span class='ocr_line' id='line_1_56' title="bbox 2157 2778 3760 2861; baseline 0.009 -29"><span class='ocrx_word' id='word_1_407' title='bbox 2157 2778 2214 2833; x_wconf 92' lang='lat' dir='ltr'><strong>ld</strong></span> <span class='ocrx_word' id='word_1_408' title='bbox 2244 2786 2349 2844; x_wconf 88' lang='lat' dir='ltr'><strong>est,</strong></span> <span class='ocrx_word' id='word_1_409' title='bbox 2375 2780 2607 2850; x_wconf 90' lang='lat' dir='ltr'><strong>primum</strong></span> <span class='ocrx_word' id='word_1_410' title='bbox 2631 2782 2839 2853; x_wconf 78' lang='lat' dir='ltr'><strong>expelle</strong></span> <span class='ocrx_word' id='word_1_411' title='bbox 2871 2783 2964 2838; x_wconf 82' lang='lat' dir='ltr'><strong>abs</strong></span> <span class='ocrx_word' id='word_1_412' title='bbox 2986 2792 3036 2838; x_wconf 87' lang='lat' dir='ltr'><strong>te</strong></span> <span class='ocrx_word' id='word_1_413' title='bbox 3056 2786 3262 2852; x_wconf 88' lang='lat' dir='ltr'><strong>odium,</strong></span> <span class='ocrx_word' id='word_1_414' title='bbox 3294 2798 3348 2842; x_wconf 89' lang='lat' dir='ltr'><strong>et</strong></span> <span class='ocrx_word' id='word_1_415' title='bbox 3375 2789 3760 2861; x_wconf 87' lang='lat' dir='ltr'><strong>deinceps-po-</strong></span> 
     </span>
    </p>
   </div>
   <div class='ocr_carea' id='block_1_57' title="bbox 2159 2868 3761 2944">
    <p class='ocr_par' dir='ltr' id='par_1_57' title="bbox 2159 2868 3761 2944">
     <span class='ocr_line' id='line_1_57' title="bbox 2159 2868 3761 2944; baseline 0.009 -20"><span class='ocrx_word' id='word_1_416' title='bbox 2159 2869 2290 2925; x_wconf 84' lang='lat' dir='ltr'><strong>teris</strong></span> <span class='ocrx_word' id='word_1_417' title='bbox 2311 2868 2427 2939; x_wconf 83' lang='lat' dir='ltr'><strong>jam</strong></span> <span class='ocrx_word' id='word_1_418' title='bbox 2477 2885 2600 2926; x_wconf 90' lang='lat' dir='ltr'><strong>eum</strong></span> <span class='ocrx_word' id='word_1_419' title='bbox 2631 2889 2793 2943; x_wconf 87' lang='lat' dir='ltr'><strong>quem</strong></span> <span class='ocrx_word' id='word_1_420' title='bbox 2844 2874 3021 2944; x_wconf 85' lang='lat' dir='ltr'><strong>diligis</strong></span> <span class='ocrx_word' id='word_1_421' title='bbox 3064 2879 3374 2933; x_wconf 88' lang='lat' dir='ltr'><strong>emendare.</strong></span> <span class='ocrx_word' id='word_1_422' title='bbox 3411 2880 3480 2933; x_wconf 87' lang='lat' dir='ltr'><strong>Et</strong></span> <span class='ocrx_word' id='word_1_423' title='bbox 3509 2891 3593 2935; x_wconf 81' lang='lat' dir='ltr'><strong>est</strong></span> <span class='ocrx_word' id='word_1_424' title='bbox 3620 2897 3761 2938; x_wconf 85' lang='lat' dir='ltr'><strong>vere</strong></span> 
     </span>
    </p>
   </div>
   <div class='ocr_carea' id='block_1_58' title="bbox 2158 2961 3758 3040">
    <p class='ocr_par' dir='ltr' id='par_1_58' title="bbox 2158 2961 3758 3040">
     <span class='ocr_line' id='line_1_58' title="bbox 2158 2961 3758 3040; baseline 0.008 -23"><span class='ocrx_word' id='word_1_425' title='bbox 2158 2961 2745 3029; x_wconf 40' lang='lat' dir='ltr'><strong>multumoeavcndum,</strong></span> <span class='ocrx_word' id='word_1_426' title='bbox 2802 2974 2858 3021; x_wconf 91' lang='lat' dir='ltr'><strong>et</strong></span> <span class='ocrx_word' id='word_1_427' title='bbox 2908 2968 3191 3023; x_wconf 87' lang='lat' dir='ltr'><strong>molestum</strong></span> <span class='ocrx_word' id='word_1_428' title='bbox 3232 2971 3660 3040; x_wconf 73' lang='lat' dir='ltr'><strong>hypocritarum,</strong></span> <span class='ocrx_word' id='word_1_429' title='bbox 3696 2972 3758 3029; x_wconf 84' lang='lat' dir='ltr'><strong>id</strong></span> 
     </span>
    </p>
   </div>
   <div class='ocr_carea' id='block_1_59' title="bbox 2157 3053 3757 3127">
    <p class='ocr_par' dir='ltr' id='par_1_59' title="bbox 2157 3053 3757 3127">
     <span class='ocr_line' id='line_1_59' title="bbox 2157 3053 3757 3127; baseline 0.008 -20"><span class='ocrx_word' id='word_1_430' title='bbox 2157 3061 2260 3119; x_wconf 91' lang='lat' dir='ltr'><strong>est,</strong></span> <span class='ocrx_word' id='word_1_431' title='bbox 2287 3053 2666 3110; x_wconf 89' lang='lat' dir='ltr'><strong>simulatorum</strong></span> <span class='ocrx_word' id='word_1_432' title='bbox 2687 3072 2877 3127; x_wconf 85' lang='lat' dir='ltr'><strong>genus,</strong></span> <span class='ocrx_word' id='word_1_433' title='bbox 2912 3059 3003 3127; x_wconf 88' lang='lat' dir='ltr'><strong>qui</strong></span> <span class='ocrx_word' id='word_1_434' title='bbox 3039 3074 3161 3113; x_wconf 89' lang='lat' dir='ltr'><strong>cum</strong></span> <span class='ocrx_word' id='word_1_435' title='bbox 3202 3064 3444 3116; x_wconf 88' lang='lat' dir='ltr'><strong>onmium</strong></span> <span class='ocrx_word' id='word_1_436' title='bbox 3488 3064 3757 3120; x_wconf 84' lang='lat' dir='ltr'><strong>vitiorum</strong></span> 
     </span>
    </p>
   </div>
   <div class='ocr_carea' id='block_1_60' title="bbox 2158 3144 3759 3219">
    <p class='ocr_par' dir='ltr' id='par_1_60' title="bbox 2158 3144 3759 3219">
     <span class='ocr_line' id='line_1_60' title="bbox 2158 3144 3759 3219; baseline 0.007 -22"><span class='ocrx_word' id='word_1_437' title='bbox 2158 3144 2535 3219; x_wconf 78' lang='lat' dir='ltr'><strong>accusationes</strong></span> <span class='ocrx_word' id='word_1_438' title='bbox 2561 3147 2684 3201; x_wconf 92' lang='lat' dir='ltr'><strong>odio</strong></span> <span class='ocrx_word' id='word_1_439' title='bbox 2711 3156 2764 3201; x_wconf 91' lang='lat' dir='ltr'><strong>et</strong></span> <span class='ocrx_word' id='word_1_440' title='bbox 2787 3148 2954 3203; x_wconf 85' lang='lat' dir='ltr'><strong>livore</strong></span> <span class='ocrx_word' id='word_1_441' title='bbox 2985 3150 3302 3219; x_wconf 88' lang='lat' dir='ltr'><strong>suscipiant,</strong></span> <span class='ocrx_word' id='word_1_442' title='bbox 3344 3153 3507 3207; x_wconf 87' lang='lat' dir='ltr'><strong>etiam</strong></span> <span class='ocrx_word' id='word_1_443' title='bbox 3530 3154 3759 3209; x_wconf 86' lang='lat' dir='ltr'><strong>consul-</strong></span> 
     </span>
    </p>
   </div>
   <div class='ocr_carea' id='block_1_61' title="bbox 2156 3240 3753 3316">
    <p class='ocr_par' dir='ltr' id='par_1_61' title="bbox 2156 3240 3753 3316">
     <span class='ocr_line' id='line_1_61' title="bbox 2156 3240 3753 3316; baseline 0.004 -22"><span class='ocrx_word' id='word_1_444' title='bbox 2156 3249 2304 3298; x_wconf 90' lang='lat' dir='ltr'><strong>tores</strong></span> <span class='ocrx_word' id='word_1_445' title='bbox 2336 3242 2504 3297; x_wconf 89' lang='lat' dir='ltr'><strong>videri</strong></span> <span class='ocrx_word' id='word_1_446' title='bbox 2540 3256 2598 3296; x_wconf 90' lang='lat' dir='ltr'><strong>se</strong></span> <span class='ocrx_word' id='word_1_447' title='bbox 2622 3240 2825 3306; x_wconf 89' lang='lat' dir='ltr'><strong>volunt,</strong></span> <span class='ocrx_word' id='word_1_448' title='bbox 2854 3249 2909 3295; x_wconf 91' lang='lat' dir='ltr'><strong>et</strong></span> <span class='ocrx_word' id='word_1_449' title='bbox 2938 3241 3055 3295; x_wconf 86' lang='lat' dir='ltr'><strong>ideo</strong></span> <span class='ocrx_word' id='word_1_450' title='bbox 3100 3243 3185 3312; x_wconf 91' lang='lat' dir='ltr'><strong>pie</strong></span> <span class='ocrx_word' id='word_1_451' title='bbox 3216 3253 3481 3313; x_wconf 88' lang='lat' dir='ltr'><strong>cauteque</strong></span> <span class='ocrx_word' id='word_1_452' title='bbox 3510 3246 3753 3316; x_wconf 80' lang='lat' dir='ltr'><strong>vigilan-</strong></span> 
     </span>
    </p>
   </div>
   <div class='ocr_carea' id='block_1_62' title="bbox 455 3308 3758 3403">
    <p class='ocr_par' dir='ltr' id='par_1_62' title="bbox 455 3308 3758 3403">
     <span class='ocr_line' id='line_1_62' title="bbox 455 3308 3758 3403; baseline -0.001 -14"><span class='ocrx_word' id='word_1_453' title='bbox 455 3336 613 3389; x_wconf 83' lang='lat' dir='ltr'><strong>tictur</strong></span> <span class='ocrx_word' id='word_1_454' title='bbox 645 3333 803 3387; x_wconf 78' lang='lat' dir='ltr'><strong>vobis.</strong></span> <span class='ocrx_word' id='word_1_455' title='bbox 835 3333 899 3385; x_wconf 68' lang='lat' dir='ltr'><strong>lit</strong></span> <span class='ocrx_word' id='word_1_456' title='bbox 921 3328 1210 3403; x_wconf 78' lang='lat' dir='ltr'><strong>Apostolus</strong></span> <span class='ocrx_word' id='word_1_457' title='bbox 1231 3329 1298 3383; x_wconf 88' lang='lat' dir='ltr'><strong>ad</strong></span> <span class='ocrx_word' id='word_1_458' title='bbox 1320 3326 1717 3395; x_wconf 85' lang='lat' dir='ltr'><strong>elcemosynam</strong></span> <span class='ocrx_word' id='word_1_459' title='bbox 1740 3324 2047 3380; x_wconf 87' lang='lat' dir='ltr'><strong>Corinthios</strong></span> <span class='ocrx_word' id='word_1_460' title='bbox 2077 3308 2120 3369; x_wconf 84' lang='lat' dir='ltr'><strong>C</strong></span> <span class='ocrx_word' id='word_1_461' title='bbox 2153 3334 2281 3387; x_wconf 81' lang='lat' dir='ltr'><strong>dum</strong></span> <span class='ocrx_word' id='word_1_462' title='bbox 2307 3342 2412 3396; x_wconf 74' lang='lat' dir='ltr'><strong>est,</strong></span> <span class='ocrx_word' id='word_1_463' title='bbox 2431 3342 2489 3385; x_wconf 88' lang='lat' dir='ltr'><strong>ul</strong></span> <span class='ocrx_word' id='word_1_464' title='bbox 2518 3347 2639 3385; x_wconf 86' lang='lat' dir='ltr'><strong>cum</strong></span> <span class='ocrx_word' id='word_1_465' title='bbox 2666 3320 2898 3399; x_wconf 79' lang='lat' dir='ltr'><strong>aliquem</strong></span> <span class='ocrx_word' id='word_1_466' title='bbox 2931 3308 3326 3400; x_wconf 81' lang='lat' dir='ltr'><strong>reprehendere</strong></span> <span class='ocrx_word' id='word_1_467' title='bbox 3352 3308 3434 3388; x_wconf 79' lang='lat' dir='ltr'><strong>vel</strong></span> <span class='ocrx_word' id='word_1_468' title='bbox 3455 3308 3758 3403; x_wconf 44' lang='lat' dir='ltr'><strong>olju&#39;rgare</strong></span> 
     </span>
    </p>
   </div>
   <div class='ocr_carea' id='block_1_63' title="bbox 457 3418 2051 3491">
    <p class='ocr_par' dir='ltr' id='par_1_63' title="bbox 457 3418 2051 3491">
     <span class='ocr_line' id='line_1_63' title="bbox 457 3418 2051 3491; baseline -0.008 -10"><span class='ocrx_word' id='word_1_469' title='bbox 457 3427 702 3487; x_wconf 78' lang='lat' dir='ltr'><strong>hertuus,</strong></span> <span class='ocrx_word' id='word_1_470' title='bbox 722 3423 860 3476; x_wconf 86' lang='lat' dir='ltr'><strong>inter</strong></span> <span class='ocrx_word' id='word_1_471' title='bbox 878 3420 981 3475; x_wconf 85' lang='lat' dir='ltr'><strong>alia</strong></span> <span class='ocrx_word' id='word_1_472' title='bbox 996 3420 1148 3485; x_wconf 86' lang='lat' dir='ltr'><strong>dicit,</strong></span> <span class='ocrx_word' id='word_1_473' title='bbox 1162 3421 1248 3491; x_wconf 84' lang='lat' dir='ltr'><strong>qui</strong></span> <span class='ocrx_word' id='word_1_474' title='bbox 1272 3434 1424 3489; x_wconf 84' lang='lat' dir='ltr'><strong>parce</strong></span> <span class='ocrx_word' id='word_1_475' title='bbox 1448 3418 1685 3480; x_wconf 83' lang='lat' dir='ltr'><strong>seminat,</strong></span> <span class='ocrx_word' id='word_1_476' title='bbox 1710 3434 1865 3486; x_wconf 88' lang='lat' dir='ltr'><strong>parce</strong></span> <span class='ocrx_word' id='word_1_477' title='bbox 1879 3426 1926 3470; x_wconf 89' lang='lat' dir='ltr'><strong>et</strong></span> <span class='ocrx_word' id='word_1_478' title='bbox 1944 3433 2051 3470; x_wconf 82' lang='lat' dir='ltr'><strong>me-</strong></span> 
     </span>
    </p>
   </div>
   <div class='ocr_carea' id='block_1_64' title="bbox 456 3508 2048 3585">
    <p class='ocr_par' dir='ltr' id='par_1_64' title="bbox 456 3508 2048 3585">
     <span class='ocr_line' id='line_1_64' title="bbox 456 3508 2048 3585; baseline -0.005 -15"><span class='ocrx_word' id='word_1_479' title='bbox 456 3527 546 3580; x_wconf 66' lang='lat' dir='ltr'><strong>tet,</strong></span> <span class='ocrx_word' id='word_1_480' title='bbox 565 3527 610 3569; x_wconf 87' lang='lat' dir='ltr'><strong>et</strong></span> <span class='ocrx_word' id='word_1_481' title='bbox 636 3514 723 3585; x_wconf 85' lang='lat' dir='ltr'><strong>qui</strong></span> <span class='ocrx_word' id='word_1_482' title='bbox 744 3514 963 3567; x_wconf 79' lang='lat' dir='ltr'><strong>seminat</strong></span> <span class='ocrx_word' id='word_1_483' title='bbox 987 3512 1042 3566; x_wconf 87' lang='lat' dir='ltr'><strong>in</strong></span> <span class='ocrx_word' id='word_1_484' title='bbox 1064 3508 1501 3565; x_wconf 81' lang='lat' dir='ltr'><strong>benedictionibus</strong></span> <span class='ocrx_word' id='word_1_485' title='bbox 1522 3508 1585 3562; x_wconf 88' lang='lat' dir='ltr'><strong>de</strong></span> <span class='ocrx_word' id='word_1_486' title='bbox 1607 3508 2048 3562; x_wconf 83' lang='lat' dir='ltr'><strong>benedictionibus</strong></span> 
     </span>
    </p>
   </div>
   <div class='ocr_carea' id='block_1_65' title="bbox 455 3598 2049 3667">
    <p class='ocr_par' dir='ltr' id='par_1_65' title="bbox 455 3598 2049 3667">
     <span class='ocr_line' id='line_1_65' title="bbox 455 3598 2049 3667; baseline -0.006 -7"><span class='ocrx_word' id='word_1_487' title='bbox 455 3616 502 3660; x_wconf 90' lang='lat' dir='ltr'><strong>ct</strong></span> <span class='ocrx_word' id='word_1_488' title='bbox 533 3614 705 3659; x_wconf 80' lang='lat' dir='ltr'><strong>metet.</strong></span> <span class='ocrx_word' id='word_1_489' title='bbox 736 3602 921 3658; x_wconf 88' lang='lat' dir='ltr'><strong>Potest</strong></span> <span class='ocrx_word' id='word_1_490' title='bbox 946 3609 1127 3656; x_wconf 88' lang='lat' dir='ltr'><strong>autem</strong></span> <span class='ocrx_word' id='word_1_491' title='bbox 1155 3600 1223 3655; x_wconf 87' lang='lat' dir='ltr'><strong>de</strong></span> <span class='ocrx_word' id='word_1_492' title='bbox 1252 3598 1534 3662; x_wconf 88' lang='lat' dir='ltr'><strong>omnibus,</strong></span> <span class='ocrx_word' id='word_1_493' title='bbox 1559 3612 1679 3667; x_wconf 76' lang='lat' dir='ltr'><strong>quae</strong></span> <span class='ocrx_word' id='word_1_494' title='bbox 1701 3606 1915 3662; x_wconf 89' lang='lat' dir='ltr'><strong>mente,</strong></span> <span class='ocrx_word' id='word_1_495' title='bbox 1934 3612 2049 3651; x_wconf 86' lang='lat' dir='ltr'><strong>ma-</strong></span> 
     </span>
    </p>
   </div>
   <div class='ocr_carea' id='block_1_66' title="bbox 454 3688 2043 3769">
    <p class='ocr_par' dir='ltr' id='par_1_66' title="bbox 454 3688 2043 3769">
     <span class='ocr_line' id='line_1_66' title="bbox 454 3688 2043 3769; baseline -0.006 -16"><span class='ocrx_word' id='word_1_496' title='bbox 454 3715 550 3764; x_wconf 90' lang='lat' dir='ltr'><strong>uu,</strong></span> <span class='ocrx_word' id='word_1_497' title='bbox 576 3698 777 3769; x_wconf 79' lang='lat' dir='ltr'><strong>lingua,</strong></span> <span class='ocrx_word' id='word_1_498' title='bbox 803 3696 1041 3767; x_wconf 84' lang='lat' dir='ltr'><strong>gerimus</strong></span> <span class='ocrx_word' id='word_1_499' title='bbox 1070 3692 1265 3763; x_wconf 85' lang='lat' dir='ltr'><strong>accipi,</strong></span> <span class='ocrx_word' id='word_1_500' title='bbox 1297 3690 1424 3761; x_wconf 87' lang='lat' dir='ltr'><strong>quia</strong></span> <span class='ocrx_word' id='word_1_501' title='bbox 1455 3698 1511 3743; x_wconf 93' lang='lat' dir='ltr'><strong>tu</strong></span> <span class='ocrx_word' id='word_1_502' title='bbox 1554 3688 1748 3745; x_wconf 87' lang='lat' dir='ltr'><strong>reddes</strong></span> <span class='ocrx_word' id='word_1_503' title='bbox 1795 3688 2043 3761; x_wconf 74' lang='lat' dir='ltr'><strong>singulis,</strong></span> 
     </span>
    </p>
   </div>
   <div class='ocr_carea' id='block_1_67' title="bbox 454 3787 1408 3860">
    <p class='ocr_par' dir='ltr' id='par_1_67' title="bbox 454 3787 1408 3860">
     <span class='ocr_line' id='line_1_67' title="bbox 454 3787 1408 3860; baseline -0.012 -15"><span class='ocrx_word' id='word_1_504' title='bbox 454 3789 649 3860; x_wconf 90' lang='lat' dir='ltr'><strong>inquit,</strong></span> <span class='ocrx_word' id='word_1_505' title='bbox 673 3787 969 3843; x_wconf 90' lang='lat' dir='ltr'><strong>secundum</strong></span> <span class='ocrx_word' id='word_1_506' title='bbox 1004 3798 1170 3854; x_wconf 89' lang='lat' dir='ltr'><strong>opera</strong></span> <span class='ocrx_word' id='word_1_507' title='bbox 1197 3796 1408 3837; x_wconf 91' lang='lat' dir='ltr'><strong>eorum.</strong></span> 
     </span>
    </p>
   </div>
   <div class='ocr_carea' id='block_1_68' title="bbox 523 3872 2047 3943">
    <p class='ocr_par' dir='ltr' id='par_1_68' title="bbox 523 3872 2047 3943">
     <span class='ocr_line' id='line_1_68' title="bbox 523 3872 2047 3943; baseline -0.006 -9"><span class='ocrx_word' id='word_1_508' title='bbox 523 3880 737 3934; x_wconf 83' lang='lat' dir='ltr'><strong>Dicebat</strong></span> <span class='ocrx_word' id='word_1_509' title='bbox 763 3888 935 3932; x_wconf 84' lang='lat' dir='ltr'><strong>autent</strong></span> <span class='ocrx_word' id='word_1_510' title='bbox 968 3876 1076 3931; x_wconf 89' lang='lat' dir='ltr'><strong>illis</strong></span> <span class='ocrx_word' id='word_1_511' title='bbox 1109 3884 1157 3931; x_wconf 86' lang='lat' dir='ltr'><strong>et</strong></span> <span class='ocrx_word' id='word_1_512' title='bbox 1202 3872 1620 3930; x_wconf 78' lang='lat' dir='ltr'><strong>similitudinem.</strong></span> <span class='ocrx_word' id='word_1_513' title='bbox 1653 3872 1909 3943; x_wconf 80' lang='lat' dir='ltr'><strong>Nunquid</strong></span> <span class='ocrx_word' id='word_1_514' title='bbox 1954 3888 2047 3943; x_wconf 91' lang='lat' dir='ltr'><strong>po-</strong></span> 
     </span>
    </p>
   </div>
   <div class='ocr_carea' id='block_1_69' title="bbox 453 3965 2048 4033">
    <p class='ocr_par' dir='ltr' id='par_1_69' title="bbox 453 3965 2048 4033">
     <span class='ocr_line' id='line_1_69' title="bbox 453 3965 2048 4033; baseline -0.007 -6"><span class='ocrx_word' id='word_1_515' title='bbox 453 3982 550 4028; x_wconf 88' lang='lat' dir='ltr'><strong>test</strong></span> <span class='ocrx_word' id='word_1_516' title='bbox 581 3987 749 4026; x_wconf 78' lang='lat' dir='ltr'><strong>cwcus</strong></span> <span class='ocrx_word' id='word_1_517' title='bbox 778 3985 971 4024; x_wconf 68' lang='lat' dir='ltr'><strong>ca&#39;cum</strong></span> <span class='ocrx_word' id='word_1_518' title='bbox 1002 3966 1229 4021; x_wconf 75' lang='lat' dir='ltr'><strong>ducere?</strong></span> <span class='ocrx_word' id='word_1_519' title='bbox 1251 3965 1442 4021; x_wconf 85' lang='lat' dir='ltr'><strong>Nonne</strong></span> <span class='ocrx_word' id='word_1_520' title='bbox 1464 3966 1616 4019; x_wconf 88' lang='lat' dir='ltr'><strong>ambo</strong></span> <span class='ocrx_word' id='word_1_521' title='bbox 1643 3966 1698 4018; x_wconf 90' lang='lat' dir='ltr'><strong>in</strong></span> <span class='ocrx_word' id='word_1_522' title='bbox 1730 3965 1931 4033; x_wconf 83' lang='lat' dir='ltr'><strong>foveam</strong></span> <span class='ocrx_word' id='word_1_523' title='bbox 1959 3982 2048 4018; x_wconf 88' lang='lat' dir='ltr'><strong>ca-</strong></span> 
     </span>
    </p>
   </div>
   <div class='ocr_carea' id='block_1_70' title="bbox 454 4056 2046 4128">
    <p class='ocr_par' dir='ltr' id='par_1_70' title="bbox 454 4056 2046 4128">
     <span class='ocr_line' id='line_1_70' title="bbox 454 4056 2046 4128; baseline -0.008 -9"><span class='ocrx_word' id='word_1_524' title='bbox 454 4061 617 4119; x_wconf 83' lang='lat' dir='ltr'><strong>dent?</strong></span> <span class='ocrx_word' id='word_1_525' title='bbox 638 4061 842 4116; x_wconf 84' lang='lat' dir='ltr'><strong>Sensus</strong></span> <span class='ocrx_word' id='word_1_526' title='bbox 870 4056 1245 4128; x_wconf 86' lang='lat' dir='ltr'><strong>hujuscemodi</strong></span> <span class='ocrx_word' id='word_1_527' title='bbox 1267 4056 1547 4110; x_wconf 67' lang='lat' dir='ltr'><strong>senteutize</strong></span> <span class='ocrx_word' id='word_1_528' title='bbox 1574 4056 1772 4125; x_wconf 80' lang='lat' dir='ltr'><strong>pendet</strong></span> <span class='ocrx_word' id='word_1_529' title='bbox 1796 4070 1861 4109; x_wconf 79' lang='lat' dir='ltr'><strong>ex</strong></span> <span class='ocrx_word' id='word_1_530' title='bbox 1891 4070 2046 4125; x_wconf 89' lang='lat' dir='ltr'><strong>supe-</strong></span> 
     </span>
    </p>
   </div>
   <div class='ocr_carea' id='block_1_71' title="bbox 454 4145 2047 4218">
    <p class='ocr_par' dir='ltr' id='par_1_71' title="bbox 454 4145 2047 4218">
     <span class='ocr_line' id='line_1_71' title="bbox 454 4145 2047 4218; baseline -0.006 -10"><span class='ocrx_word' id='word_1_531' title='bbox 454 4152 711 4217; x_wconf 84' lang='lat' dir='ltr'><strong>rioribus,</strong></span> <span class='ocrx_word' id='word_1_532' title='bbox 744 4150 834 4206; x_wconf 90' lang='lat' dir='ltr'><strong>ubi</strong></span> <span class='ocrx_word' id='word_1_533' title='bbox 864 4150 931 4205; x_wconf 91' lang='lat' dir='ltr'><strong>de</strong></span> <span class='ocrx_word' id='word_1_534' title='bbox 966 4149 1142 4203; x_wconf 88' lang='lat' dir='ltr'><strong>danda</strong></span> <span class='ocrx_word' id='word_1_535' title='bbox 1177 4147 1517 4218; x_wconf 86' lang='lat' dir='ltr'><strong>eleemosyna</strong></span> <span class='ocrx_word' id='word_1_536' title='bbox 1545 4155 1600 4201; x_wconf 91' lang='lat' dir='ltr'><strong>et</strong></span> <span class='ocrx_word' id='word_1_537' title='bbox 1629 4145 1828 4216; x_wconf 87' lang='lat' dir='ltr'><strong>injuria</strong></span> <span class='ocrx_word' id='word_1_538' title='bbox 1864 4145 2047 4199; x_wconf 86' lang='lat' dir='ltr'><strong>dimit—</strong></span> 
     </span>
    </p>
   </div>
   <div class='ocr_carea' id='block_1_72' title="bbox 455 4236 2042 4315">
    <p class='ocr_par' dir='ltr' id='par_1_72' title="bbox 455 4236 2042 4315">
     <span class='ocr_line' id='line_1_72' title="bbox 455 4236 2042 4315; baseline -0.008 -14"><span class='ocrx_word' id='word_1_539' title='bbox 455 4245 614 4301; x_wconf 85' lang='lat' dir='ltr'><strong>tenda</strong></span> <span class='ocrx_word' id='word_1_540' title='bbox 644 4242 973 4315; x_wconf 66' lang='lat' dir='ltr'><strong>praecipitur.</strong></span> <span class='ocrx_word' id='word_1_541' title='bbox 1005 4240 1062 4295; x_wconf 87' lang='lat' dir='ltr'><strong>Si</strong></span> <span class='ocrx_word' id='word_1_542' title='bbox 1092 4249 1165 4305; x_wconf 89' lang='lat' dir='ltr'><strong>te,</strong></span> <span class='ocrx_word' id='word_1_543' title='bbox 1191 4239 1388 4308; x_wconf 87' lang='lat' dir='ltr'><strong>inquit,</strong></span> <span class='ocrx_word' id='word_1_544' title='bbox 1408 4238 1491 4293; x_wconf 84' lang='lat' dir='ltr'><strong>ira</strong></span> <span class='ocrx_word' id='word_1_545' title='bbox 1519 4245 1705 4293; x_wconf 89' lang='lat' dir='ltr'><strong>contra</strong></span> <span class='ocrx_word' id='word_1_546' title='bbox 1726 4236 2042 4301; x_wconf 90' lang='lat' dir='ltr'><strong>violentum,</strong></span> 
     </span>
    </p>
   </div>
   <div class='ocr_carea' id='block_1_73' title="bbox 451 4330 2046 4406">
    <p class='ocr_par' dir='ltr' id='par_1_73' title="bbox 451 4330 2046 4406">
     <span class='ocr_line' id='line_1_73' title="bbox 451 4330 2046 4406; baseline -0.008 -12"><span class='ocrx_word' id='word_1_547' title='bbox 451 4347 507 4393; x_wconf 89' lang='lat' dir='ltr'><strong>ct</strong></span> <span class='ocrx_word' id='word_1_548' title='bbox 540 4346 730 4394; x_wconf 89' lang='lat' dir='ltr'><strong>contra</strong></span> <span class='ocrx_word' id='word_1_549' title='bbox 778 4343 1051 4406; x_wconf 88' lang='lat' dir='ltr'><strong>potentem</strong></span> <span class='ocrx_word' id='word_1_550' title='bbox 1097 4332 1427 4403; x_wconf 84' lang='lat' dir='ltr'><strong>philargyria</strong></span> <span class='ocrx_word' id='word_1_551' title='bbox 1454 4330 1758 4395; x_wconf 68' lang='lat' dir='ltr'><strong>caecaverit,</strong></span> <span class='ocrx_word' id='word_1_552' title='bbox 1803 4330 2046 4399; x_wconf 87' lang='lat' dir='ltr'><strong>nunquid</strong></span> 
     </span>
    </p>
   </div>
   <div class='ocr_carea' id='block_1_74' title="bbox 455 4422 2046 4494">
    <p class='ocr_par' dir='ltr' id='par_1_74' title="bbox 455 4422 2046 4494">
     <span class='ocr_line' id='line_1_74' title="bbox 455 4422 2046 4494; baseline -0.007 -6"><span class='ocrx_word' id='word_1_553' title='bbox 455 4444 546 4489; x_wconf 89' lang='lat' dir='ltr'><strong>tua</strong></span> <span class='ocrx_word' id='word_1_554' title='bbox 578 4439 757 4487; x_wconf 80' lang='lat' dir='ltr'><strong>mente</strong></span> <span class='ocrx_word' id='word_1_555' title='bbox 783 4428 968 4484; x_wconf 81' lang='lat' dir='ltr'><strong>vitiata</strong></span> <span class='ocrx_word' id='word_1_556' title='bbox 994 4428 1184 4481; x_wconf 88' lang='lat' dir='ltr'><strong>vitium</strong></span> <span class='ocrx_word' id='word_1_557' title='bbox 1215 4424 1333 4494; x_wconf 80' lang='lat' dir='ltr'><strong>ejus</strong></span> <span class='ocrx_word' id='word_1_558' title='bbox 1357 4439 1551 4480; x_wconf 88' lang='lat' dir='ltr'><strong>curare</strong></span> <span class='ocrx_word' id='word_1_559' title='bbox 1574 4423 1812 4494; x_wconf 83' lang='lat' dir='ltr'><strong>poteris?</strong></span> <span class='ocrx_word' id='word_1_560' title='bbox 1833 4424 1940 4478; x_wconf 86' lang='lat' dir='ltr'><strong>Aut</strong></span> <span class='ocrx_word' id='word_1_561' title='bbox 1958 4422 2046 4477; x_wconf 92' lang='lat' dir='ltr'><strong>ille</strong></span> 
     </span>
    </p>
   </div>
   <div class='ocr_carea' id='block_1_75' title="bbox 454 4514 2044 4592">
    <p class='ocr_par' dir='ltr' id='par_1_75' title="bbox 454 4514 2044 4592">
     <span class='ocr_line' id='line_1_75' title="bbox 454 4514 2044 4592; baseline -0.006 -11"><span class='ocrx_word' id='word_1_562' title='bbox 454 4524 600 4581; x_wconf 79' lang='lat' dir='ltr'><strong>salus</strong></span> <span class='ocrx_word' id='word_1_563' title='bbox 623 4522 715 4592; x_wconf 90' lang='lat' dir='ltr'><strong>qui</strong></span> <span class='ocrx_word' id='word_1_564' title='bbox 739 4520 993 4591; x_wconf 86' lang='lat' dir='ltr'><strong>injuriam</strong></span> <span class='ocrx_word' id='word_1_565' title='bbox 1032 4518 1179 4584; x_wconf 80' lang='lat' dir='ltr'><strong>fecit,</strong></span> <span class='ocrx_word' id='word_1_566' title='bbox 1207 4526 1390 4571; x_wconf 88' lang='lat' dir='ltr'><strong>etnon</strong></span> <span class='ocrx_word' id='word_1_567' title='bbox 1441 4524 1495 4571; x_wconf 92' lang='lat' dir='ltr'><strong>tu</strong></span> <span class='ocrx_word' id='word_1_568' title='bbox 1543 4517 1708 4571; x_wconf 90' lang='lat' dir='ltr'><strong>etiam</strong></span> <span class='ocrx_word' id='word_1_569' title='bbox 1756 4516 1847 4586; x_wconf 92' lang='lat' dir='ltr'><strong>qui</strong></span> <span class='ocrx_word' id='word_1_570' title='bbox 1901 4514 2044 4571; x_wconf 76' lang='lat' dir='ltr'><strong>ferre</strong></span> 
     </span>
    </p>
   </div>
   <div class='ocr_carea' id='block_1_76' title="bbox 454 4608 2041 4681">
    <p class='ocr_par' dir='ltr' id='par_1_76' title="bbox 454 4608 2041 4681">
     <span class='ocr_line' id='line_1_76' title="bbox 454 4608 2041 4681; baseline -0.007 -9"><span class='ocrx_word' id='word_1_571' title='bbox 454 4616 733 4672; x_wconf 84' lang='lat' dir='ltr'><strong>nesciebas</strong></span> <span class='ocrx_word' id='word_1_572' title='bbox 759 4626 885 4667; x_wconf 87' lang='lat' dir='ltr'><strong>reus</strong></span> <span class='ocrx_word' id='word_1_573' title='bbox 900 4608 1278 4681; x_wconf 82' lang='lat' dir='ltr'><strong>deputabcris?</strong></span> <span class='ocrx_word' id='word_1_574' title='bbox 1301 4610 1369 4663; x_wconf 86' lang='lat' dir='ltr'><strong>At</strong></span> <span class='ocrx_word' id='word_1_575' title='bbox 1391 4609 1435 4665; x_wconf 88' lang='lat' dir='ltr'><strong>si</strong></span> <span class='ocrx_word' id='word_1_576' title='bbox 1461 4609 1645 4681; x_wconf 78' lang='lat' dir='ltr'><strong>utilem</strong></span> <span class='ocrx_word' id='word_1_577' title='bbox 1676 4608 2041 4680; x_wconf 64' lang='lat' dir='ltr'><strong>te,tranquil-</strong></span> 
     </span>
    </p>
   </div>
   <div class='ocr_carea' id='block_1_77' title="bbox 454 4698 2038 4777">
    <p class='ocr_par' dir='ltr' id='par_1_77' title="bbox 454 4698 2038 4777">
     <span class='ocr_line' id='line_1_77' title="bbox 454 4698 2038 4777; baseline -0.004 -17"><span class='ocrx_word' id='word_1_578' title='bbox 454 4709 669 4777; x_wconf 66' lang='lat' dir='ltr'><strong>Ianique</strong></span> <span class='ocrx_word' id='word_1_579' title='bbox 695 4703 930 4777; x_wconf 84' lang='lat' dir='ltr'><strong>pectoris</strong></span> <span class='ocrx_word' id='word_1_580' title='bbox 954 4702 1069 4770; x_wconf 85' lang='lat' dir='ltr'><strong>ejus</strong></span> <span class='ocrx_word' id='word_1_581' title='bbox 1095 4700 1412 4770; x_wconf 82' lang='lat' dir='ltr'><strong>improbitas</strong></span> <span class='ocrx_word' id='word_1_582' title='bbox 1438 4699 1725 4762; x_wconf 80' lang='lat' dir='ltr'><strong>invenerit,</strong></span> <span class='ocrx_word' id='word_1_583' title='bbox 1754 4707 1809 4753; x_wconf 88' lang='lat' dir='ltr'><strong>et</strong></span> <span class='ocrx_word' id='word_1_584' title='bbox 1855 4698 1941 4753; x_wconf 90' lang='lat' dir='ltr'><strong>ille</strong></span> <span class='ocrx_word' id='word_1_585' title='bbox 1972 4700 2038 4755; x_wconf 91' lang='lat' dir='ltr'><strong>ad</strong></span> 
     </span>
    </p>
   </div>
   <div class='ocr_carea' id='block_1_78' title="bbox 451 4791 2039 4870">
    <p class='ocr_par' dir='ltr' id='par_1_78' title="bbox 451 4791 2039 4870">
     <span class='ocr_line' id='line_1_78' title="bbox 451 4791 2039 4870; baseline -0.005 -17"><span class='ocrx_word' id='word_1_586' title='bbox 451 4797 829 4870; x_wconf 73' lang='lat' dir='ltr'><strong>pmuitentiam</strong></span> <span class='ocrx_word' id='word_1_587' title='bbox 856 4794 1180 4859; x_wconf 82' lang='lat' dir='ltr'><strong>movebitur,</strong></span> <span class='ocrx_word' id='word_1_588' title='bbox 1204 4801 1260 4847; x_wconf 90' lang='lat' dir='ltr'><strong>et</strong></span> <span class='ocrx_word' id='word_1_589' title='bbox 1300 4801 1353 4847; x_wconf 90' lang='lat' dir='ltr'><strong>tu</strong></span> <span class='ocrx_word' id='word_1_590' title='bbox 1390 4791 1664 4862; x_wconf 68' lang='lat' dir='ltr'><strong>patientiae</strong></span> <span class='ocrx_word' id='word_1_591' title='bbox 1692 4791 1915 4859; x_wconf 71' lang='lat' dir='ltr'><strong>praemio</strong></span> <span class='ocrx_word' id='word_1_592' title='bbox 1944 4792 2039 4845; x_wconf 85' lang='lat' dir='ltr'><strong>do-</strong></span> 
     </span>
    </p>
   </div>
   <div class='ocr_carea' id='block_1_79' title="bbox 450 4884 2040 4960">
    <p class='ocr_par' dir='ltr' id='par_1_79' title="bbox 450 4884 2040 4960">
     <span class='ocr_line' id='line_1_79' title="bbox 450 4884 2040 4960; baseline -0.006 -12"><span class='ocrx_word' id='word_1_593' title='bbox 450 4891 693 4957; x_wconf 84' lang='lat' dir='ltr'><strong>naberis,</strong></span> <span class='ocrx_word' id='word_1_594' title='bbox 720 4891 846 4960; x_wconf 89' lang='lat' dir='ltr'><strong>quia</strong></span> <span class='ocrx_word' id='word_1_595' title='bbox 876 4903 1081 4943; x_wconf 59' lang='lat' dir='ltr'><strong>caecum</strong></span> <span class='ocrx_word' id='word_1_596' title='bbox 1112 4887 1330 4941; x_wconf 87' lang='lat' dir='ltr'><strong>vidente</strong></span> <span class='ocrx_word' id='word_1_597' title='bbox 1368 4884 1545 4950; x_wconf 90' lang='lat' dir='ltr'><strong>oculo,</strong></span> <span class='ocrx_word' id='word_1_598' title='bbox 1599 4884 1701 4939; x_wconf 87' lang='lat' dir='ltr'><strong>hoc</strong></span> <span class='ocrx_word' id='word_1_599' title='bbox 1744 4891 1848 4949; x_wconf 85' lang='lat' dir='ltr'><strong>est,</strong></span> <span class='ocrx_word' id='word_1_600' title='bbox 1879 4884 2040 4939; x_wconf 87' lang='lat' dir='ltr'><strong>corde</strong></span> 
     </span>
    </p>
   </div>
   <div class='ocr_carea' id='block_1_80' title="bbox 450 4976 1455 5039">
    <p class='ocr_par' dir='ltr' id='par_1_80' title="bbox 450 4976 1455 5039">
     <span class='ocr_line' id='line_1_80' title="bbox 450 4976 1455 5039; baseline -0.01 0"><span class='ocrx_word' id='word_1_601' title='bbox 450 4998 643 5039; x_wconf 88' lang='lat' dir='ltr'><strong>sereno</strong></span> <span class='ocrx_word' id='word_1_602' title='bbox 669 4981 867 5036; x_wconf 89' lang='lat' dir='ltr'><strong>ducere</strong></span> <span class='ocrx_word' id='word_1_603' title='bbox 893 4977 1124 5035; x_wconf 84' lang='lat' dir='ltr'><strong>curabas</strong></span> <span class='ocrx_word' id='word_1_604' title='bbox 1154 4976 1219 5031; x_wconf 90' lang='lat' dir='ltr'><strong>ad</strong></span> <span class='ocrx_word' id='word_1_605' title='bbox 1254 4976 1455 5030; x_wconf 90' lang='lat' dir='ltr'><strong>lumen.</strong></span> 
     </span>
    </p>
   </div>
   <div class='ocr_carea' id='block_1_81' title="bbox 526 5064 2037 5141">
    <p class='ocr_par' dir='ltr' id='par_1_81' title="bbox 526 5064 2037 5141">
     <span class='ocr_line' id='line_1_81' title="bbox 526 5064 2037 5141; baseline -0.009 -13"><span class='ocrx_word' id='word_1_606' title='bbox 526 5074 649 5128; x_wconf 85' lang='lat' dir='ltr'><strong>Non</strong></span> <span class='ocrx_word' id='word_1_607' title='bbox 670 5084 742 5127; x_wconf 85' lang='lat' dir='ltr'><strong>est</strong></span> <span class='ocrx_word' id='word_1_608' title='bbox 768 5069 1055 5141; x_wconf 84' lang='lat' dir='ltr'><strong>discipulus</strong></span> <span class='ocrx_word' id='word_1_609' title='bbox 1070 5084 1227 5139; x_wconf 86' lang='lat' dir='ltr'><strong>super</strong></span> <span class='ocrx_word' id='word_1_610' title='bbox 1246 5068 1576 5137; x_wconf 84' lang='lat' dir='ltr'><strong>magistrum;</strong></span> <span class='ocrx_word' id='word_1_611' title='bbox 1593 5064 1850 5135; x_wconf 86' lang='lat' dir='ltr'><strong>perfectus</strong></span> <span class='ocrx_word' id='word_1_612' title='bbox 1865 5074 2037 5118; x_wconf 85' lang='lat' dir='ltr'><strong>autem</strong></span> 
     </span>
    </p>
   </div>
   <div class='ocr_carea' id='block_1_82' title="bbox 454 5154 2038 5229">
    <p class='ocr_par' dir='ltr' id='par_1_82' title="bbox 454 5154 2038 5229">
     <span class='ocr_line' id='line_1_82' title="bbox 454 5154 2038 5229; baseline -0.008 -10"><span class='ocrx_word' id='word_1_613' title='bbox 454 5165 617 5219; x_wconf 78' lang='lat' dir='ltr'><strong>atmiis</strong></span> <span class='ocrx_word' id='word_1_614' title='bbox 647 5174 763 5227; x_wconf 77' lang='lat' dir='ltr'><strong>erit,</strong></span> <span class='ocrx_word' id='word_1_615' title='bbox 793 5164 835 5216; x_wconf 87' lang='lat' dir='ltr'><strong>si</strong></span> <span class='ocrx_word' id='word_1_616' title='bbox 862 5164 929 5215; x_wconf 85' lang='lat' dir='ltr'><strong>sit</strong></span> <span class='ocrx_word' id='word_1_617' title='bbox 950 5161 1083 5213; x_wconf 83' lang='lat' dir='ltr'><strong>sicut</strong></span> <span class='ocrx_word' id='word_1_618' title='bbox 1112 5156 1511 5229; x_wconf 42' lang='lat' dir='ltr'><strong>magis&#39;er&#39;ejus.</strong></span> <span class='ocrx_word' id='word_1_619' title='bbox 1547 5154 1602 5209; x_wconf 84' lang='lat' dir='ltr'><strong>Si</strong></span> <span class='ocrx_word' id='word_1_620' title='bbox 1636 5154 1922 5225; x_wconf 77' lang='lat' dir='ltr'><strong>magister,</strong></span> <span class='ocrx_word' id='word_1_621' title='bbox 1948 5154 2038 5223; x_wconf 85' lang='lat' dir='ltr'><strong>qui</strong></span> 
     </span>
    </p>
   </div>
   <div class='ocr_carea' id='block_1_83' title="bbox 454 5246 2037 5326">
    <p class='ocr_par' dir='ltr' id='par_1_83' title="bbox 454 5246 2037 5326">
     <span class='ocr_line' id='line_1_83' title="bbox 454 5246 2037 5326; baseline -0.008 -16"><span class='ocrx_word' id='word_1_622' title='bbox 454 5258 640 5326; x_wconf 84' lang='lat' dir='ltr'><strong>utique</strong></span> <span class='ocrx_word' id='word_1_623' title='bbox 665 5255 821 5325; x_wconf 89' lang='lat' dir='ltr'><strong>quasi</strong></span> <span class='ocrx_word' id='word_1_624' title='bbox 852 5254 992 5307; x_wconf 88' lang='lat' dir='ltr'><strong>Deus</strong></span> <span class='ocrx_word' id='word_1_625' title='bbox 1017 5250 1189 5320; x_wconf 85' lang='lat' dir='ltr'><strong>putuit</strong></span> <span class='ocrx_word' id='word_1_626' title='bbox 1213 5264 1319 5303; x_wconf 89' lang='lat' dir='ltr'><strong>non</strong></span> <span class='ocrx_word' id='word_1_627' title='bbox 1343 5263 1468 5302; x_wconf 85' lang='lat' dir='ltr'><strong>suas</strong></span> <span class='ocrx_word' id='word_1_628' title='bbox 1493 5249 1661 5300; x_wconf 86' lang='lat' dir='ltr'><strong>ultum</strong></span> <span class='ocrx_word' id='word_1_629' title='bbox 1692 5248 1770 5300; x_wconf 87' lang='lat' dir='ltr'><strong>ire</strong></span> <span class='ocrx_word' id='word_1_630' title='bbox 1794 5246 2037 5315; x_wconf 85' lang='lat' dir='ltr'><strong>injurias,</strong></span> 
     </span>
    </p>
   </div>
   <div class='ocr_carea' id='block_1_84' title="bbox 454 5336 2041 5417">
    <p class='ocr_par' dir='ltr' id='par_1_84' title="bbox 454 5336 2041 5417">
     <span class='ocr_line' id='line_1_84' title="bbox 454 5336 2041 5417; baseline -0.009 -13"><span class='ocrx_word' id='word_1_631' title='bbox 454 5349 547 5406; x_wconf 89' lang='lat' dir='ltr'><strong>sed</strong></span> <span class='ocrx_word' id='word_1_632' title='bbox 576 5350 719 5417; x_wconf 90' lang='lat' dir='ltr'><strong>ipsos</strong></span> <span class='ocrx_word' id='word_1_633' title='bbox 748 5345 937 5401; x_wconf 87' lang='lat' dir='ltr'><strong>maluit</strong></span> <span class='ocrx_word' id='word_1_634' title='bbox 967 5343 1303 5397; x_wconf 88' lang='lat' dir='ltr'><strong>insecutores</strong></span> <span class='ocrx_word' id='word_1_635' title='bbox 1326 5339 1578 5410; x_wconf 87' lang='lat' dir='ltr'><strong>patiendo</strong></span> <span class='ocrx_word' id='word_1_636' title='bbox 1598 5336 1823 5391; x_wconf 86' lang='lat' dir='ltr'><strong>reddere</strong></span> <span class='ocrx_word' id='word_1_637' title='bbox 1861 5336 2041 5390; x_wconf 82' lang='lat' dir='ltr'><strong>mitio-</strong></span> 
     </span>
    </p>
   </div>
   <div class='ocr_carea' id='block_1_85' title="bbox 453 5427 2043 5511">
    <p class='ocr_par' dir='ltr' id='par_1_85' title="bbox 453 5427 2043 5511">
     <span class='ocr_line' id='line_1_85' title="bbox 453 5427 2043 5511; baseline -0.011 -12"><span class='ocrx_word' id='word_1_638' title='bbox 453 5460 563 5507; x_wconf 89' lang='lat' dir='ltr'><strong>res,</strong></span> <span class='ocrx_word' id='word_1_639' title='bbox 594 5442 837 5496; x_wconf 81' lang='lat' dir='ltr'><strong>eamdem</strong></span> <span class='ocrx_word' id='word_1_640' title='bbox 872 5450 1092 5511; x_wconf 83' lang='lat' dir='ltr'><strong>necesse</strong></span> <span class='ocrx_word' id='word_1_641' title='bbox 1119 5444 1203 5489; x_wconf 86' lang='lat' dir='ltr'><strong>est</strong></span> <span class='ocrx_word' id='word_1_642' title='bbox 1234 5431 1502 5501; x_wconf 86' lang='lat' dir='ltr'><strong>discipuli,</strong></span> <span class='ocrx_word' id='word_1_643' title='bbox 1534 5430 1621 5499; x_wconf 82' lang='lat' dir='ltr'><strong>qui</strong></span> <span class='ocrx_word' id='word_1_644' title='bbox 1646 5428 1765 5499; x_wconf 90' lang='lat' dir='ltr'><strong>puri</strong></span> <span class='ocrx_word' id='word_1_645' title='bbox 1797 5427 2043 5482; x_wconf 82' lang='lat' dir='ltr'><strong>homines</strong></span> 
     </span>
    </p>
   </div>
   <div class='ocr_carea' id='block_1_86' title="bbox 455 5524 1591 5601">
    <p class='ocr_par' dir='ltr' id='par_1_86' title="bbox 455 5524 1591 5601">
     <span class='ocr_line' id='line_1_86' title="bbox 455 5524 1591 5601; baseline -0.012 -15"><span class='ocrx_word' id='word_1_646' title='bbox 455 5529 865 5601; x_wconf 79' lang='lat' dir='ltr'><strong>s:u:t,-regulam</strong></span> <span class='ocrx_word' id='word_1_647' title='bbox 898 5524 1245 5597; x_wconf 76' lang='lat' dir='ltr'><strong>perfectionis</strong></span> <span class='ocrx_word' id='word_1_648' title='bbox 1275 5533 1591 5592; x_wconf 85' lang='lat' dir='ltr'><strong>sequantur.</strong></span> 
     </span>
    </p>
   </div>
   <div class='ocr_carea' id='block_1_87' title="bbox 526 5612 2043 5690">
    <p class='ocr_par' dir='ltr' id='par_1_87' title="bbox 526 5612 2043 5690">
     <span class='ocr_line' id='line_1_87' title="bbox 526 5612 2043 5690; baseline -0.011 -13"><span class='ocrx_word' id='word_1_649' title='bbox 526 5625 665 5690; x_wconf 78' lang='lat' dir='ltr'><strong>Quid</strong></span> <span class='ocrx_word' id='word_1_650' title='bbox 696 5633 868 5675; x_wconf 87' lang='lat' dir='ltr'><strong>autem</strong></span> <span class='ocrx_word' id='word_1_651' title='bbox 894 5620 1031 5673; x_wconf 87' lang='lat' dir='ltr'><strong>vides</strong></span> <span class='ocrx_word' id='word_1_652' title='bbox 1056 5618 1309 5687; x_wconf 76' lang='lat' dir='ltr'><strong>festucam</strong></span> <span class='ocrx_word' id='word_1_653' title='bbox 1334 5616 1385 5668; x_wconf 86' lang='lat' dir='ltr'><strong>iu</strong></span> <span class='ocrx_word' id='word_1_654' title='bbox 1414 5614 1563 5669; x_wconf 87' lang='lat' dir='ltr'><strong>oculo</strong></span> <span class='ocrx_word' id='word_1_655' title='bbox 1593 5613 1773 5683; x_wconf 84' lang='lat' dir='ltr'><strong>fratris</strong></span> <span class='ocrx_word' id='word_1_656' title='bbox 1805 5612 1905 5674; x_wconf 89' lang='lat' dir='ltr'><strong>tui,</strong></span> <span class='ocrx_word' id='word_1_657' title='bbox 1929 5620 2043 5663; x_wconf 89' lang='lat' dir='ltr'><strong>tra-</strong></span> 
     </span>
    </p>
   </div>
   <div class='ocr_carea' id='block_1_88' title="bbox 456 5700 2044 5783">
    <p class='ocr_par' dir='ltr' id='par_1_88' title="bbox 456 5700 2044 5783">
     <span class='ocr_line' id='line_1_88' title="bbox 456 5700 2044 5783; baseline -0.012 -12"><span class='ocrx_word' id='word_1_658' title='bbox 456 5717 566 5772; x_wconf 87' lang='lat' dir='ltr'><strong>bem</strong></span> <span class='ocrx_word' id='word_1_659' title='bbox 606 5723 780 5769; x_wconf 88' lang='lat' dir='ltr'><strong>autem</strong></span> <span class='ocrx_word' id='word_1_660' title='bbox 815 5728 930 5783; x_wconf 80' lang='lat' dir='ltr'><strong>qua:</strong></span> <span class='ocrx_word' id='word_1_661' title='bbox 974 5712 1028 5764; x_wconf 89' lang='lat' dir='ltr'><strong>in</strong></span> <span class='ocrx_word' id='word_1_662' title='bbox 1073 5708 1225 5763; x_wconf 86' lang='lat' dir='ltr'><strong>oculo</strong></span> <span class='ocrx_word' id='word_1_663' title='bbox 1272 5716 1361 5760; x_wconf 88' lang='lat' dir='ltr'><strong>tuo</strong></span> <span class='ocrx_word' id='word_1_664' title='bbox 1409 5717 1505 5770; x_wconf 85' lang='lat' dir='ltr'><strong>est,</strong></span> <span class='ocrx_word' id='word_1_665' title='bbox 1539 5721 1643 5757; x_wconf 84' lang='lat' dir='ltr'><strong>non</strong></span> <span class='ocrx_word' id='word_1_666' title='bbox 1702 5700 2044 5756; x_wconf 80' lang='lat' dir='ltr'><strong>consideras?</strong></span> 
     </span>
    </p>
   </div>
   <div class='ocr_carea' id='block_1_89' title="bbox 457 5790 2043 5875">
    <p class='ocr_par' dir='ltr' id='par_1_89' title="bbox 457 5790 2043 5875">
     <span class='ocr_line' id='line_1_89' title="bbox 457 5790 2043 5875; baseline -0.014 -11"><span class='ocrx_word' id='word_1_667' title='bbox 457 5806 655 5863; x_wconf 88' lang='lat' dir='ltr'><strong>Oculus</strong></span> <span class='ocrx_word' id='word_1_668' title='bbox 684 5805 773 5860; x_wconf 89' lang='lat' dir='ltr'><strong>hic</strong></span> <span class='ocrx_word' id='word_1_669' title='bbox 806 5820 905 5875; x_wconf 90' lang='lat' dir='ltr'><strong>pro</strong></span> <span class='ocrx_word' id='word_1_670' title='bbox 930 5815 1091 5857; x_wconf 87' lang='lat' dir='ltr'><strong>sensu</strong></span> <span class='ocrx_word' id='word_1_671' title='bbox 1125 5798 1323 5854; x_wconf 86' lang='lat' dir='ltr'><strong>mentis</strong></span> <span class='ocrx_word' id='word_1_672' title='bbox 1363 5797 1603 5865; x_wconf 83' lang='lat' dir='ltr'><strong>ponitur,</strong></span> <span class='ocrx_word' id='word_1_673' title='bbox 1632 5801 1688 5847; x_wconf 91' lang='lat' dir='ltr'><strong>et</strong></span> <span class='ocrx_word' id='word_1_674' title='bbox 1726 5792 1826 5845; x_wconf 93' lang='lat' dir='ltr'><strong>hoc</strong></span> <span class='ocrx_word' id='word_1_675' title='bbox 1858 5790 1925 5844; x_wconf 85' lang='lat' dir='ltr'><strong>ad</strong></span> <span class='ocrx_word' id='word_1_676' title='bbox 1952 5805 2043 5843; x_wconf 85' lang='lat' dir='ltr'><strong>su-</strong></span> 
     </span>
    </p>
   </div>
   <div class='ocr_carea' id='block_1_90' title="bbox 455 5879 2039 5971">
    <p class='ocr_par' dir='ltr' id='par_1_90' title="bbox 455 5879 2039 5971">
     <span class='ocr_line' id='line_1_90' title="bbox 455 5879 2039 5971; baseline -0.015 -14"><span class='ocrx_word' id='word_1_677' title='bbox 455 5899 669 5971; x_wconf 86' lang='lat' dir='ltr'><strong>periora</strong></span> <span class='ocrx_word' id='word_1_678' title='bbox 702 5890 1049 5965; x_wconf 86' lang='lat' dir='ltr'><strong>respicit,ubi</strong></span> <span class='ocrx_word' id='word_1_679' title='bbox 1084 5904 1284 5946; x_wconf 75' lang='lat' dir='ltr'><strong>czecum</strong></span> <span class='ocrx_word' id='word_1_680' title='bbox 1319 5902 1347 5939; x_wconf 88' lang='lat' dir='ltr'><strong>a</strong></span> <span class='ocrx_word' id='word_1_681' title='bbox 1380 5900 1522 5940; x_wconf 62' lang='lat' dir='ltr'><strong>caeco</strong></span> <span class='ocrx_word' id='word_1_682' title='bbox 1550 5882 1687 5946; x_wconf 87' lang='lat' dir='ltr'><strong>duci,</strong></span> <span class='ocrx_word' id='word_1_683' title='bbox 1715 5879 1767 5936; x_wconf 87' lang='lat' dir='ltr'><strong>id</strong></span> <span class='ocrx_word' id='word_1_684' title='bbox 1800 5889 1900 5945; x_wconf 88' lang='lat' dir='ltr'><strong>est,</strong></span> <span class='ocrx_word' id='word_1_685' title='bbox 1918 5894 2039 5948; x_wconf 85' lang='lat' dir='ltr'><strong>pec-</strong></span> 
     </span>
    </p>
   </div>
   <div class='ocr_carea' id='block_1_91' title="bbox 2150 3422 3763 3494">
    <p class='ocr_par' dir='ltr' id='par_1_91' title="bbox 2150 3422 3763 3494">
     <span class='ocr_line' id='line_1_91' title="bbox 2150 3422 3763 3494; baseline 0.003 -16"><span class='ocrx_word' id='word_1_686' title='bbox 2150 3424 2446 3478; x_wconf 86' lang='lat' dir='ltr'><strong>necessitas</strong></span> <span class='ocrx_word' id='word_1_687' title='bbox 2471 3423 2727 3493; x_wconf 84' lang='lat' dir='ltr'><strong>coegerit,</strong></span> <span class='ocrx_word' id='word_1_688' title='bbox 2761 3422 2936 3492; x_wconf 89' lang='lat' dir='ltr'><strong>primo</strong></span> <span class='ocrx_word' id='word_1_689' title='bbox 2982 3424 3283 3494; x_wconf 82' lang='lat' dir='ltr'><strong>cogitemus</strong></span> <span class='ocrx_word' id='word_1_690' title='bbox 3324 3434 3504 3480; x_wconf 89' lang='lat' dir='ltr'><strong>utrum</strong></span> <span class='ocrx_word' id='word_1_691' title='bbox 3536 3426 3644 3482; x_wconf 85' lang='lat' dir='ltr'><strong>tale</strong></span> <span class='ocrx_word' id='word_1_692' title='bbox 3672 3428 3763 3483; x_wconf 69' lang='lat' dir='ltr'><strong>sit</strong></span> 
     </span>
    </p>
   </div>
   <div class='ocr_carea' id='block_1_92' title="bbox 2150 3506 3751 3586">
    <p class='ocr_par' dir='ltr' id='par_1_92' title="bbox 2150 3506 3751 3586">
     <span class='ocr_line' id='line_1_92' title="bbox 2150 3506 3751 3586; baseline 0.004 -20"><span class='ocrx_word' id='word_1_693' title='bbox 2150 3514 2360 3577; x_wconf 86' lang='lat' dir='ltr'><strong>vitium,</strong></span> <span class='ocrx_word' id='word_1_694' title='bbox 2392 3514 2534 3583; x_wconf 88' lang='lat' dir='ltr'><strong>quod</strong></span> <span class='ocrx_word' id='word_1_695' title='bbox 2558 3530 2832 3583; x_wconf 88' lang='lat' dir='ltr'><strong>nunquam</strong></span> <span class='ocrx_word' id='word_1_696' title='bbox 2865 3514 3175 3579; x_wconf 71' lang='lat' dir='ltr'><strong>halmimus,</strong></span> <span class='ocrx_word' id='word_1_697' title='bbox 3202 3516 3283 3571; x_wconf 90' lang='lat' dir='ltr'><strong>vel</strong></span> <span class='ocrx_word' id='word_1_698' title='bbox 3308 3506 3415 3586; x_wconf 63' lang='lat' dir='ltr'><strong>qui)</strong></span> <span class='ocrx_word' id='word_1_699' title='bbox 3441 3518 3751 3581; x_wconf 87' lang='lat' dir='ltr'><strong>caruimus.</strong></span> 
     </span>
    </p>
   </div>
   <div class='ocr_carea' id='block_1_93' title="bbox 2148 3603 3757 3674">
    <p class='ocr_par' dir='ltr' id='par_1_93' title="bbox 2148 3603 3757 3674">
     <span class='ocr_line' id='line_1_93' title="bbox 2148 3603 3757 3674; baseline 0.004 -16"><span class='ocrx_word' id='word_1_700' title='bbox 2148 3612 2203 3659; x_wconf 90' lang='lat' dir='ltr'><strong>et</strong></span> <span class='ocrx_word' id='word_1_701' title='bbox 2241 3604 2285 3658; x_wconf 88' lang='lat' dir='ltr'><strong>si</strong></span> <span class='ocrx_word' id='word_1_702' title='bbox 2327 3619 2601 3672; x_wconf 89' lang='lat' dir='ltr'><strong>nunquam</strong></span> <span class='ocrx_word' id='word_1_703' title='bbox 2625 3603 2931 3668; x_wconf 87' lang='lat' dir='ltr'><strong>habuimus,</strong></span> <span class='ocrx_word' id='word_1_704' title='bbox 2955 3604 3254 3674; x_wconf 84' lang='lat' dir='ltr'><strong>cogitemus</strong></span> <span class='ocrx_word' id='word_1_705' title='bbox 3283 3616 3336 3659; x_wconf 90' lang='lat' dir='ltr'><strong>et</strong></span> <span class='ocrx_word' id='word_1_706' title='bbox 3366 3622 3464 3662; x_wconf 88' lang='lat' dir='ltr'><strong>nos</strong></span> <span class='ocrx_word' id='word_1_707' title='bbox 3494 3607 3757 3665; x_wconf 80' lang='lat' dir='ltr'><strong>homines</strong></span> 
     </span>
    </p>
   </div>
   <div class='ocr_carea' id='block_1_94' title="bbox 2148 3694 3755 3764">
    <p class='ocr_par' dir='ltr' id='par_1_94' title="bbox 2148 3694 3755 3764">
     <span class='ocr_line' id='line_1_94' title="bbox 2148 3694 3755 3764; baseline 0.004 -15"><span class='ocrx_word' id='word_1_708' title='bbox 2148 3708 2287 3761; x_wconf 88' lang='lat' dir='ltr'><strong>esse,</strong></span> <span class='ocrx_word' id='word_1_709' title='bbox 2319 3702 2370 3750; x_wconf 89' lang='lat' dir='ltr'><strong>et</strong></span> <span class='ocrx_word' id='word_1_710' title='bbox 2428 3694 2628 3749; x_wconf 88' lang='lat' dir='ltr'><strong>habere</strong></span> <span class='ocrx_word' id='word_1_711' title='bbox 2653 3695 2909 3764; x_wconf 88' lang='lat' dir='ltr'><strong>potuisse.</strong></span> <span class='ocrx_word' id='word_1_712' title='bbox 2958 3694 3015 3750; x_wconf 90' lang='lat' dir='ltr'><strong>Si</strong></span> <span class='ocrx_word' id='word_1_713' title='bbox 3060 3711 3188 3751; x_wconf 89' lang='lat' dir='ltr'><strong>vero</strong></span> <span class='ocrx_word' id='word_1_714' title='bbox 3238 3697 3526 3754; x_wconf 88' lang='lat' dir='ltr'><strong>habuimus</strong></span> <span class='ocrx_word' id='word_1_715' title='bbox 3546 3708 3599 3754; x_wconf 90' lang='lat' dir='ltr'><strong>et</strong></span> <span class='ocrx_word' id='word_1_716' title='bbox 3626 3716 3755 3756; x_wconf 83' lang='lat' dir='ltr'><strong>non</strong></span> 
     </span>
    </p>
   </div>
   <div class='ocr_carea' id='block_1_95' title="bbox 2148 3785 3753 3857">
    <p class='ocr_par' dir='ltr' id='par_1_95' title="bbox 2148 3785 3753 3857">
     <span class='ocr_line' id='line_1_95' title="bbox 2148 3785 3753 3857; baseline 0.006 -18"><span class='ocrx_word' id='word_1_717' title='bbox 2148 3785 2435 3850; x_wconf 87' lang='lat' dir='ltr'><strong>habemus,</strong></span> <span class='ocrx_word' id='word_1_718' title='bbox 2490 3794 2675 3854; x_wconf 81' lang='lat' dir='ltr'><strong>tangat</strong></span> <span class='ocrx_word' id='word_1_719' title='bbox 2723 3788 3040 3840; x_wconf 76' lang='lat' dir='ltr'><strong>meritoriam</strong></span> <span class='ocrx_word' id='word_1_720' title='bbox 3098 3790 3401 3844; x_wconf 86' lang='lat' dir='ltr'><strong>communis</strong></span> <span class='ocrx_word' id='word_1_721' title='bbox 3427 3790 3753 3857; x_wconf 84' lang='lat' dir='ltr'><strong>inﬁrmitas.</strong></span> 
     </span>
    </p>
   </div>
   <div class='ocr_carea' id='block_1_96' title="bbox 2149 3876 3756 3950">
    <p class='ocr_par' dir='ltr' id='par_1_96' title="bbox 2149 3876 3756 3950">
     <span class='ocr_line' id='line_1_96' title="bbox 2149 3876 3756 3950; baseline 0.004 -20"><span class='ocrx_word' id='word_1_722' title='bbox 2149 3885 2209 3930; x_wconf 90' lang='lat' dir='ltr'><strong>ut</strong></span> <span class='ocrx_word' id='word_1_723' title='bbox 2262 3876 2407 3931; x_wconf 89' lang='lat' dir='ltr'><strong>illam</strong></span> <span class='ocrx_word' id='word_1_724' title='bbox 2454 3877 2933 3947; x_wconf 86' lang='lat' dir='ltr'><strong>reprehensionem</strong></span> <span class='ocrx_word' id='word_1_725' title='bbox 2987 3888 3081 3931; x_wconf 88' lang='lat' dir='ltr'><strong>aut</strong></span> <span class='ocrx_word' id='word_1_726' title='bbox 3127 3878 3576 3950; x_wconf 87' lang='lat' dir='ltr'><strong>objurgationem,</strong></span> <span class='ocrx_word' id='word_1_727' title='bbox 3629 3896 3756 3936; x_wconf 84' lang='lat' dir='ltr'><strong>non</strong></span> 
     </span>
    </p>
   </div>
   <div class='ocr_carea' id='block_1_97' title="bbox 2147 3966 3752 4039">
    <p class='ocr_par' dir='ltr' id='par_1_97' title="bbox 2147 3966 3752 4039">
     <span class='ocr_line' id='line_1_97' title="bbox 2147 3966 3752 4039; baseline 0.003 -18"><span class='ocrx_word' id='word_1_728' title='bbox 2147 3966 2329 4021; x_wconf 88' lang='lat' dir='ltr'><strong>odium</strong></span> <span class='ocrx_word' id='word_1_729' title='bbox 2376 3967 2468 4023; x_wconf 78' lang='lat' dir='ltr'><strong>sed</strong></span> <span class='ocrx_word' id='word_1_730' title='bbox 2519 3967 2890 4022; x_wconf 78' lang='lat' dir='ltr'><strong>misericordia</strong></span> <span class='ocrx_word' id='word_1_731' title='bbox 2947 3970 3237 4037; x_wconf 55' lang='lat' dir='ltr'><strong>praecedat,</strong></span> <span class='ocrx_word' id='word_1_732' title='bbox 3279 3970 3465 4039; x_wconf 90' lang='lat' dir='ltr'><strong>sicque</strong></span> <span class='ocrx_word' id='word_1_733' title='bbox 3490 3970 3752 4026; x_wconf 85' lang='lat' dir='ltr'><strong>doctrina</strong></span> 
     </span>
    </p>
   </div>
   <div class='ocr_carea' id='block_1_98' title="bbox 2148 4058 3751 4130">
    <p class='ocr_par' dir='ltr' id='par_1_98' title="bbox 2148 4058 3751 4130">
     <span class='ocr_line' id='line_1_98' title="bbox 2148 4058 3751 4130; baseline 0.003 -17"><span class='ocrx_word' id='word_1_734' title='bbox 2148 4059 2379 4114; x_wconf 84' lang='lat' dir='ltr'><strong>salubris</strong></span> <span class='ocrx_word' id='word_1_735' title='bbox 2403 4074 2467 4114; x_wconf 82' lang='lat' dir='ltr'><strong>ex</strong></span> <span class='ocrx_word' id='word_1_736' title='bbox 2493 4058 2777 4114; x_wconf 84' lang='lat' dir='ltr'><strong>dilectione</strong></span> <span class='ocrx_word' id='word_1_737' title='bbox 2807 4059 2899 4114; x_wconf 90' lang='lat' dir='ltr'><strong>Dei</strong></span> <span class='ocrx_word' id='word_1_738' title='bbox 2924 4061 3233 4130; x_wconf 75' lang='lat' dir='ltr'><strong>ct‘proximi</strong></span> <span class='ocrx_word' id='word_1_739' title='bbox 3258 4061 3593 4126; x_wconf 89' lang='lat' dir='ltr'><strong>conﬁrmata,</strong></span> <span class='ocrx_word' id='word_1_740' title='bbox 3622 4071 3751 4118; x_wconf 82' lang='lat' dir='ltr'><strong>tam</strong></span> 
     </span>
    </p>
   </div>
   <div class='ocr_carea' id='block_1_99' title="bbox 2148 4150 3760 4222">
    <p class='ocr_par' dir='ltr' id='par_1_99' title="bbox 2148 4150 3760 4222">
     <span class='ocr_line' id='line_1_99' title="bbox 2148 4150 3760 4222; baseline 0.004 -20"><span class='ocrx_word' id='word_1_741' title='bbox 2148 4150 2354 4205; x_wconf 87' lang='lat' dir='ltr'><strong>doctori</strong></span> <span class='ocrx_word' id='word_1_742' title='bbox 2392 4166 2557 4221; x_wconf 88' lang='lat' dir='ltr'><strong>quam</strong></span> <span class='ocrx_word' id='word_1_743' title='bbox 2590 4152 2753 4205; x_wconf 88' lang='lat' dir='ltr'><strong>etiam</strong></span> <span class='ocrx_word' id='word_1_744' title='bbox 2800 4152 3032 4206; x_wconf 85' lang='lat' dir='ltr'><strong>auditori</strong></span> <span class='ocrx_word' id='word_1_745' title='bbox 3081 4152 3146 4206; x_wconf 89' lang='lat' dir='ltr'><strong>ad</strong></span> <span class='ocrx_word' id='word_1_746' title='bbox 3195 4161 3453 4207; x_wconf 76' lang='lat' dir='ltr'><strong>:eternam</strong></span> <span class='ocrx_word' id='word_1_747' title='bbox 3490 4151 3760 4222; x_wconf 79' lang='lat' dir='ltr'><strong>proﬁciet.</strong></span> 
     </span>
    </p>
   </div>
   <div class='ocr_carea' id='block_1_100' title="bbox 2148 4243 3756 4314">
    <p class='ocr_par' dir='ltr' id='par_1_100' title="bbox 2148 4243 3756 4314">
     <span class='ocr_line' id='line_1_100' title="bbox 2148 4243 3756 4314; baseline 0.001 -16"><span class='ocrx_word' id='word_1_748' title='bbox 2148 4245 2395 4307; x_wconf 88' lang='lat' dir='ltr'><strong>salutem,</strong></span> <span class='ocrx_word' id='word_1_749' title='bbox 2428 4252 2721 4314; x_wconf 65' lang='lat' dir='ltr'><strong>praestante</strong></span> <span class='ocrx_word' id='word_1_750' title='bbox 2743 4244 2971 4299; x_wconf 88' lang='lat' dir='ltr'><strong>Domino</strong></span> <span class='ocrx_word' id='word_1_751' title='bbox 2999 4254 3192 4299; x_wconf 39' lang='lat' dir='ltr'><strong>nostro,</strong></span> <span class='ocrx_word' id='word_1_752' title='bbox 3214 4243 3343 4299; x_wconf 84' lang='lat' dir='ltr'><strong>Jesu</strong></span> <span class='ocrx_word' id='word_1_753' title='bbox 3374 4244 3615 4308; x_wconf 88' lang='lat' dir='ltr'><strong>Christo,</strong></span> <span class='ocrx_word' id='word_1_754' title='bbox 3644 4246 3756 4314; x_wconf 87' lang='lat' dir='ltr'><strong>qui</strong></span> 
     </span>
    </p>
   </div>
   <div class='ocr_carea' id='block_1_101' title="bbox 2146 4333 3753 4404">
    <p class='ocr_par' dir='ltr' id='par_1_101' title="bbox 2146 4333 3753 4404">
     <span class='ocr_line' id='line_1_101' title="bbox 2146 4333 3753 4404; baseline -0.001 -14"><span class='ocrx_word' id='word_1_755' title='bbox 2146 4350 2268 4390; x_wconf 91' lang='lat' dir='ltr'><strong>cum</strong></span> <span class='ocrx_word' id='word_1_756' title='bbox 2296 4334 2456 4389; x_wconf 88' lang='lat' dir='ltr'><strong>Patre</strong></span> <span class='ocrx_word' id='word_1_757' title='bbox 2484 4342 2537 4389; x_wconf 90' lang='lat' dir='ltr'><strong>et</strong></span> <span class='ocrx_word' id='word_1_758' title='bbox 2568 4333 2774 4404; x_wconf 85' lang='lat' dir='ltr'><strong>Spiritu</strong></span> <span class='ocrx_word' id='word_1_759' title='bbox 2807 4344 3018 4397; x_wconf 90' lang='lat' dir='ltr'><strong>sancto,</strong></span> <span class='ocrx_word' id='word_1_760' title='bbox 3070 4334 3203 4387; x_wconf 81' lang='lat' dir='ltr'><strong>vivit</strong></span> <span class='ocrx_word' id='word_1_761' title='bbox 3246 4342 3303 4388; x_wconf 92' lang='lat' dir='ltr'><strong>et</strong></span> <span class='ocrx_word' id='word_1_762' title='bbox 3341 4341 3534 4404; x_wconf 88' lang='lat' dir='ltr'><strong>regnat</strong></span> <span class='ocrx_word' id='word_1_763' title='bbox 3574 4333 3753 4401; x_wconf 84' lang='lat' dir='ltr'><strong>Deus,</strong></span> 
     </span>
    </p>
   </div>
   <div class='ocr_carea' id='block_1_102' title="bbox 2147 4420 3251 4491">
    <p class='ocr_par' dir='ltr' id='par_1_102' title="bbox 2147 4420 3251 4491">
     <span class='ocr_line' id='line_1_102' title="bbox 2147 4420 3251 4491; baseline -0.003 -15"><span class='ocrx_word' id='word_1_764' title='bbox 2147 4437 2244 4491; x_wconf 89' lang='lat' dir='ltr'><strong>per</strong></span> <span class='ocrx_word' id='word_1_765' title='bbox 2269 4423 2448 4477; x_wconf 90' lang='lat' dir='ltr'><strong>omnia</strong></span> <span class='ocrx_word' id='word_1_766' title='bbox 2477 4421 2670 4477; x_wconf 67' lang='lat' dir='ltr'><strong>sarcula</strong></span> <span class='ocrx_word' id='word_1_767' title='bbox 2695 4420 3033 4476; x_wconf 63' lang='lat' dir='ltr'><strong>saeculorum.</strong></span> <span class='ocrx_word' id='word_1_768' title='bbox 3058 4421 3251 4475; x_wconf 82' lang='lat' dir='ltr'><strong>Amen.</strong></span> 
     </span>
    </p>
   </div>
   <div class='ocr_carea' id='block_1_103' title="bbox 2722 4550 3151 4606">
    <p class='ocr_par' dir='ltr' id='par_1_103' title="bbox 2722 4550 3151 4606">
     <span class='ocr_line' id='line_1_103' title="bbox 2722 4550 3151 4606; baseline 0.002 -2"><span class='ocrx_word' id='word_1_769' title='bbox 2722 4550 3003 4606; x_wconf 76' lang='lat' dir='ltr'><strong>HOMILIA</strong></span> <span class='ocrx_word' id='word_1_770' title='bbox 3069 4550 3151 4605; x_wconf 83' lang='lat' dir='ltr'><strong>Cl.</strong></span> 
     </span>
    </p>
   </div>
   <div class='ocr_carea' id='block_1_104' title="bbox 2369 4656 3486 4697">
    <p class='ocr_par' dir='ltr' id='par_1_104' title="bbox 2369 4656 3486 4697">
     <span class='ocr_line' id='line_1_104' title="bbox 2369 4656 3486 4697; baseline 0 0"><span class='ocrx_word' id='word_1_771' title='bbox 2369 4658 2420 4697; x_wconf 75' lang='lat' dir='ltr'><strong>IN</strong></span> <span class='ocrx_word' id='word_1_772' title='bbox 2459 4657 2658 4697; x_wconf 80' lang='lat' dir='ltr'><strong>VIGILIA</strong></span> <span class='ocrx_word' id='word_1_773' title='bbox 2700 4656 2888 4695; x_wconf 72' lang='lat' dir='ltr'><strong>SANCTI</strong></span> <span class='ocrx_word' id='word_1_774' title='bbox 2940 4657 3154 4697; x_wconf 71' lang='lat' dir='ltr'><strong>JOANNIS</strong></span> <span class='ocrx_word' id='word_1_775' title='bbox 3189 4658 3486 4697; x_wconf 65' lang='lat' dir='ltr'><strong>BAPTISTE.</strong></span> 
     </span>
    </p>
   </div>
   <div class='ocr_carea' id='block_1_105' title="bbox 2535 4752 3343 4823">
    <p class='ocr_par' dir='ltr' id='par_1_105' title="bbox 2535 4752 3343 4823">
     <span class='ocr_line' id='line_1_105' title="bbox 2535 4752 3343 4823; baseline 0 -16"><span class='ocrx_word' id='word_1_776' title='bbox 2535 4752 2717 4809; x_wconf 86' lang='lat' dir='ltr'><strong>Lectio</strong></span> <span class='ocrx_word' id='word_1_777' title='bbox 2762 4754 3011 4808; x_wconf 61' lang='lat' dir='ltr'><strong>Jeremiae</strong></span> <span class='ocrx_word' id='word_1_778' title='bbox 3047 4754 3343 4823; x_wconf 65' lang='lat' dir='ltr'><strong>prophetat.</strong></span> 
     </span>
    </p>
   </div>
   <div class='ocr_carea' id='block_1_106' title="bbox 2221 4868 3759 4939">
    <p class='ocr_par' dir='ltr' id='par_1_106' title="bbox 2221 4868 3759 4939">
     <span class='ocr_line' id='line_1_106' title="bbox 2221 4868 3759 4939; baseline 0 -16"><span class='ocrx_word' id='word_1_779' title='bbox 2221 4869 2540 4939; x_wconf 85' lang='lat' dir='ltr'><strong>Priusquam</strong></span> <span class='ocrx_word' id='word_1_780' title='bbox 2586 4880 2634 4922; x_wconf 90' lang='lat' dir='ltr'><strong>te</strong></span> <span class='ocrx_word' id='word_1_781' title='bbox 2681 4868 2965 4937; x_wconf 87' lang='lat' dir='ltr'><strong>formarem</strong></span> <span class='ocrx_word' id='word_1_782' title='bbox 2990 4868 3041 4919; x_wconf 90' lang='lat' dir='ltr'><strong>in</strong></span> <span class='ocrx_word' id='word_1_783' title='bbox 3066 4878 3236 4932; x_wconf 78' lang='lat' dir='ltr'><strong>utero,</strong></span> <span class='ocrx_word' id='word_1_784' title='bbox 3274 4869 3391 4921; x_wconf 79' lang='lat' dir='ltr'><strong>novi</strong></span> <span class='ocrx_word' id='word_1_785' title='bbox 3411 4877 3564 4931; x_wconf 88' lang='lat' dir='ltr'><strong>te;et</strong></span> <span class='ocrx_word' id='word_1_786' title='bbox 3592 4878 3759 4923; x_wconf 85' lang='lat' dir='ltr'><strong>ante-</strong></span> 
     </span>
    </p>
   </div>
   <div class='ocr_carea' id='block_1_107' title="bbox 2148 4956 3760 5027">
    <p class='ocr_par' dir='ltr' id='par_1_107' title="bbox 2148 4956 3760 5027">
     <span class='ocr_line' id='line_1_107' title="bbox 2148 4956 3760 5027; baseline -0.001 -12"><span class='ocrx_word' id='word_1_787' title='bbox 2148 4978 2305 5027; x_wconf 84' lang='lat' dir='ltr'><strong>quant</strong></span> <span class='ocrx_word' id='word_1_788' title='bbox 2327 4962 2494 5013; x_wconf 67' lang='lat' dir='ltr'><strong>exires</strong></span> <span class='ocrx_word' id='word_1_789' title='bbox 2523 4959 2587 5013; x_wconf 88' lang='lat' dir='ltr'><strong>de</strong></span> <span class='ocrx_word' id='word_1_790' title='bbox 2614 4958 2788 5022; x_wconf 86' lang='lat' dir='ltr'><strong>vulva,</strong></span> <span class='ocrx_word' id='word_1_791' title='bbox 2820 4956 3145 5020; x_wconf 77' lang='lat' dir='ltr'><strong>sanctificat-i</strong></span> <span class='ocrx_word' id='word_1_792' title='bbox 3174 4966 3241 5022; x_wconf 87' lang='lat' dir='ltr'><strong>te,</strong></span> <span class='ocrx_word' id='word_1_793' title='bbox 3271 4968 3319 5011; x_wconf 89' lang='lat' dir='ltr'><strong>et</strong></span> <span class='ocrx_word' id='word_1_794' title='bbox 3352 4957 3660 5025; x_wconf 83' lang='lat' dir='ltr'><strong>prophetam</strong></span> <span class='ocrx_word' id='word_1_795' title='bbox 3688 4958 3760 5013; x_wconf 74' lang='lat' dir='ltr'><strong>in</strong></span> 
     </span>
    </p>
   </div>
   <div class='ocr_carea' id='block_1_108' title="bbox 2148 5051 2629 5124">
    <p class='ocr_par' dir='ltr' id='par_1_108' title="bbox 2148 5051 2629 5124">
     <span class='ocr_line' id='line_1_108' title="bbox 2148 5051 2629 5124; baseline -0.006 -18"><span class='ocrx_word' id='word_1_796' title='bbox 2148 5053 2385 5124; x_wconf 84' lang='lat' dir='ltr'><strong>gentibus</strong></span> <span class='ocrx_word' id='word_1_797' title='bbox 2413 5051 2533 5104; x_wconf 83' lang='lat' dir='ltr'><strong>dedi</strong></span> <span class='ocrx_word' id='word_1_798' title='bbox 2562 5062 2629 5103; x_wconf 89' lang='lat' dir='ltr'><strong>te.</strong></span> 
     </span>
    </p>
   </div>
   <div class='ocr_carea' id='block_1_109' title="bbox 2218 5137 3761 5211">
    <p class='ocr_par' dir='ltr' id='par_1_109' title="bbox 2218 5137 3761 5211">
     <span class='ocr_line' id='line_1_109' title="bbox 2218 5137 3761 5211; baseline -0.003 -14"><span class='ocrx_word' id='word_1_799' title='bbox 2218 5141 2333 5197; x_wconf 87' lang='lat' dir='ltr'><strong>Non</strong></span> <span class='ocrx_word' id='word_1_800' title='bbox 2359 5142 2502 5211; x_wconf 90' lang='lat' dir='ltr'><strong>quod</strong></span> <span class='ocrx_word' id='word_1_801' title='bbox 2532 5149 2658 5194; x_wconf 91' lang='lat' dir='ltr'><strong>ante</strong></span> <span class='ocrx_word' id='word_1_802' title='bbox 2687 5140 3120 5209; x_wconf 87' lang='lat' dir='ltr'><strong>conceptionem,</strong></span> <span class='ocrx_word' id='word_1_803' title='bbox 3142 5146 3203 5192; x_wconf 89' lang='lat' dir='ltr'><strong>ut</strong></span> <span class='ocrx_word' id='word_1_804' title='bbox 3229 5137 3451 5193; x_wconf 72' lang='lat' dir='ltr'><strong>hazresis</strong></span> <span class='ocrx_word' id='word_1_805' title='bbox 3494 5138 3761 5206; x_wconf 79' lang='lat' dir='ltr'><strong>suspica-</strong></span> 
     </span>
    </p>
   </div>
   <div class='ocr_carea' id='block_1_110' title="bbox 2151 5219 3762 5300">
    <p class='ocr_par' dir='ltr' id='par_1_110' title="bbox 2151 5219 3762 5300">
     <span class='ocr_line' id='line_1_110' title="bbox 2151 5219 3762 5300; baseline -0.004 -12"><span class='ocrx_word' id='word_1_806' title='bbox 2151 5242 2261 5300; x_wconf 86' lang='lat' dir='ltr'><strong>tur,</strong></span> <span class='ocrx_word' id='word_1_807' title='bbox 2280 5232 2440 5287; x_wconf 80' lang='lat' dir='ltr'><strong>fuerit</strong></span> <span class='ocrx_word' id='word_1_808' title='bbox 2491 5230 2775 5295; x_wconf 85' lang='lat' dir='ltr'><strong>Jeremias,</strong></span> <span class='ocrx_word' id='word_1_809' title='bbox 2803 5230 2895 5284; x_wconf 89' lang='lat' dir='ltr'><strong>sed</strong></span> <span class='ocrx_word' id='word_1_810' title='bbox 2933 5230 3075 5299; x_wconf 84' lang='lat' dir='ltr'><strong>quod</strong></span> <span class='ocrx_word' id='word_1_811' title='bbox 3114 5219 3413 5298; x_wconf 67' lang='lat' dir='ltr'><strong>praiscierit</strong></span> <span class='ocrx_word' id='word_1_812' title='bbox 3438 5243 3559 5282; x_wconf 91' lang='lat' dir='ltr'><strong>eum</strong></span> <span class='ocrx_word' id='word_1_813' title='bbox 3592 5225 3762 5282; x_wconf 83' lang='lat' dir='ltr'><strong>futu-</strong></span> 
     </span>
    </p>
   </div>
   <div class='ocr_carea' id='block_1_111' title="bbox 2149 5315 3755 5388">
    <p class='ocr_par' dir='ltr' id='par_1_111' title="bbox 2149 5315 3755 5388">
     <span class='ocr_line' id='line_1_111' title="bbox 2149 5315 3755 5388; baseline -0.004 -11"><span class='ocrx_word' id='word_1_814' title='bbox 2149 5338 2268 5379; x_wconf 90' lang='lat' dir='ltr'><strong>rum</strong></span> <span class='ocrx_word' id='word_1_815' title='bbox 2301 5322 2583 5386; x_wconf 88' lang='lat' dir='ltr'><strong>Dominus,</strong></span> <span class='ocrx_word' id='word_1_816' title='bbox 2625 5322 2712 5376; x_wconf 90' lang='lat' dir='ltr'><strong>cui</strong></span> <span class='ocrx_word' id='word_1_817' title='bbox 2767 5320 2995 5374; x_wconf 87' lang='lat' dir='ltr'><strong>necdum</strong></span> <span class='ocrx_word' id='word_1_818' title='bbox 3045 5317 3186 5373; x_wconf 82' lang='lat' dir='ltr'><strong>facta</strong></span> <span class='ocrx_word' id='word_1_819' title='bbox 3230 5319 3342 5388; x_wconf 91' lang='lat' dir='ltr'><strong>jam</strong></span> <span class='ocrx_word' id='word_1_820' title='bbox 3394 5315 3533 5370; x_wconf 83' lang='lat' dir='ltr'><strong>facta</strong></span> <span class='ocrx_word' id='word_1_821' title='bbox 3586 5326 3755 5383; x_wconf 87' lang='lat' dir='ltr'><strong>sunt,</strong></span> 
     </span>
    </p>
   </div>
   <div class='ocr_carea' id='block_1_112' title="bbox 2150 5406 3759 5482">
    <p class='ocr_par' dir='ltr' id='par_1_112' title="bbox 2150 5406 3759 5482">
     <span class='ocr_line' id='line_1_112' title="bbox 2150 5406 3759 5482; baseline -0.005 -11"><span class='ocrx_word' id='word_1_822' title='bbox 2150 5414 2442 5471; x_wconf 90' lang='lat' dir='ltr'><strong>secundum</strong></span> <span class='ocrx_word' id='word_1_823' title='bbox 2477 5411 2604 5467; x_wconf 89' lang='lat' dir='ltr'><strong>illud</strong></span> <span class='ocrx_word' id='word_1_824' title='bbox 2630 5412 2771 5482; x_wconf 86' lang='lat' dir='ltr'><strong>quod</strong></span> <span class='ocrx_word' id='word_1_825' title='bbox 2794 5409 3082 5479; x_wconf 89' lang='lat' dir='ltr'><strong>Apostolus</strong></span> <span class='ocrx_word' id='word_1_826' title='bbox 3112 5408 3348 5477; x_wconf 88' lang='lat' dir='ltr'><strong>loquitur</strong></span> <span class='ocrx_word' id='word_1_827' title='bbox 3373 5406 3464 5476; x_wconf 90' lang='lat' dir='ltr'><strong>qui</strong></span> <span class='ocrx_word' id='word_1_828' title='bbox 3492 5416 3654 5460; x_wconf 87' lang='lat' dir='ltr'><strong>vocat</strong></span> <span class='ocrx_word' id='word_1_829' title='bbox 3675 5421 3759 5463; x_wconf 76' lang='lat' dir='ltr'><strong>ea</strong></span> 
     </span>
    </p>
   </div>
   <div class='ocr_carea' id='block_1_113' title="bbox 2151 5498 3757 5577">
    <p class='ocr_par' dir='ltr' id='par_1_113' title="bbox 2151 5498 3757 5577">
     <span class='ocr_line' id='line_1_113' title="bbox 2151 5498 3757 5577; baseline -0.004 -18"><span class='ocrx_word' id='word_1_830' title='bbox 2151 5523 2268 5577; x_wconf 70' lang='lat' dir='ltr'><strong>qum</strong></span> <span class='ocrx_word' id='word_1_831' title='bbox 2296 5522 2401 5561; x_wconf 90' lang='lat' dir='ltr'><strong>non</strong></span> <span class='ocrx_word' id='word_1_832' title='bbox 2430 5514 2605 5569; x_wconf 89' lang='lat' dir='ltr'><strong>erant,</strong></span> <span class='ocrx_word' id='word_1_833' title='bbox 2629 5504 2779 5573; x_wconf 88' lang='lat' dir='ltr'><strong>quasi</strong></span> <span class='ocrx_word' id='word_1_834' title='bbox 2807 5518 2868 5557; x_wconf 90' lang='lat' dir='ltr'><strong>ea</strong></span> <span class='ocrx_word' id='word_1_835' title='bbox 2899 5510 3098 5556; x_wconf 86' lang='lat' dir='ltr'><strong>essent.</strong></span> <span class='ocrx_word' id='word_1_836' title='bbox 3135 5500 3363 5567; x_wconf 79' lang='lat' dir='ltr'><strong>Quidam</strong></span> <span class='ocrx_word' id='word_1_837' title='bbox 3394 5500 3538 5552; x_wconf 88' lang='lat' dir='ltr'><strong>hunc</strong></span> <span class='ocrx_word' id='word_1_838' title='bbox 3557 5498 3757 5553; x_wconf 86' lang='lat' dir='ltr'><strong>locum</strong></span> 
     </span>
    </p>
   </div>
   <div class='ocr_carea' id='block_1_114' title="bbox 2148 5587 3760 5667">
    <p class='ocr_par' dir='ltr' id='par_1_114' title="bbox 2148 5587 3760 5667">
     <span class='ocr_line' id='line_1_114' title="bbox 2148 5587 3760 5667; baseline -0.006 -14"><span class='ocrx_word' id='word_1_839' title='bbox 2148 5613 2308 5667; x_wconf 81' lang='lat' dir='ltr'><strong>super</strong></span> <span class='ocrx_word' id='word_1_840' title='bbox 2332 5596 2613 5651; x_wconf 85' lang='lat' dir='ltr'><strong>Salvatore</strong></span> <span class='ocrx_word' id='word_1_841' title='bbox 2638 5592 2962 5663; x_wconf 78' lang='lat' dir='ltr'><strong>intelligunt.</strong></span> <span class='ocrx_word' id='word_1_842' title='bbox 2994 5590 3085 5659; x_wconf 89' lang='lat' dir='ltr'><strong>qui</strong></span> <span class='ocrx_word' id='word_1_843' title='bbox 3109 5590 3324 5660; x_wconf 87' lang='lat' dir='ltr'><strong>proprie</strong></span> <span class='ocrx_word' id='word_1_844' title='bbox 3353 5587 3620 5658; x_wconf 73' lang='lat' dir='ltr'><strong>propheta</strong></span> <span class='ocrx_word' id='word_1_845' title='bbox 3654 5599 3760 5645; x_wconf 72' lang='lat' dir='ltr'><strong>est</strong></span> 
     </span>
    </p>
   </div>
   <div class='ocr_carea' id='block_1_115' title="bbox 2146 5677 3753 5759">
    <p class='ocr_par' dir='ltr' id='par_1_115' title="bbox 2146 5677 3753 5759">
     <span class='ocr_line' id='line_1_115' title="bbox 2146 5677 3753 5759; baseline -0.005 -19"><span class='ocrx_word' id='word_1_846' title='bbox 2146 5690 2407 5759; x_wconf 77' lang='lat' dir='ltr'><strong>gentium,</strong></span> <span class='ocrx_word' id='word_1_847' title='bbox 2452 5697 2505 5743; x_wconf 91' lang='lat' dir='ltr'><strong>ct</strong></span> <span class='ocrx_word' id='word_1_848' title='bbox 2533 5702 2627 5757; x_wconf 88' lang='lat' dir='ltr'><strong>per</strong></span> <span class='ocrx_word' id='word_1_849' title='bbox 2672 5677 3198 5755; x_wconf 67' lang='lat' dir='ltr'><strong>apostolosviwavit</strong></span> <span class='ocrx_word' id='word_1_850' title='bbox 3243 5694 3432 5734; x_wconf 80' lang='lat' dir='ltr'><strong>omnes</strong></span> <span class='ocrx_word' id='word_1_851' title='bbox 3463 5680 3753 5732; x_wconf 66' lang='lat' dir='ltr'><strong>nationes.</strong></span> 
     </span>
    </p>
   </div>
   <div class='ocr_carea' id='block_1_116' title="bbox 2144 5768 3757 5846">
    <p class='ocr_par' dir='ltr' id='par_1_116' title="bbox 2144 5768 3757 5846">
     <span class='ocr_line' id='line_1_116' title="bbox 2144 5768 3757 5846; baseline -0.007 -11"><span class='ocrx_word' id='word_1_852' title='bbox 2144 5782 2247 5836; x_wconf 78' lang='lat' dir='ltr'><strong>istc</strong></span> <span class='ocrx_word' id='word_1_853' title='bbox 2278 5781 2422 5833; x_wconf 83' lang='lat' dir='ltr'><strong>enim</strong></span> <span class='ocrx_word' id='word_1_854' title='bbox 2452 5792 2577 5831; x_wconf 82' lang='lat' dir='ltr'><strong>vere</strong></span> <span class='ocrx_word' id='word_1_855' title='bbox 2603 5777 2915 5846; x_wconf 86' lang='lat' dir='ltr'><strong>priusquam</strong></span> <span class='ocrx_word' id='word_1_856' title='bbox 2944 5774 2996 5827; x_wconf 91' lang='lat' dir='ltr'><strong>in</strong></span> <span class='ocrx_word' id='word_1_857' title='bbox 3030 5781 3186 5827; x_wconf 91' lang='lat' dir='ltr'><strong>utero</strong></span> <span class='ocrx_word' id='word_1_858' title='bbox 3216 5770 3546 5824; x_wconf 87' lang='lat' dir='ltr'><strong>l&#39;ormaretur</strong></span> <span class='ocrx_word' id='word_1_859' title='bbox 3572 5768 3757 5837; x_wconf 77' lang='lat' dir='ltr'><strong>virgi-</strong></span> 
     </span>
    </p>
   </div>
   <div class='ocr_carea' id='block_1_117' title="bbox 2144 5856 3757 5941">
    <p class='ocr_par' dir='ltr' id='par_1_117' title="bbox 2144 5856 3757 5941">
     <span class='ocr_line' id='line_1_117' title="bbox 2144 5856 3757 5941; baseline -0.009 -10"><span class='ocrx_word' id='word_1_860' title='bbox 2144 5876 2273 5941; x_wconf 88' lang='lat' dir='ltr'><strong>nali,</strong></span> <span class='ocrx_word' id='word_1_861' title='bbox 2322 5883 2375 5931; x_wconf 92' lang='lat' dir='ltr'><strong>et</strong></span> <span class='ocrx_word' id='word_1_862' title='bbox 2406 5883 2691 5940; x_wconf 86' lang='lat' dir='ltr'><strong>antequam</strong></span> <span class='ocrx_word' id='word_1_863' title='bbox 2733 5869 2907 5926; x_wconf 79' lang='lat' dir='ltr'><strong>exiret</strong></span> <span class='ocrx_word' id='word_1_864' title='bbox 2933 5868 2998 5923; x_wconf 92' lang='lat' dir='ltr'><strong>de</strong></span> <span class='ocrx_word' id='word_1_865' title='bbox 3034 5856 3191 5922; x_wconf 77' lang='lat' dir='ltr'><strong>vulva</strong></span> <span class='ocrx_word' id='word_1_866' title='bbox 3235 5862 3450 5929; x_wconf 88' lang='lat' dir='ltr'><strong>matris,</strong></span> <span class='ocrx_word' id='word_1_867' title='bbox 3490 5860 3757 5917; x_wconf 76' lang='lat' dir='ltr'><strong>sanctiﬁ-</strong></span> 
     </span>
    </p>
   </div>
  </div>
