3946 6336
221 320 287 375 57
1274 319 1575 385 HOMILIE
1615 319 1682 375 lN
1721 319 1756 375 E

1867 319 1971 377 NG.
2013 318 2099 375 ET
2137 318 2352 376 EPlST.

3332 322 3436 377 333

186 438 342 487 catus
369 429 425 484 in
450 436 610 484 utero
630 436 731 495 est,
761 438 815 486 et
840 437 999 486 notus
1027 430 1194 497 Patri’,
1221 432 1417 503 quippe
1436 433 1527 501 qui
1550 446 1760 500 semper
1788 433 1833 492 Α
1860 438 2185 498 penetratur,
2220 441 2367 486 recte
2413 437 2467 485 et
2513 430 2564 485 in
2593 430 2791 501 templo
2845 430 3144 488 Salomonis
3175 434 3433 503 mysticus

198 514 251 572 in
275 520 456 584 Patre,
481 528 535 574 et
564 520 619 573 in
643 535 749 589 quo
777 536 988 591 semper
1014 521 1194 576 Pater.

258 611 329 666 Et
358 611 506 665 dixi:
526 611 745 665 Domine
772 612 930 677 Deus,
962 630 1075 666 ecce
1101 615 1271 667 nescio
1303 613 1460 684 loqui,
1491 613 1613 684 quia
1641 630 1767 681 puer

186 717 278 772 ego
304 717 443 755 sum.
479 700 548 754 Et
578 701 711 758 dixit
742 700 996 756 Dominus
1023 704 1091 756 ad
1108 718 1189 757 me
1215 716 1232 754 :
1258 702 1383 756 Noli
1411 704 1601 765 dicere,
1630 702 1766 769 Quia

185 805 317 858 puer
338 805 481 854 sum,
511 790 758 859 quoniam
789 790 857 843 ad
887 792 1063 844 omnia
1091 807 1206 861 qua:
1225 793 1425 845 mittam
1459 802 1529 857 te,
1553 791 1684 857 ibis;
1719 802 1765 845 et

188 877 434 930 universa
469 892 586 946 qua:
613 878 926 932 mandavero
957 879 1070 944 tibi,
1120 878 1365 950 loqueris.
1412 879 1494 933 Ne
1531 880 1713 934 timeas
1734 897 1766 933 a

188 964 326 1033 {acie
360 981 568 1030 eorum,
606 967 728 1035 quia
761 976 928 1019 tecum
953 982 1045 1037 ego
1092 984 1206 1021 sum
1248 978 1303 1021 ut
1334 978 1609 1031 eruamite,
1641 968 1765 1022 dicit

187 1053 470 1112 Dominus.
502 1055 727 1123 Quando
746 1066 925 1112 autem
956 1058 1103 1113 venit
1128 1059 1181 1113 in
1228 1074 1425 1128 corpus
1450 1061 1763 1123 humanum,

186 1146 318 1203 dicit
358 1150 415 1203 in
446 1151 701 1205 exordio:
731 1149 918 1204 Nescio
941 1150 1103 1221 loqui,
1129 1152 1251 1222 quia
1276 1151 1483 1221 juvenis
1512 1167 1604 1222 ego
1626 1166 1762 1205 sum.

185 1238 413 1296 Juvenis
458 1252 679 1313 propter
716 1242 1195 1335 dispensationem,
1246 1257 1407 1298 senex
1441 1243 1593 1314 juxta
1641 1244 1765 1311 hoc,

187 1334 333 1402 quod
366 1335 757 1405 primogenitus
777 1334 952 1389 omnis
973 1333 1254 1389 creaturae.
1300 1333 1520 1389 Juvenis
1561 1337 1683 1405 quia
1712 1338 1765 1391 in

186 1414 652 1478 consummatione
668 1422 780 1491 jam
810 1423 1013 1488 seaculi,
1040 1432 1094 1478 et
1124 1423 1176 1477 in
1204 1432 1445 1479 extremo
1465 1424 1623 1492 hujus
1644 1427 1765 1481 vita:

185 1518 432 1580 tempore
456 1513 689 1566 advenit.
716 1513 855 1567 Dicit
884 1512 1087 1582 itaque,
1115 1513 1283 1566 nescio
1304 1511 1465 1577 loqui,
1488 1515 1598 1568 scio
1620 1515 1761 1568 enim

184 1600 433 1670 quaedam
478 1600 681 1669 majora
735 1601 900 1670 loqui,
952 1600 1065 1655 scio
1121 1599 1390 1669 eloquium
1438 1610 1608 1665 tuum,
1651 1604 1763 1658 scio

182 1690 412 1743 verbum
440 1688 765 1754 tuum.Sion,
798 1689 896 1743 tibi
926 1690 1039 1744 scio
1068 1688 1234 1759 loqui,
1254 1688 1557 1745 hominibus
1580 1691 1761 1747 nescio

184 1776 366 1847 loqui;
376 1778 590 1846 juvenis
620 1793 761 1834 sum.

256 1868 328 1923 Et
355 1872 493 1924 misit
520 1870 775 1924 Dominus
800 1887 1012 1926 manum
1038 1887 1186 1926 suam
1211 1880 1258 1927 et
1283 1871 1445 1941 tetigit
1471 1887 1527 1926 os
1552 1887 1753 1938 meum;

183 1969 236 2015 et
261 1960 395 2015 dixit
419 1960 671 2015 Dominus
704 1961 773 2015 ad
814 1978 893 2017 me
916 1978 934 2016 :
957 1952 1093 2017 Ecce
1129 1962 1250 2017 dedi
1278 1962 1427 2017 verba
1452 1979 1565 2017 mea
1588 1964 1642 2016 in
1668 1980 1755 2019 ore

183 2062 310 2117 tuo;
338 2061 385 2105 et
425 2054 669 2105 constitui
709 2062 763 2106 te
799 2068 953 2123 super
991 2062 1184 2123 gentes,
1227 2061 1274 2107 et
1300 2069 1456 2121 super
1484 2069 1661 2124 regna,
1697 2063 1754 2108 ut

181 2142 396 2208 evellas,
428 2154 474 2197 et
497 2144 755 2206 destruas,
780 2155 826 2197 et
848 2144 1138 2214 disperdas,
1179 2155 1227 2199 et
1254 2144 1490 2215 dissipes,
1514 2155 1563 2199 et
1589 2140 1756 2213 (ediﬁ-

180 2250 287 2299 σεε,
317 2244 365 2289 ει
402 2236 623 2306 ptantes,
665 2237 791 2291 dicit
822 2238 1076 2291 Dominus
1118 2239 1477 2307 omnipotens.
1500 2238 1756 2295 Conside-

180 2325 408 2379 randum
438 2327 579 2394 quod
601 2335 830 2396 quatuor
869 2327 1113 2383 tristibus
1142 2329 1266 2404 'duo
1295 2329 1414 2383 lteta
1445 2330 1752 2385 succedant.

181 2412 369 2485 Neque
393 2416 537 2469 enim
585 2427 834 2487 poterant
865 2416 1121 2473 aediﬁcari
1165 2418 1328 2484 bona,
1360 2421 1460 2475 nisi
1484 2422 1755 2477 destructa

180 2512 367 2559 essent
385 2504 546 2569 mala,
568 2518 667 2560 uec
696 2505 925 2575 plantari
951 2507 1176 2576 optima,
1208 2509 1312 2564 nisi
1349 2510 1757 2565 eradicarentur

180 2594 442 2662 pessima.
471 2593 657 2649 Omnis
679 2595 823 2649 enim
868 2596 1131 2666 plantatio
1160 2614 1319 2669 quam
1368 2615 1470 2654 non
1500 2586 1757 2671 plantavit

181 2684 420 2739 cmlestis
454 2684 613 2740 Pater
631 2687 1017 2754 eradicabitur,
1045 2697 1099 2745 et
1145 2690 1426 2745 aediﬁcatio
1454 2708 1573 2762 qua:
1597 2709 1758 2764 super

179 2784 394 2845 petram
446 2793 549 2830 non
608 2778 769 2832 habet
826 2780 1267 2845 fundamentum,
1326 2782 1419 2836 sed
1482 2782 1535 2836 in
1593 2799 1760 2838 arena

179 2876 456 2920 exstructa
482 2876 584 2932 est,
616 2883 863 2923 sermone
893 2871 984 2924 Dei
1010 2869 1293 2925 sull'oditur
1322 2880 1482 2941 atque
1524 2873 1755 2927 destrui-

182 2966 290 3021 tur,
327 2956 471 3011 illam
502 2972 661 3027 quam
687 2968 965 3014 consumet
1002 2960 1157 3016 Jesus
1198 2962 1388 3032 spiritu
1430 2964 1541 3017 oris
1571 2964 1675 3029 sui,
1703 2974 1757 3019 et

180 3049 426 3105 destruet
457 3048 687 3102 adventu
712 3051 1006 3119 praesentiae
1037 3066 1166 3117 suas,
1196 3067 1412 3107 omnem
1437 3053 1642 3110 scilicet
1670 3070 1755 3109 sa-

178 3138 438 3209 crilegam
468 3154 884 3211 perversamque
910 3142 1206 3198 doctrinam
1252 3145 1526 3213 disperdet
1556 3147 1607 3199 in
1634 3162 1754 3216 per-

179 3240 427 3298 petuum.
469 3229 637 3286 Porro
665 3247 726 3285 ea
756 3248 874 3300 qua:
918 3233 1196 3289 elevantur
1243 3246 1430 3290 contra
1471 3238 1750 3292 scientiam

181 3318 301 3381 Dei,
332 3328 387 3372 et
431 3318 485 3373 in
530 3335 626 3374 sua
654 3321 932 3377 conﬁdunt
958 3322 1237 3395 sapientia,
1265 3341 1384 3396 qua}
1418 3329 1556 3398 apud
1588 3328 1753 3384 Deum

179 3409 411 3465 stultitia
438 3420 520 3467 est
561 3414 840 3483 dissipabit
876 3424 1037 3485 atque
1060 3417 1310 3487 deponet,
1340 3428 1400 3473 ut
1425 3421 1758 3476 aediﬁcentur

177 3515 285 3570 pro
318 3500 402 3555 his
443 3502 689 3568 humilia,
719 3514 772 3559 et
804 3505 855 3559 in
902 3505 1077 3560 locum
1128 3509 1464 3578 superiorum
1511 3526 1631 3579 qua:
1661 3520 1753 3567 dc-

178 3600 393 3646 structa
420 3602 546 3647 sunt
570 3601 625 3647 et
645 3596 850 3660 evulsa,
882 3606 1227 3652 exstruantur
1242 3607 1403 3669 atque
1426 3600 1752 3669 plantcntur,

178 3696 305 3750 qua:
346 3682 725 3738 ecclesiastica!
756 3686 1081 3745 conveniunt
1110 3687 1343 3752 veritati,
1389 3699 1444 3743 et
1472 3689 1757 3760 impleatur

180 3771 315 3826 illud
347 3774 485 3841 quod
518 3774 647 3829 dicit
678 3774 979 3845 Apostolus,
1013 3776 1110 3831 Dei
1146 3778 1446 3847 wdiﬁcatio,
1494 3779 1593 3835 Dei
1618 3783 1758 3854 agri-

178 3865 324 3922 cultu
334 3882 389 3919 ra
417 3868 556 3920 estis.

746 3958 1025 4015 IIOMlLIA
1086 3959 1192 4017 CII.

709 4065 761 4105 IN
816 4065 992 4105 εοοειι
1042 4065 1227 4107 ιιέδτο.

326 4141 511 4197 Lectio
550 4142 719 4197 sancti
759 4142 1034 4213 Evangelii
1062 4145 1356 4199 secundum
1386 4144 1608 4200 Lucam.

251 4233 381 4288 Fuit
406 4236 461 4289 in
483 4234 661 4289 diebus
690 4234 932 4301 Herodis,
964 4237 1094 4307 regis
1115 4236 1340 4303 Judaaw,
1372 4237 1616 4293 sacerdos
1640 4239 1755 4310 qui—

177 4326 305 4380 dam
331 4326 538 4379 nomine
562 4324 871 4379 Zacharias.

252 4414 611 4469 Sacrosancta
635 4417 982 4484 przecursoris
1016 4415 1229 4471 Domini
1252 4415 1507 4473 nobilitas
1538 4432 1645 4472 non
1667 4431 1751 4472 so-
1772 4453 1826 4510 Β

176 4504 291 4560 lum
321 4520 351 4558 a
384 4504 713 4573 parentibus,
761 4506 854 4560 sed
907 4515 961 4561 et
986 4521 1015 4560 a
1040 4507 1472 4576 progenitoribus
1515 4505 1747 4576 gloriosa

177 4595 483 4659 descendit,
516 4600 779 4665 quatenus
804 4596 1063 4651 adventus
1088 4595 1230 4651 illius
1259 4594 1417 4651 ﬁdem
1444 4609 1549 4651 non
1572 4596 1747 4651 subita

176 4684 538 4757 inspiratione
561 4693 892 4753 conceptam,
920 4700 1104 4737 verum
1140 4683 1321 4738 habita
1353 4684 1523 4755 magis
1551 4699 1748 4754 propa-

176 4778 401 4848 gatione
426 4783 724 4845 susceptam
750 4776 969 4829 liberius
995 4776 1329 4844 praedicaret.

250 4867 332 4921 De
352 4868 457 4921 vice
478 4866 635 4920 Abia.‘
657 4864 853 4937 Viginti
880 4875 1111 4936 quatuor
1160 4867 1225 4923 de
1258 4866 1628 4923 sacerdotibus
1658 4882 1748 4922 or-

176 4957 336 5012 dines
359 4957 413 5010 in
444 4956 739 5012 ministerio
774 4956 960 5010 domus
980 4956 1187 5011 Domini
1234 4965 1380 5012 sorte
1408 4973 1437 5011 a
1461 4957 1749 5014 Salomone

177 5060 307 5104 sunt
337 5048 515 5113 divisi,
532 5047 583 5100 in
606 5048 799 5117 quibus
823 5047 955 5101 Abia
981 5048 1214 5111 familite,
1239 5050 1303 5104 de
1326 5065 1429 5118 qua
1455 5049 1747 5105 Zacharias

177 5149 336 5193 ortus
364 5147 468 5202 est,
506 5152 624 5191 sors
650 5137 872 5207 contigit
910 5144 1120 5189 octava.
1171 5135 1284 5191 Non
1312 5136 1511 5190 frustra
1542 5138 1747 5207 primus

180 5232 339 5297 Novi,
362 5230 689 5283 Testamenti
726 5244 902 5299 praeco
927 5229 977 5281 in
1007 5237 1211 5284 octava)
1236 5232 1397 5284 sortis
1425 5232 1540 5285 vice
1571 5233 1746 5286 nasci-

180 5330 291 5384 tur,
352 5319 479 5388 quia
530 5317 669 5371 sicut
719 5318 1019 5385 septenario
1065 5332 1203 5387 smpe
1259 5332 1484 5371 munero
1532 5326 1749 5386 propter

179 5409 467 5463 sabbatum
497 5416 651 5460 vetus
698 5404 1121 5469 Testamentum,
1160 5407 1237 5460 sic
1284 5406 1486 5459 Novum
1540 5407 1745 5475 aliquo-

179 5499 285 5552 ties
323 5495 606 5550 octonario
650 5506 869 5563 propter
916 5502 1305 5549 sacramentum
1339 5495 1747 5548 resurrectionis

178 5586 521 5657 exprimitur.
580 5581 729 5636 Unde
755 5582 877 5651 quia
903 5599 1007 5637 non
1041 5583 1197 5636 aliter
1240 5597 1400 5650 quam
1442 5596 1537 5649 per
1560 5581 1746 5635 obser-

181 5677 419 5729 vantiam
463 5673 747 5738 utriusque
776 5669 1099 5726 ’l‘estamcnti
1148 5672 1295 5740 regni
1347 5670 1581 5726 caelestis
1626 5671 1743 5723 aula

1868 521 2171 589 quindecim
2192 523 2452 592 graduum
2473 537 2725 577 ascensus
2759 521 2921 578 fuisse
2950 534 3219 579 narratur.

1938 609 2004 662 Et
2028 626 2162 665 uxor
2185 611 2297 681 ejus
2343 611 2409 666 de
2436 612 2647 681 ﬁliabus
2693 612 2902 678 Aaron;
2934 613 3086 681 plena
3132 614 3432 683 igiturlau-

1866 698 2034 765 datio,
2061 715 2178 770 qum
2199 685 2385 772 genus,
2411 716 2611 767 mores,
2652 700 2901 761 cilicium,
2935 701 3154 768 factum,
3172 704 3431 774 judicium

1866 792 2288 859 comprehendit.
2313 790 2494 847 Genus
2537 791 2588 846 in
2639 791 2949 859 majoribus,
2983 808 3160 847 mores
3187 794 3243 847 in
3268 795 3435 865 arqui-

1866 886 1999 941 tate,
2022 877 2252 933 cilicium
2278 881 2330 934 in
2377 881 2701 946 sacerdotio,
2734 880 2930 935 factum
2974 882 3026 935 in
3082 882 3350 948 mandato,
3381 884 3431 937 in

1860 968 2241 1037 justiﬁcatione
2264 969 2545 1039 judicium.

1939 1058 2101 1112 Erant
2123 1067 2296 1112 autem
2312 1058 2448 1128 justi
2470 1059 2619 1113 ambo
2645 1070 2764 1113 ante
2797 1059 2980 1112 Deum.
3036 1059 3230 1114 Beatus
3262 1060 3351 1129 qui
3380 1060 3429 1113 in

1867 1156 2154 1217 conspectu
2206 1147 2299 1202 Dei
2345 1147 2523 1217 justus
2573 1157 2657 1202 est
2702 1156 2862 1217 atque
2905 1148 3205 1212 laudabilis,
3254 1148 3431 1202 evenit

1865 1240 2060 1310 quippe
2088 1245 2146 1292 ut
2182 1238 2399 1293 laudent
2442 1237 2687 1293 homines
2709 1224 2853 1302 eum,
2886 1238 2975 1308 qui
3002 1253 3107 1292 non
3137 1245 3220 1292 est
3251 1236 3431 1289 lauda-

1863 1331 2009 1394 bilis,
2035 1337 2091 1385 et
2111 1330 2160 1385 ei
2190 1330 2494 1394 detrahant,
2520 1329 2609 1398 qui
2641 1328 2859 1385 minime
2880 1328 3214 1383 detractione
3238 1327 3433 1397 dignus

1864 1426 1967 1474 est.
1990 1418 2148 1474 Solus
2170 1416 2312 1474 Deus
2336 1425 2391 1477 et
2415 1418 2468 1472 in
2498 1417 2654 1473 laude
2685 1426 2738 1472 et
2760 1416 2814 1471 in
2838 1417 3231 1487 vitttperatione
3252 1415 3435 1487 justus

1862 1519 1947 1565 est
1972 1508 2156 1578 judex.

1933 1598 2235 1653 Incedentes
2259 1598 2314 1651 in
2339 1596 2577 1651 omnibus
2615 1595 2875 1650 mandatis
2897 1604 2945 1649 et
2966 1595 3435 1665 justiﬁcationibus

1864 1689 2094 1754 Domini,
2119 1688 2229 1743 sine
2251 1686 2481 1758 querela,
2515 1696 2621 1741 etc.
2647 1685 2966 1754 Plerumque
3006 1684 3217 1760 justitia
3246 1683 3435 1738 durior

1788 1768 1833 1828 Β
1861 1781 2133 1835 hominum
2185 1778 2322 1832 iram
2365 1783 2642 1846 provocat,
2691 1788 2809 1844 quae
2848 1788 2973 1828 vero
3004 1776 3295 1843 temperata
3321 1781 3429 1835 est,

1857 1872 1973 1941 ipsa
2015 1886 2125 1925 suae
2162 1868 2459 1923 dulcedinis
2485 1866 2660 1939 gratia
2699 1866 2862 1921 etiam
2907 1862 3119 1920 invidia:
3144 1865 3429 1935 quaerimo—

1857 1962 2001 2016 niam
2033 1961 2189 2015 vitat.
2233 1958 2456 2026 Quando
2510 1956 2655 2013 enim
2694 1955 2921 2010 facimus
2969 1954 3277 2009 mandatum
3306 1950 3423 2018 Dei,

1855 2061 1910 2107 et
1933 2052 1987 2106 in
2017 2048 2450 2121 concupiscentia
2472 2054 2660 2101 nostra
2686 2058 2837 2100 vana:
2859 2043 3041 2116 gloria:
3068 2044 3261 2098 sordes
3273 2055 3428 2111 spar-

1856 2144 2051 2213 gimus,
2081 2151 2143 2197 ut
2180 2140 2488 2196 hominibus
2529 2138 2855 2210 placeamus,
2899 2150 3005 2191 non
3051 2134 3179 2191 illud
3222 2136 3425 2204 absque

1856 2231 2071 2303 querela
2093 2230 2334 2286 facimus.

1926 2321 2150 2376 Factum
2176 2330 2251 2375 est
2293 2327 2465 2373 autem
2492 2333 2611 2372 cum
2654 2314 2948 2372 sacerdotio
2998 2315 3301 2385 fungeretur
3321 2312 3431 2367 Zao'

1855 2412 2062 2467 charias
2085 2411 2137 2465 in
2162 2409 2343 2464 ordine
2367 2408 2491 2463 ricis
2521 2424 2654 2472 suae,
2677 2414 2781 2462 etc.
2806 2406 2906 2473 Qui
2930 2406 3072 2460 enim
3098 2412 3242 2460 sorte
3269 2403 3423 2475 eligi-

1858 2501 2203 2557 tur'bumano
2221 2500 2424 2571 judicio
2463 2513 2569 2553 non
2609 2495 3095 2566 comprehenditur.
3126 2493 3219 2549 Ille
3249 2494 3420 2563 igitur

1855 2590 2213 2662 quaerebatur,
2243 2603 2403 2659 quem
2430 2589 2531 2644 iste
2574 2586 2837 2658 ﬁgurabat
2866 2600 3027 2641 verus
3064 2586 3116 2640 in
3163 2594 3423 2639 aeternum

1856 2679 2107 2737 sacerdos
2134 2679 2221 2733 cui
2253 2678 2467 2741 dicitur,
2496 2688 2551 2730 tu
2572 2693 2623 2731 es
2654 2674 2894 2730 sacerdos
2939 2674 2995 2727 in
3038 2684 3301 2736 wternum,
3332 2672 3424 2741 qui

1858 2784 1964 2825 non
2000 2769 2299 2824 hostiarum
2348 2782 2557 2833 cruore,
2608 2766 2703 2822 sed
2742 2765 2960 2836 proprio
3010 2763 3224 2818 Patrem
3256 2763 3423 2817 Deum

1859 2860 2044 2932 generi
2076 2859 2447 2915 reconciliaret
2474 2858 2729 2913 humano.
2781 2856 2887 2911 Sed
2916 2864 3039 2910 tunc
3060 2854 3276 2925 sanguis
3305 2854 3425 2907 fun-

1860 2951 2086 3007 debatur
2130 2950 2182 3004 in
2220 2948 2415 3019 specie,
2446 2948 2697 3003 sacerdos
2735 2945 3103 3009 ordinabatur,
3137 2959 3277 2998 nunc
3295 2944 3422 3013 quia

1860 3040 2061 3094 veritas
2086 3039 2249 3103 venit,
2286 3037 2652 3107 relinquamus
2678 3037 2908 3105 speciem
2949 3044 3003 3089 et
3032 3036 3309 3088 veritatem
3332 3047 3419 3087 se-

1782 3112 1828 3173 C
1861 3143 2110 3198 quamur.
2142 3126 2292 3181 Tunc
2311 3127 2529 3196 quidem
2576 3126 2720 3179 vices
2772 3132 2944 3188 erant,
2977 3138 3117 3177 nunc
3142 3130 3321 3176 autem
3341 3128 3425 3175 est

1854 3218 2202 3290 perpetuitas.
2237 3217 2408 3284 Quem
2437 3214 2597 3271 alium
2628 3215 2962 3286 signiﬁcabat
3008 3213 3292 3269 Zacharias
3331 3228 3429 3267 sa-

1858 3310 2065 3373 cerdos,
2106 3310 2209 3363 nisi
2249 3323 2370 3363 eum
2421 3308 2778 3371 sacerdotem,
2831 3305 2919 3360 cui
2968 3304 3288 3360 sacriﬁcium
3316 3318 3434 3358 non

1853 3410 1996 3458 esset
2039 3414 2325 3457 commune
2367 3415 2487 3455 cum
2544 3398 2771 3463 caeteris,
2827 3397 2918 3467 qui
2966 3411 3070 3451 non
3105 3394 3425 3451 manufactis

1855 3490 2068 3559 templis
2104 3487 2434 3544 sacriﬁcaret
2480 3501 2577 3556 pro
2616 3485 2788 3550 nobis,
2833 3484 2926 3541 sed
2980 3484 3039 3539 in
3071 3484 3157 3539 sui
3180 3483 3429 3553 corporis

1856 3579 2053 3652 templo
2080 3586 2262 3633 nostra
2281 3585 2502 3648 peccata
2524 3586 2778 3632 vacuaret
2793 3577 2819 3631 ἵ

1924 3669 2078 3726 Sorte
2127 3668 2250 3725 exiit
2290 3677 2346 3723 ut
2392 3670 2658 3723 incensum
2708 3675 2940 3738 poneret,
2986 3674 3090 3721 etc.
3140 3665 3423 3720 Incensura

1854 3774 2035 3821 autem
2055 3766 2109 3820 in
2128 3774 2315 3821 sancta
2335 3774 2642 3821 sanctorum
2670 3778 2699 3819 a
2726 3761 2977 3833 pontiﬁce
3005 3759 3221 3825 deferri,
3254 3772 3426 3828 ανον

1854 3863 2032 3911 ctante
2052 3852 2196 3911 foras
2227 3853 2479 3926 templum
2501 3853 2646 3908 omni
2664 3851 2857 3924 populo
2883 3851 3086 3906 decima
3101 3850 3185 3904 die
3203 3848 3418 3919 septimi

1853 3946 2058 4003 mensis
2077 3956 2162 4003 est
2180 3946 2410 4017 jussum,
2466 3954 2522 4000 et
2565 3945 2706 3999 hanc
2755 3943 2894 3999 diem
2944 3942 3264 4011 expiationis
3308 3942 3428 3995 sive

1852 4036 2247 4109 propitiationis
2285 4036 2487 4101 vocari,
2511 4049 2629 4105 quae
2649 4034 2787 4103 apud
2821 4048 2919 4089 nos
2941 4033 3010 4087 ob
3036 4032 3245 4086 varium
3279 4031 3418 4086 luna:

1854 4126 2175 4192 discursum,
2207 4140 2312 4196 qua
2342 4139 2553 4180 menses
2580 4130 2889 4193 computant
2918 4121 3149 4186 Hebrtci,
3180 4122 3339 4176 modo
3362 4121 3419 4175 in

1854 4232 2038 4273 mense
2072 4216 2391 4287 Septembri,
2417 4216 2575 4271 modo
2603 4205 2791 4270 incidit
2844 4213 2895 4268 in
2926 4212 3166 4277 Octobri,
3196 4213 3283 4282 qui
3317 4213 3421 4266 sci-

1853 4305 1979 4361 licet
2007 4307 2209 4361 mensis
2231 4319 2336 4376 quo
2362 4304 2561 4375 pascha
2594 4304 2819 4373 geritur.
2863 4311 2917 4357 et
2944 4304 3133 4357 ordine
3159 4302 3421 4356 conditio-

1855 4397 1938 4453 nis
1968 4404 2022 4453 et
2048 4397 2222 4452 edicto
2265 4394 2397 4467 legis
2442 4395 2568 4449 anni
2622 4393 2943 4465 principium
3001 4402 3169 4456 tenet,
3212 4393 3419 4446 dicente

1850 4484 2113 4540 Domino:
2138 4482 2333 4537 Mensis
2360 4483 2456 4537 iste
2481 4481 2620 4537 vobis
2655 4481 2965 4553 principium
3010 4481 3283 4544 mensium,
3313 4480 3420 4549 pri—

1850 4591 1964 4630 mus
1988 4575 2085 4630 erit
2109 4575 2166 4628 in
2190 4573 2448 4629 mensibus
2472 4574 2617 4630 anni.

1920 4680 2179 4752 Apparuit
2199 4689 2374 4736 autem
2399 4680 2483 4734 illi
2499 4680 2713 4751 angelus
2739 4678 2973 4747 Domini,
2998 4689 3140 4733 stans
3166 4696 3196 4733 a
3222 4680 3416 4732 dextris

1852 4769 2037 4827 altaris
2083 4771 2303 4835 incensi,
2344 4777 2449 4825 etc.
2497 4768 2614 4825 Non
2653 4770 2921 4825 immerito
2958 4769 3175 4839 angelus
3204 4769 3415 4823 videtur

1853 4860 1909 4915 in
1956 4859 2173 4929 templo,
2220 4860 2347 4931 quia
2385 4858 2515 4915 veri.
2557 4860 2854 4915 sacerdotis
2897 4858 3007 4927 jam
3070 4861 3415 4913 nuntiabatur

1856 4950 2137 5013 adventus,
2164 4955 2220 5004 et
2260 4947 2480 5005 cmleste
2523 4948 2842 5003 sacriﬁcium
2889 4948 3196 5019 parabatur,
3228 4950 3279 5001 in
3310 4965 3417 5017 quo

1856 5037 2028 5108 angeli
2078 5037 2464 5092 ministrarent.
2495 5037 2637 5092 Bene
2662 5036 2902 5108 angelus,
2946 5047 2998 5091 et
3044 5038 3096 5090 in
3140 5038 3332 5106 templo
3360 5048 3415 5091 et

1851 5129 2000 5198 juxta
2028 5128 2214 5194 altare,
2248 5135 2353 5183 eta
2380 5129 2585 5183 dextris
2634 5136 2875 5199 apparet,
2919 5128 3040 5197 quia
3083 5128 3325 5182 videlicet
3358 5137 3414 5183 et

1857 5223 1966 5274 veri
1989 5221 2283 5275 sacerdotis
2310 5220 2592 5273 adventum
2618 5222 2669 5274 in
2698 5220 3010 5289 mysterium
3033 5218 3287 5273 sacriﬁcii
3304 5219 3413 5271 uni-

1856 5309 2073 5363 versalis
2102 5317 2155 5363 et
2208 5309 2440 5364 caelestis
2490 5309 2613 5363 doni
2664 5308 2911 5378 gaudium
2958 5308 3231 5377 przedicat.
3279 5306 3413 5361 Nunt

1852 5399 1991 5454 sicut
2016 5413 2110 5468 per
2134 5399 2405 5454 sinistram
2434 5402 2735 5468 praesentia,
2752 5401 2827 5454 sic
2856 5414 2951 5469 per
2976 5401 3250 5453 dexteram
3271 5412 3411 5467 saepe

1852 5491 1989 5544 bona
2019 5492 2444 5558 praenuntiantur
2474 5498 2694 5545 aeterna.

1924 5582 2006 5635 Ait
2034 5590 2205 5634 autem
2229 5582 2296 5633 ad
2317 5581 2461 5634 illum
2490 5580 2703 5650 angelus
2730 5597 2746 5632 :
2776 5579 2852 5633 Ne
2892 5580 3095 5643 timeas,
3125 5576 3407 5642 Zac’lmria,

1851 5670 2094 5740 quoniam
2115 5671 2361 5724 exaudita
2386 5680 2458 5725 est
2490 5669 2779 5741 deprecatio
2809 5681 2923 5732 tua,
2946 5678 2990 5721 rt
3032 5682 3165 5721 uxor
3191 5676 3279 5719 tua
3301 5665 3407 5719 lati-
