3946 6354
518 319 622 375 53D

1159 315 1220 370 B.
1262 314 1513 370 RABAN]
1555 314 1773 372 MAURI
1813 313 2134 370 ARCillEP.
2177 311 2486 368 MOGUNT.
2524 312 2808 370 OPERUM
2849 311 3026 368 PARS
3065 313 3126 368 11.

3683 315 3792 372 Si!)

518 431 698 487 sabetlt
719 428 886 501 pariet
907 427 1001 483 tibi
1023 426 1216 498 filium,
1248 440 1296 485 et
1319 431 1528 510 vocabis
1572 448 1772 494 nomen,
1788 431 1903 502 ejus
1935 427 2106 487 Joan:
2136 430 2183 488 Α
2213 427 2568 498 abjectionem
2593 429 2852 485 increduli
2876 431 3054 500 populi
3093 434 3484 502 permanentis,
3515 434 3580 490 de
3601 437 3800 506 quibus

519 541 657 578 nem.
683 520 1128 592 Deprecationem
1158 520 1345 576 dicens
1372 522 1683 577 exauditam
1727 529 1941 593 partum
1979 537 2106 577 cono

521 615 674 668 timto
693 611 960 684 promittit
979 611 1184 676 uxoris,
1209 627 1318 668 non
1347 613 1493 682 quod
1537 613 1625 669 ille
1669 614 1758 684 qui
1791 628 1890 683 pro
1913 613 2108 684 p0pnlo

519 705 804 759 oblaturus
838 693 1152 767 intraverat,
1189 701 1393 760 relictis
1421 704 1602 761 verbis
1649 705 1794 760 vocis
1836 719 1933 774 pro
1959 704 2105 759 acci-

523 794 734 865 piendis
758 794 883 849 ﬁliis
905 808 1062 855 orare
1087 794 1341 863 potuerit,
1379 795 1472 850 sed
1502 794 1645 864 quod
1680 793 1812 849 dicit
1855 811 1867 848 :
1920 791 2106 847 Exau-

519 889 630 940 dita
661 895 736 940 est
756 885 1052 955 deprecatio
1083 892 1197 951 tua,
1229 885 1408 956 populi
1451 885 1875 955 redemptionem
1900 871 2107 956 signiﬁ-

518 985 626 1031 cat.
653 975 807 1044 Quod
828 990 958 1032 vero
984 976 1248 1047 adjungit,
1273 985 1320 1031 et
1345 992 1479 1028 uxor
1497 984 1588 1028 tua
1608 975 1776 1044 pariet
1803 975 1895 1029 tibi
1913 975 2105 1044 filium,

516 1066 759 1137 ejusdem
787 1067 1173 1137 redemptionis
1195 1067 1437 1122 ordinem
1462 1066 1671 1136 pandit,
1695 1065 1840 1136 quod
1861 1066 2110 1121 videlicet

517 1168 679 1213 natus
709 1157 986 1213 Zachariae
1036 1157 1177 1212 ﬁlius
1221 1156 1548 1227 redemptori
1589 1156 1733 1210 illius
1755 1155 1933 1226 populi
1976 1170 2109 1226 prm-

518 1251 765 1304 conando
788 1249 858 1304 sit
881 1249 985 1304 iter
1010 1247 1275 1305 facturus.

589 1339 659 1392 Et
685 1339 781 1394 erit
803 1339 1061 1408 gaudium
1085 1338 1192 1393 tibi.
1213 1347 1262 1392 et
1287 1337 1588 1404 exsultatio,
1628 1349 1675 1392 et
1714 1335 1874 1392 multi
1894 1338 1948 1390 in
1971 1339 2108 1392 nati-

517 1428 673 1482 ritate
696 1427 810 1497 ejus
837 1427 1156 1504 gaudebunt.
1188 1425 1491 1482 Notandum
1537 1412 1680 1498 quod
1710 1434 1838 1483 nato
1867 1442 2104 1498 przncur—

517 1532 641 1571 sure
675 1515 828 1572 multi
857 1516 1114 1587 gaudent,
1163 1509 1292 1572 ndto
1331 1525 1514 1573 autem
1553 1517 1780 1573 Domino
1823 1518 2108 1572 annuntiat

518 1609 773 1680 angelus,
803 1609 1059 1681 gaudium
1101 1626 1348 1681 magnum
1375 1609 1516 1681 quod
1567 1611 1664 1664 erit
1700 1610 1841 1663 omni
1889 1609 2103 1680 populo,

517 1701 644 1769 quia
671 1699 920 1758 videlicet
939 1700 1030 1756 hic
1056 1699 1285 1754 salutem
1324 1699 1508 1754 multh
1533 1698 1848 1768 prredieare,
1879 1699 1966 1753 ille
1987 1713 2103 1754 om-

517 1793 678 1847 nibus
703 1792 793 1862 qui
826 1791 1012 1846 volunt
1039 1792 1255 1846 advenit
1278 1791 1501 1847 donare.

589 1885 657 1939 Et
687 1878 784 1939 'erit
809 1900 1031 1954 magnus
1069 1899 1246 1937 coram
1297 1883 1541 1937 Domino.
1570 1881 1688 1937 Non
1712 1884 1954 1953 corporis
1990 1882 2098 1947 hic,

515 1975 612 2038 sed
641 1974 836 2028 anima:
864 1973 1286 2045 magnitudinem
1319 1972 1630 2038 declaravit,
1674 1982 1754 2028 est
1789 1987 1972 2027 coram
2002 1973 2102 2028 Do-

485 2065 666 2134 _mino
725 2063 1038 2134 magnitudo
1083 2065 1306 2126 animus,
1365 2063 1678 2134 magnitudo
1731 2063 1963 2128 virtutis,
2021 2072 2104 2117 est

516 2154 681 2210 etiam
703 2155 943 2225 parvitas
965 2155 1157 2215 anima:
1179 2165 1242 2229 et.
1265 2155 1494 2225 pueritia
1523 2155 1755 2210 virtutis.

595 2245 791 2301 Vinum
815 2256 861 2300 et
885 2247 1107 2300 siceram
1149 2263 1252 2302 non
1301 2247 1451 2301 bibet.
1494 2245 1678 2302 Sicera
1715 2247 2102 2316 interpretatur

515 2339 774 2403 ebrietas,
799 2352 905 2407 quo
931 2337 1194 2393 vocabulo
1223 2337 1436 2393 Hebrzni
1463 2351 1621 2392 omne
1662 2339 1806 2404 quod
1835 2338 2102 2394 inebriare

515 2417 692 2500 petcst
710 2427 983 2498 poculum,
1017 2426 1132 2482 sive
1157 2428 1224 2482 de
1251 2430 1442 2498 pomis,
1475 2428 1590 2482 sive
1629 2428 1694 2482 de
1719 2426 1981 2499 frugibus,
2007 2443 2100 2482 seu

517 2521 585 2576 de
609 2519 848 2590 qualibet
873 2519 978 2574 alia
1003 2518 1227 2574 materia
1253 2517 1558 2574 confectum
1605 2516 1931 2589 significant.
1967 2518 2099 2572 Pro-

517 2613 695 2684 prium
720 2627 850 2667 vero
881 2612 934 2666 in
958 2611 1074 2684 lege
1095 2609 1498 2666 Nazarenorum
1529 2621 1664 2676 erat,
1684 2596 1813 2666 vino
1843 2620 1898 2666 et
1926 2612 2101 2665 sicera

519 2710 762 2772 tempore
817 2701 1238 2756 consecrationis
1290 2701 1582 2764 abstinere,
1649 2701 1790 2756 unde
1845 2700 2098 2766 Joannes,

519 2795 748 2871 Samson
797 2806 854 2850 et
911 2792 1195 2860 Jeremias,
1255 2795 1549 2863 creterique
1597 2793 1732 2849 tales
1778 2801 1836 2847 ut
1890 2808 2102 2863 semper

518 2885 883 2951 Nazarenijd
912 2893 1019 2950 est,
1053 2884 1226 2940 sancti
1260 2897 1478 2939 manere
1498 2891 1741 2954 possent,
1785 2897 1998 2952 semper
2016 2883 2100 2938 his

520 2977 792 3032 abstinuere
811 2982 1080 3046 satagunt.

591 3066 658 3120 Et
684 3063 882 3133 Spiritu
919 3074 1100 3120 sancto
1129 3063 1410 3137 replebitur
1450 3064 1622 3118 adhuc
1649 3081 1714 3119 ex
1741 3075 1887 3120 utero
1913 3065 2100 3121 matris

517 3173 649 3211 sum.
683 3154 800 3210 Non
829 3163 915 3211 est
943 3155 1164 3210 dubium
1187 3169 1372 3210 verum
1401 3155 1503 3209 hoc
1531 3155 1702 3224 angeli
1727 3170 1846 3210 esse
1873 3155 2103 3225 promis-

519 3263 662 3313 sum,
691 3246 955 3316 siquidem
981 3253 1202 3301 sanctus
1243 3245 1498 3310 Joannes,
1525 3255 1814 3315 antequam
1847 3261 2100 3302 nascere-

519 3350 626 3404 tur,
659 3339 852 3394 matris
899 3337 1074 3393 adbuc
1115 3338 1171 3392 in
1197 3346 1353 3394 utero
1380 3337 1591 3407 positus
1620 3335 1855 3406 Spiritus
1892 3338 2102 3408 accepti

518 3430 751 3498 gratiam
787 3428 1106 3498 designavit.

593 3515 656 3570 Et
710 3517 899 3572 multos
935 3517 1169 3586 ﬁliorum
1198 3513 1371 3570 Israel
1412 3527 1669 3571 convertet
1707 3516 1775 3570 ad
1824 3516 2103 3570 Dominum

520 3613 682 3665 Deum
715 3613 966 3681 ipsorum.
1015 3609 1150 3666 Cum
1181 3609 1442 3682 Joannes,
1483 3611 1574 3679 qui
1604 3611 1820 3666 Christo
1861 3610 2101 3665 testimo-

520 3704 668 3758 nium
694 3703 1006 3773 pcrhibens,
1040 3704 1094 3756 in
1143 3704 1258 3774 ejus
1286 3702 1389 3758 ﬁde
1416 3703 1640 3772 populos
1668 3702 1992 3772 baptizabat,
2025 3701 2104 3755 di-

520 3798 662 3852 citur
690 3797 828 3852 ﬁlios
856 3796 1020 3852 Israel
1050 3797 1118 3852 ad
1141 3797 1427 3855 Dominum
1472 3797 1640 3850 Deum
1687 3797 1925 3866 ipsorum
1976 3811 2105 3851 con-

522 3888 749 3942 vertisse
811 3894 957 3955 patct
1012 3886 1256 3955 profecto
1308 3885 1582 3940 Clu-istum
1632 3901 1753 3940 esse
1817 3885 2101 3941 Dominum

521 3980 690 4033 Deum
717 3979 978 4048 ipsorum.

594 4069 662 4123 Et
703 4071 813 4139 ipse
855 4069 1109 4139 prtecedet
1137 4077 1254 4122 ante
1311 4067 1460 4120 illum
1505 4066 1559 4120 in
1607 4065 1809 4137 Spiritu
1840 4075 1888 4120 et
1919 4067 2103 4121 virtute

522 4162 678 4217 Elite.
727 4161 869 4217 Bene
902 4163 955 4215 in
983 4161 1187 4231 spiritu
1228 4169 1283 4214 et
1313 4161 1510 4213 virtute
1539 4157 1666 4212 Elia:
1690 4159 1996 4228 praecedere
2021 4160 2103 4215 di«

523 4255 684 4320 citur,
717 4253 842 4323 quia
873 4253 1012 4307 sicut
1057 4252 1145 4306 ille
1173 4265 1349 4320 praeco
1371 4259 1631 4305 venturus
1654 4248 1882 4316 judicis,
1912 4249 1987 4303 ita
2018 4249 2104 4304 hic

521 4362 698 4417 prch
721 4345 894 4398 factus
919 4352 1001 4398 est
1024 4342 1400 4412 redemptoris.

2131 1769 2184 1829 Β,

2211 517 2444 584 dixerat,
2479 537 2580 574 non
2609 530 2683 574 est
2710 537 2815 591 pax
2850 522 3023 598 impiis
3045 522 3176 577 dicit
3205 522 3476 589 Dominus,
3504 527 3700 581 transit
3731 528 3802 582 ad

2209 610 2468 666 ecclesias
2512 611 2578 666 de
2609 612 2859 682 gentibus
2897 623 3270 684 congregatas,
3303 622 3357 668 et
3401 617 3481 670 eis
3515 617 3623 672 sub
3652 618 3806 672 insu-

2208 701 2384 761 larum
2417 701 2632 756 nomine
2689 701 2944 769 loquitur,
3009 718 3129 771 quae
3161 716 3586 772 .persecutorum
3641 707 3804 776 quasi

2209 794 2380 848 maris
2409 792 2662 848 ﬂuctibus
2701 801 2907 862 patent,
2951 803 3004 848 et
3061 809 3126 848 ex
3176 794 3496 862 omniparte
3543 796 3802 850 sa:vicnte

2211 883 2496 955 naufragio
2547 887 2852 940 conduntur
2892 887 3092 954 potius,
3148 901 3309 955 quam
3361 897 3668 945 moventur.
3716 891 3802 947 Ac

2211 992 2277 1029 ne
2301 977 2420 1044 quis
2444 985 2595 1045 putet
2623 977 2911 1032 violentam
2940 993 3059 1032 esse
3088 979 3476 1047 expositionem
3519 989 3797 1046 nostram,

2209 1076 2264 1122 et
2284 1084 2389 1122 non
2413 1070 2482 1148 ad
2513 1080 2702 1140 gentes
2721 1071 2996 1140 pertinere
3019 1073 3161 1140 quod
3181 1073 3398 1138 dicitur,
3421 1075 3516 1129 sed
3544 1076 3612 1130 ad
3637 1091 3802 1146 syna-

2210 1175 2375 1231 gogas
2391 1159 2571 1230 populi
2596 1157 2925 1225 Judmornm,
2958 1162 3224 1232 sequitur,
3248 1173 3297 1216 et
3317 1165 3567 1218 attendite
3591 1164 3798 1234 populi,

2209 1250 2324 1305 sive
2365 1258 2552 1322 gentes
2598 1251 2663 1305 de
2715 1250 2884 1322 longe,
2932 1253 3035 1308 hoc
3077 1261 3161 1308 est
3206 1255 3274 1308 ab
3312 1249 3570 1310 extremis
3601 1256 3800 1312 ﬁnibus

2209 1350 2386 1408 teme,
2411 1343 2574 1398 velut
2606 1341 2747 1397 LXX
2782 1343 3176 1398 transtulerunt
3204 1363 3218 1399 :
3253 1342 3380 1399 Post
3413 1345 3633 1400 multum
3669 1337 3801 1400 fem-

2205 1451 2302 1502 pus
2333 1434 2509 1500 stabit,
2536 1435 2636 1489 hoc
2666 1445 2768 1498 est,
2803 1447 2909 1489 non
2949 1435 3051 1490 hoc
3095 1443 3335 1506 tempere
3378 1452 3484 1506 quo
3523 1427 3799 1505 dicuntur,

2207 1523 2300 1578 sed
2332 1533 2450 1595 post
2479 1524 2644 1577 multa
2675 1524 2805 1579 ﬁent
2835 1532 3100 1594 tempora.

2280 1612 2554 1678 Dominus,
2609 1614 2806 1684 inquit,
2852 1615 2916 1668 ab
2960 1625 3107 1670 utero
3148 1619 3348 1671 uocauit
3385 1635 3502 1684 me;
3532 1620 3596 1673 de
3623 1630 3798 1677 ventu

2207 1707 2392 1758 matris
2419 1721 2545 1758 mea:
2576 1707 2879 1759 recordatus
2918 1715 2992 1761 est
3027 1707 3254 1761 nominis
3299 1710 3418 1763 mei.
3469 1709 3619 1776 Quod
3649 1725 3797 1766 nunc

2208 1793 2424 1848 interim
2449 1795 2788 1850 audientibus
2809 1795 3021 1850 videtur
3052 1796 3367 1862 obscurum,
3397 1808 3585 1868 postea
3611 1811 3795 1855 autem

2206 1884 2416 1938 cunctis
2457 1884 2705 1954 gentibus
2737 1892 2919 1939 notum
2948 1885 3056 1948 tlet,
3091 1889 3306 1955 quando
3327 1887 3544 1943 Gabriel
3592 1888 3798 1959 Joseph

2206 1973 2272 2028 de
2323 1983 2481 2044 partu
2532 1974 2732 2028 dixerit
2783 1975 3054 2045 virginali,
3107 1986 3154 2032 et
3207 1978 3410 2032 vocabis
3451 1995 3638 2032 nomen
3679 1979 3797 2048 ejus

2204 2065 2408 2130 Jesum,
2464 2066 2576 2135 ipse
2619 2067 2764 2120 enim
2809 2065 3016 2124 salvum
3067 2067 3226 2122 faciet
3279 2068 3533 2138 populum
3579 2083 3797 2124 suuma

2203 2170 2367 2226 percu
2377 2157 2444 2211 tis
2468 2171 2674 2211 eorum.
2708 2151 2717 2163 ’

2278 2246 2344 2301 Et
2379 2248 2549 2316 posuit
2598 2263 2654 2300 os
2683 2263 2854 2300 meum
2903 2250 3053 2318 quasi
3093 2249 3327 2319 gladium
3357 2259 3589 2313 acutum,
3613 2250 3798 2320 posuit

2205 2344 2417 2412 quoque
2439 2357 2500 2396 os
2526 2341 2817 2410 ejus‘quasi
2849 2341 3083 2412 gladium
3111 2349 3350 2405 acutum,
3379 2350 3440 2394 ut
3465 2341 3658 2410 spiritu
3681 2343 3796 2396 oris

2205 2433 2288 2486 sui
2327 2432 2615 2487 interﬁciat
2649 2433 2891 2502 impium.
2930 2433 3004 2486 De
3026 2447 3132 2501 quo
3159 2432 3336 2502 gladio
3387 2432 3501 2500 ipse
3530 2432 3584 2484 in
3615 2431 3795 2484 Evan-

2204 2521 2342 2592 gelio
2366 2523 2622 2593 loquitur,
2654 2540 2757 2578 non
2780 2524 2894 2578 veni
2917 2509 3096 2594 pacein
3129 2524 3334 2577 mittere
3373 2524 3425 2576 in
3472 2536 3668 2577 terram
3703 2524 3794 2576 sed

2204 2611 2459 2683 gladium,
2491 2611 2662 2666 malos
2681 2627 2712 2665 a
2733 2612 2890 2668 bonis
2911 2627 3190 2683 separans.
3218 2612 3352 2667 Veni
3375 2613 3520 2666 enim
3551 2611 3794 2666 dividere

2205 2703 2481 2757 hominem
2503 2712 2691 2758 contra
2720 2702 2934 2756 Patrem
2971 2717 3148 2766 suum,
3172 2710 3225 2756 et
3255 2701 3419 2755 ﬁliam
3459 2710 3649 2756 contra
3677 2715 3794 2757 ma-

2206 2802 2341 2847 trem
2367 2808 2541 2858 suam,
2572 2800 2625 2848 et
2653 2807 2850 2846 nurum
2873 2801 3060 2848 contra
3083 2806 3294 2847 socrum
3329 2807 3498 2847 suam.

2275 2881 2344 2936 Et
2387 2884 2442 2936 in
2490 2882 2674 2936 umbra
2704 2899 2891 2936 manus
2931 2899 3042 2936 sua:
3094 2884 3318 2952 protexit
3359 2898 3458 2936 me.
3506 2882 3566 2936 In
3597 2883 3794 2938 umbra

2204 2990 2398 3030 manus
2419 2975 2510 3030 Dei
2538 2989 2595 3030 se
2619 2989 2739 3030 esse
2756 2983 3054 3044 protectum
3080 2974 3293 3038 asserit,
3326 2983 3384 3028 ut
3404 2974 3586 3028 carnis
3610 2973 3794 3029 vilitas

2206 3064 2503 3119 divinitatis
2542 3065 2777 3134 potentia
2825 3071 3117 3134 tegeretur,
3181 3063 3368 3134 angelo
3409 3063 3475 3116 ad
3520 3063 3791 3134 virginem

2205 3159 2506 3222 nuntiante,
2541 3149 2770 3228 Spiritus
2791 3165 3001 3210 sanctus
3045 3157 3206 3210 ueniet
3248 3171 3404 3224 super
3442 3164 3506 3218 te,
3533 3164 3582 3208 et
3625 3157 3794 3208 uirtus

2208 3253 2464 3308 Altissimi
2485 3251 2809 3306 obumbrabit
2835 3250 2948 3303 tibi.

2277 3341 2463 3396 Posuit
2491 3359 2568 3395 me
2601 3342 2735 3395 sicut
2764 3341 3011 3410 sagittam
3049 3338 3285 3403 electam,
3335 3339 3390 3392 in
3416 3339 3664 3407 pharetra
3693 3353 3795 3390 sua

2204 3432 2472 3487 abscondit
2527 3448 2624 3485 me.
2679 3429 2904 3497 Quando
2960 3428 3157 3483 dicitur
3211 3429 3459 3499 sagittam
3523 3426 3793 3492 electam,

2203 3522 2436 3577 ostendit
2465 3521 2664 3575 habere
2688 3521 2852 3574 Deum
2884 3520 3107 3590 sagittas
3126 3518 3404 3588 plurimas,
3437 3519 3530 3572 sed
3553 3533 3659 3571 non
3683 3518 3798 3573 ele-

2204 3621 2341 3676 ctas,
2363 3627 2482 3682 qua:
2513 3611 2722 3682 sagitta:
2767 3612 3043 3680 propheta:
3083 3617 3208 3663 sunt
3259 3620 3312 3664 et
3355 3607 3582 3677 apostoli
3613 3610 3706 3677 qui
3738 3610 3794 3662 in

2207 3712 2320 3759 toto
2349 3703 2479 3758 orbe
2504 3703 2816 3758 decurrunt.
2849 3701 2924 3755 De
2946 3685 3154 3770 'quibus
3182 3700 3235 3753 in
3261 3698 3364 3753 alio
3393 3698 3512 3753 loco
3532 3699 3753 3753 canitur
3779 3716 3792 3750 :

2207 3797 2428 3867 Sagitta
2450 3805 2618 3850 acuta:
2652 3795 3040 3880 potentissime,
3081 3794 3258 3864 populi
3284 3794 3377 3847 sub
3414 3804 3462 3847 te
3506 3793 3715 3858 cadent,
3741 3803 3798 3848 et

2207 3889 2422 3952 iterum,
2462 3887 2679 3958 Sagitta:
2710 3897 2940 3956 potentes
2961 3897 3127 3941 acuta:
3152 3903 3269 3940 cum
3300 3886 3611 3940 carbonibus
3639 3887 3798 3941 deso-

2206 3981 2431 4034 latoriis.
2468 3977 2716 4033 Christus
2763 3981 2945 4031 autem
2997 3977 3062 4030 de
3100 3976 3283 4031 multis
3323 3976 3534 4046 sagittis
3565 3983 3620 4029 et
3666 3975 3798 4030 ﬁliis

2205 4073 2474 4143 plurimis,
2497 4087 2600 4125 una
2625 4070 2817 4139 sagitta
2851 4069 3019 4124 electa
3060 4078 3116 4123 et
3167 4068 3307 4123 ﬁlius
3332 4068 3640 4139 unigenitus
3684 4078 3794 4130 est,

2207 4179 2367 4234 quam
2403 4163 2455 4216 in
2500 4163 2753 4231 pharetra
2787 4173 2882 4213 sua
2909 4159 3203 4219 abscondit,
3241 4158 3305 4225 id,
3332 4167 3437 4224 est,
3465 4158 3517 4211 in
3551 4158 3797 4214 humano

2208 4269 2456 4324 corpore,
2488 4252 2845 4316 ut’habitarct
2872 4251 2924 4304 in
2957 4265 3022 4304 eo
3049 4249 3322 4319 plenitudo
3353 4249 3652 4314 divinitatis
3675 4266 3800 4306 cor-

2206 4347 2482 4418 poraliter,
2534 4359 2763 4413 raraque
2811 4353 2952 4397 esset
3010 4343 3342 4397 credentium
3386 4341 3544 4408 ﬁdes,
3594 4351 3652 4396 et
3708 4344 3800 4398 cui

598 4435 665 4490 Ut
696 4444 957 4489 conz’ertat
988 4434 1149 4487 corda
1183 4445 1390 4504 patrum
1439 4435 1493 4487 in
1534 4433 1696 4500 ﬁlios,
1727 4442 1774 4485 et
1809 4431 2102 4486 incredulos
2136 4465 2180 4523 υ
2211 4455 2380 4508 supra
2403 4438 2637 4491 dicitur:
2682 4434 2757 4487 Tu
2782 4451 2835 4487 es
2885 4433 3020 4487 Deus
3060 4433 3393 4487 absconditus
3418 4443 3464 4487 et
3519 4434 3791 4488 nesciebao

524 4532 592 4584 ad
614 4530 943 4601 prudentiam
963 4529 1251 4596 justorum,
1297 4543 1485 4596 parare
1519 4528 1737 4581 Domino
1770 4525 1966 4597 plebem
1994 4543 2106 4596 per-

525 4622 736 4692 fectam.
769 4619 941 4674 Corda
971 4628 1182 4688 patrum
1217 4618 1270 4670 in
1317 4616 1454 4672 ﬁlios
1491 4626 1805 4672 convertere
1831 4625 1914 4672 est
1939 4617 2099 4686 spiri-

525 4716 688 4770 talem
721 4723 1028 4768 sanctorum
1052 4713 1395 4780 antiquorum
1419 4710 1701 4765 scientiam
1737 4708 1945 4779 populis
1966 4724 2102 4778 prte-

527 4808 752 4864 dicando
777 4804 1076 4859 infundere.
1109 4802 1400 4856 Prudentia
1433 4817 1557 4857 vera
1574 4801 1842 4869 justorum
1867 4809 1971 4866 est,
1999 4814 2102 4866 non

528 4900 591 4952 de
625 4898 756 4968 legis
781 4895 1033 4965 operibus
1078 4893 1345 4961 justitiam
1385 4907 1735 4962 prmsumere,
1767 4891 1860 4946 sed
1906 4906 1972 4945 ex
2001 4890 2105 4944 ﬁde

526 4990 756 5045 salutem
793 5000 1052 5057 quaerere.
1109 4984 1199 5038 Sic
1244 4999 1372 5053 ergo
1418 4983 1569 5052 plebs
1617 4981 1842 5036 Domino
1868 4979 2106 5050 perfecte

527 5089 880 5151 prteparatur.
905 5077 1036 5132 Cum
1063 5078 1113 5131 in
1167 5084 1312 5130 recta
1363 5075 1464 5128 ﬁde
1500 5083 1555 5128 et
1586 5083 1771 5128 sancta
1813 5086 2104 5127 conversa-

527 5173 673 5227 tione
696 5171 762 5224 ad
778 5169 986 5224 Domini
1011 5168 1283 5222 servitium
1305 5165 1532 5236 pleniter
1559 5167 1910 5218 convertitur.

1101 5276 1375 5332 llOMlLlA
1407 5276 1534 5332 Cll].

695 5365 747 5404 XN
785 5365 1114 5404 NATlVlTATl‘Z
1153 5364 1342 5402 SANCTI
1377 5361 1593 5402 JOANNIS
1629 5356 1927 5400 BAI‘TIS'DEA

980 5439 1162 5494 Lectio
1182 5439 1333 5494 Isaia:
1359 5437 1652 5508 prophetae.

602 5535 730 5590 Haec
760 5536 885 5589 dicit
929 5534 1184 5588 Dominus
1211 5550 1228 5585 .'
1251 5532 1462 5597 Audite,
1505 5529 1712 5595 insula',
1746 5540 1792 5582 et
1839 5527 2105 5593 attendite,

527 5626 706 5698 pepuli
732 5627 797 5680 de
820 5625 990 5697 longe.

605 5717 733 5776 [lost
783 5693 1115 5778 vocationem
1169 5718 1516 5788 reliquiarum
1578 5713 1757 5785 populi
1811 5711 1998 5774 Israel,
2058 5718 2109 5764 et
2152 5693 2158 5700 ’

2205 4551 2339 4590 mus.
2372 4531 2540 4599 Quam
2566 4530 2811 4600 sagittam
2855 4539 2907 4582 et
2945 4543 3140 4598 sponsa
3193 4526 3384 4580 vulnus
3412 4524 3688 4593 accipiatis
3718 4524 3802 4579 lo-

2206 4625 2388 4695 quitur
2437 4623 2486 4675 in
2527 4620 2750 4674 (lantico
2785 4618 3117 4673 canticorum
3154 4635 3167 4670 :
3208 4615 3495 4670 Vulnerata
3531 4615 3798 4669 charitate

2207 4736 2297 4789 ego
2319 4734 2454 4770 sum.

2279 4809 2344 4861 Et
2369 4807 2500 4859 dixit
2529 4804 2654 4857 mihi
2684 4818 2702 4857 :
2731 4801 2925 4857 Servus
2974 4819 3117 4855 meus
3155 4818 3207 4854 es
3253 4811 3329 4864 tu,
3368 4796 3558 4863 Israel,
3579 4799 3713 4866 quia
3742 4799 3798 4851 in

2208 4906 2255 4949 te
2294 4894 2573 4964 gloriabor.
2610 4891 2830 4956 Servus,
2863 4891 2988 4960 quia
3033 4906 3154 4944 cum
3204 4889 3258 4942 in
3309 4888 3479 4942 forma
3506 4886 3599 4940 Dei
3647 4895 3802 4942 esset

2209 4987 2435 5040 formam
2465 4984 2604 5038 servi
2638 4992 2718 5037 est
2747 4983 2998 5052 dignatus
3043 4994 3336 5035 assumere.
3372 4977 3620 5033 Ostendit
3667 4993 3796 5030 eum

2211 5076 2466 5147 appellari
2498 5083 2732 5138 servam,
2759 5073 2847 5141 qui
2895 5073 2964 5126 sit
3013 5070 3276 5126 formatus
3303 5085 3369 5123 ex
3405 5078 3579 5130 utero,
3611 5067 3712 5135 qui
3743 5075 3800 5120 et

2213 5169 2264 5220 iu
2295 5166 2506 5220 Psalmo
2537 5164 2686 5228 dicit,
2736 5164 2800 5216 de
2839 5171 3010 5216 ventre
3058 5163 3240 5214 matris
3291 5175 3418 5212 mea:
3463 5157 3602 5210 Deus
3649 5171 3797 5210 meus

2210 5273 2262 5310 es
2304 5267 2378 5308 Iu.
2426 5254 2485 5307 Et
2526 5251 2705 5316 lsracl,
2739 5253 2862 5320 quia
2908 5259 3068 5304 natus
3113 5251 3179 5305 de
3221 5246 3424 5302 semine
3456 5243 3796 5299 Judzeorum.

2211 5347 2469 5413 Quodque
2491 5344 2556 5397 de
2582 5341 2730 5395 nullo
2759 5341 2865 5396 alio
2893 5354 3171 5394 servorum
3202 5335 3421 5404 intelligi
3454 5332 3800 5405 potest,jun-

2209 5436 2369 5503 gitur,
2424 5435 2547 5502 quia
2580 5433 2631 5482 in
2672 5441 2719 5482 te
2766 5428 3050 5498 gloriabor.
3102 5427 3244 5480 Dicit
3288 5424 3429 5479 enim
3470 5433 3523 5478 et
3571 5423 3696 5491 ipse
3743 5422 3797 5476 in

2210 5525 2516 5595 Evangelio,
2541 5520 2722 5586 Pater,
2745 5515 3033 5590 glariﬁcari
3050 5516 3522 5585 nomentuum,qui
3560 5515 3615 5569 in
3647 5513 3801 5570 Psal-

2214 5634 2300 5673 mo
2322 5616 2576 5685 loquitur,
2603 5629 2814 5683 exurge,
2839 5611 3005 5682 gloria
3033 5626 3395 5680 mea;e;rurge,
3413 5607 3728 5678 psalterium
3748 5617 3798 5660 ‘ct

2213 5707 2415 5762 cit/mra
2436 5746 2449 5768 ,
2480 5703 2530 5759 id
2565 5710 2667 5767 est,
2705 5701 2942 5757 omnium
2974 5700 3231 5756 virtutum
3259 5699 3476 5764 chorus,
3511 5697 3635 5752 dedi
3667 5707 3717 5750 te
3745 5696 3797 5750 in
