3946 6336
238 307 333 363 5i!

1313 296 1618 355 ΠΟΜΠᾸᾹΞ
1661 296 1728 353 IN
1769 295 2028 353 EVANG.
2063 296 2149 351 ΕΤ
2185 293 2403 351 EPIST.

3397 296 3503 353 549.

237 418 407 471 lucem
442 417 696 487 gentium,
724 424 777 467 ut
802 414 871 468 sis
899 411 1043 468 salus
1074 428 1188 466 mea
1234 428 1393 482 usque
1422 410 1489 465 ad
1537 421 1822 465 extremum
1855 409 2233 473 A-tulabantnr
2256 411 2322 463 ei.
2360 408 2536 464 liabet
2551 416 2861 465 sanctorum
2887 409 3052 466 editio
3076 408 3314 465 lanitium
3339 411 3490 482 pluri-

240 520 413 562 tcrra'.
448 504 525 567 ,ιιι
557 514 660 568 est,
716 512 773 557 ut
814 503 1083 557 illumines
1137 502 1447 556 universum
1489 500 1746 554 mundum
1776 505 1831 553 ct

238 597 470 653 salutem
514 610 711 655 meam,
763 609 860 664 per
897 609 1057 663 quam
1090 608 1278 647 omnes
1311 591 1441 646 salvi
1477 590 1625 655 ﬁant,
1658 604 1830 657 usque

239 692 307 745 ad
334 699 641 745 extremum
677 699 837 743 terrm
866 687 1034 743 facias
1068 688 1370 759 pervenire.
1408 686 1533 741 Haec
1558 686 1700 739 enim
1732 698 1829 753 per

238 784 607 854 apostolorum
663 782 1097 853 prmdicationem
1140 780 1277 836 facta
1310 780 1706 850 cognoscimus,
1761 778 1829 830 de

238 873 438 939 quibus
482 871 767 926 Psalmista
811 871 1111 941 prmdicens
1137 870 1249 923 ait:
1283 868 1351 922 In
1396 883 1598 921 omnem
1634 876 1827 920 (errant

238 964 366 1017 exiit
391 979 550 1016 sonus
588 978 787 1025 eorum,
813 971 859 1013 et
876 961 928 1013 in
952 960 1082 1028 fines
1106 959 1243 1013 orbis
1272 969 1424 1012 terrm
1448 956 1597 1010 verba
1624 971 1822 1009 eorum.

238 1054 409 1124 Reges
430 1052 671 1107 videbunt
711 1061 759 1105 et
794 1059 1103 1120 consurgent
1132 1049 1413 1119 principes,
1446 1058 1493 1101 et
1532 1045 1825 1100 adorabunt

235 1155 453 1216 propter
475 1143 754 1198 Dominum
780 1141 950 1196 Deum
973 1149 1140 1205 tuum,
1181 1148 1229 1193 et
1261 1148 1499 1215 sanctum
1525 1135 1714 1201 Israel,
1737 1134 1827 1205 qui

236 1242 482 1312 elegirte.
507 1240 633 1295 Haec
662 1239 792 1294 ﬁent
812 1238 1030 1308 quando
1060 1233 1533 1291 veneritChristus
1574 1231 1627 1284 in
1657 1229 1824 1301 gloria

235 1330 417 1386 Patris
444 1346 565 1385 cum
600 1328 805 1399 angelis
845 1329 977 1390 suis,
1022 1338 1074 1380 et
1099 1325 1303 1380 sederit
1340 1325 1392 1377 in
1420 1323 1614 1377 throno
1644 1319 1825 1391 gloria:

237 1430 351 1471 suae
388 1414 634 1484 judicare
665 1414 816 1469 vivos
845 1421 900 1467 et
928 1421 1205 1474 mortuos;
1241 1419 1369 1464 tunc
1418 1423 1608 1462 omnes
1634 1407 1826 1461 adora-

236 1508 542 1571 bunteum,
585 1513 807 1575 propter
854 1504 1137 1557 Dominum
1187 1501 1356 1555 Deum
1394 1499 1609 1553 Patrem
1641 1506 1821 1561 soum,

234 1598 364 1665 quia
394 1596 568 1651 ﬁdelis
587 1604 671 1649 est
692 1595 781 1664 qui
798 1594 963 1665 elegit
985 1608 1127 1647 eum.
1147 1592 1273 1646 Sive
1300 1592 1368 1644 ita
1397 1588 1820 1659 intelligendum,

238 1704 396 1756 reges
424 1703 654 1757 quorum
678 1703 772 1741 cor
794 1687 846 1739 in
880 1701 1040 1739 manu
1073 1684 1166 1739 Dei
1196 1692 1368 1745 est,et
1396 1679 1650 1735 Ecclesiae
1672 1679 1821 1748 prin-

1930 519 2140 558 morum
2188 503 2312 572 quia
2364 518 2649 559 commune
2698 512 2781 558 est
2823 504 3056 571 bonum,
3104 503 3310 575 justitia
3358 504 3501 560 enim

1927 598 2226 651 communis
2249 604 2331 651 est
2357 597 2546 659 virtus,
2572 606 2625 651 et
2654 596 2772 651 ideo
2796 596 2847 649 in
2871 607 2990 651 ortu
3014 596 3136 666 justi
3171 596 3365 651 l'utrtm
3385 597 3505 651 vita:

1930 686 2136 757 insigne
2165 686 2460 756 pnemittit,
2493 696 2546 741 et
2573 688 2743 758 gratia
2768 690 3035 742 scenturm
3056 687 3271 743 virtutis
3298 688 3504 744 exulta-

1928 780 2071 833 tione
2104 780 2399 833 vicinorum
2427 778 2805 850 prteﬁgurante
2833 780 3096 851 signatur.

1999 866 2065 921 Et
2095 868 2290 937 factum
2318 880 2392 922 est
2416 869 2467 921 in
2499 869 2583 922 die
2621 878 2801 923 octavo
2846 876 3092 923 uenerunt
3134 868 3505 923 circumcidere

1927 974 2185 1027 puerum,
2216 968 2263 1010 et
2314 959 2563 1012 vocabant
2600 976 2719 1013 eum
2761 959 2967 1013 nomine
2996 960 3160 1029 patris
3193 960 3273 1014 sui
3302 958 3507 1021 Zacha-

1927 1049 2080 1100 riam.
2112 1047 2178 1100 ΕΙ
2225 1047 2536 1117 respondens
2566 1060 2734 1102 mater
2762 1049 2877 1119 ejus
2922 1049 3055 1103 dixit
3080 1063 3097 1100 :
3126 1048 3469 1120 Nequaquam
3490 1090 3504 1112 ,

1925 1140 2016 1193 sed
2044 1139 2308 1194 vocabitur
2330 1138 2584 1193 Joannes.
2604 1139 2738 1195 Mire
2765 1150 2982 1195 sanctus
3009 1140 3352 1211 Evangelista
3373 1158 3507 1211 pra:-

1927 1232 2247 1287 ntittendum
2289 1232 2530 1301 putavit,
2570 1232 2714 1301 quod
2755 1218 2971 1305 plurimi
3025 1230 3284 1287 infantem
3336 1234 3507 1302 patris

1926 1324 2143 1378 nomine
2165 1322 2441 1377 Zacharire
2466 1322 2838 1391 appellandmn
2868 1314 3148 1392 potarent,
3177 1332 3237 1377 ut
3260 1325 3507 1385 advertas

1925 1415 2083 1469 matri
2114 1429 2309 1468 nomen
2339 1410 2567 1479 alicujus
2596 1413 2936 1487 displicuisse
2975 1413 3256 1485 degeneris
3276 1455 3289 1478 ,
3321 1416 3416 1475 sed
3453 1416 3507 1469 in

1924 1512 2112 1559 sancto
2143 1502 2377 1557 infusum
2413 1501 2642 1573 Spiritu,
2663 1498 2807 1573 quod
2839 1504 2905 1574 ab
2932 1494 3271 1575 angeloante
3302 1505 3510 1560 Zacha-

1924 1597 2018 1651 ria:
2048 1595 2222 1649 fuerat
2252 1595 2692 1663 praenuntiatum,
2723 1602 2779 1649 et
2805 1594 3020 1665 quidem
3050 1595 3138 1662 ille
3166 1606 3345 1651 mutus
3384 1598 3506 1651 inti-

1926 1704 2073 1743 mare
2101 1687 2417 1743 vocabulum
2446 1686 2541 1742 ﬁlii
2569 1688 2809 1757 nequivit
2842 1688 3019 1752 uxori,
3043 1689 3136 1744 sed
3166 1705 3261 1759 per
3279 1692 3505 1760 prophe-

235 1781 387 1849 cipes
410 1788 554 1842 sunt,
580 1777 881 1832 adorabunt
922 1792 1067 1838 cum,
1096 1776 1220 1845 quia
1255 1772 1425 1831 ﬁdelis
1450 1781 1531 1826 est
1566 1770 1823 1825 Dominus
1854 1770 1895 1827 B
1926 1780 2057 1832 tiam
2089 1774 2359 1832 Elisabeth
2390 1777 2595 1843 didicit,
2618 1779 2760 1847 quod
2789 1779 3051 1843 didicerat
3073 1794 3103 1832 a
3131 1781 3344 1834 marito.

234 1880 461 1927 sanctus
502 1869 683 1925 Israel.
719 1869 795 1922 De
821 1868 1036 1923 Christo
1061 1867 1258 1921 ctenim
1291 1875 1343 1919 et
1370 1880 1490 1935 quae
1524 1870 1825 1933 sequuntur

236 1960 462 2031 intelligi
492 1966 738 2030 possunt,
770 1959 897 2013 dicit
921 1958 1063 2012 enim
1091 1958 1146 2011 in
1186 1967 1410 2028 tempore
1439 1955 1631 2025 placito
1656 1968 1822 2007 exau-

235 2050 343 2104 diui
366 2060 439 2114 te,
463 2060 508 2103 et
544 2050 599 2102 in
622 2049 707 2102 die
730 2048 918 2103 salutis
945 2048 1235 2104 auxiliata:
1267 2063 1383 2102 sum
1408 2046 1504 2099 tui.
1534 2043 1645 2098 Hoc
1670 2042 1817 2097 testi-

235 2139 420 2194 monio
435 2139 723 2209 Apostolus
739 2154 868 2193 usus
889 2139 1091 2197 dicens.
1110 2148 1337 2208 tempore
1359 2146 1647 2206 opportuno
1662 2148 1825 2187 exuu—

234 2231 339 2285 divi
374 2241 445 2295 te,
478 2240 525 2284 et
546 2231 597 2283 in
634 2230 717 2283 die
736 2230 919 2283 salutis
943 2229 1228 2283 auxiliatus
1253 2244 1369 2282 sum
1414 2227 1508 2290 tui,
1535 2240 1649 2279 ecce
1687 2239 1824 2277 nunc

234 2332 437 2386 tempus
485 2318 818 2389 acceptabile,
849 2336 962 2373 ecce
991 2336 1123 2373 nunc
1173 2318 1283 2371 dies
1332 2316 1539 2371 salutis.
1589 2315 1825 2383 Tempus

231 2411 495 2479 placitum
520 2417 576 2464 et
596 2417 978 2479 opportunum,
996 2417 1049 2465 et
1074 2408 1189 2463 dies
1216 2407 1406 2462 salutis
1433 2406 1613 2476 passio
1642 2404 1818 2458 Salva-

235 2501 368 2554 toris
394 2508 485 2556 est
507 2508 563 2554 et
594 2501 941 2555 resurrectio.
970 2499 1066 2555 Cui
1104 2506 1157 2555 et
1185 2499 1325 2554 idem
1360 2498 1523 2552 Pater
1553 2496 1605 2549 in
1633 2497 1821 2549 subse-

234 2592 527 2662 quentibus
574 2590 650 2644 ait
679 2609 692 2643 :
720 2590 850 2644 Dedi
882 2600 929 2643 te
952 2591 1006 2643 in
1039 2588 1205 2659 [cedas
1228 2588 1429 2659 populi,
1453 2596 1508 2640 ut
1540 2586 1823 2639 suscitares

232 2691 431 2735 terram
465 2693 511 2734 et
544 2679 834 2749 possideres
863 2680 1194 2733 Ita’reditates
1218 2679 1522 2748 dissipatas,
1549 2684 1605 2730 ut
1630 2676 1826 2730 diceres

231 2771 314 2823 his
336 2770 429 2840 qui
451 2769 609 2823 vincti
642 2778 785 2832 sunt,
815 2771 967 2831 exite,
1002 2780 1047 2821 et
1070 2769 1151 2823 Itis
1171 2770 1259 2839 qui
1280 2768 1332 2821 in
1352 2766 1591 2829 tenebris,
1627 2765 1825 2818 releva-

235 2862 383 2915 mmi.
418 2862 478 2915 In
524 2860 701 2915 iunius
739 2861 941 2931 populi,
978 2862 1294 2919 subauditur
1346 2858 1670 2921 Judzeorum,
1720 2856 1821 2918 his,

236 2953 511 3016 videlicet,
538 2953 627 3022 qui
658 2968 721 3007 ex
754 2952 857 3005 illis
883 2954 1104 3007 credere
1128 2950 1431 3013 voluerunt,
1465 2956 1520 3001 et
1547 2944 1829 3001 suscitabit

237 3050 463 3105 terram,
487 3058 606 3110 quae
628 3042 680 3095 in
704 3040 1018 3095 idololatrim
1042 3039 1256 3107 jacebat
1287 3036 1671 3109 erroribus.Et
1694 3050 1821 3104 pos-

1998 1866 2061 1919 Et
2092 1866 2336 1920 dixerunt
2363 1854 2431 1919 ad
2459 1865 2646 1920 illam:
2679 1864 2817 1931 Quia
2849 1882 2998 1920 nemo
3020 1876 3093 1920 est
3124 1867 3179 1920 in
3201 1866 3506 1937 cognatione

1923 1966 2014 2011 tua
2035 1957 2124 2025 qui
2153 1966 2362 2010 vocetur
2381 1956 2478 2009 Itoc
2502 1958 2728 2011 nomine.
2754 1950 3053 2023 Innucbant
3078 1957 3218 2028 patri
3247 1958 3361 2027 ejus
3384 1974 3507 2027 quo-

1923 2050 2076 2102 modo
2106 2047 2253 2102 vellet
2277 2048 2449 2101 vocari
2472 2064 2610 2101 eum.
2640 2048 2706 2101 Et
2728 2050 2999 2118 postulans
3022 2049 3354 2119 pugillarem,
3376 2050 3508 2103 scri-

1922 2143 2021 2211 psit
2047 2142 2222 2194 dicens
2244 2154 2263 2191 :
2292 2139 2525 2194 Joannes
2552 2149 2627 2194 est
2652 2157 2839 2194 nomen
2877 2140 3012 2210 ejus.
3059 2139 3127 2193 Et
3167 2141 3343 2195 mirati
3384 2149 3505 2194 sunt

1926 2229 2170 2282 universi.
2200 2224 2433 2282 Joannes
2458 2237 2553 2289 est,
2578 2228 2768 2296 inquit,
2797 2244 2980 2281 nomen
3004 2229 3140 2299 ejus,
3162 2230 3381 2294 bocest,
3400 2243 3507 2282 non

1928 2320 1979 2373 ei
2010 2335 2107 2373 nos
2133 2334 2326 2372 nomen
2376 2318 2731 2387 imponimus,
2773 2320 2898 2388 quia
2940 2319 3049 2389 jam
3096 2337 3125 2375 a
3167 2320 3276 2376 Deo
3313 2336 3508 2377 nomen

1928 2415 2165 2483 accepit,
2212 2413 2373 2467 habet
2418 2411 2735 2468 vocabulum
2776 2428 2930 2467 suum
2974 2414 3117 2484 quod
3154 2416 3506 2486 agnovimus,

1928 2519 2034 2557 non
2079 2503 2221 2572 quod
2263 2501 2544 2571 elegimus.
2578 2500 2689 2555 Nec
2733 2502 2977 2567 mireris,
3006 2503 3047 2557 si
3080 2517 3277 2560 nomen
3318 2502 3511 2558 mulier

1929 2598 2069 2668 quod
2094 2612 2198 2650 non
2225 2594 2428 2649 audivit
2453 2594 2698 2658 asseruit,
2727 2597 2943 2663 quando
2963 2594 3012 2648 ei
3037 2593 3271 2664 Spiritus
3292 2603 3514 2660 sanctus

1928 2689 2018 2758 qui
2050 2686 2238 2757 angelo
2266 2687 2616 2740 mandaverat
2640 2686 2917 2750 revelavit,
2945 2701 3116 2754 neque
3156 2695 3364 2756 poterat
3407 2688 3509 2741 Do-

1928 2780 2059 2834 mini
2089 2779 2338 2849 ignorare
2361 2778 2721 2846 praenuntium
2758 2794 2878 2847 qua:
2908 2778 3320 2847 prophetaverat
3350 2776 3506 2833 Chri-

1928 2878 2093 2933 stum,
2118 2876 2175 2922 et
2196 2868 2332 2922 bene
2360 2868 2597 2932 additur,
2631 2869 2755 2938 quia
2798 2884 2948 2921 nemo
2979 2871 3033 2921 in
3063 2870 3367 2937 cognatione
3395 2868 3509 2936 ejus

1929 2966 2144 3011 vocatur
2169 2956 2267 3010 hoc
2294 2956 2520 3021 nomine,
2548 2964 2608 3009 ut
2638 2955 2908 3025 intelligas
2937 2970 3131 3011 nomen
3165 2972 3268 3009 non
3300 2958 3511 3028 generis

1929 3063 2068 3114 esse,
2101 3048 2196 3103 sed
2223 3048 2379 3101 vatis.

236 3108 806 3185 sidebithaareditates
831 3130 1094 3195 desertas,
1144 3143 1265 3197 qua:
1307 3108 1664 3181 habitatorem
1719 3138 1823 3178 non

2000 3140 2251 3209 Apertum
2279 3148 2351 3192 est
2376 3137 2516 3192 illico
2546 3154 2602 3193 os
2625 3138 2739 3208 ejus
2758 3149 2805 3192 et
2830 3138 3153 3209 linguaejus
3173 3182 3187 3206 ,
3231 3150 3277 3195 et
3325 3141 3499 3210 loque-

239 3220 885 3284 h:bebantDomimtm,et
912 3219 1040 3274 dicit
1088 3219 1171 3273 bis
1196 3219 1285 3288 qui
1330 3223 1674 3287 peccatorum
1706 3214 1824 3266 vin-

237 3312 375 3364 culis
404 3306 831 3380 stringebantur,
866 3309 1032 3371 exite,
1062 3307 1190 3377 quia
1215 3307 1433 3361 funibus
1482 3312 1825 3374 peccatorum

239 3417 463 3455 suorum
508 3400 873 3469 unusquisque
896 3399 1304 3469 constringitur.
1330 3398 1395 3450 Et
1425 3396 1507 3451 bis
1535 3395 1627 3463 qui
1674 3393 1825 3448 sedc-

226 3492 371 3546 ‘bant
401 3493 453 3545 in
500 3491 734 3545 tenebris
759 3498 815 3543 et
859 3489 1029 3544 lucem
1075 3489 1257 3543 videre
1288 3502 1391 3541 non
1421 3493 1685 3554 poterant,
1717 3483 1819 3535 ait:

236 3582 557 3637 relevamini
582 3598 594 3645 ;
635 3582 689 3635 hi
716 3581 857 3634 enim
888 3596 1075 3635 omnes
1103 3588 1383 3651 postquam
1413 3577 1659 3632 conversi
1707 3574 1822 3627 l‘ue-

237 3672 349 3725 rint
380 3679 436 3725 et
465 3672 670 3725 clarum
712 3670 912 3725 Christi
958 3671 1133 3725 lumen
1168 3670 1492 3739 aspexerint,
1538 3678 1826 3737 pascentur

236 3763 292 3817 in
322 3764 424 3815 vris
447 3770 502 3816 et
532 3761 737 3816 semitis
765 3772 1075 3816 sanctarum
1100 3760 1591 3831 Scripturarum,et
1613 3759 1820 3813 dicent:

236 3854 499 3907 Dominus
518 3855 683 3924 pascit
712 3870 812 3917 me,
836 3864 881 3908 et
901 3854 1031 3907 nihil
1053 3854 1175 3906 mihi
1199 3853 1383 3919 deerit,
1408 3854 1461 3905 in
1488 3852 1598 3906 loco
1619 3866 1825 3921 pascua:

235 3944 311 3997 ibi
365 3962 445 3997 me
476 3944 770 4008 collocabit,
824 3958 987 4013 super
1017 3958 1211 4013 aquam
1244 3942 1550 3997 refectionis
1578 3943 1828 3996 edncabit

237 4050 347 4097 me,
384 4035 473 4103 qui
508 4048 629 4088 cum
657 4034 814 4089 Patre
839 4044 893 4088 et
916 4034 1117 4104 Spiritu
1147 4044 1356 4097 sancto,
1384 4035 1511 4087 vivit
1538 4043 1591 4088 et
1640 4041 1824 4102 regnat

239 4124 386 4178 Deus
416 4140 512 4193 per
534 4124 711 4177 omnia
739 4124 931 4179 smcula
964 4125 1304 4179 saeculorum.
1336 4128 1527 4178 Amen.

813 4235 1092 4291 HOMILIA
1123 4235 1255 4291 CIV.

784 4324 834 4369 IN
878 4323 1052 4361 EODEM
1095 4322 1277 4361 FESTO.

312 4397 499 4453 Lectio
529 4400 699 4453 sancti
727 4399 999 4470 Evangelii
1031 4397 1325 4453 secundum
1352 4397 1575 4452 Lucam.

314 4490 383 4543 In
411 4491 500 4543 illo
530 4501 785 4561 tempore,
813 4491 1076 4545 Elisabeth
1103 4489 1369 4561 impletum
1398 4500 1472 4544 est
1497 4500 1695 4558 tempus
1722 4506 1819 4559 pa-

240 4582 434 4645 riendi,
460 4591 507 4635 et
534 4585 727 4652 peperit
751 4583 939 4651 ﬁlium.

315 4672 551 4726 Verbum
581 4672 906 4741 impletionis
938 4682 1127 4727 sancta
1157 4672 1440 4743 Scriptura
1471 4673 1524 4726 in
1553 4673 1819 4727 bonorum

240 4772 454 4817 tantum
500 4772 621 4817 ortu
636 4746 729 4817 'vel
771 4764 949 4828 obitu,
998 4765 1081 4819 vel
1120 4775 1241 4820 actu
1272 4777 1471 4835 ponere
1511 4767 1819 4827 consuevit,

240 4868 478 4920 quorum
504 4854 669 4907 vitam
700 4854 1029 4923 plenitudine
1063 4854 1406 4923 perfectionis
1438 4855 1636 4910 habere
1658 4856 1821 4925 signi-

240 4941 391 4995 ficat.
411 4940 652 5010 Denique
670 4941 930 4995 lilisabetlt
953 4944 1219 5012 impletum
1242 4953 1315 4997 est
1340 4955 1537 5012 tempus
1558 4945 1819 5014 pariendi,

241 5030 449 5101 impleti
478 5033 593 5087 dies
615 5031 794 5087 Marica
821 5041 879 5086 ut
906 5044 1140 5102 pareret,
1166 5034 1402 5103 implevit
1424 5034 1675 5090 Salomon
1698 5036 1823 5089 tedi-

242 5123 411 5177 ﬁcare
438 5124 657 5178 domum
688 5124 929 5189 Domini,
959 5124 1242 5179 defunctus
1282 5133 1365 5179 est
1404 5125 1708 5190 Abraham,
1740 5126 1824 5181 vel

242 5213 384 5268 alius
411 5214 606 5282 aliquis
628 5223 840 5283 patrum
864 5231 1022 5269 senex
1049 5224 1104 5270 et
1129 5216 1318 5284 plenus
1344 5217 1566 5277 dierum,
1595 5226 1649 5271 et
1673 5228 1821 5286 post-

242 5319 408 5373 quam
448 5304 594 5359 venit
644 5305 919 5374 pleaitudo
959 5307 1215 5376 temporis
1262 5308 1408 5360 misit
1453 5307 1593 5361 Deus
1626 5308 1819 5361 Filium

243 5410 433 5459 suum;
463 5403 521 5447 at
557 5405 745 5450 contra
772 5397 885 5451 dies
910 5396 1192 5466 impiorum
1216 5397 1405 5451 inanes
1430 5406 1484 5451 et
1505 5398 1677 5451 vacui.
1711 5398 1824 5449 V’iri

242 5486 390 5541 enim
422 5486 747 5555 sanguinum
768 5495 823 5540 et
844 5486 1010 5541 dolosi
1036 5502 1139 5541 non
1163 5486 1514 5541 dimidiabuut
1543 5487 1655 5541 dies
1678 5501 1815 5541 suos.

317 5572 388 5628 Et
418 5576 705 5628 audierunt
733 5577 884 5629 vicini
916 5587 961 5630 et
992 5579 1197 5648 cognati
1225 5578 1338 5647 ejus
1366 5581 1488 5648 quia
1518 5580 1822 5650 magni/ica-

244 5670 314 5724 sit
344 5666 602 5721 Dominus
632 5658 1041 5723 miscricordiam
1073 5687 1218 5724 suam
1244 5688 1355 5724 cum
1388 5670 1501 5735 illa,
1528 5682 1572 5725 et
1608 5690 1821 5741 congra-

1847 4451 1897 4509 D

1930 3230 2083 3283 batur
2117 3229 2420 3282 benedicens
2446 3227 2633 3292 Deum,
2658 3242 2703 3281 et
2733 3228 2903 3295 factus
2927 3239 3001 3281 est
3032 3231 3187 3283 timor
3217 3247 3373 3300 super
3395 3246 3501 3283 om-

1929 3338 2017 3374 nes
2060 3321 2255 3373 vicinos
2296 3335 2497 3372 eorum.
2547 3317 2683 3383 Quia
2726 3334 2831 3372 vox
2880 3319 3164 3373 clamantis
3203 3320 3255 3373 in
3294 3322 3509 3375 deserto

1928 3418 2050 3464 nata
2094 3418 2211 3474 est,
2243 3408 2439 3463 merito
2476 3418 2556 3461 cst
2595 3408 2769 3479 lingua
2806 3408 3049 3477 parentis
3089 3408 3281 3463 soluta.
3319 3408 3505 3478 Neque

1927 3502 2069 3553 enim
2116 3508 2326 3568 patrem
2376 3514 2405 3551 a
2446 3497 2696 3552 laudibus
2744 3498 2901 3552 silere
2943 3499 3196 3563 decebat,
3226 3500 3313 3568 qui
3348 3498 3507 3554 Verbi

1927 3604 2175 3659 prmcone
2204 3590 2305 3643 sibi
2344 3597 2469 3642 nato
2497 3588 2759 3658 gaudebat
2781 3629 2793 3653 ,
2826 3589 3023 3657 quippe
3054 3589 3139 3643 cui
3182 3589 3319 3644 labia
3341 3631 3354 3654 ,
3387 3607 3505 3659 qua:

1928 3681 2275 3737 incredulitas
2321 3681 2591 3743 vinxerat,
2623 3678 2756 3734 ﬁdes
2796 3679 2908 3747 jam
2956 3680 3132 3735 solvit.
3164 3681 3360 3735 Verum
3393 3682 3509 3735 haec

1926 3776 2088 3829 etiam
2115 3772 2401 3843 allegorice
2424 3771 2468 3825 si
2510 3772 2631 3841 quis
2662 3773 2990 3840 perscrutari
3028 3772 3319 3837 desideret,
3349 3772 3507 3827 Joan-

1928 3865 2011 3919 nis
2036 3864 2306 3920 celebrata
2338 3862 2591 3916 nativitas
2611 3903 2625 3926 ,
2656 3863 2847 3932 gratim
2890 3861 3022 3923 Novi
3052 3864 3380 3919 Testamenti
3422 3873 3509 3920 est

1926 3956 2175 4009 inchoata
2231 3954 2549 4008 sublimitas.
2606 3953 2704 4007 Cui
2763 3954 2925 4008 vicini
2971 3963 3025 4009 et
3064 3956 3279 4025 cognati
3335 3958 3505 4026 patris

1926 4058 2140 4107 nomen,
2167 4058 2327 4111 quam
2353 4041 2573 4095 Joannis
2604 4040 2880 4111 imponere
2916 4042 3216 4106 malebant,
3247 4045 3371 4113 quia
3406 4043 3502 4097 Ju-

1924 4136 2025 4191 dtei
2053 4137 2143 4204 qui
2184 4136 2315 4205 legis
2346 4136 2394 4189 ei
2430 4135 2807 4189 observatione
2845 4135 2995 4203 quasi
3038 4132 3297 4190 allinitate
3329 4135 3501 4204 juncti

1923 4234 2097 4285 erant,
2124 4226 2294 4294 magis
2312 4224 2596 4292 justitiam,
2616 4240 2735 4294 qua:
2760 4239 2826 4278 ex
2850 4224 2965 4295 lege
2994 4234 3076 4279 est
3098 4227 3317 4290 sectari,
3342 4243 3504 4295 quam

1924 4318 2047 4371 ﬁdei
2081 4318 2309 4388 gratiam
2339 4317 2615 4385 suscipere
2641 4316 2943 4385 cupiebant.
2974 4315 3079 4371 Sed
3109 4314 3370 4381 Joannes,
3403 4319 3503 4372 hoc

1922 4417 2025 4473 est,
2050 4409 2235 4478 gratia:
2263 4407 2355 4461 Dei
2382 4406 2725 4470 vocabulum,
2756 4416 2928 4460 mater
2954 4407 3155 4470 verbis,
3184 4416 3338 4476 pater
3365 4408 3498 4461 litte-

1930 4498 2004 4553 ris
2025 4498 2276 4551 intimare
2305 4506 2577 4564 satagunt,
2610 4497 2735 4566 quia
2763 4506 2814 4550 et
2847 4482 2931 4550 lex
2970 4497 3082 4566 ipsa
3114 4496 3410 4567 psalmique
3440 4516 3503 4553 ac

1925 4592 2199 4659 propheta:
2228 4590 2429 4657 apertis
2457 4590 2844 4642 sententiarum
2860 4588 3081 4643 vocibus
3097 4590 3327 4659 gratiam
3349 4589 3504 4643 Chri—

1926 4680 1992 4733 sti
2039 4678 2361 4748 prtedicant,
2404 4688 2459 4731 et
2494 4677 3024 4732 saccrdotium‘illud
3066 4662 3219 4731 vetus
3253 4678 3499 4746 ﬁguratis

1924 4767 2367 4823 cmremoaiarum
2412 4777 2464 4819 et
2514 4766 2901 4821 sacriﬁciorum
2932 4766 3158 4829 umbris,
3201 4766 3373 4820 eidem
3424 4776 3502 4821 te-

1926 4859 2234 4912 stimonium
2287 4856 2550 4926 pcrbibet.
2588 4855 2920 4925 Pulchreqne
2972 4851 3263 4911 Zacharias
3307 4866 3501 4912 octava

1926 4948 2013 5003 die
2061 4948 2223 5016 prolis
2257 4947 2416 5000 editae
2465 4947 2725 5015 loquitur,
2764 4948 2887 5017 quia
2939 4962 3034 5016 per
3074 4948 3282 5002 Domini
3321 4965 3499 5003 resur—

1928 5040 2219 5094 rectionem
2262 5054 2382 5106 quce
2428 5047 2617 5091 octava
2662 5038 2748 5092 die
2800 5047 2920 5107 post
2962 5040 3243 5107 septimam
3291 5040 3494 5093 sabin

1929 5130 2066 5183 facta
2113 5135 2229 5192 est,
2269 5126 2480 5179 occulta
2515 5127 2801 5180 sacerdotii
2834 5127 3030 5195 regalis
3071 5141 3265 5181 arcana
3311 5140 3497 5197 patue-

1927 5227 2070 5283 runt,
2104 5218 2390 5287 linguaque
2410 5217 2720 5286 pontiﬁcum
2748 5216 3051 5273 Iudaeorum
3075 5235 3237 5289 quam
3263 5212 3497 5275 diﬂiden-

1928 5310 2016 5361 tia:
2040 5308 2252 5363 vincula
2278 5309 2626 5373 strinxerant,
2653 5308 3017 5377 intelligentia:
3044 5310 3377 5365 rationabilis
3412 5321 3497 5367 est

1926 5414 2059 5453 voce
2090 5398 2284 5452 soluta.

2002 5489 2066 5541 Et
2095 5505 2248 5558 super
2270 5490 2445 5568 omnia
2472 5498 2717 5543 montana
2738 5490 2943 5547 Judtea:
2958 5491 3366 5564 divulgabantur
3384 5511 3493 5548 ont-

1929 5580 2014 5632 nia
2053 5580 2201 5632 verba
2232 5581 2362 5645 Ita’c‘,
2392 5591 2437 5634 et
2469 5593 2751 5651 posuerunt
2789 5584 2843 5637 in
2872 5584 3024 5641 corde
3052 5602 3178 5652 suo,
3222 5587 3449 5643 dicentes
3475 5604 3492 5644 :

1930 5668 2061 5733 Quis
2089 5680 2239 5740 putus
2264 5687 2394 5739 puer
2417 5673 2511 5724 istc
2540 5671 2675 5725 erit?
2697 5673 2901 5727 Etenim
2932 5692 3117 5729 manus
3147 5676 3356 5731 Domini
3384 5687 3497 5733 erat
