3946 6368
511 284 615 341 353

1155 291 1213 346 Β.
1257 292 1513 350 [LABANI
1552 294 1773 353 MAUR!
1811 293 2128 352 ARClllEP.
2174 296 2484 354 MOGUNT.
2529 298 2811 355 OPERUM
2853 298 3030 355 PARS
3067 300 3131 356 ll.

3669 309 3778 365 ΞΗ

509 414 625 451 eum
672 398 780 459 illo.
831 398 1024 470 Magna
1070 419 1225 473 opera
1266 404 1498 472 Domini,
1538 409 1796 478 exquisita
1820 409 1874 463 in
1911 425 2086 464 omnes
2114 412 2165 472 Α
2193 423 2224 463 a
2274 410 2500 466 Domino
2555 426 2807 467 coronam
2854 410 3015 480 justas
3065 414 3547 483 congratulationis
3604 437 3779 479 accc-

507 488 796 543 voluntates
820 490 953 561 ejus.
971 492 1109 547 Ecce
1132 494 1274 548 enim
1295 512 1459 550 unum
1483 498 1760 554 Zacharias
1784 499 2078 566 silentium,

506 592 613 631 non
661 579 759 647 ipsi
796 588 1001 635 tantum
1029 582 1115 636 cui
1145 582 1311 638 datur
1337 586 1403 640 ad
1440 600 1655 655 ptenam
1688 587 2082 643 incredulitatis

504 676 561 723 et
603 668 816 738 signum
862 671 1114 726 credendi
1156 672 1409 743 proﬁcit,
1438 676 1533 730 sed
1563 684 1766 730 etcum
1813 676 2078 743 aufertur,

502 769 692 847 cupies
719 758 926 814 vicinos
955 759 1072 830 ejus
1098 760 1356 815 miraculo
1404 777 1467 818 ac
1513 764 1705 817 timore
1755 762 2075 834 stupefecit,

500 847 681 901 omnia
713 849 1131 920 circumquaque
1164 862 1417 906 montana
1464 850 1607 907 fama
1652 854 1762 907 nati
1796 855 2077 923 pmphetze

498 938 796 1009 perfundit,
817 956 1007 998 omnes
1033 942 1124 1013 qui
1154 944 1340 998 audire
1368 952 1639 1014 poterant,
1662 946 1728 999 ad
1757 947 2077 1015 perquiren-

500 1030 628 1085 dum
658 1031 965 1105 diligentius
987 1035 1140 1106 pueri
1170 1036 1261 1104 qui
1294 1045 1452 1091 natus
1478 1045 1563 1092 est
1588 1036 1803 1090 modum
1842 1046 2077 1092 staturu-

496 1139 601 1194 que
632 1125 906 1193 sollicitat,
940 1137 997 1181 ut
1026 1127 1112 1183 his
1139 1127 1388 1184 videlicet
1410 1137 1570 1198 atque
1598 1128 1905 1199 hujusmodi
1930 1128 2073 1182 futu-

496 1230 590 1271 rus
618 1215 823 1273 Christi
860 1218 1123 1289 propheta
1155 1219 1562 1275 commendetur
1598 1218 1881 1290 auspiciis,
1908 1218 2068 1273 item-

494 1320 618 1374 que,
645 1312 703 1361 ut
730 1307 804 1361 ita
838 1306 1069 1363 dixerim
1087 1348 1104 1375 ,
1133 1323 1527 1381 praecursorem
1554 1309 1801 1366 veritatis
1827 1325 2061 1382 praecur‘

492 1396 666 1451 rentia
702 1397 853 1469 signa
885 1399 1179 1469 praebeant.

561 1488 629 1543 Et
650 1488 940 1546 Zacharias
966 1502 1117 1562 pater
1138 1491 1252 1563 ejus
1279 1492 1521 1563 impletus
1542 1504 1617 1549 est
1640 1493 1843 1566 Spiritu
1864 1505 2065 1560 saneto,

488 1589 538 1634 et
585 1583 911 1653 prophetarit
952 1585 1131 1639 dicens
1163 1597 1183 1637 :
1213 1584 1524 1641 Benedictus
1565 1585 1820 1641 Dominus
1862 1585 2064 1648 Israel,

487 1670 612 1740 quia
642 1671 864 1727 uisitauit
889 1684 937 1727 et
964 1673 1088 1741 fecit
1118 1674 1523 1745 redemptionem
1549 1673 1711 1744 plebis
1734 1692 1845 1730 sua:
1870 1674 2062 1730 Israel.

2184 510 2391 577 pleros.

2254 589 2324 644 Et
2366 593 2480 661 quis
2527 603 2603 646 est
2641 593 2731 664 qui
2776 592 2911 647 vobis
2957 603 3158 657 noceat,
3189 596 3235 648 si
3270 595 3393 649 boni
3430 600 3776 659 aemulatores

2182 677 2416 761 fueritis?
2439 680 2514 735 De
2546 681 2629 735 his
2658 681 2786 735 dicit
2827 696 2947 750 qua:
2994 682 3150 736 nobis
3191 683 3259 737 ab
3302 684 3627 743 adversariis
3668 705 3777 759 per

2180 769 2341 825 verba
2370 772 2778 836 contumeliosa,
2810 787 2907 840 per
2930 773 3122 841 damna
3154 789 3335 829 rerum
3362 780 3769 849 temporalium,

2177 871 2276 929 per
2300 866 2565 915 tormenta
2593 864 2836 932 corporis
2872 864 3140 918 accidunt.
3168 864 3291 921 Πωο
3316 868 3459 923 enim
3490 878 3545 925 et
3574 872 3768 944 hujuso

2177 949 2321 1003 modi
2352 951 2531 1005 onmia
2564 967 2692 1006 cum
2728 953 2976 1008 ﬁdelibus
3018 954 3344 1026 irrogantur,
3374 960 3636 1018 duntaxat
3667 965 3765 1034 qui

2175 1040 2303 1095 boni
2332 1042 2673 1098 aemulatores
2718 1055 2873 1109 sunt,
2920 1054 2975 1099 et
3009 1046 3111 1101 hoc
3149 1051 3440 1105 secundum
3470 1055 3764 1114 scientiam

2175 1142 2515 1199 nequaquam
2545 1132 2624 1185 eis
2661 1148 2857 1188 nocere
2882 1144 3141 1204 possunt,
3185 1139 3278 1193 sed
3316 1140 3547 1208 palmam
3584 1148 3766 1217 magis

2172 1220 2447 1290 patientiae
2507 1226 2888 1294 aequanimiter
2942 1228 3297 1294 tolerantibus
3336 1232 3598 1301 afferunt,
3639 1244 3701 1291 et
3728 1254 3765 1292 e

2172 1320 2361 1366 contra
2391 1312 2497 1367 illis
2525 1315 2615 1384 qui
2644 1315 2887 1387 irrogant
2915 1332 3131 1387 ptenam
3170 1323 3559 1380 accumulando
3592 1335 3765 1381 aeter-

2170 1415 2295 1455 nam
2344 1402 2635 1473 plurimum
2691 1416 2907 1461 nocent.
2959 1406 3017 1462 Si
3069 1410 3192 1479 quis
3232 1421 3409 1467 autem
3449 1414 3763 1483 hujusmodi

2170 1489 2412 1546 adversis
2462 1492 2657 1547 victus'
2691 1494 2891 1560 deﬁcit,
2949 1512 3054 1550 non
3092 1498 3217 1553 huic
3268 1500 3357 1554 ille
3406 1503 3498 1571 qui
3554 1504 3762 1560 malum

2171 1578 2387 1645 intulit,
2426 1582 2519 1636 sed
2559 1583 2659 1651 ipsi
2696 1585 2800 1639 sibi
2839 1586 2930 1656 qui
2970 1586 3074 1642 hoc
3117 1590 3385 1658 patienter
3420 1592 3567 1651 ferre
3603 1611 3765 1653 recu-

2169 1670 2310 1724 savit
2346 1672 2548 1727 nocuit.

487 1761 628 1817 Ecce
657 1762 868 1832 loquela
894 1779 1015 1834 quas
1045 1764 1159 1819 sola
1182 1771 1265 1819 est
1290 1764 1465 1819 ablata
1494 1764 1772 1831 dillldenti,
1802 1781 1925 1822 cum
1957 1766 2065 1834 spi-
2097 1774 2139 1832 Β
2238 1757 2346 1816 Sed
2370 1772 2419 1816 et
2447 1779 2493 1817 st
2521 1764 2647 1835 quid
2674 1766 2918 1835 patimini
2948 1778 3160 1839 propter
3175 1771 3467 1841 justitiam,
3487 1774 3626 1830 beati
3652 1778 3764 1833 eri.

485 1852 594 1906 ritu
623 1854 921 1923 prephetize
947 1861 1031 1908 est
1054 1854 1301 1909 restituta
1327 1856 1588 1910 credenti.
1613 1855 1857 1911 Visitavit
1886 1865 2064 1910 autem

485 1944 745 2000 Dominus
770 1933 981 2016 plebem
1009 1961 1161 2001 suam
1191 1947 1343 2017 quasi
1376 1946 1529 2015 longa
1563 1946 1879 2003 inﬁrmitate
1912 1948 2066 2003 tabe-

482 2042 744 2101 scentem,
773 2042 827 2089 et
856 2036 1006 2105 quasi
1038 2036 1309 2091 venditum
1356 2037 1456 2091 sub
1492 2044 1713 2107 peccato
1755 2038 1900 2094 unici
1942 2019 2069 2093 Filii

483 2123 566 2177 sui
619 2124 880 2197 sanguine
927 2124 1190 2189 redemit,
1217 2124 1310 2194 qui
1345 2125 1480 2179 vivit
1506 2133 1561 2180 et
1588 2135 1778 2196 regnat
1804 2141 1927 2181 cum
1955 2126 2068 2181 Deo

482 2212 644 2267 Patre
675 2212 727 2266 in
759 2212 965 2268 unitate
996 2211 1230 2282 Spiritus
1254 2212 1427 2268 sancti
1466 2213 1610 2271 Deus
1634 2228 1733 2287 per
1758 2215 1937 2270 omnia
1969 2230 2066 2271 sa:-

480 2302 602 2357 cula
625 2302 965 2357 smculorum.
998 2302 1192 2357 Amen;

1058 2433 1339 2492 llOMILlA
1374 2433 1480 2490 CV.

798 2562 1051 2604 υοιιιΝιω
1091 2564 1143 2604 Vl
1185 2563 1315 2605 POST
1354 2563 1748 2603 PENTECOSTEN.

740 2654 930 2712 Lectio
974 2655 1227 2727 Epistolas
1277 2657 1338 2711 Β.
1386 2656 1529 2713 Petri
1573 2658 1819 2727 apostoli.

552 2765 892 2827 Cltarissimi,
945 2782 1121 2820 omnes
1167 2766 1439 2821 unanimes
1477 2767 1531 2820 in
1590 2768 1823 2820 oratione
1870 2776 2060 2830 estote,

478 2856 870 2926 compatientes,
893 2855 1239 2924 fraternitatis
1261 2866 1543 2922 amatores,
1566 2856 1943 2918 misericordes,
1967 2857 2063 2909 ltu-

478 2944 647 3010 miles,
681 2961 783 2999 non
808 2944 1080 2999 reddentes
1111 2944 1307 2998 malum
1332 2960 1426 3015 pro
1455 2942 1624 3009 malo,
1648 2953 1695 2997 et
1730 2944 2063 2998 maledictum

475 3054 572 3109 pro
598 3035 895 3102 maledicto,
917 3035 1007 3090 sed
1031 3053 1059 3091 e
1078 3036 1340 3090 contrario
1364 3036 1734 3103 benedicentes,
1759 3046 1864 3093 etc.

549 3128 685 3196 Quia
727 3128 975 3198 superius
1047 3127 1289 3183 diversas
1331 3142 1590 3198 personas
1636 3130 1957 3185 conditionis
2008 3141 2061 3187 et
2089 3111 2133 3173 C

476 3234 642 3275 sexus
670 3232 907 3289 congrua
940 3217 1042 3272 sibi
1088 3218 1414 3273 discretione
1456 3217 1715 3284 docebat,
1759 3219 1869 3289 jam
1919 3237 2063 3277 nunc

476 3315 667 3364 omnes
694 3308 1054 3364 communiter
1080 3308 1331 3363 admonet
1356 3308 1410 3362 in
1435 3306 1556 3363 ﬁdei
1586 3308 1877 3364 Dominicae
1897 3325 2060 3366 causa

478 3415 645 3455 unum
678 3415 775 3461 cor
802 3408 858 3455 et
885 3415 1049 3454 unam
1083 3399 1284 3454 habere
1308 3398 1562 3453 animam.

552 3487 689 3555 Quia
718 3490 771 3542 in
791 3490 887 3544 hoc
914 3489 1080 3543 vocati
1104 3489 1226 3544 estis
1250 3497 1303 3542 ut
1327 3487 1734 3541 benedictionem
1756 3489 2061 3544 lm’reditate

478 3580 810 3649 possidentis.
844 3579 1064 3633 Dicente
1088 3578 1341 3633 videlicet
1365 3577 1567 3645 judice,
1590 3580 1771 3643 venite,
1808 3580 2061 3634 benedicti

482 3667 660 3722 Patris
684 3668 819 3734 mei,
837 3669 1084 3739 percipite
1110 3684 1343 3739 regnum.
1363 3669 1545 3722 Potest
1569 3667 1871 3725 benedictio
1893 3672 2062 3727 hiere-

480 3759 666 3814 ditatis
691 3766 745 3813 et
789 3758 879 3812 illa
908 3758 1152 3828 intelligi,
1180 3774 1286 3829 qua
1311 3758 1611 3813 Ecclesium
1645 3760 1694 3813 in
1732 3759 1912 3815 futura
1950 3763 2058 3817 vita

479 3857 739 3921 perpetua
764 3848 1057 3913 benedixit,
1092 3848 1235 3902 unde
1258 3848 1419 3902 etiam
1457 3863 1600 3902 nunc
1630 3863 1723 3916 spe
1756 3849 2058 3905 futurorum

478 3938 870 4011 gratulabunda
921 3942 1100 4003 canit,
1141 3937 1379 3993 exaltabo
1427 3946 1496 4003 te,
1544 3938 1683 3993 Deus
1737 3956 1828 3994 rex
1881 3956 2056 4011 meus,

478 4041 528 4087 et
566 4030 865 4086 benedicam
922 4038 1303 4081 nomenduum
1349 4028 1404 4082 in
1442 4037 1723 4094 azternum,
1758 4038 1805 4082 et
1857 4006 1911 4083 in
1962 4046 2062 4083 ste-

478 4120 657 4177 culum
691 4116 890 4173 steculi.
940 4116 1093 4184 Quod
1122 4131 1251 4189 ergo
1298 4116 1528 4187 quisque
1575 4116 1629 4171 in
1681 4116 1861 4172 futuro
1914 4119 2061 4173 iuve-

480 4215 601 4269 nire
652 4211 943 4275 desiderat,
980 4209 1083 4264 hoc
1114 4208 1169 4261 in
1212 4209 1463 4279 praesenti
1514 4208 1759 4262 meditari
1802 4217 1852 4262 et
1900 4223 2060 4279 agere

478 4308 732 4373 satagat,
788 4308 844 4354 et
893 4299 1229 4355 conditorem
1282 4298 1577 4363 videlicet,
1639 4306 1694 4351 et
1753 4300 2058 4368 proximum

480 4392 691 4447 sincera
738 4392 877 4443 voce
915 4386 1238 4442 benedicere
1269 4397 1325 4441 et
1361 4387 1598 4456 seipsum
1637 4388 1801 4441 etiam
1852 4389 2059 4456 pariter

2174 1854 2264 1909 tis.
2296 1855 2411 1911 Non
2438 1856 2631 1922 solum,
2664 1859 2858 1930 inquit,
2888 1862 3023 1916 nihil
3051 1863 3202 1920 vobis
3228 1875 3406 1932 nocet,
3436 1869 3527 1937 qui
3552 1867 3761 1925 bonum

2172 1943 2492 2001 facientibus
2517 1947 2657 2002 mala
2686 1948 2914 2017 irrogat,
2946 1950 3040 2004 sed
3067 1951 3229 2006 etiam
3261 1968 3384 2008 cum
3412 1970 3510 2010 vos
3532 1969 3763 2027 propter

2168 2034 2309 2088 bona
2335 2051 2455 2105 qum
2471 2046 2790 2093 exsecratur
2818 2039 2989 2093 hostis
3016 2041 3336 2111 insequitur,
3352 2058 3574 2101 causam
3599 2049 3761 2104 vobis

2169 2125 2389 2195 majoris
2430 2128 2778 2185 beatitudinis
2816 2140 3068 2201 praestat,
3100 2148 3220 2189 cum
3258 2136 3533 2204 patientiae
3558 2147 3762 2193 vestras

2167 2218 2312 2297 vires
2344 2229 2581 2283 exercet,
2636 2218 2794 2289 juxta
2844 2222 2971 2277 illud
3017 2224 3401 2296 Evangelicum
3430 2246 3442 2280 :
3472 2228 3626 2283 Beati
3665 2232 3760 2301 qui

2165 2310 2570 2378 persecutionem
2594 2313 2868 2380 patiuntur
2891 2324 3102 2383 propter
3122 2315 3408 2385 justitiam.

2238 2397 2520 2452 Dominum
2563 2410 2738 2453 autem
2781 2398 3047 2455 Christum
3079 2405 3402 2473 sancti/ictus
3427 2409 3482 2460 in
3507 2410 3757 2465 cordibus

2168 2487 2365 2539 vestris.
2410 2487 2548 2551 Quid
2575 2497 2658 2542 est
2700 2487 2988 2545 Dominum
3021 2494 3365 2550 sanctiﬁcare
3410 2497 3463 2551 in
3494 2500 3759 2557 cordibus

2167 2574 2367 2629 nostris
2391 2614 2406 2640 ,
2457 2576 2560 2631 nisi
2592 2579 2937 2634 sanctitatem
2964 2581 3115 2651 ejus,
3156 2599 3315 2653 quam
3352 2588 3423 2641 sit
3447 2588 3758 2660 incompre-

2166 2663 2444 2720 hensibilis
2468 2666 2671 2737 gloriae,
2696 2668 2887 2725 intimo
2910 2674 3088 2728 cordis
3113 2673 3307 2729 affectu
3334 2677 3555 2744 intueri,
3579 2695 3759 2750 quan-

2169 2764 2276 2808 tam
2318 2756 2369 2809 in
2411 2772 2469 2811 se
2514 2761 2858 2828 sperantibus
2898 2765 3143 2819 vincendi
3199 2765 3570 2824 fortitudinem
3620 2772 3757 2829 dare

2175 2846 2327 2911 valet,
2354 2847 2505 2915 cuius
2535 2849 2923 2908 inaestimabilis
2962 2858 3220 2911 sanctitas
3266 2858 3448 2929 fulget.
3485 2859 3588 2927 Qui
3624 2878 3753 2918 cum

2166 2935 2325 2992 Patre
2349 2947 2403 2992 et
2423 2938 2625 3008 Spiritu
2652 2952 2863 3008 sancto,
2889 2944 3021 3000 vivit
3043 2956 3097 3000 et
3120 2959 3307 3018 regnat
3325 2950 3487 3017 Deus,
3509 2968 3609 3022 per
3634 2969 3754 3009 om-

2167 3029 2256 3083 nia
2288 3030 2483 3085 stecula
2512 3033 2851 3088 saeculorum.
2880 3034 3071 3091 Amen.

2734 3146 3015 3202 HOMILIA
3042 3149 3170 3204 CVI.

2696 3232 2750 3271 IN
2803 3234 2979 3271 E008)!
3039 3233 3223 3275 FESTO.

2319 3305 2505 3362 Lectio
2530 3308 2702 3362 sancti
2727 3308 2999 3379 Evangelii
3026 3310 3319 3365 secundum
3345 3309 3569 3367 Lucam.

2233 3396 2300 3450 In
2327 3397 2419 3451 illo
2444 3408 2691 3466 tempore,
2719 3416 2834 3453 cum
2861 3400 3025 3454 turba:
3048 3402 3313 3454 irruerent
3337 3402 3407 3454 ad
3435 3403 3618 3455 Iesum
3637 3444 3653 3469 ,
3695 3417 3753 3459 ut

2161 3487 2405 3541 audirent
2454 3487 2660 3541 verbum
2701 3487 2823 3553 Dei,
2867 3499 2913 3542 et
2952 3489 3061 3559 ipse
3104 3489 3273 3542 stabat
3312 3507 3460 3543 secus
3503 3500 3752 3561 stagnum

2169 3572 2210 3628 ϐ
2217 3576 2503 3630 enesaretlt.

2233 3664 2495 3737 Stagnum
2521 3666 2853 3723 Genesareth
2878 3668 3017 3722 idem
3048 3668 3234 3724 dicunt
3270 3684 3391 3724 esse
3416 3670 3559 3739 quod
3592 3687 3751 3727 mare

2161 3754 2394 3811 Catilinae
2420 3765 2473 3811 et
2508 3772 2657 3811 mare
2704 3757 3026 3813 Tiberiadis.
3075 3757 3181 3813 Sed
3224 3773 3375 3812 mare
3412 3756 3647 3814 Galilaeze
3681 3760 3751 3815 ab

2161 3844 2439 3913 adjacente
2459 3848 2733 3916 provincia
2756 3848 2981 3912 dictum,
3004 3862 3154 3902 mare
3176 3848 3475 3903 Tiberiadis
3505 3864 3533 3901 a
3564 3851 3755 3920 proxi-

2160 3952 2248 3991 ma
2293 3938 2545 4003 civitate,
2591 3952 2711 4007 qua:
2747 3938 2877 3993 olim
2920 3936 3233 3993 Cennerech
3274 3946 3497 4002 vocata,
3545 3938 3639 3993 sed
3681 3940 3753 3995 ab

2161 4027 2371 4083 llerode
2394 4029 2689 4093 tetrarcha,
2714 4028 3012 4083 instaurata
3038 4029 3091 4083 in
3118 4029 3377 4083 honorem
3402 4028 3602 4084 Tiberii
3629 4028 3753 4084 Ca:-

2162 4117 2302 4172 saris
2326 4158 2341 4183 ,
2378 4117 2625 4172 Tiberius
2652 4126 2736 4172 est
2765 4118 3050 4188 appellata.
3090 4116 3259 4173 Porro
3283 4116 3529 4173 Genezar
3569 4133 3599 4171 a
3644 4119 3751 4174 laci

2162 4206 2330 4275 ipsius
2359 4215 2574 4270 natura,
2603 4208 2693 4277 qui
2721 4222 2751 4260 a
2780 4207 3143 4276 crispantibus
3180 4207 3336 4277 aquis
3373 4208 3439 4261 de
3483 4207 3599 4276 ipso
3642 4208 3750 4264 sibi

2161 4296 2402 4351 excitam
2441 4312 2626 4350 auram
2645 4294 3003 4367 perhibetur,
3048 4297 3235 4353 Grmco
3273 4297 3533 4353 vocabulo
3582 4300 3750 4367 quasi

2164 4401 2428 4457 generans
2459 4387 2561 4440 sibi
2586 4402 2775 4441 auram
2806 4388 3020 4442 dicitur.

481 4483 662 4537 divina
718 4496 783 4535 ac
838 4478 1076 4533 fraterna
1114 4477 1487 4533 benedictione
1524 4477 1743 4548 dignum
1800 4480 2059 4543 reddere,
2093 4462 2140 4522 Ῐ)
2236 4475 2306 4529 Et
2350 4476 2476 4530 vidit
2523 4476 2657 4530 duas
2698 4493 2851 4531 naves
2889 4486 3086 4531 stantes
3128 4494 3275 4532 secus
3322 4488 3584 4549 stagnum.
3615 4479 3753 4537 Duae

522 4587 610 4628 Illa

522 4589 610 4628 tua

480 4589 517 4645 (ι
556 4661 711 4717 Oculi
744 4659 956 4715 Domini
977 4674 1132 4730 super
1164 4658 1337 4727 justas
1356 4698 1372 4723 ,
1399 4668 1446 4712 et
1475 4676 1628 4713 aures
1664 4660 1777 4729 ejus
1806 4661 1859 4713 in
1888 4678 2062 4730 preces

482 4768 703 4811 eorum:
732 4752 901 4807 vultus
941 4758 1114 4804 autem
1154 4748 1365 4802 Domini
1412 4766 1568 4819 super
1608 4750 1856 4819 facientes
1901 4751 2061 4803 mala.

483 4846 620 4914 Quia
644 4846 836 4899 beatus
866 4841 1057 4895 Petrus
1085 4837 1283 4892 malum
1315 4852 1412 4891 nos
1436 4852 1533 4906 pro
1558 4838 1699 4891 malo
1726 4838 1948 4892 reddere
1974 4855 2063 4892 νεα

486 4943 701 4998 tuerat,
763 4934 871 4987 imo
926 4928 1364 4983 maledicentibus
1424 4929 1743 4985 benedicere
1787 4929 2063 4999 jusserat,

488 5032 637 5081 recte
666 5021 979 5091 prophetico
1007 5018 1316 5073 testimonio
1344 5018 1570 5082 astruit,
1611 5033 1841 5086 superna
1889 5018 2067 5087 inspc.

488 5115 689 5175 ctione,
716 5120 770 5166 et
807 5109 977 5163 bonos
1008 5122 1222 5177 semper
1246 5107 1446 5171 videri,
1483 5116 1536 5161 et
1571 5107 1767 5170 malos,
1801 5117 2066 5175 quatenus

490 5201 918 5263 meminerimus,
942 5208 995 5253 et
1027 5208 1266 5253 nostram
1292 5197 1604 5267 patientiam
1628 5196 1731 5267 qua
1774 5198 2066 5257 toleramus

489 5295 691 5357 malos,
721 5302 776 5348 et
816 5299 1056 5347 nostram
1100 5289 1526 5344 benevolentiam
1553 5304 1659 5358 qua
1698 5292 2061 5358 persequenti-

488 5388 591 5442 bus
622 5385 761 5439 bona
808 5389 1059 5453 optamus
1102 5387 1304 5434 aeterno
1341 5379 1563 5447 praemio
1590 5381 2063 5446 remunerandum,

492 5485 548 5532 et
573 5481 947 5545 persecutores
971 5478 1187 5527 nostros
1221 5470 1267 5525 si
1300 5470 1550 5539 pteniteri
1595 5469 1866 5525 noluerint
1900 5472 2063 5541 digno

489 5566 801 5638 plectendos
828 5577 947 5620 esse
985 5562 1265 5632 supplicio.
1299 5559 1357 5615 Si
1381 5575 1510 5615 vero
1548 5561 1934 5632 poenituerint,
1965 5576 2064 5617 nos

493 5671 706 5729 quoque
751 5670 849 5727 pro
900 5656 1137 5727 ipsorum
1186 5654 1387 5721 salute,
1432 5668 1593 5723 quam
1641 5652 2064 5723 deprecabatur.»

2167 4580 2332 4620 naves
2357 4581 2514 4620 secus
2540 4575 2788 4636 stagnum
2816 4567 3005 4636 positae
3029 4568 3495 4622 circumcisionem
3525 4577 3580 4623 et
3608 4584 3751 4638 prte-

2166 4654 2372 4723 putium
2398 4654 2661 4725 ﬁgurant,
2688 4670 2822 4724 quas
2848 4655 2983 4710 bene
3010 4654 3164 4711 Jesus
3187 4656 3385 4713 vidisse
3410 4658 3749 4727 perhibetur,

2165 4744 2288 4811 quia
2322 4743 2373 4796 in
2407 4752 2636 4812 utroque
2667 4743 2862 4813 populo
2890 4745 3040 4798 novit
3065 4746 3324 4799 Dominus
3348 4746 3437 4815 qui
3463 4747 3748 4815 suntejus,

2163 4848 2459 4902 eorumque
2505 4849 2600 4888 cor
2639 4849 2670 4886 a
2713 4832 2963 4893 ﬂuctibus
3006 4834 3186 4889 smculi
3234 4834 3395 4903 hujus
3437 4836 3506 4889 ad
3553 4835 3753 4894 futune

2171 4923 2295 4977 vitae
2328 4923 2802 4991 tranquillitatem,
2855 4925 3008 4994 quasi
3056 4926 3124 4978 ad
3172 4925 3497 4981 soliditatem
3548 4926 3752 4984 littoris

2170 5012 2399 5067 videndo
2419 5053 2434 5077 ,
2468 5014 2569 5067 hoc
2596 5023 2700 5077 est,
2732 5014 3152 5068 misericorditer
3176 5015 3441 5069 visitando
3473 5020 3747 5085 provehit.

2242 5104 2543 5160 Piscatores
2588 5116 2762 5159 autem
2794 5106 3166 5160 descenderant
3213 5117 3260 5160 et
3298 5106 3541 5161 lavabant
3590 5112 3745 5163 retia.

2171 5197 2476 5252 Piscatores
2496 5208 2619 5252 sunt
2644 5198 2897 5253 Ecclesiae
2928 5199 3175 5253 doctores
3196 5199 3286 5267 qui
3314 5205 3426 5252 rete
3454 5197 3577 5251 ﬁdei
3602 5213 3751 5253 com—

2170 5290 2467 5356 prehensos
2491 5327 2506 5352 ,
2553 5297 2607 5343 ct
2650 5290 2717 5343 de
2762 5287 3030 5356 profundo
3057 5289 3122 5341 ad
3151 5287 3331 5341 lumen
3364 5287 3566 5351 elatos,
3594 5290 3750 5356 quasi

2170 5380 2345 5448 pisces
2392 5379 2591 5444 littori,
2625 5380 2702 5433 sic
2743 5389 2900 5433 teme
2933 5378 3225 5433 viventium
3258 5379 3563 5438 advehunt.
3593 5381 3747 5447 quasi

2172 5470 2417 5541 qtuedam
2447 5470 2577 5523 retia
2611 5468 2933 5539 piscantium
2964 5476 3089 5521 sunt
3130 5467 3418 5538 complexae
3442 5467 3749 5536 praedican-

2173 5563 2305 5615 tium
2336 5561 2620 5625 dictiones,
2666 5575 2786 5629 qua:
2825 5575 2918 5614 eos
2961 5574 3096 5628 quos
3134 5558 3395 5629 coeperint
3422 5558 3474 5610 in
3507 5555 3616 5613 ﬁde
3647 5573 3747 5611 non

2170 5654 2435 5707 amittant.
2465 5650 2615 5707 Unde
2640 5659 2693 5706 et
2725 5651 2856 5705 retia
2880 5648 3033 5720 quasi
3064 5649 3349 5705 retinentia
3373 5657 3501 5703 sunt
3521 5658 3743 5710 vocata,
