  <div class='ocr_page' id='page_1' title='image "/cluster/home/n/w/nwhite01/storage/ocr_20150623/110/uva.x000827066/180.png"; bbox 0 0 3946 6336; ppageno 0'>
   <div class='ocr_carea' id='block_1_1' title="bbox 164 303 270 364">
    <p class='ocr_par' dir='ltr' id='par_1_1' title="bbox 164 303 270 364">
     <span class='ocr_line' id='line_1_1' title="bbox 164 303 270 364; baseline 0.019 -2"><span class='ocrx_word' id='word_1_1' title='bbox 164 303 270 364; x_wconf 70' lang='grc' dir='ltr'><strong>5ιὸ</strong></span> 
     </span>
    </p>
   </div>
   <div class='ocr_carea' id='block_1_2' title="bbox 1224 314 2315 375">
    <p class='ocr_par' dir='ltr' id='par_1_2' title="bbox 1224 314 2315 375">
     <span class='ocr_line' id='line_1_2' title="bbox 1224 314 2315 375; baseline 0.003 -4"><span class='ocrx_word' id='word_1_2' title='bbox 1224 316 1528 373; x_wconf 71' lang='grc' dir='ltr'><strong>ΠΟΜΙΙᾸᾹΞ</strong></span> <span class='ocrx_word' id='word_1_3' title='bbox 1570 316 1636 373; x_wconf 73' lang='grc' dir='ltr'><strong>ΙΝ</strong></span> <span class='ocrx_word' id='word_1_4' title='bbox 1676 314 1927 373; x_wconf 66' lang='lat' dir='ltr'><strong>EVANG.</strong></span> <span class='ocrx_word' id='word_1_5' title='bbox 1970 318 2058 373; x_wconf 81' lang='grc' dir='ltr'><strong>ΕΤ</strong></span> <span class='ocrx_word' id='word_1_6' title='bbox 2098 318 2315 375; x_wconf 77' lang='lat' dir='ltr'><strong>EPIST.</strong></span> 
     </span>
    </p>
   </div>
   <div class='ocr_carea' id='block_1_3' title="bbox 3310 318 3414 375">
    <p class='ocr_par' dir='ltr' id='par_1_3' title="bbox 3310 318 3414 375">
     <span class='ocr_line' id='line_1_3' title="bbox 3310 318 3414 375; baseline 0.019 -2"><span class='ocrx_word' id='word_1_7' title='bbox 3310 318 3414 375; x_wconf 65' lang='grc'><strong>546</strong></span> 
     </span>
    </p>
   </div>
   <div class='ocr_carea' id='block_1_4' title="bbox 169 419 3420 499">
    <p class='ocr_par' dir='ltr' id='par_1_4' title="bbox 169 419 3420 499">
     <span class='ocr_line' id='line_1_4' title="bbox 169 419 3420 499; baseline 0.003 -22"><span class='ocrx_word' id='word_1_8' title='bbox 169 420 260 477; x_wconf 84' lang='lat' dir='ltr'><strong>sed</strong></span> <span class='ocrx_word' id='word_1_9' title='bbox 280 419 742 499; x_wconf 10' lang='lat' dir='ltr'><strong>hacretialmodo</strong></span> <span class='ocrx_word' id='word_1_10' title='bbox 768 422 1019 479; x_wconf 84' lang='lat' dir='ltr'><strong>laxantur</strong></span> <span class='ocrx_word' id='word_1_11' title='bbox 1046 425 1099 479; x_wconf 90' lang='lat' dir='ltr'><strong>in</strong></span> <span class='ocrx_word' id='word_1_12' title='bbox 1132 433 1427 493; x_wconf 76' lang='lat' dir='ltr'><strong>capturum,</strong></span> <span class='ocrx_word' id='word_1_13' title='bbox 1463 428 1619 481; x_wconf 90' lang='lat' dir='ltr'><strong>modo</strong></span> <span class='ocrx_word' id='word_1_14' title='bbox 1640 426 1745 480; x_wconf 80' lang='lat' dir='ltr'><strong>lota</strong></span> <span class='ocrx_word' id='word_1_15' title='bbox 1777 430 1823 486; x_wconf 71' lang='grc' dir='ltr'><strong>Α</strong></span> <span class='ocrx_word' id='word_1_16' title='bbox 1852 425 2031 481; x_wconf 84' lang='lat' dir='ltr'><strong>s:eculi</strong></span> <span class='ocrx_word' id='word_1_17' title='bbox 2062 436 2289 483; x_wconf 88' lang='lat' dir='ltr'><strong>crescet.</strong></span> <span class='ocrx_word' id='word_1_18' title='bbox 2336 424 2442 481; x_wconf 88' lang='lat' dir='ltr'><strong>Sed</strong></span> <span class='ocrx_word' id='word_1_19' title='bbox 2480 427 2619 496; x_wconf 84' lang='lat' dir='ltr'><strong>quod</strong></span> <span class='ocrx_word' id='word_1_20' title='bbox 2665 426 2893 497; x_wconf 75' lang='lat' dir='ltr'><strong>impletzc</strong></span> <span class='ocrx_word' id='word_1_21' title='bbox 2934 435 3268 497; x_wconf 82' lang='lat' dir='ltr'><strong>merguntur,</strong></span> <span class='ocrx_word' id='word_1_22' title='bbox 3315 431 3420 487; x_wconf 86' lang='lat' dir='ltr'><strong>hoc</strong></span> 
     </span>
    </p>
   </div>
   <div class='ocr_carea' id='block_1_5' title="bbox 169 510 1737 583">
    <p class='ocr_par' dir='ltr' id='par_1_5' title="bbox 169 510 1737 583">
     <span class='ocr_line' id='line_1_5' title="bbox 169 510 1737 583; baseline 0.001 -17"><span class='ocrx_word' id='word_1_23' title='bbox 169 510 453 581; x_wconf 73' lang='lat' dir='ltr'><strong>plicantur,</strong></span> <span class='ocrx_word' id='word_1_24' title='bbox 472 512 599 580; x_wconf 86' lang='lat' dir='ltr'><strong>quia</strong></span> <span class='ocrx_word' id='word_1_25' title='bbox 621 527 725 566; x_wconf 90' lang='lat' dir='ltr'><strong>non</strong></span> <span class='ocrx_word' id='word_1_26' title='bbox 748 527 905 567; x_wconf 86' lang='lat' dir='ltr'><strong>omne</strong></span> <span class='ocrx_word' id='word_1_27' title='bbox 930 520 1140 583; x_wconf 88' lang='lat' dir='ltr'><strong>tempus</strong></span> <span class='ocrx_word' id='word_1_28' title='bbox 1159 523 1240 567; x_wconf 90' lang='lat' dir='ltr'><strong>est</strong></span> <span class='ocrx_word' id='word_1_29' title='bbox 1261 514 1435 567; x_wconf 83' lang='lat' dir='ltr'><strong>habile</strong></span> <span class='ocrx_word' id='word_1_30' title='bbox 1458 516 1737 578; x_wconf 71' lang='lat' dir='ltr'><strong>doctrinm,</strong></span> 
     </span>
    </p>
   </div>
   <div class='ocr_carea' id='block_1_6' title="bbox 169 604 1740 675">
    <p class='ocr_par' dir='ltr' id='par_1_6' title="bbox 169 604 1740 675">
     <span class='ocr_line' id='line_1_6' title="bbox 169 604 1740 675; baseline 0.004 -19"><span class='ocrx_word' id='word_1_31' title='bbox 169 604 262 658; x_wconf 86' lang='lat' dir='ltr'><strong>sed</strong></span> <span class='ocrx_word' id='word_1_32' title='bbox 293 618 442 657; x_wconf 87' lang='lat' dir='ltr'><strong>nunc</strong></span> <span class='ocrx_word' id='word_1_33' title='bbox 454 604 754 659; x_wconf 88' lang='lat' dir='ltr'><strong>exercenda</strong></span> <span class='ocrx_word' id='word_1_34' title='bbox 778 604 953 675; x_wconf 81' lang='lat' dir='ltr'><strong>lingua</strong></span> <span class='ocrx_word' id='word_1_35' title='bbox 976 605 1204 671; x_wconf 90' lang='lat' dir='ltr'><strong>doctori,</strong></span> <span class='ocrx_word' id='word_1_36' title='bbox 1234 622 1375 661; x_wconf 89' lang='lat' dir='ltr'><strong>nunc</strong></span> <span class='ocrx_word' id='word_1_37' title='bbox 1396 608 1589 661; x_wconf 81' lang='lat' dir='ltr'><strong>suimet</strong></span> <span class='ocrx_word' id='word_1_38' title='bbox 1612 623 1740 662; x_wconf 86' lang='lat' dir='ltr'><strong>cura</strong></span> 
     </span>
    </p>
   </div>
   <div class='ocr_carea' id='block_1_7' title="bbox 170 692 428 761">
    <p class='ocr_par' dir='ltr' id='par_1_7' title="bbox 170 692 428 761">
     <span class='ocr_line' id='line_1_7' title="bbox 170 692 428 761; baseline -0.012 -15"><span class='ocrx_word' id='word_1_39' title='bbox 170 692 428 761; x_wconf 84' lang='lat' dir='ltr'><strong>gerenda.</strong></span> 
     </span>
    </p>
   </div>
   <div class='ocr_carea' id='block_1_8' title="bbox 239 781 1740 855">
    <p class='ocr_par' dir='ltr' id='par_1_8' title="bbox 239 781 1740 855">
     <span class='ocr_line' id='line_1_8' title="bbox 239 781 1740 855; baseline 0.003 -22"><span class='ocrx_word' id='word_1_40' title='bbox 239 781 535 835; x_wconf 77' lang='lat' dir='ltr'><strong>Ascendens</strong></span> <span class='ocrx_word' id='word_1_41' title='bbox 564 791 736 835; x_wconf 86' lang='lat' dir='ltr'><strong>autem</strong></span> <span class='ocrx_word' id='word_1_42' title='bbox 761 783 815 836; x_wconf 89' lang='lat' dir='ltr'><strong>in</strong></span> <span class='ocrx_word' id='word_1_43' title='bbox 847 798 1006 836; x_wconf 86' lang='lat' dir='ltr'><strong>unam</strong></span> <span class='ocrx_word' id='word_1_44' title='bbox 1040 785 1212 837; x_wconf 73' lang='lat' dir='ltr'><strong>navim</strong></span> <span class='ocrx_word' id='word_1_45' title='bbox 1234 826 1245 847; x_wconf 91' lang='lat'><strong>,</strong></span> <span class='ocrx_word' id='word_1_46' title='bbox 1274 801 1390 855; x_wconf 67' lang='grc' dir='ltr'><strong>(μίαν</strong></span> <span class='ocrx_word' id='word_1_47' title='bbox 1425 794 1535 838; x_wconf 91' lang='lat' dir='ltr'><strong>erat</strong></span> <span class='ocrx_word' id='word_1_48' title='bbox 1566 783 1740 838; x_wconf 87' lang='lat' dir='ltr'><strong>Simo-</strong></span> 
     </span>
    </p>
   </div>
   <div class='ocr_carea' id='block_1_9' title="bbox 168 872 1741 943">
    <p class='ocr_par' dir='ltr' id='par_1_9' title="bbox 168 872 1741 943">
     <span class='ocr_line' id='line_1_9' title="bbox 168 872 1741 943; baseline 0.004 -20"><span class='ocrx_word' id='word_1_49' title='bbox 168 872 271 934; x_wconf 90' lang='lat' dir='ltr'><strong>nis,</strong></span> <span class='ocrx_word' id='word_1_50' title='bbox 325 873 523 941; x_wconf 77' lang='lat' dir='ltr'><strong>rogarit</strong></span> <span class='ocrx_word' id='word_1_51' title='bbox 569 888 687 925; x_wconf 88' lang='lat' dir='ltr'><strong>eum</strong></span> <span class='ocrx_word' id='word_1_52' title='bbox 736 890 767 924; x_wconf 91' lang='lat' dir='ltr'><strong>a</strong></span> <span class='ocrx_word' id='word_1_53' title='bbox 812 882 950 925; x_wconf 86' lang='lat' dir='ltr'><strong>terra</strong></span> <span class='ocrx_word' id='word_1_54' title='bbox 986 874 1537 943; x_wconf 82' lang='lat' dir='ltr'><strong>reducere&#39;pusillum.</strong></span> <span class='ocrx_word' id='word_1_55' title='bbox 1568 875 1635 927; x_wconf 88' lang='lat' dir='ltr'><strong>Et</strong></span> <span class='ocrx_word' id='word_1_56' title='bbox 1663 894 1741 929; x_wconf 86' lang='lat' dir='ltr'><strong>se-</strong></span> 
     </span>
    </p>
   </div>
   <div class='ocr_carea' id='block_1_10' title="bbox 165 960 1741 1019">
    <p class='ocr_par' dir='ltr' id='par_1_10' title="bbox 165 960 1741 1019">
     <span class='ocr_line' id='line_1_10' title="bbox 165 960 1741 1019; baseline 0.003 -7"><span class='ocrx_word' id='word_1_57' title='bbox 165 961 294 1014; x_wconf 87' lang='lat' dir='ltr'><strong>dens</strong></span> <span class='ocrx_word' id='word_1_58' title='bbox 321 960 534 1013; x_wconf 80' lang='lat' dir='ltr'><strong>docebat</strong></span> <span class='ocrx_word' id='word_1_59' title='bbox 575 961 638 1014; x_wconf 91' lang='lat' dir='ltr'><strong>de</strong></span> <span class='ocrx_word' id='word_1_60' title='bbox 678 960 915 1014; x_wconf 83' lang='lat' dir='ltr'><strong>navicula</strong></span> <span class='ocrx_word' id='word_1_61' title='bbox 956 962 1157 1015; x_wconf 84' lang='lat' dir='ltr'><strong>turbas.</strong></span> <span class='ocrx_word' id='word_1_62' title='bbox 1206 962 1365 1017; x_wconf 86' lang='lat' dir='ltr'><strong>Navis</strong></span> <span class='ocrx_word' id='word_1_63' title='bbox 1393 963 1627 1018; x_wconf 85' lang='lat' dir='ltr'><strong>Simonis</strong></span> <span class='ocrx_word' id='word_1_64' title='bbox 1657 972 1741 1019; x_wconf 88' lang='lat' dir='ltr'><strong>est</strong></span> 
     </span>
    </p>
   </div>
   <div class='ocr_carea' id='block_1_11' title="bbox 167 1051 1742 1125">
    <p class='ocr_par' dir='ltr' id='par_1_11' title="bbox 167 1051 1742 1125">
     <span class='ocr_line' id='line_1_11' title="bbox 167 1051 1742 1125; baseline 0.003 -21"><span class='ocrx_word' id='word_1_65' title='bbox 167 1051 411 1105; x_wconf 84' lang='lat' dir='ltr'><strong>Ecclesia</strong></span> <span class='ocrx_word' id='word_1_66' title='bbox 442 1052 731 1120; x_wconf 87' lang='lat' dir='ltr'><strong>primitiva,</strong></span> <span class='ocrx_word' id='word_1_67' title='bbox 759 1051 825 1105; x_wconf 91' lang='lat' dir='ltr'><strong>de</strong></span> <span class='ocrx_word' id='word_1_68' title='bbox 847 1064 948 1121; x_wconf 88' lang='lat' dir='ltr'><strong>qua</strong></span> <span class='ocrx_word' id='word_1_69' title='bbox 976 1052 1174 1108; x_wconf 88' lang='lat' dir='ltr'><strong>Paulus</strong></span> <span class='ocrx_word' id='word_1_70' title='bbox 1203 1055 1278 1107; x_wconf 87' lang='lat' dir='ltr'><strong>ait</strong></span> <span class='ocrx_word' id='word_1_71' title='bbox 1302 1074 1313 1107; x_wconf 90' lang='lat'><strong>:</strong></span> <span class='ocrx_word' id='word_1_72' title='bbox 1342 1055 1443 1120; x_wconf 85' lang='lat' dir='ltr'><strong>Qui</strong></span> <span class='ocrx_word' id='word_1_73' title='bbox 1464 1058 1601 1109; x_wconf 88' lang='lat' dir='ltr'><strong>enim</strong></span> <span class='ocrx_word' id='word_1_74' title='bbox 1624 1072 1742 1125; x_wconf 85' lang='lat' dir='ltr'><strong>ope-</strong></span> 
     </span>
    </p>
   </div>
   <div class='ocr_carea' id='block_1_12' title="bbox 166 1141 1740 1215">
    <p class='ocr_par' dir='ltr' id='par_1_12' title="bbox 166 1141 1740 1215">
     <span class='ocr_line' id='line_1_12' title="bbox 166 1141 1740 1215; baseline 0.003 -20"><span class='ocrx_word' id='word_1_75' title='bbox 166 1152 315 1195; x_wconf 84' lang='lat' dir='ltr'><strong>ratus</strong></span> <span class='ocrx_word' id='word_1_76' title='bbox 340 1154 413 1195; x_wconf 88' lang='lat' dir='ltr'><strong>est</strong></span> <span class='ocrx_word' id='word_1_77' title='bbox 441 1141 598 1196; x_wconf 87' lang='lat' dir='ltr'><strong>Petro</strong></span> <span class='ocrx_word' id='word_1_78' title='bbox 620 1144 675 1197; x_wconf 87' lang='lat' dir='ltr'><strong>in</strong></span> <span class='ocrx_word' id='word_1_79' title='bbox 700 1142 993 1215; x_wconf 85' lang='lat' dir='ltr'><strong>apostolatu</strong></span> <span class='ocrx_word' id='word_1_80' title='bbox 1020 1145 1462 1210; x_wconf 85' lang='lat' dir='ltr'><strong>circumcisionis,</strong></span> <span class='ocrx_word' id='word_1_81' title='bbox 1496 1157 1740 1213; x_wconf 78' lang='lat' dir='ltr'><strong>operatus</strong></span> 
     </span>
    </p>
   </div>
   <div class='ocr_carea' id='block_1_13' title="bbox 162 1222 1747 1311">
    <p class='ocr_par' dir='ltr' id='par_1_13' title="bbox 162 1222 1747 1311">
     <span class='ocr_line' id='line_1_13' title="bbox 162 1222 1747 1311; baseline 0.003 -26"><span class='ocrx_word' id='word_1_82' title='bbox 162 1240 242 1286; x_wconf 86' lang='lat' dir='ltr'><strong>est</strong></span> <span class='ocrx_word' id='word_1_83' title='bbox 270 1241 318 1285; x_wconf 89' lang='lat' dir='ltr'><strong>et</strong></span> <span class='ocrx_word' id='word_1_84' title='bbox 345 1232 472 1285; x_wconf 78' lang='lat' dir='ltr'><strong>mihi</strong></span> <span class='ocrx_word' id='word_1_85' title='bbox 492 1232 627 1285; x_wconf 87' lang='lat' dir='ltr'><strong>inter</strong></span> <span class='ocrx_word' id='word_1_86' title='bbox 652 1242 845 1301; x_wconf 81' lang='lat' dir='ltr'><strong>gentes,</strong></span> <span class='ocrx_word' id='word_1_87' title='bbox 871 1233 1007 1287; x_wconf 90' lang='lat' dir='ltr'><strong>bene</strong></span> <span class='ocrx_word' id='word_1_88' title='bbox 1033 1222 1139 1287; x_wconf 85' lang='lat' dir='ltr'><strong>una</strong></span> <span class='ocrx_word' id='word_1_89' title='bbox 1169 1234 1336 1299; x_wconf 86' lang='lat' dir='ltr'><strong>dicta,</strong></span> <span class='ocrx_word' id='word_1_90' title='bbox 1358 1236 1480 1305; x_wconf 84' lang='lat' dir='ltr'><strong>quia</strong></span> <span class='ocrx_word' id='word_1_91' title='bbox 1511 1236 1747 1311; x_wconf 48' lang='lat' dir='ltr'><strong>multitu:</strong></span> 
     </span>
    </p>
   </div>
   <div class='ocr_carea' id='block_1_14' title="bbox 162 1320 1739 1394">
    <p class='ocr_par' dir='ltr' id='par_1_14' title="bbox 162 1320 1739 1394">
     <span class='ocr_line' id='line_1_14' title="bbox 162 1320 1739 1394; baseline 0.005 -22"><span class='ocrx_word' id='word_1_92' title='bbox 162 1320 301 1377; x_wconf 75' lang='lat' dir='ltr'><strong>diuis</strong></span> <span class='ocrx_word' id='word_1_93' title='bbox 330 1320 649 1374; x_wconf 79' lang='lat' dir='ltr'><strong>credentium</strong></span> <span class='ocrx_word' id='word_1_94' title='bbox 679 1330 790 1374; x_wconf 87' lang='lat' dir='ltr'><strong>erat</strong></span> <span class='ocrx_word' id='word_1_95' title='bbox 811 1337 901 1375; x_wconf 89' lang='lat' dir='ltr'><strong>cor</strong></span> <span class='ocrx_word' id='word_1_96' title='bbox 922 1338 1081 1375; x_wconf 88' lang='lat' dir='ltr'><strong>unum</strong></span> <span class='ocrx_word' id='word_1_97' title='bbox 1103 1331 1150 1375; x_wconf 87' lang='lat' dir='ltr'><strong>et</strong></span> <span class='ocrx_word' id='word_1_98' title='bbox 1173 1324 1350 1376; x_wconf 89' lang='lat' dir='ltr'><strong>anima</strong></span> <span class='ocrx_word' id='word_1_99' title='bbox 1378 1340 1503 1377; x_wconf 88' lang='lat' dir='ltr'><strong>una.</strong></span> <span class='ocrx_word' id='word_1_100' title='bbox 1530 1325 1606 1379; x_wconf 91' lang='lat' dir='ltr'><strong>De</strong></span> <span class='ocrx_word' id='word_1_101' title='bbox 1633 1340 1739 1394; x_wconf 83' lang='lat' dir='ltr'><strong>qua</strong></span> 
     </span>
    </p>
   </div>
   <div class='ocr_carea' id='block_1_15' title="bbox 161 1410 1742 1486">
    <p class='ocr_par' dir='ltr' id='par_1_15' title="bbox 161 1410 1742 1486">
     <span class='ocr_line' id='line_1_15' title="bbox 161 1410 1742 1486; baseline 0.004 -21"><span class='ocrx_word' id='word_1_102' title='bbox 161 1410 396 1466; x_wconf 83' lang='lat' dir='ltr'><strong>docebat</strong></span> <span class='ocrx_word' id='word_1_103' title='bbox 421 1413 622 1475; x_wconf 83' lang='lat' dir='ltr'><strong>turbas,</strong></span> <span class='ocrx_word' id='word_1_104' title='bbox 656 1412 782 1481; x_wconf 83' lang='lat' dir='ltr'><strong>quia</strong></span> <span class='ocrx_word' id='word_1_105' title='bbox 811 1412 877 1467; x_wconf 92' lang='lat' dir='ltr'><strong>de</strong></span> <span class='ocrx_word' id='word_1_106' title='bbox 910 1414 1229 1467; x_wconf 75' lang='lat' dir='ltr'><strong>auctoritate</strong></span> <span class='ocrx_word' id='word_1_107' title='bbox 1268 1414 1523 1470; x_wconf 75' lang='lat' dir='ltr'><strong>Ecclesia:</strong></span> <span class='ocrx_word' id='word_1_108' title='bbox 1573 1430 1742 1486; x_wconf 91' lang='lat' dir='ltr'><strong>usque</strong></span> 
     </span>
    </p>
   </div>
   <div class='ocr_carea' id='block_1_16' title="bbox 163 1501 750 1571">
    <p class='ocr_par' dir='ltr' id='par_1_16' title="bbox 163 1501 750 1571">
     <span class='ocr_line' id='line_1_16' title="bbox 163 1501 750 1571; baseline -0.002 -16"><span class='ocrx_word' id='word_1_109' title='bbox 163 1501 325 1555; x_wconf 81' lang='lat' dir='ltr'><strong>hodie</strong></span> <span class='ocrx_word' id='word_1_110' title='bbox 356 1509 543 1571; x_wconf 79' lang='lat' dir='ltr'><strong>gentes</strong></span> <span class='ocrx_word' id='word_1_111' title='bbox 573 1502 750 1556; x_wconf 90' lang='lat' dir='ltr'><strong>docet.</strong></span> 
     </span>
    </p>
   </div>
   <div class='ocr_carea' id='block_1_17' title="bbox 240 1590 1741 1663">
    <p class='ocr_par' dir='ltr' id='par_1_17' title="bbox 240 1590 1741 1663">
     <span class='ocr_line' id='line_1_17' title="bbox 240 1590 1741 1663; baseline 0.004 -19"><span class='ocrx_word' id='word_1_112' title='bbox 240 1590 304 1644; x_wconf 85' lang='lat' dir='ltr'><strong>Ut</strong></span> <span class='ocrx_word' id='word_1_113' title='bbox 331 1594 545 1650; x_wconf 84' lang='lat' dir='ltr'><strong>cessavit</strong></span> <span class='ocrx_word' id='word_1_114' title='bbox 567 1603 738 1646; x_wconf 88' lang='lat' dir='ltr'><strong>autem</strong></span> <span class='ocrx_word' id='word_1_115' title='bbox 764 1592 925 1663; x_wconf 87' lang='lat' dir='ltr'><strong>loqui,</strong></span> <span class='ocrx_word' id='word_1_116' title='bbox 949 1592 1083 1647; x_wconf 77' lang='lat' dir='ltr'><strong>dixit</strong></span> <span class='ocrx_word' id='word_1_117' title='bbox 1109 1594 1179 1648; x_wconf 86' lang='lat' dir='ltr'><strong>ad</strong></span> <span class='ocrx_word' id='word_1_118' title='bbox 1209 1593 1475 1650; x_wconf 84' lang='lat' dir='ltr'><strong>Simonem</strong></span> <span class='ocrx_word' id='word_1_119' title='bbox 1504 1612 1522 1650; x_wconf 91' lang='lat'><strong><em>:</em></strong></span> <span class='ocrx_word' id='word_1_120' title='bbox 1549 1596 1665 1651; x_wconf 87' lang='lat' dir='ltr'><strong>Duc</strong></span> <span class='ocrx_word' id='word_1_121' title='bbox 1686 1598 1741 1650; x_wconf 91' lang='lat' dir='ltr'><strong>in</strong></span> 
     </span>
    </p>
   </div>
   <div class='ocr_carea' id='block_1_18' title="bbox 160 1684 1742 1757">
    <p class='ocr_par' dir='ltr' id='par_1_18' title="bbox 160 1684 1742 1757">
     <span class='ocr_line' id='line_1_18' title="bbox 160 1684 1742 1757; baseline 0.004 -21"><span class='ocrx_word' id='word_1_122' title='bbox 160 1684 355 1749; x_wconf 84' lang='lat' dir='ltr'><strong>altum,</strong></span> <span class='ocrx_word' id='word_1_123' title='bbox 382 1694 428 1737; x_wconf 88' lang='lat' dir='ltr'><strong>et</strong></span> <span class='ocrx_word' id='word_1_124' title='bbox 450 1684 622 1739; x_wconf 74' lang='lat' dir='ltr'><strong>laxate</strong></span> <span class='ocrx_word' id='word_1_125' title='bbox 647 1686 773 1739; x_wconf 81' lang='lat' dir='ltr'><strong>retia</strong></span> <span class='ocrx_word' id='word_1_126' title='bbox 803 1696 969 1739; x_wconf 85' lang='lat' dir='ltr'><strong>vestra</strong></span> <span class='ocrx_word' id='word_1_127' title='bbox 996 1687 1050 1739; x_wconf 90' lang='lat' dir='ltr'><strong>in</strong></span> <span class='ocrx_word' id='word_1_128' title='bbox 1072 1696 1362 1755; x_wconf 83' lang='lat' dir='ltr'><strong>capturum.</strong></span> <span class='ocrx_word' id='word_1_129' title='bbox 1388 1686 1540 1753; x_wconf 87' lang='lat' dir='ltr'><strong>Quod</strong></span> <span class='ocrx_word' id='word_1_130' title='bbox 1568 1689 1742 1757; x_wconf 89' lang='lat' dir='ltr'><strong>primo</strong></span> 
     </span>
    </p>
   </div>
   <div class='ocr_carea' id='block_1_19' title="bbox 1841 514 3421 583">
    <p class='ocr_par' dir='ltr' id='par_1_19' title="bbox 1841 514 3421 583">
     <span class='ocr_line' id='line_1_19' title="bbox 1841 514 3421 583; baseline 0.004 -15"><span class='ocrx_word' id='word_1_131' title='bbox 1841 514 2010 579; x_wconf 87' lang='lat' dir='ltr'><strong>est,in</strong></span> <span class='ocrx_word' id='word_1_132' title='bbox 2043 517 2464 569; x_wconf 85' lang='lat' dir='ltr'><strong>submersionem</strong></span> <span class='ocrx_word' id='word_1_133' title='bbox 2496 528 2812 583; x_wconf 85' lang='lat' dir='ltr'><strong>premuntur</strong></span> <span class='ocrx_word' id='word_1_134' title='bbox 2832 556 2845 581; x_wconf 94' lang='lat'><strong>,</strong></span> <span class='ocrx_word' id='word_1_135' title='bbox 2872 533 2977 571; x_wconf 87' lang='lat' dir='ltr'><strong>non</strong></span> <span class='ocrx_word' id='word_1_136' title='bbox 3001 519 3143 572; x_wconf 90' lang='lat' dir='ltr'><strong>enim</strong></span> <span class='ocrx_word' id='word_1_137' title='bbox 3175 521 3421 575; x_wconf 87' lang='lat' dir='ltr'><strong>submer-</strong></span> 
     </span>
    </p>
   </div>
   <div class='ocr_carea' id='block_1_20' title="bbox 1842 605 3416 677">
    <p class='ocr_par' dir='ltr' id='par_1_20' title="bbox 1842 605 3416 677">
     <span class='ocr_line' id='line_1_20' title="bbox 1842 605 3416 677; baseline 0.004 -18"><span class='ocrx_word' id='word_1_138' title='bbox 1842 620 1899 659; x_wconf 82' lang='lat' dir='ltr'><strong>sa</strong></span> <span class='ocrx_word' id='word_1_139' title='bbox 1920 644 1934 668; x_wconf 95' lang='lat'><strong>,</strong></span> <span class='ocrx_word' id='word_1_140' title='bbox 1958 607 2048 659; x_wconf 90' lang='lat' dir='ltr'><strong>sed</strong></span> <span class='ocrx_word' id='word_1_141' title='bbox 2081 617 2205 660; x_wconf 87' lang='lat' dir='ltr'><strong>sunt</strong></span> <span class='ocrx_word' id='word_1_142' title='bbox 2233 605 2561 675; x_wconf 77' lang='lat' dir='ltr'><strong>periclitata,</strong></span> <span class='ocrx_word' id='word_1_143' title='bbox 2594 605 2882 674; x_wconf 86' lang='lat' dir='ltr'><strong>Apostolus</strong></span> <span class='ocrx_word' id='word_1_144' title='bbox 2929 610 3151 677; x_wconf 78' lang='lat' dir='ltr'><strong>exponit</strong></span> <span class='ocrx_word' id='word_1_145' title='bbox 3192 610 3416 665; x_wconf 86' lang='lat' dir='ltr'><strong>dicens:</strong></span> 
     </span>
    </p>
   </div>
   <div class='ocr_carea' id='block_1_21' title="bbox 1843 695 3415 765">
    <p class='ocr_par' dir='ltr' id='par_1_21' title="bbox 1843 695 3415 765">
     <span class='ocr_line' id='line_1_21' title="bbox 1843 695 3415 765; baseline 0.003 -17"><span class='ocrx_word' id='word_1_146' title='bbox 1843 695 1908 748; x_wconf 89' lang='lat' dir='ltr'><strong>In</strong></span> <span class='ocrx_word' id='word_1_147' title='bbox 1933 696 2219 749; x_wconf 79' lang='lat' dir='ltr'><strong>novissimis</strong></span> <span class='ocrx_word' id='word_1_148' title='bbox 2241 696 2420 749; x_wconf 83' lang='lat' dir='ltr'><strong>diebus</strong></span> <span class='ocrx_word' id='word_1_149' title='bbox 2442 706 2591 747; x_wconf 89' lang='lat' dir='ltr'><strong>erunt</strong></span> <span class='ocrx_word' id='word_1_150' title='bbox 2609 706 2840 764; x_wconf 88' lang='lat' dir='ltr'><strong>tempora</strong></span> <span class='ocrx_word' id='word_1_151' title='bbox 2862 698 3171 765; x_wconf 85' lang='lat' dir='ltr'><strong>periculosa,</strong></span> <span class='ocrx_word' id='word_1_152' title='bbox 3192 710 3239 752; x_wconf 91' lang='lat' dir='ltr'><strong>et</strong></span> <span class='ocrx_word' id='word_1_153' title='bbox 3261 710 3415 754; x_wconf 88' lang='lat' dir='ltr'><strong>erunt</strong></span> 
     </span>
    </p>
   </div>
   <div class='ocr_carea' id='block_1_22' title="bbox 1841 782 3421 854">
    <p class='ocr_par' dir='ltr' id='par_1_22' title="bbox 1841 782 3421 854">
     <span class='ocr_line' id='line_1_22' title="bbox 1841 782 3421 854; baseline 0.005 -20"><span class='ocrx_word' id='word_1_154' title='bbox 1841 782 2074 835; x_wconf 75' lang='lat' dir='ltr'><strong>homines</strong></span> <span class='ocrx_word' id='word_1_155' title='bbox 2096 784 2292 849; x_wconf 79' lang='lat' dir='ltr'><strong>seipsos</strong></span> <span class='ocrx_word' id='word_1_156' title='bbox 2322 792 2578 848; x_wconf 84' lang='lat' dir='ltr'><strong>amantes,</strong></span> <span class='ocrx_word' id='word_1_157' title='bbox 2606 792 2711 835; x_wconf 79' lang='lat' dir='ltr'><strong>etc.</strong></span> <span class='ocrx_word' id='word_1_158' title='bbox 2738 784 2870 836; x_wconf 71' lang='lat' dir='ltr'><strong>Nam</strong></span> <span class='ocrx_word' id='word_1_159' title='bbox 2913 788 3077 854; x_wconf 82' lang='lat' dir='ltr'><strong>mergi</strong></span> <span class='ocrx_word' id='word_1_160' title='bbox 3119 788 3295 849; x_wconf 83' lang='lat' dir='ltr'><strong>navis,</strong></span> <span class='ocrx_word' id='word_1_161' title='bbox 3335 798 3421 843; x_wconf 83' lang='lat' dir='ltr'><strong>est</strong></span> 
     </span>
    </p>
   </div>
   <div class='ocr_carea' id='block_1_23' title="bbox 1841 873 3420 943">
    <p class='ocr_par' dir='ltr' id='par_1_23' title="bbox 1841 873 3420 943">
     <span class='ocr_line' id='line_1_23' title="bbox 1841 873 3420 943; baseline 0.003 -16"><span class='ocrx_word' id='word_1_162' title='bbox 1841 874 2086 927; x_wconf 84' lang='lat' dir='ltr'><strong>homines</strong></span> <span class='ocrx_word' id='word_1_163' title='bbox 2110 874 2160 926; x_wconf 89' lang='lat' dir='ltr'><strong>iu</strong></span> <span class='ocrx_word' id='word_1_164' title='bbox 2189 873 2439 927; x_wconf 72' lang='lat' dir='ltr'><strong>saeculum</strong></span> <span class='ocrx_word' id='word_1_165' title='bbox 2467 889 2530 927; x_wconf 81' lang='lat' dir='ltr'><strong>ex</strong></span> <span class='ocrx_word' id='word_1_166' title='bbox 2556 889 2663 942; x_wconf 90' lang='lat' dir='ltr'><strong>quo</strong></span> <span class='ocrx_word' id='word_1_167' title='bbox 2691 874 2815 927; x_wconf 88' lang='lat' dir='ltr'><strong>elati</strong></span> <span class='ocrx_word' id='word_1_168' title='bbox 2864 890 2960 943; x_wconf 87' lang='lat' dir='ltr'><strong>per</strong></span> <span class='ocrx_word' id='word_1_169' title='bbox 3005 877 3162 930; x_wconf 88' lang='lat' dir='ltr'><strong>fidem</strong></span> <span class='ocrx_word' id='word_1_170' title='bbox 3205 878 3420 931; x_wconf 83' lang='lat' dir='ltr'><strong>fuerant</strong></span> 
     </span>
    </p>
   </div>
   <div class='ocr_carea' id='block_1_24' title="bbox 1841 949 3415 1031">
    <p class='ocr_par' dir='ltr' id='par_1_24' title="bbox 1841 949 3415 1031">
     <span class='ocr_line' id='line_1_24' title="bbox 1841 949 3415 1031; baseline 0.004 -16"><span class='ocrx_word' id='word_1_171' title='bbox 1841 977 2051 1015; x_wconf 92' lang='lat' dir='ltr'><strong>morum</strong></span> <span class='ocrx_word' id='word_1_172' title='bbox 2080 962 2344 1029; x_wconf 85' lang='lat' dir='ltr'><strong>pravitate</strong></span> <span class='ocrx_word' id='word_1_173' title='bbox 2374 962 2569 1025; x_wconf 86' lang='lat' dir='ltr'><strong>relabi,</strong></span> <span class='ocrx_word' id='word_1_174' title='bbox 2605 949 2842 1031; x_wconf 64' lang='lat' dir='ltr'><strong>quale’et</strong></span> <span class='ocrx_word' id='word_1_175' title='bbox 2886 964 2998 1031; x_wconf 90' lang='lat' dir='ltr'><strong>ipse</strong></span> <span class='ocrx_word' id='word_1_176' title='bbox 3022 965 3211 1020; x_wconf 87' lang='lat' dir='ltr'><strong>Petrus</strong></span> <span class='ocrx_word' id='word_1_177' title='bbox 3238 967 3415 1021; x_wconf 90' lang='lat' dir='ltr'><strong>adhuc</strong></span> 
     </span>
    </p>
   </div>
   <div class='ocr_carea' id='block_1_25' title="bbox 1842 1053 3416 1123">
    <p class='ocr_par' dir='ltr' id='par_1_25' title="bbox 1842 1053 3416 1123">
     <span class='ocr_line' id='line_1_25' title="bbox 1842 1053 3416 1123; baseline 0.003 -17"><span class='ocrx_word' id='word_1_178' title='bbox 1842 1054 1894 1107; x_wconf 89' lang='lat' dir='ltr'><strong>iu</strong></span> <span class='ocrx_word' id='word_1_179' title='bbox 1941 1053 2253 1108; x_wconf 88' lang='lat' dir='ltr'><strong>inﬁrmitate</strong></span> <span class='ocrx_word' id='word_1_180' title='bbox 2302 1056 2504 1123; x_wconf 85' lang='lat' dir='ltr'><strong>positus</strong></span> <span class='ocrx_word' id='word_1_181' title='bbox 2560 1057 2661 1110; x_wconf 87' lang='lat' dir='ltr'><strong>hoc</strong></span> <span class='ocrx_word' id='word_1_182' title='bbox 2707 1056 2824 1111; x_wconf 85' lang='lat' dir='ltr'><strong>loco</strong></span> <span class='ocrx_word' id='word_1_183' title='bbox 2872 1057 3226 1111; x_wconf 86' lang='lat' dir='ltr'><strong>demonstrat.</strong></span> <span class='ocrx_word' id='word_1_184' title='bbox 3262 1054 3416 1111; x_wconf 87' lang='lat' dir='ltr'><strong>Unde</strong></span> 
     </span>
    </p>
   </div>
   <div class='ocr_carea' id='block_1_26' title="bbox 1841 1146 2105 1214">
    <p class='ocr_par' dir='ltr' id='par_1_26' title="bbox 1841 1146 2105 1214">
     <span class='ocr_line' id='line_1_26' title="bbox 1841 1146 2105 1214; baseline -0.008 -13"><span class='ocrx_word' id='word_1_185' title='bbox 1841 1146 2105 1214; x_wconf 81' lang='lat' dir='ltr'><strong>sequitur.</strong></span> 
     </span>
    </p>
   </div>
   <div class='ocr_carea' id='block_1_27' title="bbox 1912 1231 3417 1307">
    <p class='ocr_par' dir='ltr' id='par_1_27' title="bbox 1912 1231 3417 1307">
     <span class='ocr_line' id='line_1_27' title="bbox 1912 1231 3417 1307; baseline 0.001 -18"><span class='ocrx_word' id='word_1_186' title='bbox 1912 1236 2063 1302; x_wconf 84' lang='lat' dir='ltr'><strong>Quod</strong></span> <span class='ocrx_word' id='word_1_187' title='bbox 2092 1252 2209 1291; x_wconf 85' lang='lat' dir='ltr'><strong>cum</strong></span> <span class='ocrx_word' id='word_1_188' title='bbox 2239 1236 2432 1290; x_wconf 75' lang='lat' dir='ltr'><strong>videret</strong></span> <span class='ocrx_word' id='word_1_189' title='bbox 2460 1231 2643 1289; x_wconf 75' lang='lat' dir='ltr'><strong>Simon</strong></span> <span class='ocrx_word' id='word_1_190' title='bbox 2673 1233 2884 1301; x_wconf 85' lang='lat' dir='ltr'><strong>Petrus,</strong></span> <span class='ocrx_word' id='word_1_191' title='bbox 2910 1237 3132 1307; x_wconf 83' lang='lat' dir='ltr'><strong>procidit</strong></span> <span class='ocrx_word' id='word_1_192' title='bbox 3154 1237 3222 1291; x_wconf 91' lang='lat' dir='ltr'><strong>ad</strong></span> <span class='ocrx_word' id='word_1_193' title='bbox 3247 1252 3417 1307; x_wconf 81' lang='lat' dir='ltr'><strong>genua</strong></span> 
     </span>
    </p>
   </div>
   <div class='ocr_carea' id='block_1_28' title="bbox 1841 1326 3418 1398">
    <p class='ocr_par' dir='ltr' id='par_1_28' title="bbox 1841 1326 3418 1398">
     <span class='ocr_line' id='line_1_28' title="bbox 1841 1326 3418 1398; baseline -0.001 -17"><span class='ocrx_word' id='word_1_194' title='bbox 1841 1327 1968 1381; x_wconf 71' lang='lat' dir='ltr'><strong>Iesu</strong></span> <span class='ocrx_word' id='word_1_195' title='bbox 1998 1368 2012 1391; x_wconf 93' lang='lat'><strong>,</strong></span> <span class='ocrx_word' id='word_1_196' title='bbox 2058 1328 2235 1381; x_wconf 85' lang='lat' dir='ltr'><strong>dicens</strong></span> <span class='ocrx_word' id='word_1_197' title='bbox 2260 1344 2277 1381; x_wconf 92' lang='lat'><strong><em>:</em></strong></span> <span class='ocrx_word' id='word_1_198' title='bbox 2307 1326 2409 1381; x_wconf 67' lang='lat' dir='ltr'><strong>Exi</strong></span> <span class='ocrx_word' id='word_1_199' title='bbox 2444 1346 2476 1381; x_wconf 90' lang='lat' dir='ltr'><strong>a</strong></span> <span class='ocrx_word' id='word_1_200' title='bbox 2507 1344 2618 1393; x_wconf 89' lang='lat' dir='ltr'><strong>me,</strong></span> <span class='ocrx_word' id='word_1_201' title='bbox 2644 1329 2766 1398; x_wconf 87' lang='lat' dir='ltr'><strong>quia</strong></span> <span class='ocrx_word' id='word_1_202' title='bbox 2797 1328 2950 1381; x_wconf 81' lang='lat' dir='ltr'><strong>homo</strong></span> <span class='ocrx_word' id='word_1_203' title='bbox 2989 1338 3230 1398; x_wconf 82' lang='lat' dir='ltr'><strong>peccator</strong></span> <span class='ocrx_word' id='word_1_204' title='bbox 3265 1344 3380 1380; x_wconf 88' lang='lat' dir='ltr'><strong>sum</strong></span> <span class='ocrx_word' id='word_1_205' title='bbox 3400 1367 3418 1393; x_wconf 91' lang='lat'><strong>,</strong></span> 
     </span>
    </p>
   </div>
   <div class='ocr_carea' id='block_1_29' title="bbox 1840 1416 3418 1487">
    <p class='ocr_par' dir='ltr' id='par_1_29' title="bbox 1840 1416 3418 1487">
     <span class='ocr_line' id='line_1_29' title="bbox 1840 1416 3418 1487; baseline -0.001 -16"><span class='ocrx_word' id='word_1_206' title='bbox 1840 1416 2082 1471; x_wconf 82' lang='lat' dir='ltr'><strong>Domine.</strong></span> <span class='ocrx_word' id='word_1_207' title='bbox 2125 1417 2259 1482; x_wconf 84' lang='lat' dir='ltr'><strong>Quia</strong></span> <span class='ocrx_word' id='word_1_208' title='bbox 2308 1418 2555 1472; x_wconf 85' lang='lat' dir='ltr'><strong>carnales</strong></span> <span class='ocrx_word' id='word_1_209' title='bbox 2596 1418 2795 1487; x_wconf 85' lang='lat' dir='ltr'><strong>quique</strong></span> <span class='ocrx_word' id='word_1_210' title='bbox 2822 1419 2875 1472; x_wconf 88' lang='lat' dir='ltr'><strong>in</strong></span> <span class='ocrx_word' id='word_1_211' title='bbox 2907 1417 3147 1472; x_wconf 84' lang='lat' dir='ltr'><strong>Ecclesia</strong></span> <span class='ocrx_word' id='word_1_212' title='bbox 3176 1417 3418 1487; x_wconf 86' lang='lat' dir='ltr'><strong>regimen</strong></span> 
     </span>
    </p>
   </div>
   <div class='ocr_carea' id='block_1_30' title="bbox 1841 1501 3418 1578">
    <p class='ocr_par' dir='ltr' id='par_1_30' title="bbox 1841 1501 3418 1578">
     <span class='ocr_line' id='line_1_30' title="bbox 1841 1501 3418 1578; baseline -0.001 -16"><span class='ocrx_word' id='word_1_213' title='bbox 1841 1508 2199 1578; x_wconf 83' lang='lat' dir='ltr'><strong>spiritualium</strong></span> <span class='ocrx_word' id='word_1_214' title='bbox 2228 1509 2280 1561; x_wconf 91' lang='lat' dir='ltr'><strong>in</strong></span> <span class='ocrx_word' id='word_1_215' title='bbox 2308 1509 2501 1577; x_wconf 87' lang='lat' dir='ltr'><strong>quibus</strong></span> <span class='ocrx_word' id='word_1_216' title='bbox 2533 1509 2764 1562; x_wconf 82' lang='lat' dir='ltr'><strong>maxime</strong></span> <span class='ocrx_word' id='word_1_217' title='bbox 2792 1506 2991 1561; x_wconf 85' lang='lat' dir='ltr'><strong>Christi</strong></span> <span class='ocrx_word' id='word_1_218' title='bbox 3018 1501 3247 1576; x_wconf 78' lang='lat' dir='ltr'><strong>persona</strong></span> <span class='ocrx_word' id='word_1_219' title='bbox 3281 1507 3418 1571; x_wconf 87' lang='lat' dir='ltr'><strong>emi-</strong></span> 
     </span>
    </p>
   </div>
   <div class='ocr_carea' id='block_1_31' title="bbox 1842 1597 3417 1669">
    <p class='ocr_par' dir='ltr' id='par_1_31' title="bbox 1842 1597 3417 1669">
     <span class='ocr_line' id='line_1_31' title="bbox 1842 1597 3417 1669; baseline 0 -17"><span class='ocrx_word' id='word_1_220' title='bbox 1842 1608 1955 1665; x_wconf 91' lang='lat' dir='ltr'><strong>net,</strong></span> <span class='ocrx_word' id='word_1_221' title='bbox 1980 1615 2009 1653; x_wconf 87' lang='lat' dir='ltr'><strong>a</strong></span> <span class='ocrx_word' id='word_1_222' title='bbox 2033 1615 2092 1655; x_wconf 87' lang='lat' dir='ltr'><strong>se</strong></span> <span class='ocrx_word' id='word_1_223' title='bbox 2116 1599 2513 1669; x_wconf 86' lang='lat' dir='ltr'><strong>quodammodo</strong></span> <span class='ocrx_word' id='word_1_224' title='bbox 2542 1598 2822 1668; x_wconf 88' lang='lat' dir='ltr'><strong>repellunt.</strong></span> <span class='ocrx_word' id='word_1_225' title='bbox 2855 1597 2970 1653; x_wconf 84' lang='lat' dir='ltr'><strong>Non</strong></span> <span class='ocrx_word' id='word_1_226' title='bbox 2998 1598 3138 1651; x_wconf 88' lang='lat' dir='ltr'><strong>enim</strong></span> <span class='ocrx_word' id='word_1_227' title='bbox 3162 1598 3264 1652; x_wconf 85' lang='lat' dir='ltr'><strong>hac</strong></span> <span class='ocrx_word' id='word_1_228' title='bbox 3284 1612 3417 1653; x_wconf 89' lang='lat' dir='ltr'><strong>voce</strong></span> 
     </span>
    </p>
   </div>
   <div class='ocr_carea' id='block_1_32' title="bbox 1842 1688 3418 1760">
    <p class='ocr_par' dir='ltr' id='par_1_32' title="bbox 1842 1688 3418 1760">
     <span class='ocr_line' id='line_1_32' title="bbox 1842 1688 3418 1760; baseline -0.001 -18"><span class='ocrx_word' id='word_1_229' title='bbox 1842 1689 2059 1760; x_wconf 71' lang='lat' dir='ltr'><strong>liugum,</strong></span> <span class='ocrx_word' id='word_1_230' title='bbox 2087 1691 2271 1743; x_wconf 89' lang='lat' dir='ltr'><strong>dicunt</strong></span> <span class='ocrx_word' id='word_1_231' title='bbox 2298 1690 2451 1743; x_wconf 89' lang='lat' dir='ltr'><strong>bonis</strong></span> <span class='ocrx_word' id='word_1_232' title='bbox 2476 1689 2739 1742; x_wconf 89' lang='lat' dir='ltr'><strong>ministris</strong></span> <span class='ocrx_word' id='word_1_233' title='bbox 2766 1688 2859 1741; x_wconf 89' lang='lat' dir='ltr'><strong>Dei</strong></span> <span class='ocrx_word' id='word_1_234' title='bbox 2890 1697 2949 1741; x_wconf 91' lang='lat' dir='ltr'><strong>ut</strong></span> <span class='ocrx_word' id='word_1_235' title='bbox 2977 1703 3071 1743; x_wconf 90' lang='lat' dir='ltr'><strong>eos</strong></span> <span class='ocrx_word' id='word_1_236' title='bbox 3094 1703 3124 1740; x_wconf 89' lang='lat' dir='ltr'><strong>a</strong></span> <span class='ocrx_word' id='word_1_237' title='bbox 3151 1703 3208 1741; x_wconf 88' lang='lat' dir='ltr'><strong>se</strong></span> <span class='ocrx_word' id='word_1_238' title='bbox 3243 1689 3418 1758; x_wconf 87' lang='lat' dir='ltr'><strong>repel-</strong></span> 
     </span>
    </p>
   </div>
   <div class='ocr_carea' id='block_1_33' title="bbox 160 1763 3416 1846">
    <p class='ocr_par' dir='ltr' id='par_1_33' title="bbox 160 1763 3416 1846">
     <span class='ocr_line' id='line_1_33' title="bbox 160 1763 3416 1846; baseline 0.002 -22"><span class='ocrx_word' id='word_1_239' title='bbox 160 1774 373 1841; x_wconf 81' lang='lat' dir='ltr'><strong>rogavit</strong></span> <span class='ocrx_word' id='word_1_240' title='bbox 402 1772 675 1829; x_wconf 87' lang='lat' dir='ltr'><strong>Simonem</strong></span> <span class='ocrx_word' id='word_1_241' title='bbox 705 1776 881 1829; x_wconf 84' lang='lat' dir='ltr'><strong>navim</strong></span> <span class='ocrx_word' id='word_1_242' title='bbox 913 1790 941 1829; x_wconf 89' lang='lat' dir='ltr'><strong>a</strong></span> <span class='ocrx_word' id='word_1_243' title='bbox 982 1784 1122 1830; x_wconf 87' lang='lat' dir='ltr'><strong>terra</strong></span> <span class='ocrx_word' id='word_1_244' title='bbox 1163 1776 1418 1831; x_wconf 84' lang='lat' dir='ltr'><strong>reducere</strong></span> <span class='ocrx_word' id='word_1_245' title='bbox 1455 1777 1734 1846; x_wconf 88' lang='lat' dir='ltr'><strong>pusillum,</strong></span> <span class='ocrx_word' id='word_1_246' title='bbox 1767 1763 1814 1821; x_wconf 81' lang='grc' dir='ltr'><strong>Β</strong></span> <span class='ocrx_word' id='word_1_247' title='bbox 1843 1780 1978 1845; x_wconf 87' lang='lat' dir='ltr'><strong>lant,</strong></span> <span class='ocrx_word' id='word_1_248' title='bbox 2006 1781 2099 1835; x_wconf 89' lang='lat' dir='ltr'><strong>sed</strong></span> <span class='ocrx_word' id='word_1_249' title='bbox 2129 1795 2260 1835; x_wconf 91' lang='lat' dir='ltr'><strong>voce</strong></span> <span class='ocrx_word' id='word_1_250' title='bbox 2301 1795 2511 1834; x_wconf 88' lang='lat' dir='ltr'><strong>morum</strong></span> <span class='ocrx_word' id='word_1_251' title='bbox 2544 1787 2598 1834; x_wconf 92' lang='lat' dir='ltr'><strong>et</strong></span> <span class='ocrx_word' id='word_1_252' title='bbox 2628 1789 2843 1833; x_wconf 89' lang='lat' dir='ltr'><strong>actuum</strong></span> <span class='ocrx_word' id='word_1_253' title='bbox 2880 1793 3097 1833; x_wconf 86' lang='lat' dir='ltr'><strong>suorum</strong></span> <span class='ocrx_word' id='word_1_254' title='bbox 3135 1779 3361 1833; x_wconf 90' lang='lat' dir='ltr'><strong>suadent</strong></span> <span class='ocrx_word' id='word_1_255' title='bbox 3386 1794 3416 1832; x_wconf 90' lang='lat' dir='ltr'><strong>a</strong></span> 
     </span>
    </p>
   </div>
   <div class='ocr_carea' id='block_1_34' title="bbox 160 1864 1741 1934">
    <p class='ocr_par' dir='ltr' id='par_1_34' title="bbox 160 1864 1741 1934">
     <span class='ocr_line' id='line_1_34' title="bbox 160 1864 1741 1934; baseline 0.004 -15"><span class='ocrx_word' id='word_1_256' title='bbox 160 1864 435 1934; x_wconf 87' lang='lat' dir='ltr'><strong>signiﬁcat</strong></span> <span class='ocrx_word' id='word_1_257' title='bbox 468 1865 547 1919; x_wconf 90' lang='lat' dir='ltr'><strong>vel</strong></span> <span class='ocrx_word' id='word_1_258' title='bbox 574 1874 869 1933; x_wconf 83' lang='lat' dir='ltr'><strong>temperate</strong></span> <span class='ocrx_word' id='word_1_259' title='bbox 896 1868 1151 1922; x_wconf 86' lang='lat' dir='ltr'><strong>utendum</strong></span> <span class='ocrx_word' id='word_1_260' title='bbox 1175 1869 1340 1922; x_wconf 89' lang='lat' dir='ltr'><strong>verbo</strong></span> <span class='ocrx_word' id='word_1_261' title='bbox 1361 1868 1427 1921; x_wconf 91' lang='lat' dir='ltr'><strong>ad</strong></span> <span class='ocrx_word' id='word_1_262' title='bbox 1455 1870 1660 1932; x_wconf 90' lang='lat' dir='ltr'><strong>turbas,</strong></span> <span class='ocrx_word' id='word_1_263' title='bbox 1682 1879 1741 1925; x_wconf 91' lang='lat' dir='ltr'><strong>ut</strong></span> 
     </span>
    </p>
   </div>
   <div class='ocr_carea' id='block_1_35' title="bbox 162 1958 1737 2027">
    <p class='ocr_par' dir='ltr' id='par_1_35' title="bbox 162 1958 1737 2027">
     <span class='ocr_line' id='line_1_35' title="bbox 162 1958 1737 2027; baseline 0.005 -19"><span class='ocrx_word' id='word_1_264' title='bbox 162 1970 263 2009; x_wconf 88' lang='lat' dir='ltr'><strong>nec</strong></span> <span class='ocrx_word' id='word_1_265' title='bbox 294 1966 511 2009; x_wconf 88' lang='lat' dir='ltr'><strong>terrena</strong></span> <span class='ocrx_word' id='word_1_266' title='bbox 541 1959 621 2011; x_wconf 90' lang='lat' dir='ltr'><strong>eis</strong></span> <span class='ocrx_word' id='word_1_267' title='bbox 658 1958 1057 2027; x_wconf 64' lang='lat' dir='ltr'><strong>praecipiantur,</strong></span> <span class='ocrx_word' id='word_1_268' title='bbox 1097 1975 1195 2013; x_wconf 93' lang='lat' dir='ltr'><strong>nec</strong></span> <span class='ocrx_word' id='word_1_269' title='bbox 1234 1961 1313 2014; x_wconf 85' lang='lat' dir='ltr'><strong>sic</strong></span> <span class='ocrx_word' id='word_1_270' title='bbox 1352 1976 1382 2013; x_wconf 87' lang='lat' dir='ltr'><strong>a</strong></span> <span class='ocrx_word' id='word_1_271' title='bbox 1426 1963 1655 2016; x_wconf 89' lang='lat' dir='ltr'><strong>terrenis</strong></span> <span class='ocrx_word' id='word_1_272' title='bbox 1684 1962 1737 2015; x_wconf 91' lang='lat' dir='ltr'><strong>in</strong></span> 
     </span>
    </p>
   </div>
   <div class='ocr_carea' id='block_1_36' title="bbox 159 2044 1741 2120">
    <p class='ocr_par' dir='ltr' id='par_1_36' title="bbox 159 2044 1741 2120">
     <span class='ocr_line' id='line_1_36' title="bbox 159 2044 1741 2120; baseline 0.005 -22"><span class='ocrx_word' id='word_1_273' title='bbox 159 2044 431 2116; x_wconf 88' lang='lat' dir='ltr'><strong>profunda</strong></span> <span class='ocrx_word' id='word_1_274' title='bbox 472 2055 934 2102; x_wconf 79' lang='lat' dir='ltr'><strong>sacramentorum</strong></span> <span class='ocrx_word' id='word_1_275' title='bbox 976 2049 1278 2115; x_wconf 84' lang='lat' dir='ltr'><strong>recedatur,</strong></span> <span class='ocrx_word' id='word_1_276' title='bbox 1321 2059 1375 2103; x_wconf 90' lang='lat' dir='ltr'><strong>ut</strong></span> <span class='ocrx_word' id='word_1_277' title='bbox 1428 2066 1490 2105; x_wconf 90' lang='lat' dir='ltr'><strong>ea</strong></span> <span class='ocrx_word' id='word_1_278' title='bbox 1530 2052 1741 2120; x_wconf 88' lang='lat' dir='ltr'><strong>penitus</strong></span> 
     </span>
    </p>
   </div>
   <div class='ocr_carea' id='block_1_37' title="bbox 161 2135 1743 2210">
    <p class='ocr_par' dir='ltr' id='par_1_37' title="bbox 161 2135 1743 2210">
     <span class='ocr_line' id='line_1_37' title="bbox 161 2135 1743 2210; baseline 0.003 -20"><span class='ocrx_word' id='word_1_279' title='bbox 161 2151 269 2190; x_wconf 89' lang='lat' dir='ltr'><strong>non</strong></span> <span class='ocrx_word' id='word_1_280' title='bbox 303 2135 621 2206; x_wconf 80' lang='lat' dir='ltr'><strong>intelligant,</strong></span> <span class='ocrx_word' id='word_1_281' title='bbox 646 2138 730 2190; x_wconf 85' lang='lat' dir='ltr'><strong>vel</strong></span> <span class='ocrx_word' id='word_1_282' title='bbox 752 2139 901 2207; x_wconf 89' lang='lat' dir='ltr'><strong>prius</strong></span> <span class='ocrx_word' id='word_1_283' title='bbox 929 2138 980 2191; x_wconf 94' lang='lat' dir='ltr'><strong>in</strong></span> <span class='ocrx_word' id='word_1_284' title='bbox 1005 2140 1265 2209; x_wconf 84' lang='lat' dir='ltr'><strong>proximis</strong></span> <span class='ocrx_word' id='word_1_285' title='bbox 1288 2140 1593 2210; x_wconf 81' lang='lat' dir='ltr'><strong>regionibus</strong></span> <span class='ocrx_word' id='word_1_286' title='bbox 1614 2157 1743 2210; x_wconf 86' lang='lat' dir='ltr'><strong>gen-</strong></span> 
     </span>
    </p>
   </div>
   <div class='ocr_carea' id='block_1_38' title="bbox 162 2225 1742 2297">
    <p class='ocr_par' dir='ltr' id='par_1_38' title="bbox 162 2225 1742 2297">
     <span class='ocr_line' id='line_1_38' title="bbox 162 2225 1742 2297; baseline 0.004 -18"><span class='ocrx_word' id='word_1_287' title='bbox 162 2225 308 2279; x_wconf 90' lang='lat' dir='ltr'><strong>tibus</strong></span> <span class='ocrx_word' id='word_1_288' title='bbox 331 2226 749 2294; x_wconf 70' lang='lat' dir='ltr'><strong>przedicandum,</strong></span> <span class='ocrx_word' id='word_1_289' title='bbox 791 2236 851 2281; x_wconf 92' lang='lat' dir='ltr'><strong>ut</strong></span> <span class='ocrx_word' id='word_1_290' title='bbox 888 2228 979 2297; x_wconf 91' lang='lat' dir='ltr'><strong>qui</strong></span> <span class='ocrx_word' id='word_1_291' title='bbox 1018 2230 1149 2283; x_wconf 91' lang='lat' dir='ltr'><strong>dicit</strong></span> <span class='ocrx_word' id='word_1_292' title='bbox 1184 2230 1312 2283; x_wconf 88' lang='lat' dir='ltr'><strong>item</strong></span> <span class='ocrx_word' id='word_1_293' title='bbox 1340 2230 1527 2293; x_wconf 89' lang='lat' dir='ltr'><strong>Petro,</strong></span> <span class='ocrx_word' id='word_1_294' title='bbox 1560 2232 1659 2284; x_wconf 88' lang='lat' dir='ltr'><strong>duc</strong></span> <span class='ocrx_word' id='word_1_295' title='bbox 1688 2234 1742 2285; x_wconf 90' lang='lat' dir='ltr'><strong>in</strong></span> 
     </span>
    </p>
   </div>
   <div class='ocr_carea' id='block_1_39' title="bbox 160 2312 1743 2385">
    <p class='ocr_par' dir='ltr' id='par_1_39' title="bbox 160 2312 1743 2385">
     <span class='ocr_line' id='line_1_39' title="bbox 160 2312 1743 2385; baseline 0.006 -21"><span class='ocrx_word' id='word_1_296' title='bbox 160 2312 332 2365; x_wconf 86' lang='lat' dir='ltr'><strong>altum</strong></span> <span class='ocrx_word' id='word_1_297' title='bbox 370 2324 419 2366; x_wconf 89' lang='lat' dir='ltr'><strong>et</strong></span> <span class='ocrx_word' id='word_1_298' title='bbox 454 2314 629 2367; x_wconf 74' lang='lat' dir='ltr'><strong>laxate</strong></span> <span class='ocrx_word' id='word_1_299' title='bbox 670 2318 796 2369; x_wconf 89' lang='lat' dir='ltr'><strong>retia</strong></span> <span class='ocrx_word' id='word_1_300' title='bbox 837 2327 1006 2371; x_wconf 82' lang='lat' dir='ltr'><strong>uestra</strong></span> <span class='ocrx_word' id='word_1_301' title='bbox 1044 2318 1099 2370; x_wconf 89' lang='lat' dir='ltr'><strong>in</strong></span> <span class='ocrx_word' id='word_1_302' title='bbox 1129 2327 1431 2385; x_wconf 83' lang='lat' dir='ltr'><strong>capturum,</strong></span> <span class='ocrx_word' id='word_1_303' title='bbox 1467 2321 1533 2373; x_wconf 83' lang='lat' dir='ltr'><strong>ad</strong></span> <span class='ocrx_word' id='word_1_304' title='bbox 1571 2334 1743 2373; x_wconf 89' lang='lat' dir='ltr'><strong>remo-</strong></span> 
     </span>
    </p>
   </div>
   <div class='ocr_carea' id='block_1_40' title="bbox 163 2404 1743 2478">
    <p class='ocr_par' dir='ltr' id='par_1_40' title="bbox 163 2404 1743 2478">
     <span class='ocr_line' id='line_1_40' title="bbox 163 2404 1743 2478; baseline 0.005 -23"><span class='ocrx_word' id='word_1_305' title='bbox 163 2404 334 2458; x_wconf 89' lang='lat' dir='ltr'><strong>tiores</strong></span> <span class='ocrx_word' id='word_1_306' title='bbox 367 2412 552 2475; x_wconf 78' lang='lat' dir='ltr'><strong>gentes</strong></span> <span class='ocrx_word' id='word_1_307' title='bbox 587 2406 780 2475; x_wconf 91' lang='lat' dir='ltr'><strong>quibus</strong></span> <span class='ocrx_word' id='word_1_308' title='bbox 825 2415 1006 2475; x_wconf 86' lang='lat' dir='ltr'><strong>postea</strong></span> <span class='ocrx_word' id='word_1_309' title='bbox 1045 2407 1395 2477; x_wconf 63' lang='lat' dir='ltr'><strong>praedicatum</strong></span> <span class='ocrx_word' id='word_1_310' title='bbox 1434 2418 1536 2475; x_wconf 91' lang='lat' dir='ltr'><strong>est,</strong></span> <span class='ocrx_word' id='word_1_311' title='bbox 1575 2411 1743 2478; x_wconf 86' lang='lat' dir='ltr'><strong>perti-</strong></span> 
     </span>
    </p>
   </div>
   <div class='ocr_carea' id='block_1_41' title="bbox 162 2503 313 2547">
    <p class='ocr_par' dir='ltr' id='par_1_41' title="bbox 162 2503 313 2547">
     <span class='ocr_line' id='line_1_41' title="bbox 162 2503 313 2547; baseline 0 -1"><span class='ocrx_word' id='word_1_312' title='bbox 162 2503 313 2547; x_wconf 83' lang='lat' dir='ltr'><strong>neat.</strong></span> 
     </span>
    </p>
   </div>
   <div class='ocr_carea' id='block_1_42' title="bbox 238 2581 1740 2656">
    <p class='ocr_par' dir='ltr' id='par_1_42' title="bbox 238 2581 1740 2656">
     <span class='ocr_line' id='line_1_42' title="bbox 238 2581 1740 2656; baseline 0.004 -22"><span class='ocrx_word' id='word_1_313' title='bbox 238 2581 305 2634; x_wconf 80' lang='lat' dir='ltr'><strong>Et</strong></span> <span class='ocrx_word' id='word_1_314' title='bbox 336 2584 646 2652; x_wconf 85' lang='lat' dir='ltr'><strong>respondens</strong></span> <span class='ocrx_word' id='word_1_315' title='bbox 674 2582 855 2639; x_wconf 87' lang='lat' dir='ltr'><strong>Simon</strong></span> <span class='ocrx_word' id='word_1_316' title='bbox 890 2584 1021 2639; x_wconf 77' lang='lat' dir='ltr'><strong>dixit</strong></span> <span class='ocrx_word' id='word_1_317' title='bbox 1049 2584 1166 2639; x_wconf 87' lang='lat' dir='ltr'><strong>illi:</strong></span> <span class='ocrx_word' id='word_1_318' title='bbox 1198 2584 1515 2655; x_wconf 72' lang='lat' dir='ltr'><strong>Pra&#39;ceptor,</strong></span> <span class='ocrx_word' id='word_1_319' title='bbox 1547 2604 1639 2656; x_wconf 88' lang='lat' dir='ltr'><strong>per</strong></span> <span class='ocrx_word' id='word_1_320' title='bbox 1660 2597 1740 2641; x_wconf 88' lang='lat' dir='ltr'><strong>to-</strong></span> 
     </span>
    </p>
   </div>
   <div class='ocr_carea' id='block_1_43' title="bbox 163 2674 1741 2747">
    <p class='ocr_par' dir='ltr' id='par_1_43' title="bbox 163 2674 1741 2747">
     <span class='ocr_line' id='line_1_43' title="bbox 163 2674 1741 2747; baseline 0.004 -22"><span class='ocrx_word' id='word_1_321' title='bbox 163 2683 274 2725; x_wconf 87' lang='lat' dir='ltr'><strong>tam</strong></span> <span class='ocrx_word' id='word_1_322' title='bbox 305 2685 504 2727; x_wconf 85' lang='lat' dir='ltr'><strong>noctem</strong></span> <span class='ocrx_word' id='word_1_323' title='bbox 537 2674 833 2729; x_wconf 81' lang='lat' dir='ltr'><strong>laborantes</strong></span> <span class='ocrx_word' id='word_1_324' title='bbox 863 2676 992 2729; x_wconf 83' lang='lat' dir='ltr'><strong>nihil</strong></span> <span class='ocrx_word' id='word_1_325' title='bbox 1018 2678 1274 2747; x_wconf 79' lang='lat' dir='ltr'><strong>repimus,</strong></span> <span class='ocrx_word' id='word_1_326' title='bbox 1305 2678 1360 2731; x_wconf 89' lang='lat' dir='ltr'><strong>in</strong></span> <span class='ocrx_word' id='word_1_327' title='bbox 1390 2678 1539 2730; x_wconf 75' lang='lat' dir='ltr'><strong>verbo</strong></span> <span class='ocrx_word' id='word_1_328' title='bbox 1567 2688 1741 2731; x_wconf 85' lang='lat' dir='ltr'><strong>autem</strong></span> 
     </span>
    </p>
   </div>
   <div class='ocr_carea' id='block_1_44' title="bbox 162 2765 1742 2837">
    <p class='ocr_par' dir='ltr' id='par_1_44' title="bbox 162 2765 1742 2837">
     <span class='ocr_line' id='line_1_44' title="bbox 162 2765 1742 2837; baseline 0.002 -19"><span class='ocrx_word' id='word_1_329' title='bbox 162 2775 257 2819; x_wconf 77' lang='lat' dir='ltr'><strong>tuo</strong></span> <span class='ocrx_word' id='word_1_330' title='bbox 285 2765 474 2819; x_wconf 64' lang='grc' dir='ltr'><em>[απαὸο</em></span> <span class='ocrx_word' id='word_1_331' title='bbox 504 2778 625 2821; x_wconf 87' lang='lat' dir='ltr'><strong>rete.</strong></span> <span class='ocrx_word' id='word_1_332' title='bbox 657 2766 775 2821; x_wconf 84' lang='lat' dir='ltr'><strong>Nisi</strong></span> <span class='ocrx_word' id='word_1_333' title='bbox 798 2767 1048 2821; x_wconf 82' lang='lat' dir='ltr'><strong>Dominus</strong></span> <span class='ocrx_word' id='word_1_334' title='bbox 1071 2768 1402 2837; x_wconf 75' lang='lat' dir='ltr'><strong>wdiﬁcaverit</strong></span> <span class='ocrx_word' id='word_1_335' title='bbox 1427 2768 1659 2830; x_wconf 88' lang='lat' dir='ltr'><strong>domum,</strong></span> <span class='ocrx_word' id='word_1_336' title='bbox 1689 2768 1742 2821; x_wconf 91' lang='lat' dir='ltr'><strong>in</strong></span> 
     </span>
    </p>
   </div>
   <div class='ocr_carea' id='block_1_45' title="bbox 162 2856 1743 2928">
    <p class='ocr_par' dir='ltr' id='par_1_45' title="bbox 162 2856 1743 2928">
     <span class='ocr_line' id='line_1_45' title="bbox 162 2856 1743 2928; baseline 0 -18"><span class='ocrx_word' id='word_1_337' title='bbox 162 2873 358 2910; x_wconf 73' lang='lat' dir='ltr'><strong>vanum</strong></span> <span class='ocrx_word' id='word_1_338' title='bbox 390 2856 628 2910; x_wconf 85' lang='lat' dir='ltr'><strong>laborant</strong></span> <span class='ocrx_word' id='word_1_339' title='bbox 654 2859 743 2928; x_wconf 87' lang='lat' dir='ltr'><strong>qui</strong></span> <span class='ocrx_word' id='word_1_340' title='bbox 769 2858 1033 2926; x_wconf 66' lang='lat' dir='ltr'><strong>aediﬁcant</strong></span> <span class='ocrx_word' id='word_1_341' title='bbox 1062 2875 1197 2912; x_wconf 89' lang='lat' dir='ltr'><strong>eam.</strong></span> <span class='ocrx_word' id='word_1_342' title='bbox 1225 2858 1337 2913; x_wconf 88' lang='lat' dir='ltr'><strong>Nisi</strong></span> <span class='ocrx_word' id='word_1_343' title='bbox 1370 2858 1625 2912; x_wconf 87' lang='lat' dir='ltr'><strong>Dominus</strong></span> <span class='ocrx_word' id='word_1_344' title='bbox 1650 2873 1743 2911; x_wconf 87' lang='lat' dir='ltr'><strong>cor</strong></span> 
     </span>
    </p>
   </div>
   <div class='ocr_carea' id='block_1_46' title="bbox 163 2945 1740 3013">
    <p class='ocr_par' dir='ltr' id='par_1_46' title="bbox 163 2945 1740 3013">
     <span class='ocr_line' id='line_1_46' title="bbox 163 2945 1740 3013; baseline 0.003 -15"><span class='ocrx_word' id='word_1_345' title='bbox 163 2945 519 3001; x_wconf 84' lang='lat' dir='ltr'><strong>illustraverit</strong></span> <span class='ocrx_word' id='word_1_346' title='bbox 548 2948 872 3013; x_wconf 88' lang='lat' dir='ltr'><strong>auditorum,</strong></span> <span class='ocrx_word' id='word_1_347' title='bbox 900 2948 1089 3003; x_wconf 89' lang='lat' dir='ltr'><strong>doctor</strong></span> <span class='ocrx_word' id='word_1_348' title='bbox 1112 2950 1162 3001; x_wconf 88' lang='lat' dir='ltr'><strong>in</strong></span> <span class='ocrx_word' id='word_1_349' title='bbox 1189 2958 1347 3003; x_wconf 89' lang='lat' dir='ltr'><strong>nocte</strong></span> <span class='ocrx_word' id='word_1_350' title='bbox 1376 2949 1599 3002; x_wconf 89' lang='lat' dir='ltr'><strong>laborat.</strong></span> <span class='ocrx_word' id='word_1_351' title='bbox 1627 2947 1740 3002; x_wconf 84' lang='lat' dir='ltr'><strong>Nisi</strong></span> 
     </span>
    </p>
   </div>
   <div class='ocr_carea' id='block_1_47' title="bbox 162 3038 1738 3113">
    <p class='ocr_par' dir='ltr' id='par_1_47' title="bbox 162 3038 1738 3113">
     <span class='ocr_line' id='line_1_47' title="bbox 162 3038 1738 3113; baseline -0.002 -21"><span class='ocrx_word' id='word_1_352' title='bbox 162 3039 221 3092; x_wconf 89' lang='lat' dir='ltr'><strong>in</strong></span> <span class='ocrx_word' id='word_1_353' title='bbox 254 3039 418 3093; x_wconf 91' lang='lat' dir='ltr'><strong>verbo</strong></span> <span class='ocrx_word' id='word_1_354' title='bbox 446 3054 688 3113; x_wconf 78' lang='lat' dir='ltr'><strong>supernae</strong></span> <span class='ocrx_word' id='word_1_355' title='bbox 714 3039 897 3109; x_wconf 76' lang='lat' dir='ltr'><strong>gratia:</strong></span> <span class='ocrx_word' id='word_1_356' title='bbox 926 3039 1101 3092; x_wconf 82' lang='lat' dir='ltr'><strong>laxata</strong></span> <span class='ocrx_word' id='word_1_357' title='bbox 1144 3038 1347 3093; x_wconf 80' lang='lat' dir='ltr'><strong>fuerint</strong></span> <span class='ocrx_word' id='word_1_358' title='bbox 1383 3039 1738 3092; x_wconf 88' lang='lat' dir='ltr'><strong>instrumenta</strong></span> 
     </span>
    </p>
   </div>
   <div class='ocr_carea' id='block_1_48' title="bbox 1843 1870 3418 1942">
    <p class='ocr_par' dir='ltr' id='par_1_48' title="bbox 1843 1870 3418 1942">
     <span class='ocr_line' id='line_1_48' title="bbox 1843 1870 3418 1942; baseline -0.003 -14"><span class='ocrx_word' id='word_1_359' title='bbox 1843 1888 1902 1928; x_wconf 91' lang='lat' dir='ltr'><strong>se</strong></span> <span class='ocrx_word' id='word_1_360' title='bbox 1927 1873 2124 1928; x_wconf 87' lang='lat' dir='ltr'><strong>recedi.</strong></span> <span class='ocrx_word' id='word_1_361' title='bbox 2149 1872 2228 1927; x_wconf 85' lang='lat' dir='ltr'><strong>Ne</strong></span> <span class='ocrx_word' id='word_1_362' title='bbox 2254 1888 2351 1941; x_wconf 91' lang='lat' dir='ltr'><strong>per</strong></span> <span class='ocrx_word' id='word_1_363' title='bbox 2377 1872 2550 1926; x_wconf 89' lang='lat' dir='ltr'><strong>bonos</strong></span> <span class='ocrx_word' id='word_1_364' title='bbox 2580 1880 2833 1942; x_wconf 88' lang='lat' dir='ltr'><strong>regantur</strong></span> <span class='ocrx_word' id='word_1_365' title='bbox 2860 1878 2914 1925; x_wconf 92' lang='lat' dir='ltr'><strong>et</strong></span> <span class='ocrx_word' id='word_1_366' title='bbox 2946 1885 3012 1924; x_wconf 92' lang='lat' dir='ltr'><strong>eo</strong></span> <span class='ocrx_word' id='word_1_367' title='bbox 3047 1870 3418 1925; x_wconf 86' lang='lat' dir='ltr'><strong>vehementius</strong></span> 
     </span>
    </p>
   </div>
   <div class='ocr_carea' id='block_1_49' title="bbox 1842 1958 3418 2032">
    <p class='ocr_par' dir='ltr' id='par_1_49' title="bbox 1842 1958 3418 2032">
     <span class='ocr_line' id='line_1_49' title="bbox 1842 1958 3418 2032; baseline -0.001 -19"><span class='ocrx_word' id='word_1_368' title='bbox 1842 1979 1949 2032; x_wconf 90' lang='lat' dir='ltr'><strong>quo</strong></span> <span class='ocrx_word' id='word_1_369' title='bbox 1974 1963 2221 2019; x_wconf 68' lang='lat' dir='ltr'><strong>deferant</strong></span> <span class='ocrx_word' id='word_1_370' title='bbox 2246 1964 2327 2017; x_wconf 87' lang='lat' dir='ltr'><strong>eis</strong></span> <span class='ocrx_word' id='word_1_371' title='bbox 2356 1964 2622 2026; x_wconf 81' lang='lat' dir='ltr'><strong>honores,</strong></span> <span class='ocrx_word' id='word_1_372' title='bbox 2651 1970 2703 2015; x_wconf 90' lang='lat' dir='ltr'><strong>et</strong></span> <span class='ocrx_word' id='word_1_373' title='bbox 2738 1970 2916 2015; x_wconf 90' lang='lat' dir='ltr'><strong>tamen</strong></span> <span class='ocrx_word' id='word_1_374' title='bbox 2950 1958 3109 2015; x_wconf 90' lang='lat' dir='ltr'><strong>factis</strong></span> <span class='ocrx_word' id='word_1_375' title='bbox 3152 1959 3261 2012; x_wconf 87' lang='lat' dir='ltr'><strong>suis</strong></span> <span class='ocrx_word' id='word_1_376' title='bbox 3297 1974 3327 2011; x_wconf 90' lang='lat' dir='ltr'><strong>a</strong></span> <span class='ocrx_word' id='word_1_377' title='bbox 3360 1972 3418 2012; x_wconf 91' lang='lat' dir='ltr'><strong>se</strong></span> 
     </span>
    </p>
   </div>
   <div class='ocr_carea' id='block_1_50' title="bbox 1842 2048 3419 2118">
    <p class='ocr_par' dir='ltr' id='par_1_50' title="bbox 1842 2048 3419 2118">
     <span class='ocr_line' id='line_1_50' title="bbox 1842 2048 3419 2118; baseline -0.004 -12"><span class='ocrx_word' id='word_1_378' title='bbox 1842 2054 2099 2108; x_wconf 74' lang='lat' dir='ltr'><strong>recedere</strong></span> <span class='ocrx_word' id='word_1_379' title='bbox 2125 2053 2435 2117; x_wconf 88' lang='lat' dir='ltr'><strong>admonent,</strong></span> <span class='ocrx_word' id='word_1_380' title='bbox 2460 2063 2518 2105; x_wconf 89' lang='lat' dir='ltr'><strong>ut</strong></span> <span class='ocrx_word' id='word_1_381' title='bbox 2545 2050 3011 2105; x_wconf 84' lang='lat' dir='ltr'><strong>honoriﬁcentiam</strong></span> <span class='ocrx_word' id='word_1_382' title='bbox 3040 2064 3227 2105; x_wconf 89' lang='lat' dir='ltr'><strong>eorum</strong></span> <span class='ocrx_word' id='word_1_383' title='bbox 3257 2048 3419 2118; x_wconf 86' lang='lat' dir='ltr'><strong>signi-</strong></span> 
     </span>
    </p>
   </div>
   <div class='ocr_carea' id='block_1_51' title="bbox 1842 2135 3418 2207">
    <p class='ocr_par' dir='ltr' id='par_1_51' title="bbox 1842 2135 3418 2207">
     <span class='ocr_line' id='line_1_51' title="bbox 1842 2135 3418 2207; baseline -0.003 -13"><span class='ocrx_word' id='word_1_384' title='bbox 1842 2141 2087 2196; x_wconf 86' lang='lat' dir='ltr'><strong>ficaverit</strong></span> <span class='ocrx_word' id='word_1_385' title='bbox 2137 2142 2328 2196; x_wconf 85' lang='lat' dir='ltr'><strong>Petrus</strong></span> <span class='ocrx_word' id='word_1_386' title='bbox 2391 2140 2591 2195; x_wconf 89' lang='lat' dir='ltr'><strong>cadens</strong></span> <span class='ocrx_word' id='word_1_387' title='bbox 2638 2139 2705 2192; x_wconf 90' lang='lat' dir='ltr'><strong>ad</strong></span> <span class='ocrx_word' id='word_1_388' title='bbox 2752 2140 2915 2207; x_wconf 89' lang='lat' dir='ltr'><strong>pedes</strong></span> <span class='ocrx_word' id='word_1_389' title='bbox 2962 2136 3191 2190; x_wconf 89' lang='lat' dir='ltr'><strong>Domini.</strong></span> <span class='ocrx_word' id='word_1_390' title='bbox 3242 2135 3418 2189; x_wconf 86' lang='lat' dir='ltr'><strong>Mores</strong></span> 
     </span>
    </p>
   </div>
   <div class='ocr_carea' id='block_1_52' title="bbox 1843 2227 3415 2301">
    <p class='ocr_par' dir='ltr' id='par_1_52' title="bbox 1843 2227 3415 2301">
     <span class='ocr_line' id='line_1_52' title="bbox 1843 2227 3415 2301; baseline -0.005 -14"><span class='ocrx_word' id='word_1_391' title='bbox 1843 2242 2020 2287; x_wconf 82' lang='lat' dir='ltr'><strong>autem</strong></span> <span class='ocrx_word' id='word_1_392' title='bbox 2055 2233 2107 2285; x_wconf 91' lang='lat' dir='ltr'><strong>in</strong></span> <span class='ocrx_word' id='word_1_393' title='bbox 2136 2248 2223 2295; x_wconf 89' lang='lat' dir='ltr'><strong>eo,</strong></span> <span class='ocrx_word' id='word_1_394' title='bbox 2250 2232 2392 2301; x_wconf 88' lang='lat' dir='ltr'><strong>quod</strong></span> <span class='ocrx_word' id='word_1_395' title='bbox 2422 2233 2498 2284; x_wconf 88' lang='lat' dir='ltr'><strong>ait</strong></span> <span class='ocrx_word' id='word_1_396' title='bbox 2525 2246 2538 2283; x_wconf 76' lang='grc' dir='ltr'><strong>ε</strong></span> <span class='ocrx_word' id='word_1_397' title='bbox 2572 2228 2677 2283; x_wconf 76' lang='lat' dir='ltr'><strong>Exi</strong></span> <span class='ocrx_word' id='word_1_398' title='bbox 2699 2245 2849 2293; x_wconf 84' lang='lat' dir='ltr'><strong>ante,</strong></span> <span class='ocrx_word' id='word_1_399' title='bbox 2868 2228 3107 2292; x_wconf 88' lang='lat' dir='ltr'><strong>Domine,</strong></span> <span class='ocrx_word' id='word_1_400' title='bbox 3135 2227 3258 2296; x_wconf 87' lang='lat' dir='ltr'><strong>quia</strong></span> <span class='ocrx_word' id='word_1_401' title='bbox 3297 2244 3415 2295; x_wconf 87' lang='lat' dir='ltr'><strong>pec-</strong></span> 
     </span>
    </p>
   </div>
   <div class='ocr_carea' id='block_1_53' title="bbox 1843 2315 3415 2389">
    <p class='ocr_par' dir='ltr' id='par_1_53' title="bbox 1843 2315 3415 2389">
     <span class='ocr_line' id='line_1_53' title="bbox 1843 2315 3415 2389; baseline -0.003 -15"><span class='ocrx_word' id='word_1_402' title='bbox 1843 2330 1989 2374; x_wconf 84' lang='lat' dir='ltr'><strong>cator</strong></span> <span class='ocrx_word' id='word_1_403' title='bbox 2010 2322 2162 2375; x_wconf 74' lang='lat' dir='ltr'><strong>homo</strong></span> <span class='ocrx_word' id='word_1_404' title='bbox 2184 2337 2321 2384; x_wconf 85' lang='lat' dir='ltr'><strong>sum,</strong></span> <span class='ocrx_word' id='word_1_405' title='bbox 2344 2320 2484 2389; x_wconf 91' lang='lat' dir='ltr'><strong>quod</strong></span> <span class='ocrx_word' id='word_1_406' title='bbox 2506 2328 2682 2371; x_wconf 85' lang='lat' dir='ltr'><strong>tamen</strong></span> <span class='ocrx_word' id='word_1_407' title='bbox 2712 2319 2837 2386; x_wconf 85' lang='lat' dir='ltr'><strong>quia</strong></span> <span class='ocrx_word' id='word_1_408' title='bbox 2867 2332 2973 2369; x_wconf 87' lang='lat' dir='ltr'><strong>non</strong></span> <span class='ocrx_word' id='word_1_409' title='bbox 2997 2315 3120 2369; x_wconf 87' lang='lat' dir='ltr'><strong>fecit</strong></span> <span class='ocrx_word' id='word_1_410' title='bbox 3136 2315 3415 2379; x_wconf 90' lang='lat' dir='ltr'><strong>Dominus,</strong></span> 
     </span>
    </p>
   </div>
   <div class='ocr_carea' id='block_1_54' title="bbox 1845 2406 3417 2483">
    <p class='ocr_par' dir='ltr' id='par_1_54' title="bbox 1845 2406 3417 2483">
     <span class='ocr_line' id='line_1_54' title="bbox 1845 2406 3417 2483; baseline -0.004 -19"><span class='ocrx_word' id='word_1_411' title='bbox 1845 2427 1950 2464; x_wconf 91' lang='lat' dir='ltr'><strong>non</strong></span> <span class='ocrx_word' id='word_1_412' title='bbox 1978 2412 2120 2465; x_wconf 87' lang='lat' dir='ltr'><strong>enim</strong></span> <span class='ocrx_word' id='word_1_413' title='bbox 2152 2412 2373 2466; x_wconf 85' lang='lat' dir='ltr'><strong>recessit</strong></span> <span class='ocrx_word' id='word_1_414' title='bbox 2402 2411 2469 2463; x_wconf 87' lang='lat' dir='ltr'><strong>ab</strong></span> <span class='ocrx_word' id='word_1_415' title='bbox 2496 2410 2574 2463; x_wconf 90' lang='lat' dir='ltr'><strong>eis</strong></span> <span class='ocrx_word' id='word_1_416' title='bbox 2593 2448 2606 2472; x_wconf 93' lang='lat'><strong>,</strong></span> <span class='ocrx_word' id='word_1_417' title='bbox 2632 2408 2723 2483; x_wconf 72' lang='lat' dir='ltr'><strong>sed</strong></span> <span class='ocrx_word' id='word_1_418' title='bbox 2759 2421 2852 2460; x_wconf 92' lang='lat' dir='ltr'><strong>eos</strong></span> <span class='ocrx_word' id='word_1_419' title='bbox 2882 2406 3158 2460; x_wconf 89' lang='lat' dir='ltr'><strong>subductis</strong></span> <span class='ocrx_word' id='word_1_420' title='bbox 3192 2406 3417 2459; x_wconf 82' lang='lat' dir='ltr'><strong>navibus</strong></span> 
     </span>
    </p>
   </div>
   <div class='ocr_carea' id='block_1_55' title="bbox 1843 2493 3415 2567">
    <p class='ocr_par' dir='ltr' id='par_1_55' title="bbox 1843 2493 3415 2567">
     <span class='ocr_line' id='line_1_55' title="bbox 1843 2493 3415 2567; baseline -0.002 -17"><span class='ocrx_word' id='word_1_421' title='bbox 1843 2498 1912 2551; x_wconf 86' lang='lat' dir='ltr'><strong>ad</strong></span> <span class='ocrx_word' id='word_1_422' title='bbox 1944 2499 2091 2553; x_wconf 88' lang='lat' dir='ltr'><strong>littus</strong></span> <span class='ocrx_word' id='word_1_423' title='bbox 2120 2499 2392 2567; x_wconf 73' lang='lat' dir='ltr'><strong>perduxit,</strong></span> <span class='ocrx_word' id='word_1_424' title='bbox 2424 2496 2693 2566; x_wconf 76' lang='lat' dir='ltr'><strong>significat</strong></span> <span class='ocrx_word' id='word_1_425' title='bbox 2722 2495 2774 2547; x_wconf 93' lang='lat' dir='ltr'><strong>in</strong></span> <span class='ocrx_word' id='word_1_426' title='bbox 2806 2494 2960 2548; x_wconf 91' lang='lat' dir='ltr'><strong>bonis</strong></span> <span class='ocrx_word' id='word_1_427' title='bbox 2995 2502 3050 2546; x_wconf 90' lang='lat' dir='ltr'><strong>et</strong></span> <span class='ocrx_word' id='word_1_428' title='bbox 3083 2493 3415 2561; x_wconf 84' lang='lat' dir='ltr'><strong>spiritalibus</strong></span> 
     </span>
    </p>
   </div>
   <div class='ocr_carea' id='block_1_56' title="bbox 1844 2583 3413 2661">
    <p class='ocr_par' dir='ltr' id='par_1_56' title="bbox 1844 2583 3413 2661">
     <span class='ocr_line' id='line_1_56' title="bbox 1844 2583 3413 2661; baseline -0.003 -21"><span class='ocrx_word' id='word_1_429' title='bbox 1844 2590 1997 2652; x_wconf 84' lang='lat' dir='ltr'><strong>viris,</strong></span> <span class='ocrx_word' id='word_1_430' title='bbox 2029 2604 2133 2643; x_wconf 89' lang='lat' dir='ltr'><strong>non</strong></span> <span class='ocrx_word' id='word_1_431' title='bbox 2168 2604 2286 2643; x_wconf 88' lang='lat' dir='ltr'><strong>esse</strong></span> <span class='ocrx_word' id='word_1_432' title='bbox 2312 2596 2561 2657; x_wconf 86' lang='lat' dir='ltr'><strong>oportere</strong></span> <span class='ocrx_word' id='word_1_433' title='bbox 2584 2585 2724 2638; x_wconf 91' lang='lat' dir='ltr'><strong>hanc</strong></span> <span class='ocrx_word' id='word_1_434' title='bbox 2746 2583 3071 2661; x_wconf 74' lang='lat' dir='ltr'><strong>voluntatem</strong></span> <span class='ocrx_word' id='word_1_435' title='bbox 3095 2592 3152 2635; x_wconf 87' lang='lat' dir='ltr'><strong>ut</strong></span> <span class='ocrx_word' id='word_1_436' title='bbox 3177 2583 3413 2651; x_wconf 81' lang='lat' dir='ltr'><strong>peccatis</strong></span> 
     </span>
    </p>
   </div>
   <div class='ocr_carea' id='block_1_57' title="bbox 1846 2674 3416 2747">
    <p class='ocr_par' dir='ltr' id='par_1_57' title="bbox 1846 2674 3416 2747">
     <span class='ocr_line' id='line_1_57' title="bbox 1846 2674 3416 2747; baseline -0.003 -14"><span class='ocrx_word' id='word_1_437' title='bbox 1846 2681 2123 2734; x_wconf 91' lang='lat' dir='ltr'><strong>turbarum</strong></span> <span class='ocrx_word' id='word_1_438' title='bbox 2146 2679 2424 2742; x_wconf 83' lang='lat' dir='ltr'><strong>commoti,</strong></span> <span class='ocrx_word' id='word_1_439' title='bbox 2456 2693 2561 2747; x_wconf 90' lang='lat' dir='ltr'><strong>quo</strong></span> <span class='ocrx_word' id='word_1_440' title='bbox 2592 2676 2744 2744; x_wconf 89' lang='lat' dir='ltr'><strong>quasi</strong></span> <span class='ocrx_word' id='word_1_441' title='bbox 2778 2674 3020 2729; x_wconf 90' lang='lat' dir='ltr'><strong>securius</strong></span> <span class='ocrx_word' id='word_1_442' title='bbox 3050 2674 3416 2743; x_wconf 87' lang='lat' dir='ltr'><strong>tranquillius-</strong></span> 
     </span>
    </p>
   </div>
   <div class='ocr_carea' id='block_1_58' title="bbox 1844 2768 3123 2843">
    <p class='ocr_par' dir='ltr' id='par_1_58' title="bbox 1844 2768 3123 2843">
     <span class='ocr_line' id='line_1_58' title="bbox 1844 2768 3123 2843; baseline -0.006 -16"><span class='ocrx_word' id='word_1_443' title='bbox 1844 2790 1948 2843; x_wconf 89' lang='lat' dir='ltr'><strong>que</strong></span> <span class='ocrx_word' id='word_1_444' title='bbox 1972 2774 2176 2836; x_wconf 86' lang='lat' dir='ltr'><strong>vivant,</strong></span> <span class='ocrx_word' id='word_1_445' title='bbox 2193 2786 2384 2825; x_wconf 90' lang='lat' dir='ltr'><strong>munus</strong></span> <span class='ocrx_word' id='word_1_446' title='bbox 2408 2768 2831 2824; x_wconf 86' lang='lat' dir='ltr'><strong>ecclesiasticum</strong></span> <span class='ocrx_word' id='word_1_447' title='bbox 2857 2768 3123 2821; x_wconf 87' lang='lat' dir='ltr'><strong>deserant.</strong></span> 
     </span>
    </p>
   </div>
   <div class='ocr_carea' id='block_1_59' title="bbox 1914 2853 3412 2921">
    <p class='ocr_par' dir='ltr' id='par_1_59' title="bbox 1914 2853 3412 2921">
     <span class='ocr_line' id='line_1_59' title="bbox 1914 2853 3412 2921; baseline -0.005 -5"><span class='ocrx_word' id='word_1_448' title='bbox 1914 2863 1982 2916; x_wconf 89' lang='lat' dir='ltr'><strong>Et</strong></span> <span class='ocrx_word' id='word_1_449' title='bbox 2029 2864 2102 2915; x_wconf 88' lang='lat' dir='ltr'><strong>ait</strong></span> <span class='ocrx_word' id='word_1_450' title='bbox 2145 2863 2213 2913; x_wconf 87' lang='lat' dir='ltr'><strong>ad</strong></span> <span class='ocrx_word' id='word_1_451' title='bbox 2244 2858 2507 2914; x_wconf 86' lang='lat' dir='ltr'><strong>Simonem</strong></span> <span class='ocrx_word' id='word_1_452' title='bbox 2528 2858 2682 2911; x_wconf 74' lang='lat' dir='ltr'><strong>Jews</strong></span> <span class='ocrx_word' id='word_1_453' title='bbox 2703 2898 2715 2921; x_wconf 93' lang='lat'><strong>,</strong></span> <span class='ocrx_word' id='word_1_454' title='bbox 2750 2856 2874 2909; x_wconf 87' lang='lat' dir='ltr'><strong>Noli</strong></span> <span class='ocrx_word' id='word_1_455' title='bbox 2898 2857 3096 2908; x_wconf 87' lang='lat' dir='ltr'><strong>timere.</strong></span> <span class='ocrx_word' id='word_1_456' title='bbox 3128 2853 3412 2908; x_wconf 83' lang='lat' dir='ltr'><strong>Coufortat</strong></span> 
     </span>
    </p>
   </div>
   <div class='ocr_carea' id='block_1_60' title="bbox 1842 2945 3411 3015">
    <p class='ocr_par' dir='ltr' id='par_1_60' title="bbox 1842 2945 3411 3015">
     <span class='ocr_line' id='line_1_60' title="bbox 1842 2945 3411 3015; baseline -0.008 -6"><span class='ocrx_word' id='word_1_457' title='bbox 1842 2953 2101 3009; x_wconf 84' lang='lat' dir='ltr'><strong>Dominus</strong></span> <span class='ocrx_word' id='word_1_458' title='bbox 2154 2952 2398 3005; x_wconf 88' lang='lat' dir='ltr'><strong>timorem</strong></span> <span class='ocrx_word' id='word_1_459' title='bbox 2438 2948 2731 3005; x_wconf 85' lang='lat' dir='ltr'><strong>carnalium</strong></span> <span class='ocrx_word' id='word_1_460' title='bbox 2780 2946 3095 3015; x_wconf 85' lang='lat' dir='ltr'><strong>animosque</strong></span> <span class='ocrx_word' id='word_1_461' title='bbox 3140 2945 3411 3013; x_wconf 80' lang='lat' dir='ltr'><strong>fragilium</strong></span> 
     </span>
    </p>
   </div>
   <div class='ocr_carea' id='block_1_61' title="bbox 1843 3036 3411 3111">
    <p class='ocr_par' dir='ltr' id='par_1_61' title="bbox 1843 3036 3411 3111">
     <span class='ocr_line' id='line_1_61' title="bbox 1843 3036 3411 3111; baseline -0.006 -14"><span class='ocrx_word' id='word_1_462' title='bbox 1843 3043 2168 3099; x_wconf 61' lang='lat' dir='ltr'><strong>consolando</strong></span> <span class='ocrx_word' id='word_1_463' title='bbox 2213 3042 2401 3111; x_wconf 83' lang='lat' dir='ltr'><strong>erigit,</strong></span> <span class='ocrx_word' id='word_1_464' title='bbox 2446 3056 2514 3093; x_wconf 89' lang='lat' dir='ltr'><strong>ne</strong></span> <span class='ocrx_word' id='word_1_465' title='bbox 2554 3038 2677 3107; x_wconf 87' lang='lat' dir='ltr'><strong>quis</strong></span> <span class='ocrx_word' id='word_1_466' title='bbox 2723 3037 2805 3091; x_wconf 89' lang='lat' dir='ltr'><strong>vel</strong></span> <span class='ocrx_word' id='word_1_467' title='bbox 2845 3038 2910 3090; x_wconf 91' lang='lat' dir='ltr'><strong>de</strong></span> <span class='ocrx_word' id='word_1_468' title='bbox 2938 3051 3048 3089; x_wconf 75' lang='lat' dir='ltr'><strong>sua:</strong></span> <span class='ocrx_word' id='word_1_469' title='bbox 3082 3036 3411 3089; x_wconf 89' lang='lat' dir='ltr'><strong>conscientia</strong></span> 
     </span>
    </p>
   </div>
   <div class='ocr_carea' id='block_1_62' title="bbox 162 3110 3403 3204">
    <p class='ocr_par' dir='ltr' id='par_1_62' title="bbox 162 3110 3403 3204">
     <span class='ocr_line' id='line_1_62' title="bbox 162 3110 3403 3204; baseline -0.001 -24"><span class='ocrx_word' id='word_1_470' title='bbox 162 3110 608 3195; x_wconf 85' lang='lat' dir='ltr'><strong>disputationum,</strong></span> <span class='ocrx_word' id='word_1_471' title='bbox 635 3126 830 3182; x_wconf 90' lang='lat' dir='ltr'><strong>frustra</strong></span> <span class='ocrx_word' id='word_1_472' title='bbox 854 3130 1000 3183; x_wconf 85' lang='lat' dir='ltr'><strong>vocis</strong></span> <span class='ocrx_word' id='word_1_473' title='bbox 1024 3143 1134 3182; x_wconf 67' lang='lat' dir='ltr'><strong>sua:</strong></span> <span class='ocrx_word' id='word_1_474' title='bbox 1155 3126 1471 3198; x_wconf 66' lang='lat' dir='ltr'><strong>praedicator</strong></span> <span class='ocrx_word' id='word_1_475' title='bbox 1501 3126 1739 3195; x_wconf 85' lang='lat' dir='ltr'><strong>jaculum</strong></span> <span class='ocrx_word' id='word_1_476' title='bbox 1767 3110 1813 3172; x_wconf 74' lang='grc' dir='ltr'>Ο</span> <span class='ocrx_word' id='word_1_477' title='bbox 1844 3134 2013 3204; x_wconf 61' lang='lat' dir='ltr'><strong>culpae</strong></span> <span class='ocrx_word' id='word_1_478' title='bbox 2050 3110 2409 3187; x_wconf 17' lang='lat' dir='ltr'><strong>tremensivel</strong></span> <span class='ocrx_word' id='word_1_479' title='bbox 2444 3128 2509 3183; x_wconf 88' lang='lat' dir='ltr'><strong>de</strong></span> <span class='ocrx_word' id='word_1_480' title='bbox 2547 3127 2777 3180; x_wconf 89' lang='lat' dir='ltr'><strong>aliorum</strong></span> <span class='ocrx_word' id='word_1_481' title='bbox 2816 3125 3119 3178; x_wconf 87' lang='lat' dir='ltr'><strong>innocentia</strong></span> <span class='ocrx_word' id='word_1_482' title='bbox 3156 3122 3403 3192; x_wconf 87' lang='lat' dir='ltr'><strong>stupens)</strong></span> 
     </span>
    </p>
   </div>
   <div class='ocr_carea' id='block_1_63' title="bbox 161 3217 1739 3288">
    <p class='ocr_par' dir='ltr' id='par_1_63' title="bbox 161 3217 1739 3288">
     <span class='ocr_line' id='line_1_63' title="bbox 161 3217 1739 3288; baseline 0.001 -17"><span class='ocrx_word' id='word_1_483' title='bbox 161 3218 372 3281; x_wconf 86' lang='lat' dir='ltr'><strong>mittet,</strong></span> <span class='ocrx_word' id='word_1_484' title='bbox 429 3218 551 3286; x_wconf 86' lang='lat' dir='ltr'><strong>quia</strong></span> <span class='ocrx_word' id='word_1_485' title='bbox 592 3217 724 3272; x_wconf 87' lang='lat' dir='ltr'><strong>ﬁdes</strong></span> <span class='ocrx_word' id='word_1_486' title='bbox 772 3218 1087 3288; x_wconf 90' lang='lat' dir='ltr'><strong>populorum</strong></span> <span class='ocrx_word' id='word_1_487' title='bbox 1136 3234 1241 3273; x_wconf 90' lang='lat' dir='ltr'><strong>non</strong></span> <span class='ocrx_word' id='word_1_488' title='bbox 1278 3218 1542 3288; x_wconf 87' lang='lat' dir='ltr'><strong>sapientia</strong></span> <span class='ocrx_word' id='word_1_489' title='bbox 1590 3220 1739 3274; x_wconf 87' lang='lat' dir='ltr'><strong>verbi</strong></span> 
     </span>
    </p>
   </div>
   <div class='ocr_carea' id='block_1_64' title="bbox 161 3307 1735 3379">
    <p class='ocr_par' dir='ltr' id='par_1_64' title="bbox 161 3307 1735 3379">
     <span class='ocr_line' id='line_1_64' title="bbox 161 3307 1735 3379; baseline 0.001 -18"><span class='ocrx_word' id='word_1_490' title='bbox 161 3307 487 3375; x_wconf 88' lang='lat' dir='ltr'><strong>compositi,</strong></span> <span class='ocrx_word' id='word_1_491' title='bbox 527 3308 619 3361; x_wconf 88' lang='lat' dir='ltr'><strong>sed</strong></span> <span class='ocrx_word' id='word_1_492' title='bbox 658 3307 851 3361; x_wconf 75' lang='lat' dir='ltr'><strong>divina:</strong></span> <span class='ocrx_word' id='word_1_493' title='bbox 883 3308 1176 3362; x_wconf 88' lang='lat' dir='ltr'><strong>vocationis</strong></span> <span class='ocrx_word' id='word_1_494' title='bbox 1202 3323 1421 3363; x_wconf 89' lang='lat' dir='ltr'><strong>munere</strong></span> <span class='ocrx_word' id='word_1_495' title='bbox 1458 3310 1735 3379; x_wconf 66' lang='lat' dir='ltr'><strong>praevenit.</strong></span> 
     </span>
    </p>
   </div>
   <div class='ocr_carea' id='block_1_65' title="bbox 237 3397 1736 3469">
    <p class='ocr_par' dir='ltr' id='par_1_65' title="bbox 237 3397 1736 3469">
     <span class='ocr_line' id='line_1_65' title="bbox 237 3397 1736 3469; baseline 0.002 -19"><span class='ocrx_word' id='word_1_496' title='bbox 237 3397 307 3450; x_wconf 86' lang='lat' dir='ltr'><strong>Et</strong></span> <span class='ocrx_word' id='word_1_497' title='bbox 339 3414 457 3451; x_wconf 88' lang='lat' dir='ltr'><strong>cum</strong></span> <span class='ocrx_word' id='word_1_498' title='bbox 484 3399 580 3451; x_wconf 85' lang='lat' dir='ltr'><strong>hoc</strong></span> <span class='ocrx_word' id='word_1_499' title='bbox 607 3398 867 3466; x_wconf 78' lang='lat' dir='ltr'><strong>fecissent,</strong></span> <span class='ocrx_word' id='word_1_500' title='bbox 909 3398 1271 3452; x_wconf 84' lang='lat' dir='ltr'><strong>concluserunt</strong></span> <span class='ocrx_word' id='word_1_501' title='bbox 1301 3399 1520 3469; x_wconf 76' lang='lat' dir='ltr'><strong>piscium</strong></span> <span class='ocrx_word' id='word_1_502' title='bbox 1552 3400 1736 3453; x_wconf 87' lang='lat' dir='ltr'><strong>multi-</strong></span> 
     </span>
    </p>
   </div>
   <div class='ocr_carea' id='block_1_66' title="bbox 161 3487 1735 3557">
    <p class='ocr_par' dir='ltr' id='par_1_66' title="bbox 161 3487 1735 3557">
     <span class='ocr_line' id='line_1_66' title="bbox 161 3487 1735 3557; baseline 0.002 -17"><span class='ocrx_word' id='word_1_503' title='bbox 161 3488 401 3540; x_wconf 85' lang='lat' dir='ltr'><strong>tudinem</strong></span> <span class='ocrx_word' id='word_1_504' title='bbox 449 3488 734 3557; x_wconf 81' lang='lat' dir='ltr'><strong>copiosam,</strong></span> <span class='ocrx_word' id='word_1_505' title='bbox 784 3487 1117 3556; x_wconf 84' lang='lat' dir='ltr'><strong>rumpebatur</strong></span> <span class='ocrx_word' id='word_1_506' title='bbox 1160 3497 1333 3541; x_wconf 87' lang='lat' dir='ltr'><strong>autem</strong></span> <span class='ocrx_word' id='word_1_507' title='bbox 1390 3499 1495 3542; x_wconf 88' lang='lat' dir='ltr'><strong>rete</strong></span> <span class='ocrx_word' id='word_1_508' title='bbox 1535 3504 1735 3543; x_wconf 87' lang='lat' dir='ltr'><strong>eorum.</strong></span> 
     </span>
    </p>
   </div>
   <div class='ocr_carea' id='block_1_67' title="bbox 160 3578 1736 3648">
    <p class='ocr_par' dir='ltr' id='par_1_67' title="bbox 160 3578 1736 3648">
     <span class='ocr_line' id='line_1_67' title="bbox 160 3578 1736 3648; baseline -0.001 -12"><span class='ocrx_word' id='word_1_509' title='bbox 160 3580 285 3636; x_wconf 71' lang='lat' dir='ltr'><strong>Prae</strong></span> <span class='ocrx_word' id='word_1_510' title='bbox 315 3578 653 3633; x_wconf 89' lang='lat' dir='ltr'><strong>multitudine</strong></span> <span class='ocrx_word' id='word_1_511' title='bbox 674 3578 900 3647; x_wconf 90' lang='lat' dir='ltr'><strong>piscium</strong></span> <span class='ocrx_word' id='word_1_512' title='bbox 928 3588 1039 3633; x_wconf 90' lang='lat' dir='ltr'><strong>rete</strong></span> <span class='ocrx_word' id='word_1_513' title='bbox 1060 3580 1431 3648; x_wconf 89' lang='lat' dir='ltr'><strong>rumpebatur,</strong></span> <span class='ocrx_word' id='word_1_514' title='bbox 1455 3579 1577 3647; x_wconf 92' lang='lat' dir='ltr'><strong>quia</strong></span> <span class='ocrx_word' id='word_1_515' title='bbox 1597 3595 1736 3635; x_wconf 88' lang='lat' dir='ltr'><strong>nunc</strong></span> 
     </span>
    </p>
   </div>
   <div class='ocr_carea' id='block_1_68' title="bbox 162 3667 1737 3737">
    <p class='ocr_par' dir='ltr' id='par_1_68' title="bbox 162 3667 1737 3737">
     <span class='ocr_line' id='line_1_68' title="bbox 162 3667 1737 3737; baseline 0.001 -16"><span class='ocrx_word' id='word_1_516' title='bbox 162 3685 193 3721; x_wconf 85' lang='lat' dir='ltr'><strong>a</strong></span> <span class='ocrx_word' id='word_1_517' title='bbox 228 3667 571 3722; x_wconf 89' lang='lat' dir='ltr'><strong>confessione</strong></span> <span class='ocrx_word' id='word_1_518' title='bbox 619 3668 741 3721; x_wconf 82' lang='lat' dir='ltr'><strong>fidei</strong></span> <span class='ocrx_word' id='word_1_519' title='bbox 788 3667 948 3721; x_wconf 89' lang='lat' dir='ltr'><strong>etiam</strong></span> <span class='ocrx_word' id='word_1_520' title='bbox 980 3682 1099 3721; x_wconf 89' lang='lat' dir='ltr'><strong>cum</strong></span> <span class='ocrx_word' id='word_1_521' title='bbox 1132 3667 1320 3723; x_wconf 89' lang='lat' dir='ltr'><strong>electis</strong></span> <span class='ocrx_word' id='word_1_522' title='bbox 1360 3669 1573 3737; x_wconf 91' lang='lat' dir='ltr'><strong>reprobi</strong></span> <span class='ocrx_word' id='word_1_523' title='bbox 1606 3670 1737 3723; x_wconf 87' lang='lat' dir='ltr'><strong>tanti</strong></span> 
     </span>
    </p>
   </div>
   <div class='ocr_carea' id='block_1_69' title="bbox 161 3758 1739 3827">
    <p class='ocr_par' dir='ltr' id='par_1_69' title="bbox 161 3758 1739 3827">
     <span class='ocr_line' id='line_1_69' title="bbox 161 3758 1739 3827; baseline 0.001 -15"><span class='ocrx_word' id='word_1_524' title='bbox 161 3759 391 3819; x_wconf 78' lang='lat' dir='ltr'><strong>intrant,</strong></span> <span class='ocrx_word' id='word_1_525' title='bbox 410 3758 503 3826; x_wconf 91' lang='lat' dir='ltr'><strong>qui</strong></span> <span class='ocrx_word' id='word_1_526' title='bbox 520 3758 688 3827; x_wconf 89' lang='lat' dir='ltr'><strong>ipsam</strong></span> <span class='ocrx_word' id='word_1_527' title='bbox 706 3773 917 3827; x_wconf 90' lang='lat' dir='ltr'><strong>quoque</strong></span> <span class='ocrx_word' id='word_1_528' title='bbox 938 3758 1253 3825; x_wconf 74' lang='lat' dir='ltr'><strong>Ecclesium,</strong></span> <span class='ocrx_word' id='word_1_529' title='bbox 1279 3760 1574 3815; x_wconf 65' lang='lat' dir='ltr'><strong>bmresibus</strong></span> <span class='ocrx_word' id='word_1_530' title='bbox 1595 3760 1739 3815; x_wconf 81' lang='lat' dir='ltr'><strong>scin—</strong></span> 
     </span>
    </p>
   </div>
   <div class='ocr_carea' id='block_1_70' title="bbox 162 3847 1734 3918">
    <p class='ocr_par' dir='ltr' id='par_1_70' title="bbox 162 3847 1734 3918">
     <span class='ocr_line' id='line_1_70' title="bbox 162 3847 1734 3918; baseline 0.002 -15"><span class='ocrx_word' id='word_1_531' title='bbox 162 3849 318 3903; x_wconf 88' lang='lat' dir='ltr'><strong>dant.</strong></span> <span class='ocrx_word' id='word_1_532' title='bbox 352 3847 637 3916; x_wconf 77' lang='lat' dir='ltr'><strong>Rumpitur</strong></span> <span class='ocrx_word' id='word_1_533' title='bbox 665 3855 842 3901; x_wconf 90' lang='lat' dir='ltr'><strong>autem</strong></span> <span class='ocrx_word' id='word_1_534' title='bbox 882 3857 1029 3913; x_wconf 91' lang='lat' dir='ltr'><strong>rete,</strong></span> <span class='ocrx_word' id='word_1_535' title='bbox 1063 3848 1155 3903; x_wconf 90' lang='lat' dir='ltr'><strong>sed</strong></span> <span class='ocrx_word' id='word_1_536' title='bbox 1182 3863 1288 3903; x_wconf 90' lang='lat' dir='ltr'><strong>non</strong></span> <span class='ocrx_word' id='word_1_537' title='bbox 1316 3848 1511 3903; x_wconf 88' lang='lat' dir='ltr'><strong>labitur</strong></span> <span class='ocrx_word' id='word_1_538' title='bbox 1540 3851 1734 3918; x_wconf 88' lang='lat' dir='ltr'><strong>piscis,</strong></span> 
     </span>
    </p>
   </div>
   <div class='ocr_carea' id='block_1_71' title="bbox 161 3938 1737 4013">
    <p class='ocr_par' dir='ltr' id='par_1_71' title="bbox 161 3938 1737 4013">
     <span class='ocr_line' id='line_1_71' title="bbox 161 3938 1737 4013; baseline 0.003 -21"><span class='ocrx_word' id='word_1_539' title='bbox 161 3940 291 4010; x_wconf 89' lang='lat' dir='ltr'><strong>quia</strong></span> <span class='ocrx_word' id='word_1_540' title='bbox 312 3955 442 3994; x_wconf 91' lang='lat' dir='ltr'><strong>suos</strong></span> <span class='ocrx_word' id='word_1_541' title='bbox 466 3938 719 3995; x_wconf 88' lang='lat' dir='ltr'><strong>Dominus</strong></span> <span class='ocrx_word' id='word_1_542' title='bbox 745 3940 909 3994; x_wconf 88' lang='lat' dir='ltr'><strong>etiam</strong></span> <span class='ocrx_word' id='word_1_543' title='bbox 947 3940 1088 3995; x_wconf 90' lang='lat' dir='ltr'><strong>inter</strong></span> <span class='ocrx_word' id='word_1_544' title='bbox 1122 3941 1557 4013; x_wconf 89' lang='lat' dir='ltr'><strong>persequentium</strong></span> <span class='ocrx_word' id='word_1_545' title='bbox 1582 3956 1737 3998; x_wconf 85' lang='lat' dir='ltr'><strong>scan-</strong></span> 
     </span>
    </p>
   </div>
   <div class='ocr_carea' id='block_1_72' title="bbox 163 4028 514 4083">
    <p class='ocr_par' dir='ltr' id='par_1_72' title="bbox 163 4028 514 4083">
     <span class='ocr_line' id='line_1_72' title="bbox 163 4028 514 4083; baseline -0.003 0"><span class='ocrx_word' id='word_1_546' title='bbox 163 4028 287 4083; x_wconf 86' lang='lat' dir='ltr'><strong>dala</strong></span> <span class='ocrx_word' id='word_1_547' title='bbox 312 4036 514 4083; x_wconf 83' lang='lat' dir='ltr'><strong>servat.</strong></span> 
     </span>
    </p>
   </div>
   <div class='ocr_carea' id='block_1_73' title="bbox 233 4118 1733 4190">
    <p class='ocr_par' dir='ltr' id='par_1_73' title="bbox 233 4118 1733 4190">
     <span class='ocr_line' id='line_1_73' title="bbox 233 4118 1733 4190; baseline 0.006 -19"><span class='ocrx_word' id='word_1_548' title='bbox 233 4118 307 4172; x_wconf 85' lang='lat' dir='ltr'><strong>Et</strong></span> <span class='ocrx_word' id='word_1_549' title='bbox 338 4127 635 4173; x_wconf 86' lang='lat' dir='ltr'><strong>annuerunt</strong></span> <span class='ocrx_word' id='word_1_550' title='bbox 664 4118 815 4173; x_wconf 84' lang='lat' dir='ltr'><strong>sociis</strong></span> <span class='ocrx_word' id='word_1_551' title='bbox 836 4118 925 4190; x_wconf 88' lang='lat' dir='ltr'><strong>qui</strong></span> <span class='ocrx_word' id='word_1_552' title='bbox 948 4130 1095 4174; x_wconf 87' lang='lat' dir='ltr'><strong>erant</strong></span> <span class='ocrx_word' id='word_1_553' title='bbox 1120 4118 1174 4174; x_wconf 86' lang='lat' dir='ltr'><strong>in</strong></span> <span class='ocrx_word' id='word_1_554' title='bbox 1204 4119 1310 4174; x_wconf 88' lang='lat' dir='ltr'><strong>alia</strong></span> <span class='ocrx_word' id='word_1_555' title='bbox 1340 4122 1480 4189; x_wconf 76' lang='lat' dir='ltr'><strong>navi,</strong></span> <span class='ocrx_word' id='word_1_556' title='bbox 1502 4132 1562 4178; x_wconf 84' lang='lat' dir='ltr'><strong>ut</strong></span> <span class='ocrx_word' id='word_1_557' title='bbox 1590 4124 1733 4179; x_wconf 80' lang='lat' dir='ltr'><strong>veni-</strong></span> 
     </span>
    </p>
   </div>
   <div class='ocr_carea' id='block_1_74' title="bbox 161 4208 1736 4281">
    <p class='ocr_par' dir='ltr' id='par_1_74' title="bbox 161 4208 1736 4281">
     <span class='ocr_line' id='line_1_74' title="bbox 161 4208 1736 4281; baseline 0.003 -19"><span class='ocrx_word' id='word_1_558' title='bbox 161 4220 277 4263; x_wconf 84' lang='lat' dir='ltr'><strong>rent</strong></span> <span class='ocrx_word' id='word_1_559' title='bbox 300 4219 349 4262; x_wconf 91' lang='lat' dir='ltr'><strong>et</strong></span> <span class='ocrx_word' id='word_1_560' title='bbox 380 4208 690 4278; x_wconf 77' lang='lat' dir='ltr'><strong>adiuvarent</strong></span> <span class='ocrx_word' id='word_1_561' title='bbox 714 4225 818 4263; x_wconf 81' lang='lat' dir='ltr'><strong>eos.</strong></span> <span class='ocrx_word' id='word_1_562' title='bbox 837 4208 954 4263; x_wconf 84' lang='lat' dir='ltr'><strong>Alia</strong></span> <span class='ocrx_word' id='word_1_563' title='bbox 975 4210 1144 4275; x_wconf 87' lang='lat' dir='ltr'><strong>navis,</strong></span> <span class='ocrx_word' id='word_1_564' title='bbox 1173 4218 1232 4264; x_wconf 90' lang='lat' dir='ltr'><strong>ut</strong></span> <span class='ocrx_word' id='word_1_565' title='bbox 1259 4210 1625 4281; x_wconf 65' lang='lat' dir='ltr'><strong>praediximus,</strong></span> <span class='ocrx_word' id='word_1_566' title='bbox 1651 4220 1736 4268; x_wconf 90' lang='lat' dir='ltr'><strong>est</strong></span> 
     </span>
    </p>
   </div>
   <div class='ocr_carea' id='block_1_75' title="bbox 160 4302 1730 4373">
    <p class='ocr_par' dir='ltr' id='par_1_75' title="bbox 160 4302 1730 4373">
     <span class='ocr_line' id='line_1_75' title="bbox 160 4302 1730 4373; baseline 0.001 -16"><span class='ocrx_word' id='word_1_567' title='bbox 160 4302 407 4357; x_wconf 87' lang='lat' dir='ltr'><strong>Ecclesia</strong></span> <span class='ocrx_word' id='word_1_568' title='bbox 435 4302 498 4355; x_wconf 90' lang='lat' dir='ltr'><strong>de</strong></span> <span class='ocrx_word' id='word_1_569' title='bbox 526 4302 793 4372; x_wconf 85' lang='lat' dir='ltr'><strong>gentibus,</strong></span> <span class='ocrx_word' id='word_1_570' title='bbox 815 4318 934 4373; x_wconf 67' lang='lat' dir='ltr'><strong>quae</strong></span> <span class='ocrx_word' id='word_1_571' title='bbox 960 4311 1015 4357; x_wconf 85' lang='lat' dir='ltr'><strong>et</strong></span> <span class='ocrx_word' id='word_1_572' title='bbox 1037 4304 1148 4371; x_wconf 90' lang='lat' dir='ltr'><strong>ipsa</strong></span> <span class='ocrx_word' id='word_1_573' title='bbox 1178 4318 1283 4357; x_wconf 91' lang='lat' dir='ltr'><strong>non</strong></span> <span class='ocrx_word' id='word_1_574' title='bbox 1309 4302 1604 4359; x_wconf 83' lang='lat' dir='ltr'><strong>suﬁlciente</strong></span> <span class='ocrx_word' id='word_1_575' title='bbox 1624 4320 1730 4358; x_wconf 91' lang='lat' dir='ltr'><strong>una</strong></span> 
     </span>
    </p>
   </div>
   <div class='ocr_carea' id='block_1_76' title="bbox 160 4392 1735 4462">
    <p class='ocr_par' dir='ltr' id='par_1_76' title="bbox 160 4392 1735 4462">
     <span class='ocr_line' id='line_1_76' title="bbox 160 4392 1735 4462; baseline -0.001 -14"><span class='ocrx_word' id='word_1_576' title='bbox 160 4392 414 4448; x_wconf 84' lang='lat' dir='ltr'><strong>navicula</strong></span> <span class='ocrx_word' id='word_1_577' title='bbox 445 4392 681 4462; x_wconf 88' lang='lat' dir='ltr'><strong>piscibus</strong></span> <span class='ocrx_word' id='word_1_578' title='bbox 706 4393 959 4461; x_wconf 92' lang='lat' dir='ltr'><strong>impletur</strong></span> <span class='ocrx_word' id='word_1_579' title='bbox 980 4392 1195 4459; x_wconf 85' lang='lat' dir='ltr'><strong>electis,</strong></span> <span class='ocrx_word' id='word_1_580' title='bbox 1225 4393 1351 4461; x_wconf 89' lang='lat' dir='ltr'><strong>quia</strong></span> <span class='ocrx_word' id='word_1_581' title='bbox 1390 4393 1527 4447; x_wconf 82' lang='lat' dir='ltr'><strong>novit</strong></span> <span class='ocrx_word' id='word_1_582' title='bbox 1553 4392 1735 4447; x_wconf 88' lang='lat' dir='ltr'><strong>Domi-</strong></span> 
     </span>
    </p>
   </div>
   <div class='ocr_carea' id='block_1_77' title="bbox 1842 3210 3411 3282">
    <p class='ocr_par' dir='ltr' id='par_1_77' title="bbox 1842 3210 3411 3282">
     <span class='ocr_line' id='line_1_77' title="bbox 1842 3210 3411 3282; baseline -0.009 -4"><span class='ocrx_word' id='word_1_583' title='bbox 1842 3219 2143 3278; x_wconf 80' lang='lat' dir='ltr'><strong>sanctitatis</strong></span> <span class='ocrx_word' id='word_1_584' title='bbox 2193 3218 2296 3271; x_wconf 87' lang='lat' dir='ltr'><strong>iter</strong></span> <span class='ocrx_word' id='word_1_585' title='bbox 2340 3215 2593 3269; x_wconf 90' lang='lat' dir='ltr'><strong>formidet</strong></span> <span class='ocrx_word' id='word_1_586' title='bbox 2629 3210 2877 3282; x_wconf 83' lang='lat' dir='ltr'><strong>aggredi,</strong></span> <span class='ocrx_word' id='word_1_587' title='bbox 2918 3213 3056 3280; x_wconf 88' lang='lat' dir='ltr'><strong>quod</strong></span> <span class='ocrx_word' id='word_1_588' title='bbox 3112 3220 3286 3265; x_wconf 89' lang='lat' dir='ltr'><strong>autem</strong></span> <span class='ocrx_word' id='word_1_589' title='bbox 3326 3226 3411 3265; x_wconf 88' lang='lat' dir='ltr'><strong>se-</strong></span> 
     </span>
    </p>
   </div>
   <div class='ocr_carea' id='block_1_78' title="bbox 1844 3312 2050 3382">
    <p class='ocr_par' dir='ltr' id='par_1_78' title="bbox 1844 3312 2050 3382">
     <span class='ocr_line' id='line_1_78' title="bbox 1844 3312 2050 3382; baseline -0.01 -16"><span class='ocrx_word' id='word_1_590' title='bbox 1844 3312 2050 3382; x_wconf 87' lang='lat' dir='ltr'><strong>quitur.</strong></span> 
     </span>
    </p>
   </div>
   <div class='ocr_carea' id='block_1_79' title="bbox 1911 3392 3408 3469">
    <p class='ocr_par' dir='ltr' id='par_1_79' title="bbox 1911 3392 3408 3469">
     <span class='ocr_line' id='line_1_79' title="bbox 1911 3392 3408 3469; baseline -0.007 -12"><span class='ocrx_word' id='word_1_591' title='bbox 1911 3403 1991 3457; x_wconf 75' lang='lat' dir='ltr'><strong>Ea&#39;.</strong></span> <span class='ocrx_word' id='word_1_592' title='bbox 2027 3401 2124 3454; x_wconf 81' lang='lat' dir='ltr'><strong>hoc</strong></span> <span class='ocrx_word' id='word_1_593' title='bbox 2142 3399 2259 3469; x_wconf 85' lang='lat' dir='ltr'><strong>jam</strong></span> <span class='ocrx_word' id='word_1_594' title='bbox 2286 3397 2514 3451; x_wconf 80' lang='lat' dir='ltr'><strong>homines</strong></span> <span class='ocrx_word' id='word_1_595' title='bbox 2554 3395 2655 3448; x_wconf 88' lang='lat' dir='ltr'><strong>eris</strong></span> <span class='ocrx_word' id='word_1_596' title='bbox 2697 3393 2905 3463; x_wconf 83' lang='lat' dir='ltr'><strong>capiens</strong></span> <span class='ocrx_word' id='word_1_597' title='bbox 2933 3432 2947 3457; x_wconf 93' lang='lat'><strong>,</strong></span> <span class='ocrx_word' id='word_1_598' title='bbox 2980 3393 3045 3445; x_wconf 88' lang='lat' dir='ltr'><strong>ad</strong></span> <span class='ocrx_word' id='word_1_599' title='bbox 3088 3392 3262 3460; x_wconf 90' lang='lat' dir='ltr'><strong>ipsum</strong></span> <span class='ocrx_word' id='word_1_600' title='bbox 3306 3392 3408 3447; x_wconf 85' lang='lat' dir='ltr'><strong>Pe-</strong></span> 
     </span>
    </p>
   </div>
   <div class='ocr_carea' id='block_1_80' title="bbox 1838 3487 3406 3561">
    <p class='ocr_par' dir='ltr' id='par_1_80' title="bbox 1838 3487 3406 3561">
     <span class='ocr_line' id='line_1_80' title="bbox 1838 3487 3406 3561; baseline -0.004 -14"><span class='ocrx_word' id='word_1_601' title='bbox 1838 3501 1980 3547; x_wconf 90' lang='lat' dir='ltr'><strong>trum</strong></span> <span class='ocrx_word' id='word_1_602' title='bbox 2013 3492 2317 3561; x_wconf 86' lang='lat' dir='ltr'><strong>specialiter</strong></span> <span class='ocrx_word' id='word_1_603' title='bbox 2342 3491 2592 3559; x_wconf 88' lang='lat' dir='ltr'><strong>pertinet.</strong></span> <span class='ocrx_word' id='word_1_604' title='bbox 2624 3488 2853 3558; x_wconf 76' lang='lat' dir='ltr'><strong>Exponit</strong></span> <span class='ocrx_word' id='word_1_605' title='bbox 2893 3488 2939 3541; x_wconf 89' lang='lat' dir='ltr'><strong>ei</strong></span> <span class='ocrx_word' id='word_1_606' title='bbox 2978 3487 3234 3542; x_wconf 89' lang='lat' dir='ltr'><strong>Dominus</strong></span> <span class='ocrx_word' id='word_1_607' title='bbox 3279 3489 3406 3555; x_wconf 89' lang='lat' dir='ltr'><strong>quid</strong></span> 
     </span>
    </p>
   </div>
   <div class='ocr_carea' id='block_1_81' title="bbox 1838 3576 3401 3651">
    <p class='ocr_par' dir='ltr' id='par_1_81' title="bbox 1838 3576 3401 3651">
     <span class='ocr_line' id='line_1_81' title="bbox 1838 3576 3401 3651; baseline -0.004 -14"><span class='ocrx_word' id='word_1_608' title='bbox 1838 3583 1953 3637; x_wconf 72' lang='lat' dir='ltr'><strong>lucc</strong></span> <span class='ocrx_word' id='word_1_609' title='bbox 1977 3582 2195 3651; x_wconf 81' lang='lat' dir='ltr'><strong>captdra</strong></span> <span class='ocrx_word' id='word_1_610' title='bbox 2228 3580 2451 3649; x_wconf 89' lang='lat' dir='ltr'><strong>piscium</strong></span> <span class='ocrx_word' id='word_1_611' title='bbox 2481 3576 2776 3647; x_wconf 82' lang='lat' dir='ltr'><strong>signiﬁcet,</strong></span> <span class='ocrx_word' id='word_1_612' title='bbox 2799 3577 2943 3646; x_wconf 87' lang='lat' dir='ltr'><strong>quod</strong></span> <span class='ocrx_word' id='word_1_613' title='bbox 2978 3577 3228 3630; x_wconf 84' lang='lat' dir='ltr'><strong>videlicet</strong></span> <span class='ocrx_word' id='word_1_614' title='bbox 3261 3578 3401 3646; x_wconf 87' lang='lat' dir='ltr'><strong>ipse,</strong></span> 
     </span>
    </p>
   </div>
   <div class='ocr_carea' id='block_1_82' title="bbox 1837 3667 3403 3739">
    <p class='ocr_par' dir='ltr' id='par_1_82' title="bbox 1837 3667 3403 3739">
     <span class='ocr_line' id='line_1_82' title="bbox 1837 3667 3403 3739; baseline -0.004 -13"><span class='ocrx_word' id='word_1_615' title='bbox 1837 3673 1977 3727; x_wconf 88' lang='lat' dir='ltr'><strong>sicut</strong></span> <span class='ocrx_word' id='word_1_616' title='bbox 2005 3686 2147 3725; x_wconf 90' lang='lat' dir='ltr'><strong>nunc</strong></span> <span class='ocrx_word' id='word_1_617' title='bbox 2174 3685 2270 3739; x_wconf 86' lang='lat' dir='ltr'><strong>per</strong></span> <span class='ocrx_word' id='word_1_618' title='bbox 2303 3670 2433 3723; x_wconf 87' lang='lat' dir='ltr'><strong>retia</strong></span> <span class='ocrx_word' id='word_1_619' title='bbox 2466 3669 2660 3737; x_wconf 89' lang='lat' dir='ltr'><strong>pisces,</strong></span> <span class='ocrx_word' id='word_1_620' title='bbox 2689 3667 2765 3721; x_wconf 90' lang='lat' dir='ltr'><strong>sic</strong></span> <span class='ocrx_word' id='word_1_621' title='bbox 2802 3667 3088 3735; x_wconf 85' lang='lat' dir='ltr'><strong>aliquando</strong></span> <span class='ocrx_word' id='word_1_622' title='bbox 3110 3683 3203 3735; x_wconf 89' lang='lat' dir='ltr'><strong>per</strong></span> <span class='ocrx_word' id='word_1_623' title='bbox 3244 3667 3403 3723; x_wconf 86' lang='lat' dir='ltr'><strong>verba</strong></span> 
     </span>
    </p>
   </div>
   <div class='ocr_carea' id='block_1_83' title="bbox 1837 3756 3405 3839">
    <p class='ocr_par' dir='ltr' id='par_1_83' title="bbox 1837 3756 3405 3839">
     <span class='ocr_line' id='line_1_83' title="bbox 1837 3756 3405 3839; baseline -0.005 -20"><span class='ocrx_word' id='word_1_624' title='bbox 1837 3766 1905 3819; x_wconf 88' lang='lat' dir='ltr'><strong>sit</strong></span> <span class='ocrx_word' id='word_1_625' title='bbox 1934 3772 2187 3833; x_wconf 89' lang='lat' dir='ltr'><strong>capturus</strong></span> <span class='ocrx_word' id='word_1_626' title='bbox 2215 3760 2482 3824; x_wconf 87' lang='lat' dir='ltr'><strong>homines,</strong></span> <span class='ocrx_word' id='word_1_627' title='bbox 2508 3766 2758 3839; x_wconf 76' lang='lat' dir='ltr'><strong>totusque</strong></span> <span class='ocrx_word' id='word_1_628' title='bbox 2782 3758 2909 3813; x_wconf 86' lang='lat' dir='ltr'><strong>facti</strong></span> <span class='ocrx_word' id='word_1_629' title='bbox 2941 3756 3099 3824; x_wconf 85' lang='lat' dir='ltr'><strong>hujus</strong></span> <span class='ocrx_word' id='word_1_630' title='bbox 3124 3758 3255 3811; x_wconf 86' lang='lat' dir='ltr'><strong>ordo</strong></span> <span class='ocrx_word' id='word_1_631' title='bbox 3280 3758 3405 3826; x_wconf 88' lang='lat' dir='ltr'><strong>quid</strong></span> 
     </span>
    </p>
   </div>
   <div class='ocr_carea' id='block_1_84' title="bbox 1837 3849 3409 3921">
    <p class='ocr_par' dir='ltr' id='par_1_84' title="bbox 1837 3849 3409 3921">
     <span class='ocr_line' id='line_1_84' title="bbox 1837 3849 3409 3921; baseline -0.005 -10"><span class='ocrx_word' id='word_1_632' title='bbox 1837 3856 1890 3911; x_wconf 90' lang='lat' dir='ltr'><strong>iu</strong></span> <span class='ocrx_word' id='word_1_633' title='bbox 1918 3852 2176 3915; x_wconf 85' lang='lat' dir='ltr'><strong>Ecclesia,</strong></span> <span class='ocrx_word' id='word_1_634' title='bbox 2204 3851 2355 3921; x_wconf 83' lang='lat' dir='ltr'><strong>cujus</strong></span> <span class='ocrx_word' id='word_1_635' title='bbox 2386 3850 2497 3919; x_wconf 89' lang='lat' dir='ltr'><strong>ipse</strong></span> <span class='ocrx_word' id='word_1_636' title='bbox 2520 3857 2703 3919; x_wconf 86' lang='lat' dir='ltr'><strong>typum</strong></span> <span class='ocrx_word' id='word_1_637' title='bbox 2732 3856 2895 3913; x_wconf 89' lang='lat' dir='ltr'><strong>tenet,</strong></span> <span class='ocrx_word' id='word_1_638' title='bbox 2928 3849 3164 3918; x_wconf 86' lang='lat' dir='ltr'><strong>quotidie</strong></span> <span class='ocrx_word' id='word_1_639' title='bbox 3190 3858 3409 3920; x_wconf 84' lang='lat' dir='ltr'><strong>geratur</strong></span> 
     </span>
    </p>
   </div>
   <div class='ocr_carea' id='block_1_85' title="bbox 1835 3937 2824 4007">
    <p class='ocr_par' dir='ltr' id='par_1_85' title="bbox 1835 3937 2824 4007">
     <span class='ocr_line' id='line_1_85' title="bbox 1835 3937 2824 4007; baseline -0.01 -7"><span class='ocrx_word' id='word_1_640' title='bbox 1835 3944 2101 4000; x_wconf 86' lang='lat' dir='ltr'><strong>ostendat.</strong></span> <span class='ocrx_word' id='word_1_641' title='bbox 2127 3940 2279 4007; x_wconf 85' lang='lat' dir='ltr'><strong>Quod</strong></span> <span class='ocrx_word' id='word_1_642' title='bbox 2311 3954 2438 3993; x_wconf 90' lang='lat' dir='ltr'><strong>vero</strong></span> <span class='ocrx_word' id='word_1_643' title='bbox 2464 3937 2824 4007; x_wconf 77' lang='lat' dir='ltr'><strong>subiungitur,</strong></span> 
     </span>
    </p>
   </div>
   <div class='ocr_carea' id='block_1_86' title="bbox 1905 4026 3405 4089">
    <p class='ocr_par' dir='ltr' id='par_1_86' title="bbox 1905 4026 3405 4089">
     <span class='ocr_line' id='line_1_86' title="bbox 1905 4026 3405 4089; baseline -0.004 -1"><span class='ocrx_word' id='word_1_644' title='bbox 1905 4036 1972 4089; x_wconf 89' lang='lat' dir='ltr'><strong>Et</strong></span> <span class='ocrx_word' id='word_1_645' title='bbox 2000 4032 2265 4087; x_wconf 83' lang='lat' dir='ltr'><strong>subductis</strong></span> <span class='ocrx_word' id='word_1_646' title='bbox 2292 4030 2360 4083; x_wconf 91' lang='lat' dir='ltr'><strong>ad</strong></span> <span class='ocrx_word' id='word_1_647' title='bbox 2386 4039 2575 4083; x_wconf 87' lang='lat' dir='ltr'><strong>terram</strong></span> <span class='ocrx_word' id='word_1_648' title='bbox 2600 4028 2811 4082; x_wconf 79' lang='lat' dir='ltr'><strong>navibus</strong></span> <span class='ocrx_word' id='word_1_649' title='bbox 2840 4026 3029 4083; x_wconf 84' lang='lat' dir='ltr'><strong>relictis</strong></span> <span class='ocrx_word' id='word_1_650' title='bbox 3058 4030 3295 4083; x_wconf 87' lang='lat' dir='ltr'><strong>omnibus</strong></span> <span class='ocrx_word' id='word_1_651' title='bbox 3322 4047 3405 4083; x_wconf 86' lang='lat' dir='ltr'><strong>se-</strong></span> 
     </span>
    </p>
   </div>
   <div class='ocr_carea' id='block_1_87' title="bbox 1835 4121 3402 4193">
    <p class='ocr_par' dir='ltr' id='par_1_87' title="bbox 1835 4121 3402 4193">
     <span class='ocr_line' id='line_1_87' title="bbox 1835 4121 3402 4193; baseline -0.003 -10"><span class='ocrx_word' id='word_1_652' title='bbox 1835 4130 1942 4184; x_wconf 87' lang='lat' dir='ltr'><strong>cuti</strong></span> <span class='ocrx_word' id='word_1_653' title='bbox 1969 4137 2085 4182; x_wconf 88' lang='lat' dir='ltr'><strong>sunt</strong></span> <span class='ocrx_word' id='word_1_654' title='bbox 2108 4142 2244 4188; x_wconf 85' lang='lat' dir='ltr'><strong>eum,</strong></span> <span class='ocrx_word' id='word_1_655' title='bbox 2271 4130 2446 4193; x_wconf 88' lang='lat' dir='ltr'><strong>potest</strong></span> <span class='ocrx_word' id='word_1_656' title='bbox 2467 4121 2769 4192; x_wconf 88' lang='lat' dir='ltr'><strong>signiﬁcare</strong></span> <span class='ocrx_word' id='word_1_657' title='bbox 2796 4121 2952 4176; x_wconf 86' lang='lat' dir='ltr'><strong>ﬁnem</strong></span> <span class='ocrx_word' id='word_1_658' title='bbox 2980 4123 3234 4191; x_wconf 87' lang='lat' dir='ltr'><strong>temporis</strong></span> <span class='ocrx_word' id='word_1_659' title='bbox 3259 4124 3402 4190; x_wconf 89' lang='lat' dir='ltr'><strong>quod</strong></span> 
     </span>
    </p>
   </div>
   <div class='ocr_carea' id='block_1_88' title="bbox 1835 4208 3404 4284">
    <p class='ocr_par' dir='ltr' id='par_1_88' title="bbox 1835 4208 3404 4284">
     <span class='ocr_line' id='line_1_88' title="bbox 1835 4208 3404 4284; baseline -0.004 -12"><span class='ocrx_word' id='word_1_660' title='bbox 1835 4220 1902 4272; x_wconf 90' lang='lat' dir='ltr'><strong>ab</strong></span> <span class='ocrx_word' id='word_1_661' title='bbox 1932 4216 2088 4284; x_wconf 90' lang='lat' dir='ltr'><strong>hujus</strong></span> <span class='ocrx_word' id='word_1_662' title='bbox 2130 4212 2308 4267; x_wconf 86' lang='lat' dir='ltr'><strong>mundi</strong></span> <span class='ocrx_word' id='word_1_663' title='bbox 2347 4210 2460 4264; x_wconf 89' lang='lat' dir='ltr'><strong>salo</strong></span> <span class='ocrx_word' id='word_1_664' title='bbox 2488 4209 2579 4279; x_wconf 91' lang='lat' dir='ltr'><strong>qui</strong></span> <span class='ocrx_word' id='word_1_665' title='bbox 2612 4208 2825 4263; x_wconf 84' lang='lat' dir='ltr'><strong>Christo</strong></span> <span class='ocrx_word' id='word_1_666' title='bbox 2856 4209 3163 4264; x_wconf 64' lang='lat' dir='ltr'><strong>inhaeserint</strong></span> <span class='ocrx_word' id='word_1_667' title='bbox 3190 4211 3404 4279; x_wconf 89' lang='lat' dir='ltr'><strong>penitus</strong></span> 
     </span>
    </p>
   </div>
   <div class='ocr_carea' id='block_1_89' title="bbox 1835 4298 3399 4361">
    <p class='ocr_par' dir='ltr' id='par_1_89' title="bbox 1835 4298 3399 4361">
     <span class='ocr_line' id='line_1_89' title="bbox 1835 4298 3399 4361; baseline -0.006 1"><span class='ocrx_word' id='word_1_668' title='bbox 1835 4304 2097 4361; x_wconf 90' lang='lat' dir='ltr'><strong>recessuri</strong></span> <span class='ocrx_word' id='word_1_669' title='bbox 2146 4301 2270 4356; x_wconf 90' lang='lat' dir='ltr'><strong>sint.</strong></span> <span class='ocrx_word' id='word_1_670' title='bbox 2320 4298 2606 4353; x_wconf 89' lang='lat' dir='ltr'><strong>Sciendum</strong></span> <span class='ocrx_word' id='word_1_671' title='bbox 2641 4306 2725 4351; x_wconf 90' lang='lat' dir='ltr'><strong>est</strong></span> <span class='ocrx_word' id='word_1_672' title='bbox 2760 4306 2935 4352; x_wconf 90' lang='lat' dir='ltr'><strong>autem</strong></span> <span class='ocrx_word' id='word_1_673' title='bbox 2976 4298 3117 4353; x_wconf 85' lang='lat' dir='ltr'><strong>hanc</strong></span> <span class='ocrx_word' id='word_1_674' title='bbox 3156 4300 3399 4353; x_wconf 89' lang='lat' dir='ltr'><strong>eamdem</strong></span> 
     </span>
    </p>
   </div>
   <div class='ocr_carea' id='block_1_90' title="bbox 1835 4376 3402 4465">
    <p class='ocr_par' dir='ltr' id='par_1_90' title="bbox 1835 4376 3402 4465">
     <span class='ocr_line' id='line_1_90' title="bbox 1835 4376 3402 4465; baseline -0.003 -16"><span class='ocrx_word' id='word_1_675' title='bbox 1835 4412 1941 4450; x_wconf 89' lang='lat' dir='ltr'><strong>non</strong></span> <span class='ocrx_word' id='word_1_676' title='bbox 1977 4409 2095 4448; x_wconf 88' lang='lat' dir='ltr'><strong>esse</strong></span> <span class='ocrx_word' id='word_1_677' title='bbox 2133 4391 2433 4465; x_wconf 86' lang='lat' dir='ltr'><strong>lectionem,</strong></span> <span class='ocrx_word' id='word_1_678' title='bbox 2466 4403 2569 4457; x_wconf 85' lang='lat' dir='ltr'><strong>qua</strong></span> <span class='ocrx_word' id='word_1_679' title='bbox 2607 4388 2886 4442; x_wconf 65' lang='lat' dir='ltr'><strong>Matthseus</strong></span> <span class='ocrx_word' id='word_1_680' title='bbox 2912 4398 2964 4443; x_wconf 87' lang='lat' dir='ltr'><strong>et</strong></span> <span class='ocrx_word' id='word_1_681' title='bbox 2992 4376 3201 4444; x_wconf 73' lang='lat' dir='ltr'><strong>Marcus</strong></span> <span class='ocrx_word' id='word_1_682' title='bbox 3247 4390 3402 4445; x_wconf 88' lang='lat' dir='ltr'><strong>binos</strong></span> 
     </span>
    </p>
   </div>
   <div class='ocr_carea' id='block_1_91' title="bbox 161 4463 3398 4552">
    <p class='ocr_par' dir='ltr' id='par_1_91' title="bbox 161 4463 3398 4552">
     <span class='ocr_line' id='line_1_91' title="bbox 161 4463 3398 4552; baseline 0.001 -19"><span class='ocrx_word' id='word_1_683' title='bbox 161 4498 261 4535; x_wconf 85' lang='lat' dir='ltr'><strong>nus</strong></span> <span class='ocrx_word' id='word_1_684' title='bbox 287 4482 381 4551; x_wconf 87' lang='lat' dir='ltr'><strong>qui</strong></span> <span class='ocrx_word' id='word_1_685' title='bbox 407 4490 528 4533; x_wconf 90' lang='lat' dir='ltr'><strong>sunt</strong></span> <span class='ocrx_word' id='word_1_686' title='bbox 559 4480 700 4550; x_wconf 84' lang='lat' dir='ltr'><strong>ejus,</strong></span> <span class='ocrx_word' id='word_1_687' title='bbox 729 4489 779 4534; x_wconf 90' lang='lat' dir='ltr'><strong>et</strong></span> <span class='ocrx_word' id='word_1_688' title='bbox 812 4482 953 4551; x_wconf 89' lang='lat' dir='ltr'><strong>apud</strong></span> <span class='ocrx_word' id='word_1_689' title='bbox 976 4482 1146 4552; x_wconf 87' lang='lat' dir='ltr'><strong>ipsum</strong></span> <span class='ocrx_word' id='word_1_690' title='bbox 1186 4493 1356 4537; x_wconf 83' lang='lat' dir='ltr'><strong>certus</strong></span> <span class='ocrx_word' id='word_1_691' title='bbox 1398 4491 1471 4537; x_wconf 84' lang='lat' dir='ltr'><strong>est</strong></span> <span class='ocrx_word' id='word_1_692' title='bbox 1516 4499 1731 4537; x_wconf 88' lang='lat' dir='ltr'><strong>suorum</strong></span> <span class='ocrx_word' id='word_1_693' title='bbox 1758 4463 1809 4524; x_wconf 73' lang='grc' dir='ltr'>Π</span> <span class='ocrx_word' id='word_1_694' title='bbox 1832 4486 1899 4541; x_wconf 88' lang='lat' dir='ltr'><strong>de</strong></span> <span class='ocrx_word' id='word_1_695' title='bbox 1943 4482 2201 4538; x_wconf 81' lang='lat' dir='ltr'><strong>naviculis</strong></span> <span class='ocrx_word' id='word_1_696' title='bbox 2249 4466 2542 4551; x_wconf 78' lang='lat' dir='ltr'><strong>piscatores</strong></span> <span class='ocrx_word' id='word_1_697' title='bbox 2579 4478 2751 4547; x_wconf 81' lang='lat' dir='ltr'><strong>prium</strong></span> <span class='ocrx_word' id='word_1_698' title='bbox 2783 4477 3001 4533; x_wconf 88' lang='lat' dir='ltr'><strong>Petrum</strong></span> <span class='ocrx_word' id='word_1_699' title='bbox 3026 4488 3080 4533; x_wconf 92' lang='lat' dir='ltr'><strong>et</strong></span> <span class='ocrx_word' id='word_1_700' title='bbox 3111 4480 3398 4547; x_wconf 84' lang='lat' dir='ltr'><strong>Andream,</strong></span> 
     </span>
    </p>
   </div>
   <div class='ocr_carea' id='block_1_92' title="bbox 160 4570 1733 4642">
    <p class='ocr_par' dir='ltr' id='par_1_92' title="bbox 160 4570 1733 4642">
     <span class='ocr_line' id='line_1_92' title="bbox 160 4570 1733 4642; baseline 0.001 -17"><span class='ocrx_word' id='word_1_701' title='bbox 160 4588 417 4626; x_wconf 83' lang='lat' dir='ltr'><strong>numerus</strong></span> <span class='ocrx_word' id='word_1_702' title='bbox 438 4570 735 4625; x_wconf 87' lang='lat' dir='ltr'><strong>electorum.</strong></span> <span class='ocrx_word' id='word_1_703' title='bbox 758 4570 1002 4642; x_wconf 88' lang='lat' dir='ltr'><strong>Dumque</strong></span> <span class='ocrx_word' id='word_1_704' title='bbox 1026 4581 1104 4627; x_wconf 93' lang='lat' dir='ltr'><strong>tot</strong></span> <span class='ocrx_word' id='word_1_705' title='bbox 1140 4574 1193 4627; x_wconf 91' lang='lat' dir='ltr'><strong>in</strong></span> <span class='ocrx_word' id='word_1_706' title='bbox 1226 4572 1406 4627; x_wconf 71' lang='lat' dir='ltr'><strong>Judzea</strong></span> <span class='ocrx_word' id='word_1_707' title='bbox 1436 4573 1733 4629; x_wconf 80' lang='lat' dir='ltr'><strong>credituros</strong></span> 
     </span>
    </p>
   </div>
   <div class='ocr_carea' id='block_1_93' title="bbox 161 4662 1730 4734">
    <p class='ocr_par' dir='ltr' id='par_1_93' title="bbox 161 4662 1730 4734">
     <span class='ocr_line' id='line_1_93' title="bbox 161 4662 1730 4734; baseline 0.003 -17"><span class='ocrx_word' id='word_1_708' title='bbox 161 4679 272 4717; x_wconf 91' lang='lat' dir='ltr'><strong>non</strong></span> <span class='ocrx_word' id='word_1_709' title='bbox 311 4662 550 4726; x_wconf 89' lang='lat' dir='ltr'><strong>invenit,</strong></span> <span class='ocrx_word' id='word_1_710' title='bbox 573 4669 703 4731; x_wconf 90' lang='lat' dir='ltr'><strong>quot</strong></span> <span class='ocrx_word' id='word_1_711' title='bbox 734 4662 799 4715; x_wconf 92' lang='lat' dir='ltr'><strong>ad</strong></span> <span class='ocrx_word' id='word_1_712' title='bbox 826 4662 984 4717; x_wconf 89' lang='lat' dir='ltr'><strong>ﬁdem</strong></span> <span class='ocrx_word' id='word_1_713' title='bbox 1014 4664 1285 4733; x_wconf 88' lang='lat' dir='ltr'><strong>vitamque</strong></span> <span class='ocrx_word' id='word_1_714' title='bbox 1324 4664 1730 4734; x_wconf 62' lang='lat' dir='ltr'><strong>praedestinatos</strong></span> 
     </span>
    </p>
   </div>
   <div class='ocr_carea' id='block_1_94' title="bbox 160 4751 1731 4823">
    <p class='ocr_par' dir='ltr' id='par_1_94' title="bbox 160 4751 1731 4823">
     <span class='ocr_line' id='line_1_94' title="bbox 160 4751 1731 4823; baseline 0.001 -17"><span class='ocrx_word' id='word_1_715' title='bbox 160 4753 316 4807; x_wconf 85' lang='lat' dir='ltr'><strong>novit</strong></span> <span class='ocrx_word' id='word_1_716' title='bbox 346 4760 601 4806; x_wconf 59' lang='lat' dir='ltr'><strong>aeternam</strong></span> <span class='ocrx_word' id='word_1_717' title='bbox 626 4792 641 4815; x_wconf 90' lang='lat'><strong>,</strong></span> <span class='ocrx_word' id='word_1_718' title='bbox 678 4752 831 4821; x_wconf 86' lang='lat' dir='ltr'><strong>quasi</strong></span> <span class='ocrx_word' id='word_1_719' title='bbox 862 4751 980 4806; x_wconf 69' lang='lat' dir='ltr'><strong>alia:</strong></span> <span class='ocrx_word' id='word_1_720' title='bbox 1017 4754 1167 4807; x_wconf 89' lang='lat' dir='ltr'><strong>navis</strong></span> <span class='ocrx_word' id='word_1_721' title='bbox 1197 4754 1532 4823; x_wconf 87' lang='lat' dir='ltr'><strong>receptacula</strong></span> <span class='ocrx_word' id='word_1_722' title='bbox 1566 4754 1731 4823; x_wconf 88' lang='lat' dir='ltr'><strong>pisci-</strong></span> 
     </span>
    </p>
   </div>
   <div class='ocr_carea' id='block_1_95' title="bbox 162 4843 1730 4915">
    <p class='ocr_par' dir='ltr' id='par_1_95' title="bbox 162 4843 1730 4915">
     <span class='ocr_line' id='line_1_95' title="bbox 162 4843 1730 4915; baseline -0.001 -16"><span class='ocrx_word' id='word_1_723' title='bbox 162 4847 263 4899; x_wconf 88' lang='lat' dir='ltr'><strong>bus</strong></span> <span class='ocrx_word' id='word_1_724' title='bbox 288 4858 541 4914; x_wconf 67' lang='lat' dir='ltr'><strong>quzerens</strong></span> <span class='ocrx_word' id='word_1_725' title='bbox 565 4844 695 4907; x_wconf 87' lang='lat' dir='ltr'><strong>suis,</strong></span> <span class='ocrx_word' id='word_1_726' title='bbox 726 4843 888 4897; x_wconf 86' lang='lat' dir='ltr'><strong>corda</strong></span> <span class='ocrx_word' id='word_1_727' title='bbox 916 4858 1129 4911; x_wconf 90' lang='lat' dir='ltr'><strong>quoque</strong></span> <span class='ocrx_word' id='word_1_728' title='bbox 1148 4845 1381 4914; x_wconf 88' lang='lat' dir='ltr'><strong>gentium</strong></span> <span class='ocrx_word' id='word_1_729' title='bbox 1407 4844 1529 4899; x_wconf 85' lang='lat' dir='ltr'><strong>ﬁdei</strong></span> <span class='ocrx_word' id='word_1_730' title='bbox 1558 4846 1730 4915; x_wconf 90' lang='lat' dir='ltr'><strong>gratia</strong></span> 
     </span>
    </p>
   </div>
   <div class='ocr_carea' id='block_1_96' title="bbox 161 4933 1731 5004">
    <p class='ocr_par' dir='ltr' id='par_1_96' title="bbox 161 4933 1731 5004">
     <span class='ocr_line' id='line_1_96' title="bbox 161 4933 1731 5004; baseline -0.001 -15"><span class='ocrx_word' id='word_1_731' title='bbox 161 4935 376 5004; x_wconf 89' lang='lat' dir='ltr'><strong>replet,</strong></span> <span class='ocrx_word' id='word_1_732' title='bbox 418 4940 473 4986; x_wconf 89' lang='lat' dir='ltr'><strong>et</strong></span> <span class='ocrx_word' id='word_1_733' title='bbox 518 4933 655 4987; x_wconf 85' lang='lat' dir='ltr'><strong>bene</strong></span> <span class='ocrx_word' id='word_1_734' title='bbox 704 4942 861 5001; x_wconf 90' lang='lat' dir='ltr'><strong>rupto</strong></span> <span class='ocrx_word' id='word_1_735' title='bbox 898 4933 999 4987; x_wconf 91' lang='lat' dir='ltr'><strong>reti</strong></span> <span class='ocrx_word' id='word_1_736' title='bbox 1042 4934 1186 4988; x_wconf 89' lang='lat' dir='ltr'><strong>socia</strong></span> <span class='ocrx_word' id='word_1_737' title='bbox 1228 4934 1382 4989; x_wconf 89' lang='lat' dir='ltr'><strong>navis</strong></span> <span class='ocrx_word' id='word_1_738' title='bbox 1419 4934 1731 5001; x_wconf 85' lang='lat' dir='ltr'><strong>advocatur,</strong></span> 
     </span>
    </p>
   </div>
   <div class='ocr_carea' id='block_1_97' title="bbox 161 5022 1735 5098">
    <p class='ocr_par' dir='ltr' id='par_1_97' title="bbox 161 5022 1735 5098">
     <span class='ocr_line' id='line_1_97' title="bbox 161 5022 1735 5098; baseline -0.001 -16"><span class='ocrx_word' id='word_1_739' title='bbox 161 5027 425 5098; x_wconf 87' lang='lat' dir='ltr'><strong>quoniam</strong></span> <span class='ocrx_word' id='word_1_740' title='bbox 458 5035 583 5079; x_wconf 90' lang='lat' dir='ltr'><strong>ante</strong></span> <span class='ocrx_word' id='word_1_741' title='bbox 623 5022 787 5079; x_wconf 77' lang='lat' dir='ltr'><strong>ludas</strong></span> <span class='ocrx_word' id='word_1_742' title='bbox 828 5025 1099 5093; x_wconf 89' lang='lat' dir='ltr'><strong>proditor,</strong></span> <span class='ocrx_word' id='word_1_743' title='bbox 1144 5031 1266 5080; x_wconf 75' lang='lat' dir='ltr'><strong>ante</strong></span> <span class='ocrx_word' id='word_1_744' title='bbox 1313 5025 1499 5080; x_wconf 90' lang='lat' dir='ltr'><strong>Simon</strong></span> <span class='ocrx_word' id='word_1_745' title='bbox 1547 5040 1735 5096; x_wconf 87' lang='lat' dir='ltr'><strong>magus</strong></span> 
     </span>
    </p>
   </div>
   <div class='ocr_carea' id='block_1_98' title="bbox 162 5112 1733 5185">
    <p class='ocr_par' dir='ltr' id='par_1_98' title="bbox 162 5112 1733 5185">
     <span class='ocr_line' id='line_1_98' title="bbox 162 5112 1733 5185; baseline -0.001 -16"><span class='ocrx_word' id='word_1_746' title='bbox 162 5118 346 5185; x_wconf 84' lang='lat' dir='ltr'><strong>pisces</strong></span> <span class='ocrx_word' id='word_1_747' title='bbox 366 5112 677 5181; x_wconf 89' lang='lat' dir='ltr'><strong>nequissimi</strong></span> <span class='ocrx_word' id='word_1_748' title='bbox 693 5114 835 5181; x_wconf 89' lang='lat' dir='ltr'><strong>capti</strong></span> <span class='ocrx_word' id='word_1_749' title='bbox 863 5121 1008 5179; x_wconf 90' lang='lat' dir='ltr'><strong>sunt,</strong></span> <span class='ocrx_word' id='word_1_750' title='bbox 1030 5121 1154 5168; x_wconf 89' lang='lat' dir='ltr'><strong>ante</strong></span> <span class='ocrx_word' id='word_1_751' title='bbox 1168 5113 1401 5169; x_wconf 84' lang='lat' dir='ltr'><strong>Ananias</strong></span> <span class='ocrx_word' id='word_1_752' title='bbox 1428 5124 1481 5168; x_wconf 89' lang='lat' dir='ltr'><strong>et</strong></span> <span class='ocrx_word' id='word_1_753' title='bbox 1505 5112 1733 5183; x_wconf 88' lang='lat' dir='ltr'><strong>Saphira</strong></span> 
     </span>
    </p>
   </div>
   <div class='ocr_carea' id='block_1_99' title="bbox 163 5203 1732 5273">
    <p class='ocr_par' dir='ltr' id='par_1_99' title="bbox 163 5203 1732 5273">
     <span class='ocr_line' id='line_1_99' title="bbox 163 5203 1732 5273; baseline -0.002 -11"><span class='ocrx_word' id='word_1_754' title='bbox 163 5217 282 5262; x_wconf 81' lang='lat' dir='ltr'><strong>rete</strong></span> <span class='ocrx_word' id='word_1_755' title='bbox 312 5204 435 5259; x_wconf 87' lang='lat' dir='ltr'><strong>ﬁdei</strong></span> <span class='ocrx_word' id='word_1_756' title='bbox 466 5204 687 5259; x_wconf 89' lang='lat' dir='ltr'><strong>subdole</strong></span> <span class='ocrx_word' id='word_1_757' title='bbox 716 5205 993 5259; x_wconf 86' lang='lat' dir='ltr'><strong>tentabant</strong></span> <span class='ocrx_word' id='word_1_758' title='bbox 1016 5205 1245 5273; x_wconf 84' lang='lat' dir='ltr'><strong>ingredi,</strong></span> <span class='ocrx_word' id='word_1_759' title='bbox 1272 5216 1397 5259; x_wconf 89' lang='lat' dir='ltr'><strong>ante</strong></span> <span class='ocrx_word' id='word_1_760' title='bbox 1416 5212 1476 5259; x_wconf 90' lang='lat' dir='ltr'><strong>ut</strong></span> <span class='ocrx_word' id='word_1_761' title='bbox 1497 5203 1732 5260; x_wconf 82' lang='lat' dir='ltr'><strong>Joannes</strong></span> 
     </span>
    </p>
   </div>
   <div class='ocr_carea' id='block_1_100' title="bbox 165 5293 1728 5363">
    <p class='ocr_par' dir='ltr' id='par_1_100' title="bbox 165 5293 1728 5363">
     <span class='ocr_line' id='line_1_100' title="bbox 165 5293 1728 5363; baseline 0.001 -16"><span class='ocrx_word' id='word_1_762' title='bbox 165 5304 429 5359; x_wconf 81' lang='lat' dir='ltr'><strong>testatur,</strong></span> <span class='ocrx_word' id='word_1_763' title='bbox 478 5294 632 5348; x_wconf 90' lang='lat' dir='ltr'><strong>multi</strong></span> <span class='ocrx_word' id='word_1_764' title='bbox 686 5293 1068 5363; x_wconf 88' lang='lat' dir='ltr'><strong>discipulorum</strong></span> <span class='ocrx_word' id='word_1_765' title='bbox 1115 5295 1231 5363; x_wconf 79' lang='lat' dir='ltr'><strong>ejus</strong></span> <span class='ocrx_word' id='word_1_766' title='bbox 1283 5294 1529 5349; x_wconf 88' lang='lat' dir='ltr'><strong>abierunt</strong></span> <span class='ocrx_word' id='word_1_767' title='bbox 1560 5303 1728 5359; x_wconf 90' lang='lat' dir='ltr'><strong>retro,</strong></span> 
     </span>
    </p>
   </div>
   <div class='ocr_carea' id='block_1_101' title="bbox 162 5381 1734 5448">
    <p class='ocr_par' dir='ltr' id='par_1_101' title="bbox 162 5381 1734 5448">
     <span class='ocr_line' id='line_1_101' title="bbox 162 5381 1734 5448; baseline -0.001 -9"><span class='ocrx_word' id='word_1_768' title='bbox 162 5386 333 5440; x_wconf 84' lang='lat' dir='ltr'><strong>etiam</strong></span> <span class='ocrx_word' id='word_1_769' title='bbox 364 5398 469 5437; x_wconf 92' lang='lat' dir='ltr'><strong>non</strong></span> <span class='ocrx_word' id='word_1_770' title='bbox 500 5398 623 5438; x_wconf 88' lang='lat' dir='ltr'><strong>cum</strong></span> <span class='ocrx_word' id='word_1_771' title='bbox 648 5382 737 5436; x_wconf 89' lang='lat' dir='ltr'><strong>illo</strong></span> <span class='ocrx_word' id='word_1_772' title='bbox 763 5384 1136 5448; x_wconf 86' lang='lat' dir='ltr'><strong>ambulabant,</strong></span> <span class='ocrx_word' id='word_1_773' title='bbox 1161 5398 1225 5437; x_wconf 90' lang='lat' dir='ltr'><strong>ac</strong></span> <span class='ocrx_word' id='word_1_774' title='bbox 1245 5381 1431 5437; x_wconf 90' lang='lat' dir='ltr'><strong>deinde</strong></span> <span class='ocrx_word' id='word_1_775' title='bbox 1460 5384 1734 5439; x_wconf 85' lang='lat' dir='ltr'><strong>Barnabas</strong></span> 
     </span>
    </p>
   </div>
   <div class='ocr_carea' id='block_1_102' title="bbox 163 5472 1632 5544">
    <p class='ocr_par' dir='ltr' id='par_1_102' title="bbox 163 5472 1632 5544">
     <span class='ocr_line' id='line_1_102' title="bbox 163 5472 1632 5544; baseline -0.003 -15"><span class='ocrx_word' id='word_1_776' title='bbox 163 5484 217 5530; x_wconf 90' lang='lat' dir='ltr'><strong>et</strong></span> <span class='ocrx_word' id='word_1_777' title='bbox 245 5472 449 5528; x_wconf 85' lang='lat' dir='ltr'><strong>Paulus</strong></span> <span class='ocrx_word' id='word_1_778' title='bbox 472 5472 539 5525; x_wconf 88' lang='lat' dir='ltr'><strong>ad</strong></span> <span class='ocrx_word' id='word_1_779' title='bbox 562 5472 799 5541; x_wconf 89' lang='lat' dir='ltr'><strong>gentium</strong></span> <span class='ocrx_word' id='word_1_780' title='bbox 820 5482 945 5527; x_wconf 90' lang='lat' dir='ltr'><strong>sunt</strong></span> <span class='ocrx_word' id='word_1_781' title='bbox 971 5472 1323 5543; x_wconf 87' lang='lat' dir='ltr'><strong>apostolatum</strong></span> <span class='ocrx_word' id='word_1_782' title='bbox 1348 5474 1632 5544; x_wconf 81' lang='lat' dir='ltr'><strong>segregati.</strong></span> 
     </span>
    </p>
   </div>
   <div class='ocr_carea' id='block_1_103' title="bbox 238 5561 1733 5631">
    <p class='ocr_par' dir='ltr' id='par_1_103' title="bbox 238 5561 1733 5631">
     <span class='ocr_line' id='line_1_103' title="bbox 238 5561 1733 5631; baseline -0.002 -13"><span class='ocrx_word' id='word_1_783' title='bbox 238 5564 310 5619; x_wconf 85' lang='lat' dir='ltr'><strong>Et</strong></span> <span class='ocrx_word' id='word_1_784' title='bbox 341 5571 586 5617; x_wconf 74' lang='lat' dir='ltr'><strong>venerunt</strong></span> <span class='ocrx_word' id='word_1_785' title='bbox 606 5571 655 5614; x_wconf 91' lang='lat' dir='ltr'><strong>et</strong></span> <span class='ocrx_word' id='word_1_786' title='bbox 683 5561 1017 5631; x_wconf 87' lang='lat' dir='ltr'><strong>impleverunt</strong></span> <span class='ocrx_word' id='word_1_787' title='bbox 1044 5564 1220 5617; x_wconf 89' lang='lat' dir='ltr'><strong>ambas</strong></span> <span class='ocrx_word' id='word_1_788' title='bbox 1248 5562 1513 5616; x_wconf 79' lang='lat' dir='ltr'><strong>naviculas</strong></span> <span class='ocrx_word' id='word_1_789' title='bbox 1533 5604 1547 5627; x_wconf 95' lang='lat'><strong>,</strong></span> <span class='ocrx_word' id='word_1_790' title='bbox 1577 5564 1650 5615; x_wconf 92' lang='lat' dir='ltr'><strong>ita</strong></span> <span class='ocrx_word' id='word_1_791' title='bbox 1679 5572 1733 5615; x_wconf 93' lang='lat' dir='ltr'><strong>ut</strong></span> 
     </span>
    </p>
   </div>
   <div class='ocr_carea' id='block_1_104' title="bbox 166 5653 1730 5727">
    <p class='ocr_par' dir='ltr' id='par_1_104' title="bbox 166 5653 1730 5727">
     <span class='ocr_line' id='line_1_104' title="bbox 166 5653 1730 5727; baseline -0.001 -18"><span class='ocrx_word' id='word_1_792' title='bbox 166 5664 545 5727; x_wconf 66' lang='lat' dir='ltr'><strong>iungerentur.</strong></span> <span class='ocrx_word' id='word_1_793' title='bbox 573 5653 774 5709; x_wconf 85' lang='lat' dir='ltr'><strong>Harum</strong></span> <span class='ocrx_word' id='word_1_794' title='bbox 802 5654 1035 5723; x_wconf 78' lang='lat' dir='ltr'><strong>impletin</strong></span> <span class='ocrx_word' id='word_1_795' title='bbox 1062 5656 1273 5710; x_wconf 88' lang='lat' dir='ltr'><strong>navium</strong></span> <span class='ocrx_word' id='word_1_796' title='bbox 1300 5669 1466 5724; x_wconf 90' lang='lat' dir='ltr'><strong>usque</strong></span> <span class='ocrx_word' id='word_1_797' title='bbox 1500 5656 1549 5708; x_wconf 90' lang='lat' dir='ltr'><strong>in</strong></span> <span class='ocrx_word' id='word_1_798' title='bbox 1574 5653 1730 5709; x_wconf 87' lang='lat' dir='ltr'><strong>ﬁnem</strong></span> 
     </span>
    </p>
   </div>
   <div class='ocr_carea' id='block_1_105' title="bbox 1832 4570 3397 4632">
    <p class='ocr_par' dir='ltr' id='par_1_105' title="bbox 1832 4570 3397 4632">
     <span class='ocr_line' id='line_1_105' title="bbox 1832 4570 3397 4632; baseline -0.006 0"><span class='ocrx_word' id='word_1_799' title='bbox 1832 4576 2024 4632; x_wconf 88' lang='lat' dir='ltr'><strong>deinde</strong></span> <span class='ocrx_word' id='word_1_800' title='bbox 2050 4574 2183 4628; x_wconf 89' lang='lat' dir='ltr'><strong>ﬁlios</strong></span> <span class='ocrx_word' id='word_1_801' title='bbox 2203 4571 2443 4626; x_wconf 71' lang='lat' dir='ltr'><strong>Zebedzei</strong></span> <span class='ocrx_word' id='word_1_802' title='bbox 2472 4585 2501 4623; x_wconf 92' lang='lat' dir='ltr'><strong>a</strong></span> <span class='ocrx_word' id='word_1_803' title='bbox 2526 4570 2751 4624; x_wconf 89' lang='lat' dir='ltr'><strong>Domino</strong></span> <span class='ocrx_word' id='word_1_804' title='bbox 2776 4576 2999 4621; x_wconf 87' lang='lat' dir='ltr'><strong>narrant</strong></span> <span class='ocrx_word' id='word_1_805' title='bbox 3021 4584 3137 4624; x_wconf 88' lang='lat' dir='ltr'><strong>esse</strong></span> <span class='ocrx_word' id='word_1_806' title='bbox 3159 4578 3397 4624; x_wconf 88' lang='lat' dir='ltr'><strong>vocatos.</strong></span> 
     </span>
    </p>
   </div>
   <div class='ocr_carea' id='block_1_106' title="bbox 1832 4658 3397 4723">
    <p class='ocr_par' dir='ltr' id='par_1_106' title="bbox 1832 4658 3397 4723">
     <span class='ocr_line' id='line_1_106' title="bbox 1832 4658 3397 4723; baseline -0.005 -2"><span class='ocrx_word' id='word_1_807' title='bbox 1832 4668 1948 4723; x_wconf 87' lang='lat' dir='ltr'><strong>Non</strong></span> <span class='ocrx_word' id='word_1_808' title='bbox 1992 4666 2134 4721; x_wconf 90' lang='lat' dir='ltr'><strong>enim</strong></span> <span class='ocrx_word' id='word_1_809' title='bbox 2171 4678 2263 4719; x_wconf 87' lang='lat' dir='ltr'><strong>eos</strong></span> <span class='ocrx_word' id='word_1_810' title='bbox 2315 4663 2489 4716; x_wconf 88' lang='lat' dir='ltr'><strong>Lucas</strong></span> <span class='ocrx_word' id='word_1_811' title='bbox 2536 4675 2679 4713; x_wconf 90' lang='lat' dir='ltr'><strong>nunc</strong></span> <span class='ocrx_word' id='word_1_812' title='bbox 2714 4674 2743 4711; x_wconf 91' lang='lat' dir='ltr'><strong>a</strong></span> <span class='ocrx_word' id='word_1_813' title='bbox 2774 4658 2999 4713; x_wconf 91' lang='lat' dir='ltr'><strong>Domino</strong></span> <span class='ocrx_word' id='word_1_814' title='bbox 3043 4668 3281 4722; x_wconf 88' lang='lat' dir='ltr'><strong>vocatos,</strong></span> <span class='ocrx_word' id='word_1_815' title='bbox 3306 4661 3397 4714; x_wconf 87' lang='lat' dir='ltr'><strong>sed</strong></span> 
     </span>
    </p>
   </div>
   <div class='ocr_carea' id='block_1_107' title="bbox 1833 4747 3397 4820">
    <p class='ocr_par' dir='ltr' id='par_1_107' title="bbox 1833 4747 3397 4820">
     <span class='ocr_line' id='line_1_107' title="bbox 1833 4747 3397 4820; baseline -0.007 -8"><span class='ocrx_word' id='word_1_816' title='bbox 1833 4765 2039 4812; x_wconf 91' lang='lat' dir='ltr'><strong>tantum</strong></span> <span class='ocrx_word' id='word_1_817' title='bbox 2079 4754 2239 4808; x_wconf 89' lang='lat' dir='ltr'><strong>Petro</strong></span> <span class='ocrx_word' id='word_1_818' title='bbox 2272 4752 2437 4806; x_wconf 89' lang='lat' dir='ltr'><strong>fuisse</strong></span> <span class='ocrx_word' id='word_1_819' title='bbox 2475 4750 2786 4820; x_wconf 64' lang='lat' dir='ltr'><strong>praedictum</strong></span> <span class='ocrx_word' id='word_1_820' title='bbox 2813 4748 2954 4817; x_wconf 90' lang='lat' dir='ltr'><strong>quod</strong></span> <span class='ocrx_word' id='word_1_821' title='bbox 2983 4747 3225 4802; x_wconf 88' lang='lat' dir='ltr'><strong>homines</strong></span> <span class='ocrx_word' id='word_1_822' title='bbox 3257 4757 3397 4803; x_wconf 88' lang='lat' dir='ltr'><strong>esset</strong></span> 
     </span>
    </p>
   </div>
   <div class='ocr_carea' id='block_1_108' title="bbox 1833 4830 3399 4917">
    <p class='ocr_par' dir='ltr' id='par_1_108' title="bbox 1833 4830 3399 4917">
     <span class='ocr_line' id='line_1_108' title="bbox 1833 4830 3399 4917; baseline -0.008 -14"><span class='ocrx_word' id='word_1_823' title='bbox 1833 4830 2084 4917; x_wconf 85' lang='lat' dir='ltr'><strong>capturus</strong></span> <span class='ocrx_word' id='word_1_824' title='bbox 2119 4844 2371 4899; x_wconf 90' lang='lat' dir='ltr'><strong>insinuat.</strong></span> <span class='ocrx_word' id='word_1_825' title='bbox 2410 4840 2542 4896; x_wconf 86' lang='lat' dir='ltr'><strong>Nam</strong></span> <span class='ocrx_word' id='word_1_826' title='bbox 2564 4848 2620 4893; x_wconf 89' lang='lat' dir='ltr'><strong>et</strong></span> <span class='ocrx_word' id='word_1_827' title='bbox 2645 4847 2765 4908; x_wconf 91' lang='lat' dir='ltr'><strong>post</strong></span> <span class='ocrx_word' id='word_1_828' title='bbox 2805 4838 3250 4892; x_wconf 88' lang='lat' dir='ltr'><strong>resurrectionem</strong></span> <span class='ocrx_word' id='word_1_829' title='bbox 3297 4838 3399 4892; x_wconf 79' lang='lat' dir='ltr'><strong>Do-</strong></span> 
     </span>
    </p>
   </div>
   <div class='ocr_carea' id='block_1_109' title="bbox 1837 4925 3396 5004">
    <p class='ocr_par' dir='ltr' id='par_1_109' title="bbox 1837 4925 3396 5004">
     <span class='ocr_line' id='line_1_109' title="bbox 1837 4925 3396 5004; baseline -0.009 -13"><span class='ocrx_word' id='word_1_830' title='bbox 1837 4938 1966 4992; x_wconf 89' lang='lat' dir='ltr'><strong>mini</strong></span> <span class='ocrx_word' id='word_1_831' title='bbox 2013 4934 2236 5004; x_wconf 85' lang='lat' dir='ltr'><strong>legimus</strong></span> <span class='ocrx_word' id='word_1_832' title='bbox 2263 4946 2356 4986; x_wconf 90' lang='lat' dir='ltr'><strong>eos</strong></span> <span class='ocrx_word' id='word_1_833' title='bbox 2385 4944 2503 4984; x_wconf 86' lang='lat' dir='ltr'><strong>esse</strong></span> <span class='ocrx_word' id='word_1_834' title='bbox 2527 4928 2779 4997; x_wconf 88' lang='lat' dir='ltr'><strong>piscatos.</strong></span> <span class='ocrx_word' id='word_1_835' title='bbox 2813 4925 2964 4981; x_wconf 87' lang='lat' dir='ltr'><strong>Unde</strong></span> <span class='ocrx_word' id='word_1_836' title='bbox 2989 4927 3145 4980; x_wconf 88' lang='lat' dir='ltr'><strong>datur</strong></span> <span class='ocrx_word' id='word_1_837' title='bbox 3174 4926 3396 4997; x_wconf 77' lang='lat' dir='ltr'><strong>intelligi</strong></span> 
     </span>
    </p>
   </div>
   <div class='ocr_carea' id='block_1_110' title="bbox 1834 5018 3394 5092">
    <p class='ocr_par' dir='ltr' id='par_1_110' title="bbox 1834 5018 3394 5092">
     <span class='ocr_line' id='line_1_110' title="bbox 1834 5018 3394 5092; baseline -0.007 -11"><span class='ocrx_word' id='word_1_838' title='bbox 1834 5042 1927 5081; x_wconf 92' lang='lat' dir='ltr'><strong>eos</strong></span> <span class='ocrx_word' id='word_1_839' title='bbox 1950 5025 2014 5077; x_wconf 88' lang='lat' dir='ltr'><strong>ad</strong></span> <span class='ocrx_word' id='word_1_840' title='bbox 2037 5032 2310 5092; x_wconf 76' lang='lat' dir='ltr'><strong>capturum</strong></span> <span class='ocrx_word' id='word_1_841' title='bbox 2331 5018 2556 5088; x_wconf 85' lang='lat' dir='ltr'><strong>piscium</strong></span> <span class='ocrx_word' id='word_1_842' title='bbox 2574 5032 2640 5070; x_wconf 87' lang='lat' dir='ltr'><strong>ex</strong></span> <span class='ocrx_word' id='word_1_843' title='bbox 2661 5030 2808 5069; x_wconf 90' lang='lat' dir='ltr'><strong>more</strong></span> <span class='ocrx_word' id='word_1_844' title='bbox 2831 5028 3117 5079; x_wconf 88' lang='lat' dir='ltr'><strong>remeasse,</strong></span> <span class='ocrx_word' id='word_1_845' title='bbox 3135 5022 3194 5067; x_wconf 88' lang='lat' dir='ltr'><strong>ut</strong></span> <span class='ocrx_word' id='word_1_846' title='bbox 3212 5025 3394 5083; x_wconf 89' lang='lat' dir='ltr'><strong>postea</strong></span> 
     </span>
    </p>
   </div>
   <div class='ocr_carea' id='block_1_111' title="bbox 1835 5105 3395 5183">
    <p class='ocr_par' dir='ltr' id='par_1_111' title="bbox 1835 5105 3395 5183">
     <span class='ocr_line' id='line_1_111' title="bbox 1835 5105 3395 5183; baseline -0.006 -13"><span class='ocrx_word' id='word_1_847' title='bbox 1835 5116 1988 5171; x_wconf 87' lang='lat' dir='ltr'><strong>ﬁeret</strong></span> <span class='ocrx_word' id='word_1_848' title='bbox 2028 5113 2169 5183; x_wconf 89' lang='lat' dir='ltr'><strong>quod</strong></span> <span class='ocrx_word' id='word_1_849' title='bbox 2217 5111 2500 5164; x_wconf 65' lang='lat' dir='ltr'><strong>Matthaeus</strong></span> <span class='ocrx_word' id='word_1_850' title='bbox 2543 5116 2597 5161; x_wconf 91' lang='lat' dir='ltr'><strong>et</strong></span> <span class='ocrx_word' id='word_1_851' title='bbox 2650 5105 2862 5160; x_wconf 82' lang='lat' dir='ltr'><strong>Marcus</strong></span> <span class='ocrx_word' id='word_1_852' title='bbox 2907 5114 3145 5168; x_wconf 87' lang='lat' dir='ltr'><strong>narrant,</strong></span> <span class='ocrx_word' id='word_1_853' title='bbox 3182 5107 3395 5175; x_wconf 87' lang='lat' dir='ltr'><strong>quando</strong></span> 
     </span>
    </p>
   </div>
   <div class='ocr_carea' id='block_1_112' title="bbox 1833 5195 3393 5259">
    <p class='ocr_par' dir='ltr' id='par_1_112' title="bbox 1833 5195 3393 5259">
     <span class='ocr_line' id='line_1_112' title="bbox 1833 5195 3393 5259; baseline -0.007 0"><span class='ocrx_word' id='word_1_854' title='bbox 1833 5220 1924 5259; x_wconf 89' lang='lat' dir='ltr'><strong>eos</strong></span> <span class='ocrx_word' id='word_1_855' title='bbox 1951 5204 2105 5258; x_wconf 90' lang='lat' dir='ltr'><strong>binos</strong></span> <span class='ocrx_word' id='word_1_856' title='bbox 2126 5199 2353 5254; x_wconf 86' lang='lat' dir='ltr'><strong>vocavit.</strong></span> <span class='ocrx_word' id='word_1_857' title='bbox 2385 5196 2533 5252; x_wconf 85' lang='lat' dir='ltr'><strong>Tunc</strong></span> <span class='ocrx_word' id='word_1_858' title='bbox 2554 5195 2655 5250; x_wconf 88' lang='lat' dir='ltr'><strong>etsi</strong></span> <span class='ocrx_word' id='word_1_859' title='bbox 2683 5209 2789 5249; x_wconf 90' lang='lat' dir='ltr'><strong>non</strong></span> <span class='ocrx_word' id='word_1_860' title='bbox 2812 5195 3082 5249; x_wconf 87' lang='lat' dir='ltr'><strong>subductis</strong></span> <span class='ocrx_word' id='word_1_861' title='bbox 3105 5195 3170 5247; x_wconf 88' lang='lat' dir='ltr'><strong>ad</strong></span> <span class='ocrx_word' id='word_1_862' title='bbox 3198 5206 3393 5249; x_wconf 89' lang='lat' dir='ltr'><strong>terram</strong></span> 
     </span>
    </p>
   </div>
   <div class='ocr_carea' id='block_1_113' title="bbox 1837 5284 3392 5358">
    <p class='ocr_par' dir='ltr' id='par_1_113' title="bbox 1837 5284 3392 5358">
     <span class='ocr_line' id='line_1_113' title="bbox 1837 5284 3392 5358; baseline -0.008 -9"><span class='ocrx_word' id='word_1_863' title='bbox 1837 5295 2088 5357; x_wconf 82' lang='lat' dir='ltr'><strong>navibus,</strong></span> <span class='ocrx_word' id='word_1_864' title='bbox 2116 5300 2367 5358; x_wconf 85' lang='lat' dir='ltr'><strong>tanquam</strong></span> <span class='ocrx_word' id='word_1_865' title='bbox 2394 5302 2520 5341; x_wconf 89' lang='lat' dir='ltr'><strong>cura</strong></span> <span class='ocrx_word' id='word_1_866' title='bbox 2552 5284 2827 5347; x_wconf 90' lang='lat' dir='ltr'><strong>redeundi,</strong></span> <span class='ocrx_word' id='word_1_867' title='bbox 2854 5284 2944 5337; x_wconf 92' lang='lat' dir='ltr'><strong>sed</strong></span> <span class='ocrx_word' id='word_1_868' title='bbox 2971 5284 3043 5337; x_wconf 90' lang='lat' dir='ltr'><strong>ita</strong></span> <span class='ocrx_word' id='word_1_869' title='bbox 3070 5297 3190 5336; x_wconf 91' lang='lat' dir='ltr'><strong>eum</strong></span> <span class='ocrx_word' id='word_1_870' title='bbox 3223 5284 3392 5338; x_wconf 90' lang='lat' dir='ltr'><strong>secuti</strong></span> 
     </span>
    </p>
   </div>
   <div class='ocr_carea' id='block_1_114' title="bbox 1834 5361 3394 5447">
    <p class='ocr_par' dir='ltr' id='par_1_114' title="bbox 1834 5361 3394 5447">
     <span class='ocr_line' id='line_1_114' title="bbox 1834 5361 3394 5447; baseline -0.01 -11"><span class='ocrx_word' id='word_1_871' title='bbox 1834 5390 1979 5444; x_wconf 92' lang='lat' dir='ltr'><strong>sunt,</strong></span> <span class='ocrx_word' id='word_1_872' title='bbox 2015 5389 2268 5447; x_wconf 86' lang='lat' dir='ltr'><strong>tanquam</strong></span> <span class='ocrx_word' id='word_1_873' title='bbox 2312 5381 2588 5429; x_wconf 86' lang='lat' dir='ltr'><strong>vocantem</strong></span> <span class='ocrx_word' id='word_1_874' title='bbox 2616 5386 2679 5426; x_wconf 91' lang='lat' dir='ltr'><strong>ac</strong></span> <span class='ocrx_word' id='word_1_875' title='bbox 2703 5371 2980 5447; x_wconf 75' lang='lat' dir='ltr'><strong>iubentem</strong></span> <span class='ocrx_word' id='word_1_876' title='bbox 3015 5377 3073 5423; x_wconf 92' lang='lat' dir='ltr'><strong>ut</strong></span> <span class='ocrx_word' id='word_1_877' title='bbox 3109 5361 3394 5438; x_wconf 69' lang='lat' dir='ltr'><strong>sequeren-</strong></span> 
     </span>
    </p>
   </div>
   <div class='ocr_carea' id='block_1_115' title="bbox 1836 5440 3391 5541">
    <p class='ocr_par' dir='ltr' id='par_1_115' title="bbox 1836 5440 3391 5541">
     <span class='ocr_line' id='line_1_115' title="bbox 1836 5440 3391 5541; baseline -0.01 -14"><span class='ocrx_word' id='word_1_878' title='bbox 1836 5483 1945 5536; x_wconf 90' lang='lat' dir='ltr'><strong>tur,</strong></span> <span class='ocrx_word' id='word_1_879' title='bbox 1966 5440 2152 5541; x_wconf 77' lang='lat' dir='ltr'><strong>postea</strong></span> <span class='ocrx_word' id='word_1_880' title='bbox 2181 5482 2309 5521; x_wconf 90' lang='lat' dir='ltr'><strong>vero</strong></span> <span class='ocrx_word' id='word_1_881' title='bbox 2342 5465 2445 5520; x_wconf 82' lang='lat' dir='ltr'><strong>ﬁde</strong></span> <span class='ocrx_word' id='word_1_882' title='bbox 2478 5472 2623 5519; x_wconf 90' lang='lat' dir='ltr'><strong>recta</strong></span> <span class='ocrx_word' id='word_1_883' title='bbox 2653 5461 2837 5516; x_wconf 91' lang='lat' dir='ltr'><strong>imbuti</strong></span> <span class='ocrx_word' id='word_1_884' title='bbox 2852 5440 2917 5514; x_wconf 59' lang='lat' dir='ltr'><strong>ct</strong></span> <span class='ocrx_word' id='word_1_885' title='bbox 2942 5459 3182 5513; x_wconf 89' lang='lat' dir='ltr'><strong>doctrina</strong></span> <span class='ocrx_word' id='word_1_886' title='bbox 3211 5458 3391 5511; x_wconf 88' lang='lat' dir='ltr'><strong>Salva-</strong></span> 
     </span>
    </p>
   </div>
   <div class='ocr_carea' id='block_1_116' title="bbox 1837 5546 3393 5627">
    <p class='ocr_par' dir='ltr' id='par_1_116' title="bbox 1837 5546 3393 5627">
     <span class='ocr_line' id='line_1_116' title="bbox 1837 5546 3393 5627; baseline -0.01 -11"><span class='ocrx_word' id='word_1_887' title='bbox 1837 5561 1968 5616; x_wconf 88' lang='lat' dir='ltr'><strong>toris</strong></span> <span class='ocrx_word' id='word_1_888' title='bbox 1996 5560 2076 5615; x_wconf 90' lang='lat' dir='ltr'><strong>sui</strong></span> <span class='ocrx_word' id='word_1_889' title='bbox 2103 5557 2327 5627; x_wconf 84' lang='lat' dir='ltr'><strong>pleniter</strong></span> <span class='ocrx_word' id='word_1_890' title='bbox 2348 5546 2615 5615; x_wconf 86' lang='lat' dir='ltr'><strong>instructi,</strong></span> <span class='ocrx_word' id='word_1_891' title='bbox 2649 5550 2873 5604; x_wconf 87' lang='lat' dir='ltr'><strong>ﬁrmiter</strong></span> <span class='ocrx_word' id='word_1_892' title='bbox 2896 5556 2948 5603; x_wconf 89' lang='lat' dir='ltr'><strong>et</strong></span> <span class='ocrx_word' id='word_1_893' title='bbox 2973 5547 3233 5601; x_wconf 86' lang='lat' dir='ltr'><strong>stabiliter</strong></span> <span class='ocrx_word' id='word_1_894' title='bbox 3254 5547 3393 5614; x_wconf 89' lang='lat' dir='ltr'><strong>apud</strong></span> 
     </span>
    </p>
   </div>
   <div class='ocr_carea' id='block_1_117' title="bbox 1836 5635 3393 5720">
    <p class='ocr_par' dir='ltr' id='par_1_117' title="bbox 1836 5635 3393 5720">
     <span class='ocr_line' id='line_1_117' title="bbox 1836 5635 3393 5720; baseline -0.011 -12"><span class='ocrx_word' id='word_1_895' title='bbox 1836 5666 1990 5708; x_wconf 88' lang='lat' dir='ltr'><strong>suum</strong></span> <span class='ocrx_word' id='word_1_896' title='bbox 2020 5654 2425 5720; x_wconf 82' lang='lat' dir='ltr'><strong>permanserunt</strong></span> <span class='ocrx_word' id='word_1_897' title='bbox 2460 5644 2739 5700; x_wconf 85' lang='lat' dir='ltr'><strong>Dominum</strong></span> <span class='ocrx_word' id='word_1_898' title='bbox 2787 5648 2842 5696; x_wconf 91' lang='lat' dir='ltr'><strong>et</strong></span> <span class='ocrx_word' id='word_1_899' title='bbox 2882 5640 3213 5709; x_wconf 86' lang='lat' dir='ltr'><strong>magistrum,</strong></span> <span class='ocrx_word' id='word_1_900' title='bbox 3244 5635 3393 5704; x_wconf 86' lang='lat' dir='ltr'><strong>cujus</strong></span> 
     </span>
    </p>
   </div>
  </div>
