3946 6384
533 368 640 426 M7

1187 365 1247 421 Β.
1289 364 1545 421 ῐὶᾹ.ΒΛΝΙ
1589 363 1804 421 ΜΑΙῙΒΙ
1844 361 2100 420 ARCIIIE

2219 361 2519 421 MOGUNT.
2557 359 2840 420 OPERIIM
2882 360 3060 417 PARS
3098 359 3161 416 II.

3707 361 3807 419 5κῖιὲ

530 482 707 552 gratia
733 483 802 539 ad
832 479 1001 537 vitam
1027 478 1275 552 perducti
1319 485 1448 536 sunt
1491 489 1783 542 attentam,
1812 485 1865 532 et
1898 477 1969 532 ibi
1998 491 2120 531 cum
2150 479 2199 538 Α
2225 475 2474 533 venimus
2501 457 2569 530 ad
2601 473 2914 545 Speciosam
2963 484 3175 544 portam
3230 472 3435 544 templi,
3470 482 3531 528 ut
3564 475 3803 545 praeobt-

528 583 649 642 tp.50
672 571 975 644 regnabant
1002 569 1055 625 in
1084 568 1278 623 s'ecula
1305 567 1644 625 saeculorum.
1675 567 1865 621 Amen.

1089 658 1370 714 I‘IOMILIA
1407 657 1560 713 CVII.

807 767 864 807 ιι(
888 765 1088 806 ῩΙΟΠᾸᾹ
1125 764 1311 811 8ΑΝοΤΙ
1351 764 1510 802 PETRI
1547 761 1832 802 APOSTOLI.

883 839 1071 895 Lectio
1105 841 1334 893 Actuum
1373 835 1759 906 apdstolornm.

600 933 668 988 In
714 932 896 987 diebus
936 930 1043 984 illis
1091 929 1281 983 Petrus
1321 938 1370 980 et
1411 927 1643 981 Joannes
1688 927 2032 981 ascendebant
2065 928 2120 980 in

525 1025 775 1095 templum
801 1023 870 1077 ad
898 1023 1082 1076 horam
1109 1021 1363 1074 orationis
1395 1036 1604 1080 nouant,
1636 1027 1738 1073 etc.

594 1114 652 1168 In
678 1112 908 1169 lectione
933 1111 1163 1166 Actuum
1191 1110 1557 1180 apostolorum
1589 1124 1708 1178 qua:
1739 1123 1883 1163 nunc
1912 1108 1983 1162 ob
2011 1123 2122 1163 me-

525 1207 754 1262 moriam
773 1206 1060 1260 beatorum
1089 1202 1454 1272 apostolorum
1479 1200 1617 1255 lecta
1645 1210 1747 1262 est,
1767 1217 1996 1270 quorum
2021 1215 2117 1255 nos

521 1272 683 1352 hodie
712 1294 956 1350 natalitia
985 1293 1293 1348 venerando
1323 1290 1704 1362 praevenimus,
1732 1291 1958 1345 audistis
1985 1291 2115 1344 cha-

522 1387 725 1443 rissimi
756 1385 932 1449 nobis,
962 1384 1172 1449 Petrus,
1203 1384 1396 1452 inquit,
1425 1392 1474 1437 et
1497 1383 1730 1438 Joannes
1768 1384 2120 1437 ascendebant

519 1473 946 1547 in'templuht‘ad
968 1475 1431 1530 horam'orati'onis
1454 1490 1668 1528 nonam.
1711 1474 1953 1544 Apostoli
1984 1476 2114 1529 hora

521 1570 677 1625 nona'
696 1567 952 1642 templum
969 1566 1213 1638 aingressi
1231 1605 1245 1632 ,
1274 1566 1461 1636 primo
1496 1566 1768 1630 claudum,
1799 1567 1992 1622 deinde
2018 1567 2115 1620 de-

520 1661 684 1718 bilem
701 1655 1002 1725 Sonabant,
1031 1658 1232 1714 deinde
1258 1659 1325 1712 ad
1353 1667 1642 1729 vesperam
1666 1672 1838 1727 usque
1862 1657 2118 1712 laboran-

521 1762 620 1818 tes,
655 1753 822 1806 multa
874 1751 1152 1805 hominum
1203 1748 1370 1803 millia
1407 1749 1574 1803 verbo
1612 1746 1733 1801 ﬁdei
1778 1746 2110 1802 imbuebant.

2225 584 2364 633 mus,
2396 569 2622 624 verbum
2671 569 2796 621 vita:
2841 565 3132 630 audiendo,
3180 565 3526 636 intelligendo
3569 565 3721 620 simul
3757 573 3807 620 et

2222 659 2512 728 operando,
2541 666 2595 711 et
2625 657 2691 711 ad
2723 656 3014 726 apostolos,
3039 655 3090 709 id
3118 665 3195 709 est
3233 656 3301 710 ad
3330 671 3516 710 eorum
3549 656 3805 726 exempla,

2221 763 2319 818 per
2358 747 2568 801 illorum
2601 754 2912 801 sanctorum
2960 761 3335 800 successorum
3379 747 3809 816 praedicationem

2224 836 2328 893 ﬁde
2379 837 2746 906 respeximus,
2800 842 2930 889 tunc
2972 835 3195 889 stabiliti
3241 843 3295 888 et
3341 836 3641 890 conﬁrmati
3692 847 3809 892 sunt

2222 943 2442 998 gressus
2492 928 2689 982 mentis
2740 934 2958 991 nostris,
2987 937 3049 980 ut
3087 928 3198 998 jam
3241 941 3346 981 non
3391 926 3809 982 claudicaremus

2221 1017 2453 1086 amplius
2474 1018 2526 1071 in
2548 1018 2632 1072 via
2661 1016 2979 1086 iniquitatis,
3005 1017 3096 1071 sed
3120 1018 3282 1072 rectis
3305 1017 3568 1072 bonorum
3593 1034 3807 1088 operum

2218 1106 2495 1174 gressibus
2519 1120 2614 1174 per
2643 1105 2743 1158 iter
2764 1103 2990 1172 justitite
3017 1104 3375 1160 ambulemus.

2293 1194 2364 1248 Et
2386 1194 2710 1265 apprehensa
2730 1193 2924 1248 Petrus
2944 1210 3106 1248 manu
3136 1194 3323 1248 dextra
3352 1196 3556 1260 claudi,
3575 1195 3812 1251 alienavit

2220 1300 2358 1338 eum.
2388 1282 2534 1339 Bene
2583 1299 2743 1352 quem
2771 1285 2940 1339 verbo
2963 1285 3141 1340 erexit
3168 1286 3332 1341 etiam
3377 1285 3569 1341 dextra
3591 1285 3811 1342 confor-

2223 1383 2318 1436 tat,
2343 1375 2469 1443 quia
2508 1389 2690 1429 sermo
2730 1375 2996 1439 docentis,
3025 1375 3078 1429 in
3123 1377 3285 1430 corde
3325 1377 3596 1431 audientis
3640 1378 3812 1432 minus

2220 1465 2386 1529 valet,
2416 1465 2461 1519 si
2511 1479 2616 1519 non
2656 1465 2822 1520 etiam
2867 1465 3098 1536 propria:
3139 1467 3368 1522 actionis
3412 1469 3812 1524 commendetur

2223 1555 2504 1625 exemplis.

2292 1645 2360 1698 Et
2403 1645 2626 1699 exiliens.
2641 1645 2807 1710 stetit,
2837 1651 2886 1698 et
2912 1644 3237 1711 ambulabat,
3268 1655 3319 1700 et
3343 1647 3554 1700 intravit
3578 1664 3695 1701 cum
3713 1648 3812 1702 illis

2219 1740 2275 1792 in
2321 1736 2590 1806 templum.
2623 1736 2767 1792 Ordo
2813 1736 3164 1806 perfectionis
3211 1745 3294 1791 est
3328 1737 3606 1808 egregius,
3641 1740 3808 1808 prium

519 1841 634 1898 Iloc
661 1851 716 1896 et
750 1841 802 1900 iu
834 1841 950 1909 ipso
977 1854 1078 1893 suo
1122 1846 1244 1893 actu
1289 1837 1585 1908 ﬁguraliter
1615 1852 1674 1892 se
1701 1852 1862 1908 agere
1894 1835 2114 1891 demon-
2145 1823 2190 1883 Β
2220 1829 2368 1884 illum
2415 1844 2700 1898 resurgere
2743 1832 2834 1901 qui
2873 1831 3140 1901 jacuerat,
3189 1832 3383 1887 deinde
3429 1833 3533 1888 iter
3576 1833 3813 1902 arripere

519 1933 788 1994 strabant,
804 1931 933 1998 quia
948 1929 1211 1996 Dominus
1235 1920 1419 1982 uoster
1436 1929 1898 1998 appropinquante
1925 1927 2112 1980 mundi

523 2021 632 2077 ﬁne
663 2021 716 2074 in
748 2021 892 2075 hunc
922 2019 1181 2073 mundum
1208 2019 1274 2072 ad
1320 2017 1607 2072 salvandos
1633 2031 1823 2072 omnes
1850 2016 1955 2071 sibi
1982 2031 2107 2070 cre-

518 2112 711 2170 dentes
757 2117 1001 2173 venerat,
1033 2118 1090 2164 et
1134 2110 1407 2180 apostolos
1453 2124 1579 2164 suos
1629 2109 1784 2179 quasi
1825 2108 1891 2161 ad
1939 2108 2110 2178 ipsam

516 2217 802 2272 vesperam
845 2201 1030 2255 mundi
1069 2215 1167 2269 per
1194 2209 1364 2255 totum
1394 2201 1582 2255 orbem
1613 2200 1681 2255 ad
1711 2198 2108 2254 multitudinem

518 2291 800 2348 hominum
831 2292 1125 2346 docendam
1154 2292 1368 2346 direxit.

590 2382 660 2436 Et
687 2383 901 2454 quidam
927 2384 1005 2437 vir
1024 2383 1113 2453 qui
1135 2392 1245 2436 erat
1276 2381 1496 2436 claudus
1517 2397 1581 2436 ea:
1595 2391 1744 2436 utero
1768 2381 1951 2435 matris
1977 2398 2107 2445 sum,

519 2473 861 2544 bajulabatur
885 2489 902 2525 :
924 2488 1075 2543 quem
1109 2471 1366 2540 ponebant
1391 2471 1624 2542 quotidie
1651 2471 1719 2524 ad
1747 2481 1952 2540 portam
1982 2480 2112 2524 tem-

519 2563 595 2635 pli
633 2580 750 2635 quae
777 2563 971 2616 dicitur
999 2561 1269 2632 Speciosa,
1302 2570 1357 2614 ut
1403 2569 1594 2631 peteret
1639 2560 2018 2630 eleemosynam
2043 2561 2106 2614 ab

518 2653 897 2708 introeuntibus
929 2653 983 2707 in
1027 2651 1295 2722 templum.
1335 2649 1488 2706 Hunc
1517 2665 1642 2706 cum
1666 2650 1890 2705 vidisset
1912 2649 2106 2705 Petrus

517 2758 644 2799 cum
688 2741 894 2798 Joanne
940 2741 1078 2797 dixit
1109 2759 1122 2796 :
1156 2741 1383 2812 respice.
1406 2741 1476 2796 At
1519 2741 1609 2797 ille
1637 2743 1876 2812 respexit
1910 2743 1963 2796 in
1991 2752 2106 2806 eos,

517 2848 742 2904 sperans
767 2847 825 2888 se
858 2831 1059 2902 aliquid
1087 2839 1434 2903 accepturum
1476 2832 1544 2887 ab
1571 2833 1671 2899 eis,
1696 2832 1772 2888 ait
1800 2843 1976 2888 autem
2007 2833 2109 2888 Pe-

516 2931 634 2978 trus
660 2942 672 2976 :

585 3013 872 3084 Argentum
896 3023 944 3067 et
969 3028 1162 3066 aurum
1193 3029 1298 3068 non
1326 3012 1518 3076 habeo,
1544 3013 1635 3067 sed
1656 3015 1796 3085 quod
1823 3015 2008 3078 habeo,
2038 3015 2104 3069 do

514 3107 605 3162 tibi
629 3120 646 3157 :
668 3106 724 3159 in
745 3106 951 3159 nomine
972 3103 1096 3158 Jesu
1121 3101 1315 3159 Christi
1336 3102 1607 3160 Nazareni
1625 3122 1780 3175 surge
1801 3115 1849 3160 et
1869 3085 2100 3160 ambulti.

517 3197 620 3265 Qui
649 3193 935 3252 confestim
974 3196 1228 3250 surrexit.
1260 3195 1318 3250 ln
1361 3195 1559 3251 claudo
1583 3197 1688 3252 isto
1716 3198 1760 3251 si
1790 3197 2102 3252 considere-

515 3302 638 3343 mus
653 3286 876 3357 mystica
893 3293 1234 3341 sacramenta
1248 3286 1624 3356 cognoscimus
1635 3295 1986 3357 praeostensa,
2002 3285 2105 3342 Per

517 3378 831 3450 Speciosam
858 3372 1068 3447 portam
1092 3378 1278 3448 templi
1302 3379 1391 3433 ubi
1417 3379 1520 3434 istc
1544 3379 1767 3434 claudus
1790 3381 2110 3452 satiabatur,

514 3467 880 3538 cvangelicam
900 3481 1186 3536 possumus
1207 3467 1506 3539 intelligere
1534 3469 1991 3538 prtedicationem,
2010 3486 2105 3539 per

515 3573 678 3628 quam
723 3557 978 3627 templum
1015 3557 1137 3624 Dei,
1170 3558 1225 3612 id
1253 3567 1338 3613 est
1373 3557 1572 3614 Christi
1600 3559 1843 3615 Ecclesia
1874 3562 2101 3630 spiritali

515 3640 915 3716 pulchritudine
960 3645 1267 3700 decoratur.
1314 3644 1374 3699 In
1412 3663 1515 3716 qua
1548 3648 1639 3716 qui
1679 3661 1857 3704 mente
1903 3649 2106 3704 debiles

515 3752 612 3808 per
643 3735 1013 3792 inﬁdelitatem
1053 3744 1107 3791 et
1148 3736 1510 3805 ignorantiam
1539 3740 1772 3793 nominis
1799 3739 2000 3796 Christi
2027 3742 2104 3796 si-

515 3829 626 3884 mul
647 3838 702 3884 et
727 3831 904 3885 anima
932 3830 1106 3886 claudi
1135 3842 1279 3897 sunt,
1306 3833 1600 3888 remedium
1623 3833 1812 3890 salutis
1834 3837 2106 3905 accipiunt

511 3935 612 3990 per
666 3919 1034 3990 evangelicam
1079 3920 1282 3976 Christi
1331 3923 1790 3992 praedicationem.
1863 3925 2106 3994 Denique

514 4010 769 4080 Speciosa
814 4010 904 4064 illa
945 4018 1103 4080 porta
1133 4010 1336 4080 templi,
1373 4026 1534 4080 quam
1564 4011 1800 4068 diximus
1829 4013 2100 4083 evangeli-

513 4115 634 4156 cam
687 4099 1123 4169 praedicationem
1172 4099 1416 4171 intelligi,
1466 4099 1713 4155 claudum
1761 4101 2007 4170 suscipit,
2049 4102 2102 4156 id

515 4197 601 4245 est
645 4187 972 4253 incredulos,
1019 4197 1072 4243 et
1103 4188 1372 4259 integrum
1423 4189 1618 4254 reddit,
1647 4190 1773 4244 dum
1804 4191 1871 4244 ad
1907 4206 2100 4260 perpe-

515 4291 662 4337 tuam
710 4280 997 4335 sanitatem
1044 4280 1238 4334 animae
1287 4278 1406 4335 illos
1447 4282 1863 4347 commovendo,
1908 4283 2103 4337 exhor-

517 4372 680 4427 tando
705 4379 758 4425 et
789 4372 1030 4426 docendo
1072 4372 1520 4440 perducit:sicut
1564 4372 1787 4428 claudus
1831 4375 1931 4429 iste
1979 4391 2100 4430 cum

2216 1920 2372 1975 bona:
2399 1922 2751 1990 operationis,
2783 1931 2838 1975 et
2873 1922 2951 1975 sic
2988 1921 3173 1976 aeterni
3221 1924 3370 1990 regni
3402 1921 3626 1990 januam
3654 1924 3809 1976 simul

2213 2025 2339 2066 cum
2369 2012 2572 2067 sanctis
2610 2011 2868 2081 apostolis
2912 2010 3136 2066 intrare.
3184 2011 3330 2071 Ideo.
3364 2012 3558 2067 fratres
3600 2014 3809 2068 charis-

2215 2101 2361 2166 simi,
2395 2101 2820 2171 quotiescunque
2846 2086 3280 2156 beatissimorum
3306 2101 3672 2172 apostolorum
3701 2118 3810 2156 me-

2215 2191 2845 2257 moriam’celebramus,
2899 2191 3280 2261 praetermissis
3327 2193 3581 2247 omni-bus
3631 2193 3808 2248 muli

2214 2284 2426 2339 actibus
2453 2285 2570 2338 sine
2598 2283 2778 2354 aliqua
2808 2282 3065 2338 dilatione
3103 2282 3369 2352 profectu
3389 2283 3656 2337 bonorum
3687 2298 3810 2352 ope-

2214 2390 2333 2428 rum
2377 2389 2598 2428 currere
2642 2374 2923 2434 debemus.
2959 2383 3016 2427 et
3042 2372 3267 2428 reddere
3303 2366 3409 2428 illis
3436 2373 3489 2427 in
3518 2371 3615 2428 Dei
3645 2373 3810 2447 laudi-

2212 2469 2314 2522 bus
2365 2467 2830 2525 honorilicentiam
2879 2467 3149 2530 debitam;
3202 2468 3292 2536 qui
3344 2467 3500 2522 nobis
3546 2478 3805 2522 mternam

2213 2557 2438 2612 salutem
2466 2572 2564 2627 per
2589 2556 2905 2612 elfusionem
2934 2557 3015 2611 sui
3046 2557 3323 2627 sanguinis
3345 2567 3694 2626 pepererunt,
3717 2571 3808 2627 qui

2213 2656 2421 2704 tantam
2469 2648 2701 2703 hostiam
2748 2648 2802 2702 in
2838 2649 3144 2718 semetipsis
3170 2664 3269 2718 pro
3310 2657 3495 2703 nostra
3547 2649 3806 2718 propitia-

2212 2739 2357 2793 tiorie
2381 2737 2607 2794 Domino
2633 2738 2963 2793 obtulerunt.
2988 2737 3298 2793 Praesertim
3330 2751 3452 2794 cum
3481 2740 3596 2809 ipse
3625 2740 3807 2795 Domi-

2213 2847 2315 2887 nus
2361 2832 2497 2886 dixit
2529 2832 2597 2886 ad
2627 2833 2747 2886 illos
2777 2852 2789 2886 :
2821 2832 2924 2898 Qui
2964 2849 3053 2887 vos
3088 2835 3333 2899 honorat,
3357 2851 3438 2887 me
3476 2835 3726 2902 honorat,
3759 2847 3805 2891 et

2208 2916 2415 2992 qui'vos
2443 2922 2662 2991 spernit,
2687 2938 2768 2976 me
2806 2923 3023 2991 spernit.
3058 2923 3312 2992 Quisquis
3337 2940 3467 2994 ergo
3499 2926 3682 2980 debita
3708 2943 3805 2982 ve-

2210 3011 2489 3066 neratione
2542 3012 2775 3066 honorat
2835 3013 3105 3082 apostolos
3153 3022 3207 3067 et
3259 3024 3527 3085 martyres
3575 3014 3806 3080 Christi,

2208 3101 2482 3158 Christum
2511 3103 2771 3166 honorat,
2801 3102 2971 3172 quem'
2994 3103 3182 3174 diligit,
3211 3113 3265 3158 et
3290 3121 3412 3159 cum
3441 3106 3573 3175 ipsis
3602 3109 3810 3164 sanctis

2209 3193 2465 3264 apostolis
2505 3201 2668 3263 atque
2700 3195 3030 3264 martyribus
3051 3195 3364 3271 ,_sii'nulque
3401 3212 3525 3252 cum
3552 3200 3815 3254 omnibus

2208 3291 2412 3349 sanctis
2475 3298 2693 3345 (eterna!
2745 3289 3094 3345 beatitudinis
3143 3291 3364 3361 praemia
3418 3301 3812 3362 consequetur,

2208 3382 2472 3454 largiente
2498 3383 2724 3439 Domino
2748 3391 2934 3438 nostro
2963 3381 3089 3440 Jcsu
3133 3384 3369 3449 Christo,
3402 3387 3488 3440 cui
3517 3396 3601 3441 est
3629 3389 3811 3443 honor

2213 3484 2268 3530 et
2295 3475 2464 3546 gloria
2493 3490 2593 3547 per
2618 3475 2940 3530 immortalia
2969 3476 3186 3533 satcula.
3215 3477 3410 3534 Amen.

2759 3585 3040 3641 IIOMILIA
3079 3585 3254 3652 CVIII.

2707 3672 2770 3711 IN
2807 3671 3027 3710 EODEM
3067 3672 3298 3713 FESTO.

2344 3747 2528 3802 Lectio
2549 3747 2721 3803 sancti
2747 3745 3021 3815 Evangelii
3051 3747 3344 3800 secundum
3367 3744 3658 3800 Joannem.

2276 3837 2342 3893 In
2368 3837 2458 3892 illo
2497 3850 2746 3906 tempore,
2771 3837 2906 3890 dixit
2935 3835 3094 3890 Iesus
3117 3834 3278 3890 Petro
3301 3849 3319 3889 :
3341 3833 3521 3908 Simon
3549 3835 3806 3895 Jo‘annis.

2204 3929 2379 3999 diligis
2414 3945 2495 3982 me
2527 3927 2643 3997 plus
2685 3925 2809 3981 his?
2834 3925 2974 3980 Dicit
3001 3927 3046 3980 ei
3073 3942 3089 3979 :
3113 3923 3312 3992 Etiam,
3342 3925 3584 3990 Domine,
3614 3935 3680 3979 tu
3707 3928 3812 3981 scis

2201 4020 2326 4090 quia
2358 4034 2478 4071 amo
2509 4026 2575 4070 te.

2274 4107 2540 4162 Virtutem
2575 4103 2732 4160 nobis
2755 4103 3051 4175 perfectam
3080 4104 3384 4159 dilectionis
3416 4118 3664 4175 praesens
3695 4105 3810 4161 Do-

2197 4198 2335 4252 mini
2375 4196 2545 4251 nostri
2584 4195 2935 4265 interrogatio
2975 4194 3233 4259 ostendit,
3262 4193 3501 4263 perfecta
3531 4195 3698 4249 enim
3731 4197 3812 4250 di-

2201 4286 2363 4342 lectio
2395 4293 2502 4351 cst,
2534 4301 2639 4355 qua
2662 4283 2951 4340 Dominum
2977 4300 3045 4339 ex
3090 4290 3205 4338 toto
3235 4285 3418 4350 corde,
3452 4291 3560 4338 tota
3587 4287 3813 4347 anima,

2203 4385 2313 4433 tota
2364 4377 2582 4441 virtute,
2615 4375 2921 4445 proximum
2966 4382 3147 4428 autem
3192 4382 3449 4443 tanquam
3499 4389 3599 4427 nos
3657 4376 3814 4446 ipsos

513 4471 658 4518 esset
718 4463 784 4517 ad
825 4461 1134 4532 Speciosam
1188 4471 1398 4531 portam
1456 4464 1641 4534 templi
1704 4466 1998 4535 respiciens
2046 4468 2100 4520 in
2132 4495 2180 4553 υ
2205 4466 2426 4536 diligere
2445 4463 2715 4532 iubemur,
2735 4472 2791 4518 et
2813 4472 3001 4518 neutra
3028 4463 3221 4516 harum
3248 4461 3465 4517 dilectio
3481 4462 3598 4517 sine
3627 4465 3812 4519 altera

516 4551 734 4606 Petrum
780 4557 835 4606 et
883 4548 1145 4606 Joannem
1185 4553 1392 4621 accepit
1451 4553 1757 4618 sanitatem,
1802 4555 1874 4609 ita
1911 4565 1965 4612 et
2006 4572 2103 4612 nos

515 4643 689 4698 claudi
735 4650 1024 4713 antequam
1066 4643 1374 4699 veniremus
1437 4645 1503 4700 ad
1551 4647 1882 4717 agnitionem
1939 4649 2099 4706 Chri-

515 4734 605 4797 sti,
632 4748 761 4787 vere
799 4731 973 4787 claudi
1008 4748 1248 4800 cramus,
1276 4735 1400 4803 quia
1450 4735 1502 4788 in
1550 4737 1636 4790 via
1686 4738 1909 4807 justitiae
1956 4740 2101 4796 clau-

516 4823 847 4884 dicabamus.
935 4821 1382 4878 Claudicabamus
1444 4833 1621 4880 autem
1689 4842 1795 4880 non
1861 4832 2102 4898 corporis

517 4927 724 4985 gressu,
756 4912 850 4967 sed
898 4911 1124 4967 internrc
1155 4914 1350 4968 mentis
1375 4929 1616 4970 excessu.
1665 4913 1765 4982 Qui
1804 4919 1946 4971 enim
1974 4920 2102 4975 alic-

502 5016 622 5056 nus
679 5008 762 5055 est
805 5016 836 5053 a
884 5001 988 5055 via'
1031 4998 1286 5068 iustitiae,
1347 5016 1378 5056 a
1436 5003 1522 5057 via
1573 5005 1856 5070 veritatis,
1915 5006 1966 5059 id
2015 5017 2100 5062 est

519 5109 548 5147 a
579 5092 682 5147 ﬁde
712 5101 765 5146 et
789 5092 1059 5162 agnitione
1082 5090 1282 5146 Christi
1308 5092 1426 5147 Filii
1456 5092 1550 5148 Dei
1579 5094 1706 5159 vivi,
1737 5095 1825 5149 hic
1854 5099 2098 5165 quamvis

521 5195 696 5240 rectos
724 5185 886 5252 pedes
919 5183 1160 5252 corporis
1189 5183 1404 5247 habeat,
1432 5193 1576 5239 totus
1604 5185 1824 5259 claudus
1852 5189 2100 5258 cst,quia

520 5283 700 5330 mente
727 5281 781 5328 et
810 5275 988 5328 anima
1008 5273 1289 5340 claudicat,
1318 5275 1421 5327 iter
1449 5274 1591 5328 enim
1618 5274 1738 5329 ﬁdei
1769 5291 1834 5330 ac
1854 5278 2097 5332 veritatis

520 5364 573 5418 in
600 5362 902 5417 obcditione
927 5371 1313 5432 praeceptorum
1333 5362 1554 5429 Christi,
1578 5347 1684 5420 non
1712 5367 1949 5435 gestibus
1979 5377 2096 5422 tan-

520 5464 632 5509 tum
659 5455 901 5524 corporis
926 5445 1328 5519 inceditur,'sed
1354 5454 1596 5523 gestibus
1622 5455 1817 5509 mentis
1849 5456 2090 5511 interna}.

521 5543 669 5601 Unde
697 5543 802 5599 non
830 5546 1046 5601 dubium
1075 5555 1189 5612 est,
1214 5547 1340 5617 quia
1369 5546 1566 5601 dudum
1605 5545 2038 5602 claudicabamus
2064 5564 2093 5602 a

515 5648 600 5687 vna
645 5634 890 5704 iustitiae,
917 5649 1038 5689 cum
1069 5649 1268 5691 veram
1312 5635 1452 5689 viam
1485 5633 1673 5689 salutis
1697 5649 1763 5688 ac
1786 5635 1909 5689 vita:
1939 5635 2095 5690 Chri-

519 5731 660 5779 stum
686 5727 964 5783 Dominum
991 5736 1230 5785 nostrum
1258 5727 1643 5789 nesciebamus.
1676 5725 1780 5781 Sed
1812 5737 1964 5795 postq
2007 5744 2092 5780 am

2204 4555 2345 4610 valet
2370 4568 2489 4609 esse
2511 4550 2770 4622 perfecta,
2793 4553 2918 4620 quia
2940 4567 3040 4606 nec
3060 4551 3201 4606 Deus
3225 4565 3352 4606 vere
3376 4551 3492 4606 sine
3519 4553 3809 4621 proximo,

2204 4662 2303 4701 nec
2332 4646 2447 4700 sine
2478 4645 2589 4699 Deo
2615 4658 2743 4698 vere
2772 4651 2948 4713 potest
2970 4642 3249 4712 proximus
3275 4643 3469 4697 amari.

2274 4735 2413 4789 Dicit
2434 4736 2484 4788 ei
2501 4748 2516 4784 :
2540 4731 2707 4793 Pasce
2721 4750 2883 4804 agnos
2898 4749 3057 4787 meos.
3084 4733 3161 4787 Ac
3173 4735 3216 4788 si
3231 4741 3417 4804 aperte
3431 4731 3672 4801 diceret,
3690 4736 3810 4790 htec

2203 4825 2315 4880 sola
2344 4833 2397 4880 et
2428 4840 2558 4879 vera
2599 4833 2683 4879 est
2707 4823 2952 4893 probatio
2988 4824 3181 4894 integri
3217 4825 3270 4878 in
3304 4823 3529 4879 Domino
3563 4827 3806 4889 amoris,

2204 4917 2403 4985 si'erga
2442 4915 2637 4981 fratres
2672 4915 2944 4970 studueris
2975 4929 3096 4968 cum
3142 4914 3500 4970 sollicitudine
3531 4930 3812 4972 exercere

2204 5003 2436 5058 labores.
2474 5003 2610 5059 Nam
2647 5005 2956 5073 quicunque
2999 5003 3154 5058 fratri
3198 5019 3332 5074 opus
3374 5005 3620 5074 pietatis,
3656 5008 3809 5076 quod

2206 5093 2363 5156 valet,
2391 5093 2697 5164 impendere
2721 5094 2961 5164 negligit,
2993 5095 3169 5149 minus
3183 5095 3414 5164 justo-se
3445 5095 3807 5153 conditorem

2204 5182 2424 5254 diligere
2449 5184 2704 5249 ostendit,
2733 5184 2886 5253 cujus
2917 5185 3167 5238 mandata
3198 5187 3251 5238 iu
3279 5188 3643 5242 sustentanda
3677 5203 3809 5258 pro-

2204 5273 2335 5326 ximi
2368 5276 2688 5329 necessitate
2715 5275 3025 5329 contemnit.

2276 5362 2411 5416 Dicit
2441 5364 2487 5416 ei
2508 5364 2729 5416 iterant:
2753 5363 2938 5419 Simon
2965 5364 3206 5432 Joannis,
3231 5383 3379 5420 amas
3402 5367 3523 5421 me?
3550 5368 3765 5424 Ait‘illi
3789 5385 3808 5423 :

2202 5453 2400 5520 Etiam,
2439 5455 2655 5509 Domine
2674 5495 2688 5521 ,
2715 5467 2772 5509 tu
2799 5459 2898 5511 sris
2923 5459 3046 5528 quia
3075 5475 3195 5513 amo
3219 5469 3286 5514 te.
3328 5459 3513 5516 Simon
3549 5478 3810 5532 namque

2201 5545 2460 5610 obediens,
2505 5546 2737 5602 Joannes
2782 5550 2978 5602 dicitur
3021 5550 3117 5603 Dei
3154 5552 3448 5625 gratianet
3495 5567 3810 5624 propterea

2199 5645 2347 5691 recte
2380 5637 2584 5706 primus
2612 5638 2971 5706 apostolorum
3000 5655 3121 5694 cum
3151 5624 3216 5695 de
3256 5624 3441 5695 amore
3469 5656 3574 5695 suo
3607 5642 3807 5712 requi-

2203 5727 2339 5781 ritur
2384 5725 2567 5782 Simon
2600 5727 2839 5794 Joannis,
2878 5729 2928 5784 id
2957 5742 3031 5784 est
3067 5729 3322 5786 obcdicns
3351 5731 3445 5788 Dei
3473 5733 3664 5802 gratia
3708 5747 3809 5786 vo-
