3946 6386
215 373 315 427 319

1280 376 1577 433 ΙΙΟΜῙΕΙᾹΞ
1610 375 1675 430 1N
1715 373 1958 432 EYANG.
2004 375 2090 430 ΕΤ
2129 377 2342 432 EPIST.

3365 375 3470 432 δῆο

217 498 389 553 catur,
417 496 478 547 ut
525 489 729 558 liquido
758 489 964 546 cunctis
995 490 1334 555 ostendatur,
1366 491 1468 544 hoc
1497 489 1639 558 quod
1679 503 1793 543 ma-
1822 492 1863 548 Α
1896 487 2044 542 lestis
2073 490 2219 543 verbi
2250 491 2626 559 praedicatione
2655 506 2886 545 cessare.
2919 491 3094 558 Quem
3111 501 3178 545 .ut
3204 504 3302 550 nos
3326 490 3465 550 ’ἰωί-

208 577 326 648 jore
350 595 462 648 prae
486 582 700 634 caeteris
723 579 1254 634 obedientia‘Domini
1273 579 1438 648 jussis
1455 579 1788 648 obsequitur,

211 671 353 736 quod
409 669 703 722 ardentiori
754 668 902 723 illum
951 669 1215 724 charitate
1262 669 1644 738 amplectitur,
1686 685 1790 723 non

211 754 435 812 liumani
488 759 696 823 meriti,
728 760 819 813 sed
850 759 1087 813 muneris
1131 759 1480 814 essedivini.
1529 757 1698 812 Cauta
1730 774 1794 813 ac

211 854 511 914 temperata
547 855 601 901 et
628 847 852 916 simplici
885 863 1013 902 voce
1049 848 1122 901 ait
1147 866 1159 900 :
1185 848 1439 911 Domine,
1463 858 1518 899 tu
1543 847 1642 900 scis
1668 847 1790 916 quia

210 953 327 989 ante
369 948 439 990 te.
481 937 632 1004 Quod
675 948 757 993 est
792 949 976 1007 aperte
1003 939 1212 1004 dicere,
1243 939 1356 1000 scio
1400 938 1616 1015 quidem
1666 938 1790 1005 quia

211 1026 326 1095 ipse
349 1036 422 1091 te,
455 1039 516 1083 ut
536 1038 591 1082 tu
615 1029 813 1085 melius
831 1030 989 1095 nosti,
1019 1030 1228 1098 integro
1253 1029 1414 1084 corde
1444 1029 1627 1100 diligo,
1653 1043 1789 1096 qua-

208 1117 331 1170 liter
354 1132 485 1171 vero
509 1126 561 1173 te
593 1118 682 1173 alii
729 1119 1116 1190 diligantmibi
1159 1119 1663 1188 quidenrignotum,
1697 1119 1790 1172 sed

208 1205 306 1259 tibi
336 1216 461 1262 sunt
488 1209 666 1262 omnia
694 1216 840 1263 nota.

279 1295 629 1349 Contristatus
654 1307 728 1350 est
744 1297 933 1351 Petrus
953 1298 1073 1367 quia
1095 1296 1227 1352 dixit
1247 1299 1292 1350 ei
1316 1295 1660 1360 tertio,Amas
1683 1297 1791 1350 me?

203 1397 254 1440 et
283 1388 408 1440 dicit
432 1387 510 1440 ei:
531 1388 770 1459 Domine,
800 1382 861 1440 tu
893 1388 1069 1441 omnia
1116 1390 1270 1452 nosti,
1311 1397 1367 1441 tu
1396 1389 1496 1442 scis
1524 1389 1651 1458 quia
1670 1404 1787 1441 amo

204 1489 277 1530 te.
313 1477 452 1531 Dicit
485 1480 570 1532 ei:
596 1477 759 1532 Pasce
805 1496 965 1549 agnos
1007 1497 1166 1538 notos.
1200 1480 1425 1534 Provida
1459 1489 1637 1533 autem
1668 1485 1784 1548 pie-

208 1574 321 1621 tate
351 1566 606 1622 Dominus
635 1568 794 1622 tertio
821 1569 1040 1624 Petrum
1071 1586 1136 1622 an
1165 1585 1222 1624 se
1251 1569 1436 1639 diligat
1471 1571 1782 1640 interrogat,

204 1664 267 1708 ut
301 1655 413 1725 ipsa
453 1657 592 1710 trina
630 1657 965 1714 confessione
1003 1659 1212 1713 vincula
1253 1675 1372 1728 qua:
1411 1659 1554 1712 illum
1587 1667 1666 1714 ter
1692 1675 1784 1714 nc-

205 1743 386 1811 gando
428 1744 679 1812 ligarunt,
724 1746 982 1799 absolvat.
1033 1746 1100 1800 Et
1157 1748 1367 1816 quoties
1408 1747 1625 1801 territus
1668 1745 1782 1813 ejus

1899 585 2075 630 tenmr
2121 577 2283 632 faciat
2313 579 2399 631 ille
2426 579 2517 646 qui
2552 594 2674 632 cum
2722 579 2881 634 Patre
2929 588 2984 636 et
3027 579 3230 648 Spiritu
3280 591 3469 645 sancto

1893 667 2022 721 vivit
2051 677 2104 721 et
2135 677 2322 738 regnat
2365 669 2523 732 Deus,
2552 683 2648 736 per
2685 669 2866 722 omnia
2903 669 3098 723 saecula
3121 667 3462 724 saeculorum.

1891 759 2083 812 Amen.

2452 847 2726 903 llOItllLlA
2776 846 2917 901 CIX.

2337 960 2387 998 IN
2415 961 2605 998 NA'I‘ALl
2633 958 2817 997 tﬂNCTl
2845 957 3022 995 PETRI.

2244 1035 2428 1088 Lectio
2463 1036 2688 1088 Actuum
2728 1031 3116 1101 apostolorum.

1961 1125 2026 1180 In
2056 1124 2234 1180 diebus
2259 1127 2380 1187 illis,
2415 1128 2552 1180 misit
2596 1114 2824 1179 Herodes
2854 1142 2946 1178 rex
2975 1139 3162 1178 manus
3186 1131 3243 1175 ut
3270 1124 3469 1194 aﬁlige-

1893 1225 1964 1267 ret
1982 1213 2239 1284 quosdam
2266 1216 2329 1268 de
2356 1214 2610 1274 Ecclesia.
2641 1223 2745 1268 etc.

1959 1305 2112 1360 Hunc
2143 1304 2405 1360 Herodem
2431 1303 2638 1358 Claudii
2669 1315 2913 1356 anno.....
2931 1299 3011 1353 sui
3036 1313 3164 1353 vero
3195 1297 3346 1369 regni
3373 1297 3464 1362 70,

1888 1398 1956 1452 ab
1984 1397 2184 1468 Angela
2211 1411 2523 1465 percussum
2547 1400 2738 1447 narrat
2764 1391 3006 1445 historia.

1960 1490 2162 1545 Occidit
2194 1500 2365 1542 autem
2394 1486 2648 1540 Iacobum
2670 1485 2885 1554 fratrem
2911 1482 3136 1539 Ioannis
3159 1479 3356 1550 gladio.
3393 1477 3471 1532 De

1889 1581 1990 1636 hoc
2031 1579 2228 1634 Iacobo
2257 1578 2506 1633 Clemens
2540 1577 2934 1631 Alexandrinus
2968 1575 3254 1632 historiam
3279 1588 3470 1642 quam.-

1887 1669 2245 1739 damdignaiu
2272 1668 2529 1722 memoria
2560 1666 2720 1737 refert
2747 1684 2758 1718 :
2790 1665 2853 1718 Et
2883 1666 2947 1727 is,
2975 1664 3172 1732 inquit,
3204 1664 3293 1729 qui
3320 1661 3459 1715 obtu-

1888 1757 2016 1810 lerat
2032 1757 2205 1826 judici
2226 1755 2291 1806 ad
2314 1755 2620 1821 martyrium
2644 1752 2897 1805 Iacobum
2912 1751 3104 1805 scilicet
3127 1760 3296 1804 motus
3311 1752 3467 1802 etiam

203 1833 460 1900 passione
503 1848 560 1887 se
592 1832 739 1886 illum
786 1847 944 1889 nosse
988 1842 1304 1906 negaverat,
1356 1835 1516 1888 toties
1549 1834 1664 1903 ejus
1705 1851 1786 1889 rc-

1903 1844 2408 1915 lpse‘confessus-est
2447 1859 2500 1896 se
2536 1859 2644 1896 esse
2684 1839 3062 1894 Christianum.
3107 1839 3263 1892 Ducti
3293 1849 3468 1894 autem

205 1921 543 1974 surrectione
571 1929 861 1984 recreatus,
892 1921 1034 1989 quod
1076 1922 1224 1975 illum
1270 1928 1381 1976 toto
1420 1930 1564 1975 amet
1604 1923 1786 1985 corde,

204 2017 456 2064 testatur.
508 2009 612 2063 Sed
643 2012 744 2064 boc
774 2012 985 2078 pastori-
1016 2019 1098 2064 est
1127 2011 1232 2064 tito
1265 2011 1428 2066 corde
1475 2013 1783 2074 tenendum,

205 2107 269 2152 ut
298 2113 393 2153 eos
420 2099 615 2168 quibus
657 2108 872 2168 praeest,
905 2113 1011 2152 non
1040 2099 1193 2166 quasi
1235 2113 1360 2154 suos
1398 2093 1659 2168 pr0prios,
1693 2100 1788 2153 sed

206 2197 270 2242 ut
297 2188 507 2243 Domini
536 2190 858 2260 sui-gregem
886 2198 1117 2245 tractare
1140 2191 1461 2255 meminerit,
1479 2189 1632 2258 juxta
1659 2191 1787 2245 illud

203 2283 352 2351 quod
398 2282 556 2336 Petro
585 2282 782 2337 dicitur
806 2300 818 2336 :
845 2283 890 2336 si
920 2283 1095 2352 diligis
1137 2284 1243 2346 me,
1269 2299 1421 2350 pasce
1467 2298 1580 2336 oves
1625 2299 1784 2335 meas.

204 2372 374 2433 Meas,
400 2373 592 2440 inquit,
621 2388 724 2427 non
757 2379 905 2437 tuas;
939 2361 1204 2427 meas'tibi
1231 2388 1359 2427 oves
1387 2373 1789 2427 commendatus

203 2462 438 2522 scito,et
466 2463 562 2516 bas
589 2463 743 2530 quasi
776 2477 924 2516 meas
952 2464 1216 2533 regere,si
1241 2479 1324 2519 me
1351 2464 1586 2534 perfecte
1615 2481 1784 2532 amas,

205 2551 410 2615 recole,
439 2559 497 2604 ut
528 2566 701 2604 meam
740 2551 989 2606 videlicet
1027 2554 1076 2605 in
1106 2553 1184 2606 eis
1210 2554 1454 2622 gloriam,
1483 2569 1658 2608 meum
1689 2555 1787 2608 do-

205 2640 460 2701 miuimn,
497 2653 614 2692 mea
659 2653 763 2693 non
796 2648 884 2692 tua
912 2641 1127 2710 propria
1166 2657 1396 2710 qureras.
1428 2640 1651 2696 Dilectio
1675 2659 1787 2697 am-

203 2734 434 2803 pliorem
480 2749 640 2803 quam
688 2749 839 2789 amor
881 2737 1074 2790 retinet
1121 2737 1455 2805 qualitatem,
1482 2743 1537 2791 et
1565 2736 1684 2790 ideo
1711 2735 1789 2788 di-

203 2834 366 2879 eente
397 2825 623 2878 Domino
649 2843 662 2879 :
688 2823 867 2879 Simon
889 2825 1132 2890 Joannis,
1162 2825 1335 2895 diligis
1360 2841 1461 2889 me,
1492 2840 1598 2878 non
1629 2839 1791 2878 ausus

203 2926 292 2969 est
320 2915 512 2969 Petrus
539 2915 694 2968 fateri
721 2915 1021 2970 dilectionis
1043 2930 1100 2970 se
1128 2916 1325 2970 habere
1347 2929 1672 2978 mensuram,
1697 2913 1789 2967 sed

206 3007 488 3060 humiliter
518 3022 575 3061 se
607 3007 1123 3076 proﬁteturramare.
1160 3007 1416 3077 Superior
1448 3006 1590 3060 enim
1620 3003 1790 3057 amori

201 3096 434 3152 dilectio
461 3097 744 3166 reperitur.
778 3099 1016 3168 Denique
1047 3098 1199 3151 tertia
1227 3097 1584 3167 appellatione
1613 3095 1791 3150 Domi-

207 3203 319 3241 nus
371 3188 707 3257 iiitcrrogans
755 3187 992 3250 Petrum,
1019 3189 1142 3256 quia
1190 3202 1294 3242 non
1343 3189 1482 3242 sicut
1522 3186 1792 3255 prioribus

206 3277 424 3330 vicibus
465 3276 670 3329 duabus
699 3275 926 3339 dixerat,
957 3261 1152 3346 diligis,
1178 3276 1269 3330 sed
1295 3291 1442 3328 amas
1470 3288 1576 3338 me,
1599 3274 1791 3327 contri-

206 3376 379 3419 status
414 3376 487 3420 est
517 3364 728 3429 Petrus,
761 3381 858 3420 cur
885 3373 936 3418 et
963 3367 1012 3419 in
1041 3368 1200 3418 tertia
1232 3365 1652 3434 interrogatione
1684 3378 1787 3416 non

209 3457 411 3520 disci-it
459 3457 633 3526 diligis
666 3471 770 3518 me,
797 3457 888 3510 sed
933 3471 1081 3510 amas
1119 3472 1224 3518 me,
1254 3455 1398 3509 velut
1442 3465 1546 3508 nan
1587 3453 1696 3521 jam
1724 3451 1790 3505 de

209 3546 430 3599 sublimi
461 3547 646 3599 ordine
693 3545 1024 3609 dilectionis,
1057 3546 1150 3599 sed
1193 3546 1257 3600 de
1299 3543 1551 3598 inferiore
1594 3544 1794 3596 amoris

208 3636 386 3703 gratia
419 3644 812 3703 percunctatus.

290 3724 479 3785 Amen,
510 3740 657 3776 auten
701 3723 818 3775 dico
859 3723 988 3775 tibi:
1013 3738 1129 3775 cum
1159 3739 1292 3776 esses
1337 3722 1514 3789 iunior
1553 3723 1790 3791 einqebss

211 3826 286 3879 te,
309 3825 356 3868 et
383 3813 688 3867 ambulabas
714 3815 799 3866 ubi
825 3814 1057 3878 volebas;
1082 3831 1195 3868 cum
1227 3825 1396 3867 autent
1425 3815 1675 3878 senueris,
1699 3831 1792 3867 eat-

213 3907 397 3960 tendes
422 3898 619 3957 ‘manus
663 3914 779 3956 tuas
817 3914 864 3956 et
891 3904 1028 3956 alius
1052 3913 1098 3956 te
1125 3906 1322 3972 cinget,
1348 3913 1394 3956 et
1435 3903 1584 3955 ducet
1607 3919 1714 3972 quo
1739 3912 1792 3955 tu

214 4014 326 4051 non
370 3998 466 4049 vis.
514 3996 590 4048 Ac
620 3996 660 4046 si
693 4003 934 4062 patenter
969 3995 1111 4048 dicat
1157 4002 1357 4062 quanta
1403 4009 1489 4046 me
1533 3994 1796 4047 cbaritate

213 4089 429 4159 diligis;
462 4088 586 4141 hinc
614 4087 897 4156 aliquando
921 4085 1170 4156 probabis
1192 4101 1311 4139 cum
1336 4100 1431 4155 pro
1453 4086 1791 4154 parvulorum

215 4191 466 4232 meorum
496 4175 603 4227 vita
647 4189 813 4243 usque
842 4175 1158 4228 ad'mortem
1183 4172 1436 4229 certando
1464 4174 1791 4241 perveneris.

215 4268 289 4323 Et
329 4277 391 4321 ut
430 4267 503 4320 illi
548 4267 599 4320 in
629 4280 850 4335 corpore
894 4265 1098 4335 possint
1125 4273 1178 4320 et
1219 4272 1398 4318 mente
1447 4265 1795 4333 salvari,ipse

214 4365 490 4412 tormenta
514 4357 756 4424 corporis
786 4357 965 4409 omnia
1005 4371 1134 4424 quae:
1167 4355 1532 4408 adversarium
1559 4353 1797 4424 infligere

215 4447 381 4510 libet,
413 4445 535 4500 forti
561 4447 753 4500 mentis
781 4448 1081 4499 constantia
1113 4445 1390 4505 tolerabis,
1409 4446 1459 4498 in
1487 4447 1796 4499 extensione

214 4538 370 4599 enim
398 4551 648 4590 manuum
672 4536 986 4604 positionem
1016 4535 1376 4588 membrorum
1401 4534 1516 4602 ejus
1537 4535 1626 4604 qui
1651 4539 1796 4589 cruci

216 4634 344 4682 erat
392 4626 654 4694 aptandus
697 4617 946 4689 i'ﬁsinuat.
976 4623 1032 4676 ln
1067 4625 1329 4678 cinctioue
1360 4624 1602 4688 alterius,
1633 4625 1801 4694 impo-

213 4717 478 4773 sitionem
509 4715 842 4770 vinculorum
889 4715 1080 4784 quibus
1109 4731 1137 4768 a
1185 4724 1532 4784 persecutore
1555 4725 1671 4769 erat
1717 4734 1796 4769 ar-

215 4808 430 4863 cendus
475 4807 744 4874 exprimit.
781 4806 835 4860 In
881 4807 1037 4860 ductu
1072 4807 1388 4875 quo’nollet,
1418 4808 1802 4876 ipsam-mortis

215 4913 285 4952 ac
329 4896 597 4965 passionis
643 4898 988 4951 acerbitatem
1031 4897 1256 4958 indicat,
1304 4912 1463 4966 quam
1507 4897 1801 4966 corporalis

214 4991 344 5057 ejus
379 4986 660 5042 inﬁrmitas
686 4989 938 5042 horrebat
965 5007 976 5041 :
1007 4989 1158 5058 cujus
1187 4990 1348 5042 animi
1379 4988 1664 5047 infirmitas
1691 4989 1800 5057 spi-

216 5079 406 5136 ritalis
447 5080 608 5132 etiam
648 5079 868 5133 adversa
915 5094 1009 5148 pro
1052 5077 1279 5131 Domino
1305 5077 1586 5130 l:ctabatur
1611 5086 1800 5130 cuncta

217 5171 456 5227 sufferre
479 5186 490 5221 :
516 5183 622 5222 non
641 5169 783 5222 enim
809 5168 1133 5222 voluntatem
1163 5182 1333 5230 suam,
1358 5166 1452 5220 sed
1474 5166 1802 5220 voluntatem

217 5260 506 5331 quzerebat
532 5258 648 5325 ejus
673 5258 763 5325 qui
792 5258 936 5310 misit
958 5271 1078 5310 eum
1109 5254 1325 5310 Christi.

294 5367 420 5424 Hoc
451 5366 800 5429 autemvditrit,
830 5365 1126 5434 signiﬁcans
1153 5380 1255 5433 qua
1295 5372 1456 5415 morte
1486 5361 1805 5429 clari/iratu-

218 5483 318 5520 ωε
346 5473 479 5517 esset
504 5461 692 5514 Deum.
724 5457 1046 5512 Clariﬁcavit
1070 5457 1262 5526 quippe
1290 5455 1480 5509 Petrus
1511 5464 1682 5508 morte
1709 5469 1803 5507 sua

216 5554 426 5617 Deum,
454 5549 669 5620 quando
717 5547 816 5600 hoc
837 5545 1057 5612 judicio,
1086 5553 1343 5613 quantum
1378 5526 1514 5596 Deus
1544 5550 1686 5595 esset
1710 5556 1804 5594 co-

219 5643 422 5699 lendus
484 5637 854 5702 amandusque
915 5634 1269 5694 monstravit,
1317 5632 1442 5685 dum
1499 5629 1613 5699 ipse
1680 5629 1803 5682 data

218 5733 448 5803 optione
474 5729 658 5784 mallet
687 5725 866 5782 crucis
894 5725 1071 5780 subire
1101 5731 1420 5780 tormentum
1452 5737 1609 5778 uuam
1635 5737 1662 5774 a
1697 5734 1803 5775 cm-

1822 4489 1874 4547 D

1887 1945 2006 1990 sunt
2042 1935 2190 1989 ambo
2216 1939 2425 2004 pariter
2449 1934 2516 1986 ad
2551 1932 2890 2001 supplicium,
2921 1942 2966 1985 et
2997 1947 3114 1984 cum
3157 1930 3470 1984 ducerentur

1885 2027 1940 2078 in
1981 2025 2060 2078 via
2091 2026 2285 2093 rogavit
2313 2022 2572 2079 Iacobum
2597 2023 2716 2074 dari
2741 2023 2837 2074 sibi
2874 2021 3243 2075 remissionem.
3288 2018 3470 2073 Atille

1885 2129 2165 2183 parumper
2187 2111 2501 2176 deliberans,
2525 2129 2629 2181 pax
2658 2112 2768 2175 tibi,
2797 2111 2986 2179 inquit,
3019 2119 3064 2162 et
3095 2116 3362 2165 osculatus
3391 2117 3466 2162 est

1885 2219 2026 2265 eum,
2061 2212 2106 2254 et
2142 2203 2213 2254 ita
2243 2202 2395 2255 ambo
2418 2201 2575 2256 simul
2599 2203 2764 2270 capite
2797 2201 2935 2269 plexi
2957 2211 3096 2253 sunt.

1971 2287 2156 2342 Videns
2186 2301 2356 2342 autem
2381 2291 2504 2359 quia
2526 2290 2748 2358 placeret
2773 2289 2995 2351 Iudwis,
3021 2289 3258 2358 apposuit
3283 2305 3466 2359 apprc-

1887 2377 2108 2431 hendere
2158 2377 2391 2432 Petrum.
2423 2376 2585 2442 Quem
2636 2395 2753 2430 cum
2793 2379 3205 2447 apprehendisset
3247 2377 3383 2431 misit
3414 2379 3470 2431 in

1887 2484 2170 2531 carcerem,
2194 2477 2296 2522 etc.
2328 2467 2782 2534 Quemadmodum
2809 2476 3027 2521 sanctus
3053 2467 3244 2522 Petrus
3273 2467 3471 2520 missus

1887 2557 1956 2613 sit
2001 2560 2053 2612 in
2108 2571 2380 2612 carcerem
2430 2555 2624 2625 ligatus
2670 2555 2876 2608 duabus
2906 2555 3130 2620 catenis,
3158 2562 3212 2609 et
3239 2554 3467 2608 traditus

1887 2659 2118 2718 quatuor
2144 2646 2582 2717 quaternionibus
2627 2644 2876 2710 militum,
2915 2654 2970 2698 et
3017 2643 3468 2714 quemadmodum

1890 2741 2011 2794 inde
2059 2739 2316 2792 liberatus
2345 2737 2416 2790 sit
2439 2750 2534 2806 per
2563 2734 2807 2804 angelum
2857 2733 3094 2794 Domini,
3132 2732 3335 2786 audivit
3372 2745 3471 2800 per

1889 2833 2132 2887 ordinem
2159 2831 2372 2885 dilectio
2397 2839 2592 2883 vestra.
2623 2827 2813 2882 Missus
2837 2841 2962 2897 ergo
2995 2828 3047 2880 in
3084 2840 3355 2880 carcerem
3388 2834 3473 2878 est

1889 2932 2110 2978 sanctus
2150 2921 2341 2974 Petrus.
2384 2933 2544 2972 causa
2586 2917 2817 2972 nominis
2853 2917 3052 2972 Christi
3081 2955 3096 2981 ,
3123 2915 3218 2971 sed
3253 2917 3470 2984 pinnam

1890 3011 2127 3067 carceris
2179 3011 2400 3063 horrere
2446 3022 2551 3061 non
2602 3015 2831 3076 poterat,
2858 3006 2948 3074 qui
2994 3007 3108 3074 ipse
3157 3005 3210 3058 in
3254 3017 3473 3057 carcere

1894 3100 2149 3168 teaplum
2189 3098 2282 3151 Dei
2312 3107 2446 3150 erat.
2477 3096 2697 3166 Ligatus
2725 3104 2840 3148 erat
2884 3096 3090 3148 duabus
3121 3093 3346 3155 catenis,
3376 3091 3470 3145 sed

1895 3199 2112 3246 catenas
2143 3187 2428 3242 criminum
2470 3185 2520 3237 in
2553 3185 2666 3252 ipso
2703 3199 2917 3237 carcere
2946 3198 2974 3235 a
3005 3181 3349 3236 credentibus
3372 3178 3470 3231 de-

1894 3279 2157 3355 trahebat.
2212 3275 2622 3331 Custodiebatur
2669 3291 2697 3327 a
2746 3283 2975 3342 quatuor
3026 3270 3470 3341 quaternionibus

1893 3372 2144 3433 militum,
2177 3369 2229 3422 id
2257 3377 2337 3422 est
2361 3384 2389 3420 a
2420 3366 2672 3428 sedecim,
2702 3366 2838 3419 sicut
2878 3365 3020 3418 enim
3055 3363 3300 3419 centurio
3345 3376 3471 3415 cen-

1894 3472 2028 3526 tum,
2056 3461 2128 3514 ita
2161 3459 2442 3527 quaternio
2470 3456 2535 3510 1V
2564 3457 2660 3508 sub
2696 3469 2753 3507 se
2785 3453 2980 3506 milites
3031 3450 3190 3505 habet
3216 3470 3229 3502 :
3256 3449 3344 3505 sed
3373 3449 3472 3505 sub

1893 3553 2006 3620 ipsa
2037 3548 2279 3604 custodia
2327 3554 2556 3620 quatuor
2589 3541 2882 3612 Evangelia
2900 3541 2964 3594 ad
3005 3541 3162 3594 ﬁdem
3209 3539 3473 3593 venienti-

1893 3644 1992 3696 bus
2038 3638 2363 3692 insinuabat.
2412 3635 2522 3689 Nec
2572 3635 2860 3686 humanam
2911 3631 3206 3685 custodiam
3261 3639 3472 3698 puterat

1894 3732 2114 3791 timere,
2144 3727 2234 3795 qui
2271 3725 2449 3779 divina
2495 3723 2733 3778 custodia
2779 3722 3108 3775 servabatur.
3164 3717 3299 3772 Cum
3340 3727 3504 3793 ergo

1895 3804 2173 3888 diligenter
2215 3817 2403 3868 Petrus
2434 3812 2792 3869 custodiretur
2838 3810 2888 3862 in
2935 3824 3156 3863 carcere
3184 3823 3214 3861 a
3241 3817 3473 3876 quatuor

1893 3904 2335 3978 quaternionibus
2358 3903 2604 3964 militum,
2631 3900 2824 3970 ligatus
2848 3899 3052 3952 duabus
3074 3898 3297 3959 catenis,
3325 3898 3471 3949 venit

1895 3996 2113 4064 angelus
2142 3993 2345 4046 Domini
2373 3991 2439 4045 ad
2461 4005 2602 4052 eum,
2638 3996 2695 4041 ut
2721 3989 2920 4042 audivit
2949 3986 3162 4041 dilectio
3194 3997 3390 4050 vestra,
3417 3994 3473 4040 et

1895 4087 2104 4157 aperuit
2129 4086 2178 4140 ei
2202 4085 2393 4154 jauuas
2425 4081 2675 4144 carceris,
2707 4089 2759 4133 et
2789 4079 2860 4131 ait
2891 4077 2937 4131 ei
2969 4095 2978 4129 :

1969 4181 2136 4248 Surge
2177 4187 2222 4230 et
2271 4174 2392 4230 tolle
2438 4173 2789 4227 vestimentum
2849 4179 3018 4232 tuum,
3046 4178 3092 4222 et
3145 4169 3285 4235 operi
3325 4176 3394 4230 te,
3424 4177 3472 4219 et

1895 4273 2069 4328 calcea
2093 4282 2141 4326 te
2168 4269 2532 4329 calceamento,
2563 4275 2608 4318 et
2632 4266 2764 4326 veni,
2784 4279 2990 4332 sequere
3014 4279 3127 4325 me;
3159 4270 3210 4313 at
3240 4259 3326 4313 ille
3349 4276 3470 4312 sur-

1897 4378 2028 4432 gens
2069 4359 2392 4429 sequebatur
2420 4371 2562 4410 eum.
2605 4355 2671 4407 Et
2719 4367 2840 4406 cum
2885 4349 3216 4408 venisset-ad
3267 4356 3471 4416 portam

1903 4453 2130 4508 ferream
2156 4466 2275 4506 cum
2311 4447 2515 4519 angelo,
2538 4446 2718 4500 statim
2743 4445 2808 4497 ab
2832 4459 2888 4497 se
2914 4443 3096 4497 eadem
3118 4449 3266 4508 porta
3290 4450 3474 4508 aperta

1899 4554 1980 4600 est
2007 4545 2102 4600 eis.
2137 4541 2244 4597 Nec
2267 4541 2462 4594 mirum
2494 4537 2702 4601 sane,si
2729 4543 2914 4590 sancto
2940 4534 3096 4586 Petro
3121 4538 3271 4600 porta
3300 4529 3473 4583 ferrea

1901 4643 2090 4705 sponte
2119 4639 2298 4702 aperta
2326 4639 2404 4684 est
2428 4644 2441 4682 :
2465 4629 2552 4698 qui
2583 4635 2762 4696 portas
2789 4624 2898 4692 jam
2945 4621 3275 4676 iul‘e’rnorum
3304 4620 3356 4673 in
3382 4634 3476 4689 po-

1901 4737 2092 4783 testate
2135 4731 2445 4794 acceperat,
2488 4723 2697 4776 dicente
2745 4719 2970 4773 Domino
3018 4716 3084 4769 ad
3125 4731 3246 4769 eum
3273 4729 3285 4768 :
3316 4713 3390 4766 Tu
3419 4731 3474 4767 es

1903 4817 2088 4870 Petrus
2109 4824 2155 4867 et
2170 4813 2464 4882 superbam:
2475 4821 2672 4880 petram
2688 4807 2954 4876 mdiﬁcabo
2977 4804 3258 4858 Ecclesiam
3282 4819 3470 4866 meam,

1904 4917 1948 4961 et
1971 4916 2132 4975 porta'
2152 4903 2434 4970 inferorum
2465 4918 2564 4956 non
2589 4897 2932 4968 prarvalebunt
2960 4895 3022 4947 ei.
3059 4893 3124 4946 Et
3158 4909 3474 4962 quicumque

1904 4996 2141 5066 ligaveris
2163 5009 2316 5063 super
2334 5002 2547 5052 terram,
2570 4996 2715 5040 erunt
2747 4986 2904 5055 ligata
2931 4993 2977 5036 et
3009 4985 3061 5035 in
3094 4981 3236 5044 caelo,
3259 4993 3306 5033 et
3332 4998 3474 5052 quies

1906 5101 2103 5154 cunque
2130 5083 2339 5136 solveris
2370 5096 2522 5150 super
2551 5089 2741 5130 terram
2781 5083 2929 5128 erunt
2966 5072 3137 5126 soluta
3165 5081 3212 5124 et
3241 5071 3293 5123 in
3323 5069 3466 5124 cmlo.

1907 5175 1996 5228 lllc
2041 5189 2169 5243 ergo
2198 5180 2384 5226 sancto
2414 5169 2576 5224 Petro
2623 5171 2828 5236 portam
2875 5160 3103 5216 ferream
3146 5159 3348 5228 aperuit
3381 5173 3476 5226 qui

1908 5271 2092 5332 portas
2139 5260 2330 5314 inferni
2363 5257 2631 5328 patefecit.
2685 5254 2774 5308 llle
2817 5253 2882 5306 de
2912 5259 3083 5305 morte
3125 5249 3340 5303 Petrum
3369 5247 3476 5301 eri-

1909 5353 2042 5420 puit,
2068 5351 2157 5419 qui
2187 5358 2412 5402 mortem
2439 5348 2604 5416 ipsam
2634 5342 2847 5398 devicit.
2881 5340 2985 5394 Sed
3015 5337 3155 5407 quod
3181 5345 3306 5390 tunc
3331 5337 3474 5390 circa

1912 5453 2153 5497 sanctum
2210 5440 2426 5493 Petrum
2475 5435 2764 5492 secundum
2817 5433 3048 5485 litteram
3101 5435 3306 5499 gestum
3354 5434 3474 5491 est,

1910 5537 2053 5589 circa
2085 5548 2182 5586 nos
2216 5545 2429 5599 quoque
2458 5513 2691 5598 mystice,
2711 5523 2820 5594 geri
2850 5520 3219 5589 cognoscimus
3245 5516 3288 5570 si
3314 5513 3473 5568 ﬁdem

1911 5625 2052 5680 Petri
2090 5635 2396 5690 sequamur.
2445 5616 2642 5670 Smnus
2683 5613 2826 5667 enim
2857 5620 2909 5665 et
2947 5624 3043 5662 nos
3071 5608 3124 5660 in
3153 5607 3252 5660 hoc
3280 5601 3478 5657 mundo

1912 5709 2054 5773 velut
2099 5718 2150 5770 in
2197 5727 2409 5769 carcere
2455 5710 2746 5766 constituti.
2797 5706 2852 5762 Si
2903 5719 3030 5774 ergo
3061 5718 3088 5756 a
3121 5701 3227 5756 Deo
3271 5695 3476 5754 visitari
