3960 6362
514 373 613 429 35!

1148 366 1209 421 Β.
1249 361 1501 420 MBAN]
1538 358 1758 418 MAURI
1794 352 2114 413 A‘IlClllEP.
2160 348 2471 409 MOGUNT.
2506 347 2793 405 OPERUM
2830 345 3010 402 PARS
3043 346 3108 402 ll.

3679 347 3789 406 5'73

500 501 803 551 meremur,
831 484 1060 538 mittitur
1088 480 1154 535 ad
1180 494 1300 535 [nos
1346 478 1567 548 angelus
1607 474 1727 540 Dei,
1762 481 1815 528 et
1845 470 1976 527 dicit
2021 470 2086 523 ad
2119 446 2171 531 Α
2194 465 2287 536 qui
2315 479 2442 520 vero
2466 463 2807 517 divinitatem
2837 460 2953 531 ejus
2993 461 3331 532 intelligunt,
3364 475 3470 515 non
3511 460 3781 522 homines.

507 591 944 649 unumquemque
971 582 1210 630 nostrum
1235 571 1541 639 :Praecinge
1567 576 1617 621 te
1632 575 1685 622 et
1700 564 1880 619 calcea
1906 571 1959 617 te
1982 561 2091 616 cal—

509 670 805 729 ceamentis
835 668 941 721 tuis
971 675 1023 720 et
1050 666 1198 735 aperi
1232 673 1284 717 te
1311 662 1635 715 vestimento
1666 666 1755 711 tuo
1785 666 1840 711 et
1865 666 2091 722 sequere

508 780 615 821 me.
638 762 1023 833 Prmcingjmus
1045 760 1187 814 enim
1213 772 1330 822 nos,
1350 757 1393 809 si
1418 754 1628 808 lumbos
1653 749 1896 821 corporis
1920 748 2089 803 nostri

505 855 778 926 pudicitiae
823 852 1036 923 cingulo
1079 849 1504 910 circumdamus,
1546 846 1759 899 dicente
1788 839 2083 911 Apostolo:

419 988 427 997 .
507 930 628 1000 Sint
670 943 834 997 lumbi
881 941 1049 996 vestri
1101 940 1155 994 in
1203 939 1471 994 castitate.
1501 935 1817 991 Calceamus
1846 940 1899 986 et
1924 930 2089 1002 pedes

505 1034 801 1099 nostros,si
823 1046 1042 1104 gressus
1070 1030 1193 1084 vitae
1227 1036 1425 1082 nostrae
1452 1025 1735 1097 praeceptis
1766 1020 2090 1092 evangelicis

503 1143 571 1184 ac
608 1126 731 1181 ﬁdei
770 1124 1098 1187 muniamus,
1124 1132 1183 1177 ut
1217 1119 1395 1176 securi
1435 1118 1617 1188 spinas
1658 1122 2004 1187 peccatorum
2036 1119 2090 1166 et

503 1216 806 1286 iniquitatis
856 1195 1525 1269 tribulos'conculcemus.
1580 1204 1865 1275 Operimus
1904 1210 1958 1256 et
1990 1216 2088 1256 nos

500 1308 823 1363 vestimento
848 1312 1053 1370 nostro,
1080 1302 1126 1359 si
1152 1309 1357 1357 vestem
1387 1299 1534 1355 illam
1576 1295 1891 1367 nuptialem,
1924 1294 1976 1349 id
2004 1302 2088 1349 est

500 1396 731 1468 gratiam
778 1396 1027 1466 baptismi
1077 1397 1340 1466 integram
1391 1398 1777 1448 conservamus
1814 1390 1867 1443 in
1910 1387 2082 1444 nobis.

502 1486 561 1543 Si
606 1488 721 1543 huic
764 1488 948 1556 itaque
999 1485 1225 1541 fideliter
1271 1483 1619 1553 impleamus,
1658 1480 1843 1535 statim
1894 1478 2089 1534 cadent

500 1587 707 1634 catenas
752 1577 817 1632 de
857 1576 1106 1631 manibus
1138 1576 1363 1633 nostris.
1398 1574 1450 1628 id
1480 1580 1563 1627 est
1594 1578 1799 1626 catenae
1842 1576 2088 1638 peccato-

500 1685 643 1735 rum,
669 1670 865 1739 quibus
888 1668 1165 1723 constricti
1188 1676 1241 1721 et
1262 1665 1495 1736 colligati
1525 1663 1815 1719 secundum
1847 1661 2085 1715 animam

499 1762 837 1816 tenebamur.
890 1758 996 1814 Sed
1044 1774 1145 1812 nec
1197 1757 1357 1811 aliter
1412 1756 1477 1811 de
1520 1768 1759 1818 carcere,
1788 1752 1842 1807 id
1889 1758 1973 1807 est
2016 1750 2083 1805 de

2194 555 2290 611 sed
2321 554 2395 608 dii
2419 553 2774 623 appellantur.

2262 649 2328 701 At
2345 647 2422 701 illi
2443 648 2685 701 dixerunt
2703 660 2719 697 :
2736 646 2839 698 Alii
2860 644 3120 699 Joannem
3142 642 3454 713 Baptistam,
3473 640 3565 695 alii
3584 642 3784 708 Eliam,

2192 740 2284 793 alii
2326 755 2444 794 vero
2486 738 2792 803 Jeremiam,
2820 747 2928 790 -aut
2972 754 3133 791 unum
3174 753 3238 789 ea:
3276 737 3559 806 prophetis.
3617 734 3787 790 Miror

2190 831 2448 901 quosdam
2492 830 2814 898 interpretes
2849 844 3042 883 causas
3080 844 3324 882 errorum
3368 828 3644 896 inquirere
3672 826 3784 879 sin-

2190 922 2438 992 gulorum
2459 931 2514 976 et
2533 921 2951 992 disputationem
2978 921 3346 992 longissimam
3378 927 3589 983 texere,
3613 930 3785 986 quare

2192 1013 2475 1067 Dominum
2525 1023 2770 1067 nostrum
2823 1010 3007 1067 Jesum
3055 1012 3353 1075 Christum,
3384 1008 3474 1063 alii
3516 1007 3783 1063 Joannem

2187 1111 2537 1175 putaverunt,
2566 1103 2655 1157 alii
2700 1103 2895 1165 Etiam,
2920 1103 3008 1156 alii
3052 1100 3366 1163 Jeremiam,
3398 1106 3491 1153 aut
3522 1114 3689 1152 unum
3714 1111 3785 1153 ex

2186 1193 2484 1264 prophetis,
2510 1208 2630 1247 cum
2662 1194 2741 1248 sic
2766 1208 2951 1247 errare
2997 1174 3272 1262 potuerint
3304 1192 3358 1245 in
3401 1190 3514 1243 Elia
3545 1199 3601 1243 et
3631 1186 3785 1243 Jere-

2187 1283 2613 1353 mia,'quomodo
2657 1282 2896 1337 Herodes
2942 1283 3142 1337 erravit
3191 1283 3244 1335 in
3293 1281 3501 1337 Joanne
3550 1279 3778 1334 dicens:

2187 1386 2347 1440 quem
2374 1387 2476 1443 ego
2504 1372 2760 1428 decollavi
2790 1372 3055 1427 Joannem
3082 1373 3196 1443 ipse
3218 1372 3456 1428 surrexit
3475 1386 3507 1425 a
3527 1370 3781 1442 mortuis,

2185 1471 2241 1517 et
2267 1463 2491 1519 virtutes
2521 1474 2818 1534 operantur
2848 1464 2902 1518 iu
2930 1464 3041 1517 illo.

2270 1574 2368 1631 Vos
2398 1587 2570 1631 autem
2597 1594 2748 1649 quem
2772 1593 2853 1631 me
2879 1592 2988 1631 esse
3024 1576 3240 1631 dicitis?
3268 1575 3552 1646 Respondit
3593 1575 3785 1631 Simon

2188 1664 2379 1721 Petrus
2402 1680 2418 1718 :
2439 1665 2515 1720 Tu
2536 1683 2588 1720 es
2611 1664 2851 1720 Christus
2880 1664 3049 1720 Filius
3066 1665 3163 1720 Dei
3182 1668 3303 1720 vivi.
3325 1666 3568 1720 Prudens
3591 1666 3786 1730 lector.

2187 1759 2403 1813 attende
2424 1758 2569 1829 quod
2613 1774 2678 1815 ex
2726 1758 3180 1827 consequentibus
3213 1767 3467 1826 textaque
3510 1758 3785 1813 sermonis

498 1852 685 1907 mundi
713 1848 869 1918 hujus
894 1862 1079 1904 errore
1098 1849 1328 1903 evadere
1354 1859 1661 1915 possumus,
1679 1843 1783 1898 nisi
1804 1858 1833 1896 a
1859 1841 2082 1896 Domino

2191 1851 2417 1922 apostoli
2466 1866 2808 1921 nequaquam
2860 1851 3131 1917 homines,
3170 1852 3265 1906 sed
3315 1851 3387 1905 dii
3419 1851 3782 1920 appellentur.

497 1954 597 2011 per
627 1939 875 2009 angelum
899 1937 1199 1991 visitemur.
1220 1936 1509 2007 Aperietur
1535 1934 1686 1989 nobis
1708 1938 1864 2003 porta
1886 1932 2080 1998 ferrea,

500 2029 556 2085 id
580 2037 664 2083 est
692 2037 846 2099 porta
868 2027 1078 2093 mortis,
1106 2035 1160 2081 et
1185 2040 1345 2096 pmna
1368 2040 1528 2094 quam
1557 2024 1729 2079 Filius
1752 2024 1844 2079 Dei
1876 2023 2084 2094 passio-

498 2120 585 2177 nis
616 2136 727 2177 sua:
753 2120 955 2175 virtute
983 2120 1318 2175 comminuit.
1360 2119 1425 2173 Et
1454 2128 1579 2173 tunc
1609 2118 1857 2173 venimus
1891 2116 1958 2171 ad
1994 2117 2087 2171 do-

499 2228 647 2267 mum
694 2212 890 2285 Mariae
910 2210 975 2265 ad
1008 2209 1299 2263 Ecclesiam
1338 2208 1559 2271 Christi,
1598 2208 1686 2260 ubi
1718 2206 1883 2260 Maria
1912 2213 2087 2260 mater

501 2304 711 2360 Domini
742 2304 981 2367 habitat,
1012 2311 1065 2356 et
1095 2302 1202 2356 illic
1224 2301 1461 2355 occurrit
1488 2300 1641 2354 nobis
1663 2298 1839 2368 puella
1868 2299 2086 2353 nomine

498 2394 697 2450 llrode.
725 2393 1120 2449 Convenienter
1146 2400 1323 2445 autem
1349 2388 1654 2458 hujusmodi
1683 2403 1877 2443 nomen
1908 2386 2087 2442 Ilrode

497 2484 688 2541 salutis
710 2493 910 2539 nostra:
937 2482 1253 2553 mysterium
1288 2487 1389 2535 est.
1419 2479 1595 2535 llrode
1619 2478 1763 2533 enim
1793 2478 2085 2533 secundum

497 2578 733 2637 litteram
764 2574 1007 2631 Graecam
1040 2588 1161 2629 rosa
1187 2581 1546 2641 nuncupatur.
1581 2571 1933 2626 Venieutibus
1958 2584 2087 2641 ergo

499 2668 653 2724 nobis
684 2666 750 2720 ad
779 2666 997 2720 domum
1032 2665 1210 2720 Maria:
1238 2662 1417 2718 llrode
1446 2661 1702 2726 occurrit,
1738 2662 1791 2717 id
1834 2669 1917 2717 est
1960 2675 2089 2715 conc

497 2760 737 2833 gregatio
763 2765 1075 2813 sanctorum
1096 2773 1216 2826 qua:
1241 2756 1500 2827 sanguine
1525 2762 1825 2825 martyrum
1855 2753 2088 2823 glorioso

498 2852 645 2907 velut
666 2866 787 2905 rosa
813 2850 1050 2921 pretiosa
1074 2848 1302 2918 refulget
1325 2848 1377 2901 in
1405 2847 1621 2902 nomine
1642 2848 1839 2914 Patris,
1857 2855 1912 2901 et
1940 2846 2084 2911 Filii,

496 2949 553 3000 et
580 2940 814 3011 Spiritus
841 2940 1010 2995 sancti
1038 2939 1210 3010 gratia
1236 2937 1487 3007 baptismi
1522 2938 1768 3002 traditur,
1803 2952 1899 3007 per
1925 2952 2087 3009 quam

496 3030 857 3091 emundamur
878 3030 946 3085 ab
976 3028 1122 3085 omni
1146 3028 1305 3084 sorde
1331 3028 1559 3097 peccati,
1591 3036 1648 3081 ut
1678 3027 1861 3081 mundi
1890 3026 2090 3081 cilicia-

497 3141 639 3183 Inur.
668 3123 803 3192 Quia
839 3139 967 3196 ergo
999 3130 1201 3178 tantam
1231 3124 1379 3179 circa
1412 3140 1509 3179 nos
1536 3124 1631 3177 Dei
1659 3122 2085 3179 misericordiam

498 3206 956 3286 magnoscimus,
984 3222 1041 3268 ut
1090 3214 1291 3285 indigni
1338 3215 1406 3269 ad
1441 3223 1643 3270 tantam
1686 3215 1803 3285 ejus
1849 3216 2080 3285 gratiam

496 3305 945 3375 vocaremur,pie
985 3318 1052 3359 ac
1070 3302 1217 3374 justo
1244 3306 1298 3359 in
1331 3314 1621 3377 conspectu
1655 3306 1773 3376 ejus
1801 3306 1987 3362 vivere
2027 3315 2084 3362 et

496 3394 805 3451 conversari
833 3394 1111 3457 debemus,
1138 3400 1197 3447 ut
1230 3394 1285 3447 in
1311 3394 1543 3449 adventu
1588 3395 1704 3464 ejus
1746 3395 1929 3465 glorias
1974 3410 2082 3450 non

495 3500 619 3542 cum
649 3484 938 3538 immundis
979 3492 1033 3537 et
1074 3483 1254 3551 impiis
1282 3498 1495 3552 pmnas,
1526 3486 1619 3540 sed
1651 3500 1772 3540 cum
1797 3485 2003 3541 sanctis
2028 3494 2085 3541 et

494 3574 685 3633 electis
716 3573 831 3643 ejus
861 3574 1127 3645 promissa
1164 3575 1314 3645 regni
1340 3575 1574 3632 cmlestis
1606 3584 1661 3630 et
1689 3576 2080 3631 remuneratio-

496 3679 618 3722 nem
646 3665 771 3719 vitte
789 3673 1062 3735 perpetuae
1104 3680 1519 3735 consequamur,
1546 3681 1643 3735 per
1668 3666 1955 3722 Dominum
1983 3683 2081 3723 no-

493 3764 668 3812 atrum
687 3752 873 3809 Jesum
898 3754 1191 3819 Christum,
1216 3755 1306 3825 qui
1334 3770 1455 3809 cum
1482 3754 1589 3809 Deo
1617 3755 1776 3811 Patre
1800 3764 1855 3811 et
1876 3755 2078 3829 Spiritu

495 3854 685 3902 saneto
711 3844 843 3898 vivit
872 3855 927 3899 et
958 3854 1146 3915 regnat
1176 3845 1227 3900 in
1259 3860 1382 3900 vera
1410 3846 1615 3901 unitate
1643 3845 1806 3914 Deus,
1830 3860 1929 3918 per
1957 3862 2080 3903 om-

496 3935 587 3992 nia
621 3936 817 3991 sarcula
848 3936 1192 3993 saeculorum.
1225 3932 1419 3992 Amen.

1069 4025 1349 4083 HOMlLlA
1396 4027 1508 4083 CX.

1028 4132 1080 4171 IN
1131 4131 1307 4171 EODEM
1363 4133 1545 4174 FESTO.

601 4204 789 4262 Lectio
812 4206 984 4261 sancti
1011 4206 1286 4274 Evangelii
1317 4209 1607 4263 secundum
1633 4208 1968 4264 Matthzeum.

568 4298 635 4353 In
662 4297 753 4353 illo
794 4307 1021 4367 tempore
1043 4297 1175 4352 venit
1204 4297 1361 4352 Jesus
1387 4297 1441 4350 in
1469 4308 1643 4368 partes
1671 4296 1924 4353 Ctesarea:
1947 4297 2078 4352 Phi-

494 4391 645 4464 lippi.

2186 1943 2318 1999 Cum
2346 1945 2489 1998 enim
2521 1945 2769 2009 dixisset,
2800 1942 2964 2009 Quem
2995 1944 3175 1997 dicunt
3205 1944 3437 1998 homines
3474 1962 3584 1998 esse
3610 1944 3785 2012 filium

2184 2034 2450 2089 hominis?
2469 2032 2715 2102 subjecit,
2735 2032 2831 2088 Vos
2852 2044 3025 2087 autem
3048 2050 3199 2103 quem
3220 2050 3299 2089 me
3319 2050 3428 2087 esse
3443 2033 3619 2105 dicitjs
3638 2033 3787 2087 I’illis

2185 2124 2310 2192 quia
2339 2124 2583 2179 homines
2623 2132 2749 2179 sunt
2787 2125 3023 2178 humana
3054 2124 3419 2194 opinantibus,
3448 2138 3543 2178 vos
3587 2124 3680 2192 qui
3708 2125 3783 2180 dii

2185 2213 2341 2277 estis,
2371 2228 2531 2282 quem
2578 2228 2664 2267 me
2704 2212 3060 2267 existimatis?
3086 2212 3277 2293 Petrus
3305 2228 3369 2266 ex
3397 2227 3630 2293 persona
3660 2228 3783 2267 om-

2186 2302 2333 2356 nium
2378 2301 2744 2371 apostolorum
2788 2302 3100 2370 proﬁtetur,
3139 2311 3194 2354 tu
3228 2318 3279 2355 es
3315 2298 3554 2361 Christus
3604 2300 3785 2356 Filius

2186 2390 2283 2445 Dei
2327 2391 2442 2445 vivi.
2490 2390 2658 2444 Deum
2701 2391 2880 2445 vivum
2923 2391 3175 2460 appellat,
3204 2390 3270 2444 ad
3315 2392 3783 2460 comparationem

2185 2481 2406 2536 deorum
2452 2495 2639 2536 eorum
2688 2480 2782 2549 qui
2826 2488 3083 2550 putantur
3128 2480 3226 2544 dii,
3258 2480 3351 2534 sed
3396 2481 3593 2534 mortui
3629 2489 3782 2546 sunt,

2188 2571 2501 2637 Saturnum,
2530 2570 2739 2636 Jovem,
2769 2570 3044 2637 Cererem,
3072 2570 3329 2631 Liberum
3358 2580 3409 2626 et
3434 2580 3633 2626 cetera
3664 2572 3785 2626 ido-

2187 2665 2362 2721 lorum
2388 2672 2638 2735 portenta
2670 2662 3002 2733 significans.

2260 2776 2596 2847 Respondens
2615 2775 2651 2829 ,Ι
2656 2792 2793 2840 esus,
2821 2775 2953 2829 dixit
2975 2775 3021 2829 ei
3046 2791 3064 2829 :
3102 2774 3297 2829 Beatus
3324 2792 3399 2837 es,
3427 2773 3610 2830 Simon
3639 2775 3780 2830 Bar-

2178 2870 2331 2940 jona,
2357 2870 2480 2939 quia
2503 2884 2627 2921 caro
2654 2876 2701 2921 et
2730 2867 2942 2937 sanguis
2969 2883 3070 2919 non
3094 2866 3335 2920 reuelauit
3357 2852 3472 2930 tibi,
3500 2868 3589 2919 sed
3615 2864 3785 2921 Pater

2186 2974 2331 3013 meus
2356 2958 2443 3027 qui
2465 2965 2539 3010 est
2574 2956 2629 3008 in
2663 2955 2823 3009 ccelis.
2866 2956 3020 3020 Quod
3050 2970 3178 3009 caro
3217 2963 3271 3009 et
3296 2955 3514 3024 sanguis
3534 2955 3783 3011 revelare

2188 3066 2294 3103 non
2330 3050 2521 3119 potuit,
2564 3048 2614 3101 id
2637 3054 2739 3111 est,
2766 3047 3009 3101 doctrina
3042 3047 3296 3111 humana,
3346 3046 3579 3116 Spiritus
3603 3048 3783 3103 sancti

2112 3170 2158 3232 ρ
2189 3144 2359 3215 gratia
2412 3141 2832 3199 revelatum'est.
2882 3140 3022 3209 Ergo
3069 3154 3136 3193 ex
3170 3140 3505 3194 confessione
3549 3141 3782 3194 sortitur

2188 3230 2531 3295 vocabulum,
2589 3228 2733 3300 quod
2776 3228 3159 3283 revelationem
3200 3244 3266 3282 ex
3324 3227 3527 3297 Spiritu
3586 3238 3779 3285 saneto

2188 3320 2406 3385 habeat,
2458 3320 2609 3390 cujus
2663 3328 2717 3373 et
2762 3318 2903 3373 ﬁlius
2952 3318 3297 3388 appellandus
3333 3319 3422 3384 sit,
3501 3320 3777 3389 siquidem

2186 3396 2414 3482 Bai-jona
2462 3411 2516 3464 iu
2544 3411 2723 3479 lingua
2752 3418 2938 3463 nostra
2982 3419 3139 3465 sonat
3171 3410 3311 3465 ﬁlius
3338 3410 3617 3465 columbae.
3668 3410 3779 3477 Alii

2186 3502 2503 3571 simpliciter
2557 3501 2829 3569 accipiunt
2882 3501 3024 3568 quod
3072 3500 3282 3566 Simon,
3323 3502 3376 3556 id
3414 3510 3517 3567 est,
3580 3502 3781 3561 Petrus

2187 3591 2327 3646 ﬁlius
2351 3591 2421 3646 sit
2441 3589 2663 3645 Joannis
2682 3587 2833 3657 juxta
2863 3588 3083 3643 alterius
3119 3590 3219 3645 loci
3249 3591 3727 3663 interrogationem
3757 3611 3777 3649 :

2186 3679 2369 3737 Simon
2400 3679 2643 3742 Joannis,
2682 3678 2858 3749 diligis
2890 3696 2969 3733 me
2990 3679 3132 3745 Γριιὶ
3178 3681 3483 3749 respondit:
3522 3682 3772 3750 Domine,

2184 3780 2240 3825 tu
2278 3772 2419 3835 scis;
2447 3777 2501 3823 et
2540 3770 2721 3825 volunt
2764 3770 3083 3839 scriptorum
3139 3770 3268 3824 vitio
3311 3772 3663 3840 depravatum
3715 3782 3783 3829 ut

2183 3878 2280 3932 pro
2325 3860 2650 3930 Barjoanna,
2720 3858 2822 3915 hoc
2856 3868 2960 3925 est,
3036 3859 3177 3914 ﬁlius
3219 3857 3478 3925 Joannis,
3540 3863 3778 3934 Barjona

2182 3952 2439 4022 scripturn
2479 3951 2548 4005 sit
2601 3962 2706 4004 una
2752 3951 2990 4005 detracta
3037 3951 3257 4022 syllaba.
3332 3952 3537 4008 Joanua
3587 3964 3779 4011 autem

2184 4046 2571 4113 interpretatur
2603 4040 2815 4096 Domini
2846 4040 3038 4109 gratia.
3099 4040 3398 4112 Utrumque
3439 4052 3620 4099 autem
3672 4062 3779 4101 no-

2182 4150 2305 4190 men
2328 4133 2552 4205 mystice
2582 4130 2805 4201 intelligi
2835 4138 3030 4201 potest,
3062 4130 3209 4202 quod
3231 4141 3287 4188 et
3312 4124 3561 4190 columba
3588 4136 3776 4206 Spiri-

2183 4234 2291 4279 tum
2317 4232 2579 4287 sanctum,
2605 4232 2660 4277 et
2687 4224 2858 4293 gratia
2880 4222 2974 4277 Dei
2995 4224 3192 4278 donum
3222 4224 3483 4295 signiticet
3500 4230 3777 4299 spiritale.

2180 4315 2312 4370 Illud
2366 4328 2578 4383 quoque
2632 4312 2775 4382 quod
2827 4312 2923 4377 ait,
2974 4313 3098 4383 quia
3149 4330 3273 4368 caro
3316 4324 3367 4369 et
3405 4320 3624 4389 sanguis
3664 4338 3780 4379 non

2184 4402 2423 4457 reuelauit
2459 4401 2577 4467 tibi,
2620 4400 2923 4469 apostolica:
2972 4402 3268 4457 narrationi
3312 4416 3660 4474 comparatur
3710 4409 3777 4466 in

567 4483 843 4588 ιξιιίιίρριιε
878 4483 1000 4592 is”.
1027 4490 1111 4592 es"
1161 4481 1332 4537 frater
1357 4482 1627 4592 ωίίθΐῗσίετ
1760 4496 1882 4584 (μισ.
1911 4496 2077 4551 supra
2101 4534 2155 4592 Β
2183 4510 2288 4566 qua
2344 4496 2445 4558 ait,
2502 4494 2745 4548 continuo
2794 4511 2897 4549 non
2937 4498 3185 4565 acquievi-
3219 4500 3367 4551 carni
3407 4510 3455 4554 ct
3497 4504 3774 4571 sanguini,

496 4574 754 4639 diximus,
780 4573 1052 4630 tetrarcha
1075 4572 1264 4628 ltureze
1290 4572 1753 4628 etTrachonitidis
1772 4573 2073 4643 regionum,

498 4668 591 4737 qui
619 4666 671 4719 in
694 4666 954 4719 honorem
979 4663 1177 4718 Tiberii
1204 4663 1431 4718 Caesaris
1451 4663 1770 4727 Caesaream,
1790 4678 1909 4733 quae
1930 4679 2075 4718 nunc

500 4756 708 4813 Paneas
738 4754 953 4820 dicitur,
987 4754 1294 4823 appellavit,
1320 4764 1376 4809 et
1406 4765 1489 4810 est
1516 4756 1567 4809 in
1599 4755 1874 4826 provincia
1917 4754 2075 4810 Phas-

499 4849 656 4905 uicis.

570 4937 641 4991 Et
673 4936 1023 5003 interrogabat
1073 4934 1353 5005 discipulos
1381 4951 1499 4989 suos
1542 4935 1717 4989 dicens
1743 4952 1757 4989 :
1782 4935 1946 4999 Quem
1990 4934 2072 4987 di-

500 5038 621 5081 cunt
665 5028 897 5081 homines
923 5044 1031 5081 esse
1064 5029 1231 5096 ﬁlium
1280 5029 1545 5083 hominis?
1576 5029 1691 5084 Non
1728 5030 1884 5096 dixit,
1913 5046 2073 5099 quem

500 5134 587 5173 me
616 5118 800 5173 dicunt
842 5134 960 5174 esse
1000 5121 1262 5185 homines,
1290 5121 1382 5174 sed
1421 5122 1589 5189 ﬁlium
1623 5122 1865 5187 hominis,
1899 5139 1966 5177 ne
1992 5124 2075 5191 ja-

500 5218 709 5264 ctauter
740 5209 805 5262 de
831 5224 889 5263 se
918 5224 1157 5277 qurerere
1205 5198 1493 5265 videretur.
1529 5212 1594 5264 Et
1633 5220 1757 5265 uota
1788 5213 1931 5281 quod
1958 5216 2076 5269 ubi-

501 5313 711 5369 cunque
742 5299 999 5367 scriptum
1029 5310 1110 5355 est
1141 5302 1192 5354 in
1236 5299 1411 5355 Veteri
1442 5302 1786 5357 Testamento
1814 5305 1955 5360 ﬁlius
1982 5307 2078 5361 ho—

502 5388 679 5451 minis,
713 5389 764 5441 in
809 5388 1031 5443 llcbrzeo
1063 5391 1294 5459 positum
1332 5394 1401 5445 sit
1428 5392 1565 5447 ﬁlius
1604 5392 1811 5448 Adam?
1841 5396 2075 5464 illudque

500 5478 642 5548 quod
655 5477 711 5531 in
734 5479 939 5546 psalmo
952 5479 1194 5549 legimus:
1214 5480 1340 5534 Filii
1355 5483 1641 5549 hominum,
1660 5503 1919 5555 usquequo
1932 5486 2075 5555 gravi

502 5567 770 5621 corde?ln
796 5567 1018 5623 Hebraeo
1041 5571 1257 5633 dicitur,
1300 5572 1396 5638 ﬁlii
1422 5573 1609 5627 Adam.
1639 5575 1867 5629 Pulchre
1894 5584 2069 5628 autem

503 5658 817 5729 interrogat,
844 5677 995 5731 quem
1027 5662 1200 5714 dicunt
1226 5679 1335 5716 esse
1366 5665 1594 5717 homines
1625 5664 1793 5732 ﬁlium
1822 5664 2069 5731 hominis,

503 5749 626 5817 quia
656 5748 745 5817 qui
777 5750 839 5804 de
882 5751 988 5822 ﬁlio
1024 5751 1268 5807 hominis
1315 5754 1619 5822 loquuntur,
1646 5754 1888 5811 homines
1921 5768 2065 5823 sunt,

2180 4601 2398 4641 carnem
2453 4584 2525 4638 ibi
2570 4593 2625 4639 et
2648 4585 2959 4655 sanguinem
3012 4584 3225 4641 Judazos
3254 4596 3309 4641 et
3341 4587 3640 4645 Pharisaaos
3672 4608 3778 4648 vo-

2180 4678 2297 4732 lens
2325 4677 2569 4747 intelligi,
2607 4684 2666 4731 ut
2700 4678 2800 4733 hoc
2827 4666 3039 4749 quoque
3077 4680 3177 4733 sub
3204 4680 3308 4734 alio
3336 4694 3495 4735 sensu
3538 4682 3775 4740 demon-

2180 4777 2384 4823 stretur
2434 4769 2576 4836 quod
2632 4768 2680 4822 ei
2732 4781 2833 4819 non
2869 4782 2963 4835 per
2990 4769 3291 4822 doctrinam
3339 4769 3769 4843 Pharisaeorum,

2178 4859 2271 4913 sed
2322 4873 2420 4929 per
2449 4858 2542 4913 Dei
2590 4858 2818 4928 gratiam
2848 4858 3093 4914 Christus
3137 4860 3231 4915 Dei
3273 4859 3441 4916 Filius
3490 4862 3773 4922 revelatus

2177 4949 2265 5003 sit.

2248 5043 2317 5097 Et
2356 5060 2448 5112 ego
2492 5042 2607 5095 dico
2628 5044 2739 5095 tibi.
2784 5043 2921 5109 Quid
2956 5044 3039 5098 est
3087 5044 3227 5111 quod
3263 5046 3353 5106 ait,
3392 5044 3457 5097 Et
3504 5063 3593 5115 ego
3642 5049 3770 5104 dico

2178 5136 2293 5201 tibi,
2316 5135 2436 5205 quia
2475 5138 2530 5187 th
2578 5134 2782 5197 dixisti,
2815 5144 2870 5188 tu
2902 5152 2952 5188 es
2996 5135 3231 5189 Christus
3274 5134 3447 5189 Filius
3492 5136 3588 5189 Dei
3633 5143 3767 5205 vivi,

2178 5240 2233 5291 et
2260 5244 2357 5300 ego
2389 5228 2481 5282 tibi
2538 5244 2643 5281 non
2676 5242 2925 5281 sermone
2968 5240 3123 5279 casso
3172 5235 3226 5279 et
3273 5226 3473 5279 nullum
3522 5228 3771 5286 habente

2179 5332 2334 5384 opus,
2401 5318 2494 5370 sed
2543 5316 2662 5370 dico
2710 5316 2828 5379 tibi,
2868 5317 2993 5385 quia
3055 5329 3230 5369 meum
3266 5314 3499 5380 dixisse,
3555 5315 3771 5376 fecisse

2179 5412 2278 5457 ρει.

2252 5490 2389 5555 Quia
2432 5500 2486 5543 tu
2509 5508 2561 5545 es
2586 5489 2796 5555 Petrus,
2837 5501 2883 5544 et
2915 5508 3070 5559 super
3098 5493 3229 5545 hanc
3255 5504 3452 5563 petram
3477 5496 3768 5565 tcdiﬁcabo

2177 5579 2467 5635 Ecclesium
2522 5599 2712 5637 meam.
2778 5581 2925 5636 Sicut
2974 5581 3087 5651 ipse
3117 5581 3294 5636 lumen
3340 5583 3597 5653 apostolis
3657 5589 3763 5644 do-

2177 5670 2341 5733 navit,
2393 5680 2452 5725 ut
2480 5671 2657 5725 lumen
2701 5672 2883 5725 mundi
2913 5671 3264 5741 appellentur,
3289 5682 3343 5727 et
3385 5684 3583 5730 cratera
3638 5695 3767 5749 quas

2176 5776 2239 5815 ea
2272 5760 2494 5816 Domino
2522 5762 2695 5817 sortiti
2724 5772 2847 5817 sunt
2886 5762 3141 5818 vocabula
3246 5805 3259 5829 ,
3290 5765 3357 5818 ita
3482 5778 3533 5822 et
3566 5767 3757 5826 Simon
