3960 6342
184 430 284 486 $55

1270 420 1575 479 llOMlLIJ“.
1616 419 1682 475 IN
1725 414 1978 473 EVANG.
2017 414 2102 469 ΕΤ
2146 413 2361 470 EPIST.

3365 409 3471 467 εἴη

182 550 273 620 qui
306 546 563 602 credebat
615 558 825 615 petram
877 543 1171 607 Christum,
1228 540 1377 595 Petri
1436 539 1659 607 largitus
1690 542 1771 588 est
1800 533 1845 592 Α
1875 529 2092 584 indubia
2124 530 2235 583 oris
2260 526 2599 583 confessione
2628 527 2874 598 protulit,
2908 527 3251 599 inseparabili
3283 530 3465 584 cordis

182 654 401 694 nomen.
480 636 596 692 lloc
642 635 936 691 secundum
992 634 1364 702 metaphoram
1408 638 1578 700 petrae
1627 634 1773 682 recte

178 728 379 785 dicitur
427 727 501 790 ei,
583 724 854 795 aediﬁcabo
910 721 1200 776 Ecclesium
1260 735 1428 772 meam
1482 730 1644 785 super
1698 723 1771 776 te,

182 822 296 876 sive
330 838 487 890 super
538 820 673 873 hanc
711 827 932 886 petram,
976 815 1026 868 id
1056 822 1156 875 est,
1208 826 1372 880 super
1419 808 1567 863 illum
1613 819 1774 875 quem

182 914 344 967 modo
374 912 657 966 confessus
684 922 745 963 es
772 908 957 962 dicens
985 924 997 957 :
1026 904 1103 958 Tu
1125 920 1177 957 es
1198 901 1434 957 Christus
1466 897 1640 953 Filius
1675 896 1773 950 Dei

180 1003 324 1057 viri:
384 1005 498 1056 sive
554 1014 716 1069 super
768 999 909 1053 hanc
968 1005 1222 1066 petram,.
1266 1007 1427 1062 super
1474 986 1772 1044 confessio-

180 1108 309 1147 nem
350 1091 517 1147 Petri.

253 1182 324 1235 Et
368 1190 532 1252 parua
570 1179 726 1249 inferi
768 1196 872 1233 non
914 1175 1264 1248 prtevalebunt
1326 1173 1578 1227 adversus
1633 1185 1770 1223 eam.

179 1275 296 1346 Ego
323 1282 506 1343 portas
534 1272 689 1326 inferi
717 1271 845 1325 vitia
877 1284 1020 1333 reor,
1055 1276 1218 1336 atque
1240 1274 1485 1336 peccata,
1518 1262 1598 1317 vel
1626 1268 1775 1317 certe

180 1366 564 1421 haereticorum
608 1362 905 1427 doctrinas,
982 1374 1079 1429 per
1126 1372 1263 1428 quas
1316 1355 1479 1410 illecti
1528 1352 1775 1408 homines

179 1459 455 1514 ducuntur
491 1457 559 1511 ad
588 1464 871 1510 tartarum.
908 1450 1078 1508 Nemo
1120 1452 1299 1519 itaque
1334 1454 1485 1517 putet
1508 1447 1574 1501 de
1599 1451 1775 1499 morte

180 1550 314 1613 dici,
362 1548 506 1617 quod
545 1544 781 1616 apostoli
834 1542 1130 1599 conditioni
1171 1539 1366 1594 mortis
1406 1534 1633 1604 subjecti
1660 1547 1770 1588 non

180 1639 411 1702 fuerint,
450 1651 680 1709 quorum
709 1634 968 1706 martyria
1009 1632 1158 1687 videt
1216 1640 1522 1686 coruscare.

253 1731 323 1785 Et
368 1730 459 1785 tibi
486 1730 621 1783 dabo
651 1729 818 1783 claues
848 1727 992 1798 regni
1016 1724 1287 1787 caelorum,
1340 1730 1387 1777 et
1432 1719 1775 1792 quodcunque

166 1821 431 1892 vligaveris
469 1834 625 1889 super
659 1828 881 1883 terram,
936 1816 1031 1869 erit
1082 1814 1303 1885 ligatum
1334 1802 1397 1866 σε’
1426 1811 1483 1864 in
1514 1807 1677 1873 coriis,
1725 1815 1773 1861 et

1878 633 2009 673 cura
2061 618 2317 673 servavit.
2374 616 2575 687 Sicque
2620 617 2709 671 ﬁet
2747 628 2805 672 ut
2852 621 3007 674 nobis
3053 635 3213 689 supra
3256 628 3468 689 petram

1879 709 2001 764 ﬁdei
2049 726 2261 774 aurum,
2309 719 2610 780 argentum,
2656 709 2862 779 lapides
2889 712 3174 781 pretiosos.
3228 712 3333 766 hoc
3360 722 3467 776 est,

1877 800 2113 869 perfecta
2143 801 2405 855 virtutum
2434 815 2597 870 opera
2644 803 3080 857 construentihus
3123 802 3257 858 nihil
3298 803 3443 858 tribu

1878 892 2135 947 lationum
2178 892 2314 963 ignis
2352 892 2655 949 detrimenti
2683 892 2894 957 all‘erat,
2936 892 3067 946 nihil
3108 895 3464 948 tentationum

1877 983 2120 1037 turbines
2196 981 2539 1051 praevaleant,
2612 982 2737 1051 quia
2812 983 2992 1051 potius
3046 985 3465 1040 adversitatibus

1876 1076 2109 1145 probati,
2163 1074 2490 1145 accipiemus
2518 1089 2773 1129 coronam
2803 1074 2942 1136 Viue,
2996 1090 3157 1144 quam
3190 1074 3278 1130 ille
3304 1075 3463 1130 nobis

1878 1174 2003 1220 ante
2059 1165 2254 1221 saecula
2320 1166 2587 1236 promisit,
2657 1164 2748 1235 qui
2804 1166 2937 1219 vivit
2984 1174 3038 1220 et
3093 1174 3281 1235 regnat
3340 1179 3466 1221 cum

1876 1254 2037 1310 Patre
2082 1256 2135 1310 in
2182 1256 2389 1309 unitate
2420 1253 2654 1325 Spiritus
2703 1255 2897 1319 sancti,
2952 1255 3116 1320 Deus,
3155 1270 3253 1323 per
3282 1255 3465 1309 omnia

1877 1346 2071 1400 scecula
2100 1346 2443 1403 surculorum.
2476 1349 2670 1403 Amen.

2445 1457 2731 1514 llOMlLlA
2766 1458 2898 1514 CXI.

2318 1546 2371 1583 IN
2407 1546 2603 1586 NATALI
2636 1545 2823 1585 SANCTI
2856 1544 3030 1584 PAULl.

2239 1619 2423 1675 Lectio
2451 1619 2685 1674 Actuum
2721 1620 3107 1690 apostolorum.

1949 1706 2015 1762 In
2039 1709 2221 1764 diebus
2258 1710 2407 1765 illis:
2446 1706 2640 1765 Saulus
2675 1712 2848 1764 adhuc
2886 1712 3092 1781 spirans
3127 1714 3387 1767 minarum
3416 1724 3466 1769 et

1879 1798 2037 1853 credis
2086 1801 2141 1854 in
2182 1801 2464 1871 discipulos
2525 1800 2753 1867 Domini,
2833 1813 2935 1856 etc.
3014 1803 3260 1858 Przescns
3305 1804 3465 1860 lectio

177 1882 543 1980 quodcunque
593 1906 808 1961 solveris
847 1922 1005 1975 super
1037 1882 1256 1967 terram,
1306 1902 1406 1955 erit
1460 1897 1691 1953 solutum
1720 1904 1769 1950 et
1798 1882 2105 1945 BACWUm
2169 1891 2535 1960 θροειοιοτυη]
2591 1894 2933 1962 Primum“,
3001 1893 3199 1949 fratres
3249 1898 3462 1954 Charis-

178 2002 235 2056 in
278 2001 441 2056 caelis.
490 2000 657 2054 Istum
696 1998 875 2053 locum
924 1994 1186 2066 episcopi'
1212 2001 1266 2048 et
1309 1990 1611 2065 presbyteri
1666 2002 1772 2044 non

180 2095 550 2164 intelligentes
592 2091 793 2161 aliquid
815 2090 918 2145 sibi
969 2090 1035 2145 de
1066 2074 1459 2143 Pharisaeorum
1490 2092 1776 2140 assumunt

180 2184 495 2255 supercilio,
551 2192 611 2237 ut
652 2182 731 2237 vel
768 2182 1023 2237 damnent
1067 2180 1403 2242 innocentes,
1465 2186 1520 2230 et
1563 2175 1774 2231 s’olvere

179 2292 241 2331 se
286 2276 479 2329 noxios
528 2274 878 2335 arbitrentur,
926 2286 1047 2325 cum
1104 2270 1245 2339 apud
1284 2262 1451 2323 Deum
1490 2282 1595 2321 nou
1644 2280 1770 2321 scn-

180 2366 352 2421 tentia
402 2364 767 2429 sacerdotum,
822 2363 916 2418 sed
953 2375 1141 2415 eorum
1188 2360 1296 2414 vita
1324 2366 1617 2428 quaeratur.
1672 2356 1773 2411 Le-

179 2458 361 2528 gimus
385 2456 437 2508 in
469 2455 709 2510 Levitico
734 2454 799 2508 de
824 2452 1072 2523 leprosis,
1110 2452 1199 2506 ubi
1226 2449 1484 2519 iubentur
1512 2456 1568 2501 ut
1592 2457 1773 2502 osten-

178 2547 313 2601 dant
339 2561 396 2600 se
444 2543 835 2608 sacerdotibus,
884 2551 939 2597 et
972 2544 1015 2598 si
1050 2542 1256 2612 lepram
1288 2540 1592 2603 habuerint,
1644 2546 1770 2592 tunc

178 2651 208 2689 a
249 2634 529 2690 sacerdote
556 2634 815 2688 immundi
840 2633 990 2699 ﬁant,
1034 2648 1140 2687 non
1173 2632 1315 2701 quod
1356 2631 1664 2686 sacerdotes
1693 2629 1769 2684 le-

178 2741 374 2795 prosos
400 2724 605 2789 faciant
662 2733 716 2778 et
747 2723 1074 2785 immundos,
1116 2721 1208 2777 sed
1245 2722 1387 2791 quod
1409 2722 1641 2776 habeant
1672 2734 1772 2773 no-

178 2816 359 2869 titiam
404 2814 598 2885 leprosi
638 2823 826 2869 etnon
861 2814 1075 2883 leprosi,
1125 2823 1179 2868 et
1228 2812 1437 2881 possint
1461 2812 1770 2867 discernere

177 2907 273 2977 qui
327 2905 581 2971 mundus,
628 2905 784 2973 quive
825 2905 1133 2959 immundus
1177 2904 1267 2958 sit.
1318 2902 1597 2969 Quomodo
1644 2916 1773 2971 ergo

179 2999 255 3052 ibi
296 2999 568 3067 leprosum
599 2997 851 3052 sacerdos
898 2995 1234 3050 immundum
1284 2994 1433 3060 facit,
1483 2994 1560 3048 sic
1593 3001 1647 3047 et
1688 2993 1775 3047 hic

178 3090 367 3161 alligat
407 3089 491 3144 vel
534 3088 691 3144 solvit
733 3089 1018 3159 episcopus
1068 3096 1121 3141 et
1162 3088 1463 3157 presbyter,
1528 3100 1634 3139 non
1680 3100 1773 3139 eos

177 3182 271 3250 qui
320 3182 561 3235 insontes
610 3188 735 3234 sunt
770 3179 855 3233 vel
899 3178 1069 3242 noxii,
1126 3176 1222 3232 sed
1267 3192 1367 3247 pro
1422 3173 1597 3230 oﬁicio
1652 3189 1766 3237 suo,

176 3286 304 3325 cum
352 3278 695 3339 peccatorum
724 3268 955 3323 audierit
978 3267 1287 3338 varietates,
1322 3267 1423 3321 scit
1481 3266 1572 3337 qui
1604 3266 1772 3336 ligati-

178 3360 281 3413 dus
313 3359 407 3422 sit,
450 3359 543 3427 qui
574 3357 880 3412 solvendus.
934 3356 1091 3412 Omni
1135 3356 1298 3427 igitur
1338 3356 1628 3411 electorum
1669 3357 1770 3410 Ec-

176 3448 360 3505 clesiae
406 3448 561 3519 iuxta
610 3448 827 3500 modum
876 3445 1154 3515 culparum
1210 3446 1521 3515 pmuitentis
1572 3445 1771 3515 ligandi

176 3558 243 3597 ac
274 3541 515 3596 solvendi
542 3541 699 3595 datur
722 3538 1036 3602 auctoritas,
1064 3538 1160 3591 sed
1195 3537 1314 3591 ideo
1338 3538 1526 3591 beatus
1558 3535 1769 3600 Petrus,

174 3634 271 3704 qui
308 3632 585 3688 Christum
624 3645 751 3685 vera
778 3629 881 3685 ﬁde
928 3630 1228 3692 confessus,
1278 3643 1405 3683 vero
1452 3636 1536 3682 est
1580 3642 1768 3682 amore

175 3732 425 3787 secutus,
455 3718 761 3791 specialiter
788 3718 967 3774 claves
992 3718 1145 3789 regni
1173 3717 1434 3773 caelorum
1480 3725 1536 3772 et
1566 3717 1772 3787 princi-

176 3823 367 3884 patum
406 3811 709 3881 judiciaria:
754 3808 1037 3881 potestatis
1080 3808 1295 3879 accipit,
1346 3817 1405 3863 ut
1438 3823 1629 3863 omnes
1676 3822 1775 3878 per

176 3906 370 3961 orbein
401 3902 688 3957 credentes
716 3900 1041 3970 intelligant,
1078 3900 1204 3967 quia
1230 3898 1536 3968 quicunque
1566 3898 1634 3951 ab
1658 3897 1777 3951 uni-

181 4006 294 4051 tate
325 3996 450 4050 lidei
487 3993 569 4049 vel
604 3992 879 4049 societatis
923 3991 1063 4046 illius
1098 3990 1336 4061 quolibet
1372 3990 1531 4045 modo
1575 3998 1775 4045 semet-

179 4090 331 4156 ipsos
400 4093 705 4157 segregant,
778 4084 913 4139 tales
976 4098 1077 4139 nec
1134 4082 1361 4137 vinculis
1427 4090 1773 4151 peccatorum

178 4174 411 4238 absolvi,
453 4189 549 4229 nec
583 4173 804 4242 ianuam
842 4173 1053 4243 possint
1091 4173 1241 4242 regni
1272 4172 1505 4227 ccelestis
1541 4172 1772 4243 ingredi,

177 4262 329 4320 unde
364 4279 465 4318 nos
500 4277 723 4319 necesse
754 4273 837 4319 est
880 4272 989 4318 tota
1019 4264 1337 4327 intentione,
1396 4263 1597 4317 fratres
1646 4262 1775 4323 oba-

178 4354 410 4417 rissimi,
462 4364 516 4408 et
544 4353 666 4408 ﬁdei
713 4369 877 4422 quam
924 4354 1109 4409 docuit
1163 4363 1501 4410 sacramenta
1544 4355 1769 4420 discere,

175 4457 235 4501 ct
289 4447 643 4516 congruentia
694 4446 815 4501 ﬁdei
864 4462 1026 4516 opera
1080 4447 1473 4502 demenstrare.
1544 4445 1774 4502 Necesse

1874 1982 2024 2049 simi,
2091 1984 2360 2053 quomodo
2397 1984 2671 2055 apostolus
2703 1984 2918 2050 Paulus,
2952 1986 3105 2057 cujus
3133 1987 3463 2059 singularem

1872 2080 2032 2135 hodie
2079 2077 2427 2132 festivitatem
2460 2076 2707 2143 colimus,
2731 2093 2803 2151 ex
2832 2082 3181 2148 persecutore
3204 2080 3468 2137 Christia-

1871 2185 2086 2233 norum,
2144 2166 2467 2238 praedicator
2501 2176 2556 2222 et
2596 2168 2784 2222 doctor
2812 2168 2988 2223 factus
3008 2179 3091 2225 est
3120 2171 3483 2229 Christiano-.

1872 2275 2012 2313 rum.
2058 2257 2307 2313 Christus
2359 2258 2499 2313 enim
2544 2257 2744 2312 occidit
2807 2258 2860 2313 in
2889 2274 2953 2313 eo
2989 2261 3249 2316 saevitiam
3291 2271 3343 2319 et
3379 2281 3466 2319 re-

1844 2379 1847 2381 ·
1872 2354 2136 2409 viviscere
2160 2352 2287 2407 fecit
2317 2352 2370 2406 in
2400 2367 2463 2407 eo
2489 2352 2956 2407 mansuetudinem
2985 2368 3167 2409 veram
3200 2371 3213 2409 :
3247 2356 3463 2427 impleta

1870 2454 1954 2500 est
1997 2444 2141 2499 enim
2188 2443 2241 2497 in
2282 2457 2347 2497 eo
2398 2442 2685 2513 prophetia
2731 2442 2875 2498 beati
2921 2444 3245 2512 patriarcha:
3298 2446 3467 2503 Jacoh

1871 2536 1965 2605 qui
2009 2539 2130 2589 eum
2189 2533 2467 2602 Beniamin
2518 2532 2686 2587 ﬁlium
2727 2548 2885 2587 suum
2947 2534 3291 2601 benediceret
3344 2540 3463 2595 ait:

1874 2626 2151 2696 Benjamin
2220 2624 2376 2693 lupus
2421 2640 2587 2693 rapax
2619 2640 2775 2677 mane
2823 2625 3045 2678 comedit
3108 2628 3367 2695 prmium,
3415 2642 3468 2687 et

1873 2732 2079 2787 vespere
2129 2715 2321 2769 dividet
2364 2713 2551 2784 spolia.
2605 2715 2705 2781 Qui
2734 2714 2881 2769 enim
2934 2730 3078 2769 nunc
3108 2714 3309 2774 Paulus
3340 2732 3465 2791 post

1872 2804 2280 2861 conversionem
2328 2805 2502 2858 dictus
2545 2812 2647 2868 est,
2703 2816 2861 2857 antea
2908 2819 3031 2858 cum
3080 2805 3133 2859 in
3186 2806 3467 2877 impietate

1872 2897 2157 2951 exsisteret
2183 2895 2377 2951 Saulus
2404 2897 2717 2959 vocabatur,
2777 2895 2904 2965 quia
2940 2910 3062 2948 cum
3107 2902 3464 2961 commutavit

1873 3004 2034 3058 Opera
2069 2987 2298 3041 mutavit
2326 2994 2381 3041 et
2415 3001 2630 3041 nomen.
2664 2986 2793 3041 Erat
2826 2986 2967 3041 enim
3016 2985 3090 3046 de
3142 2993 3281 3047 tribu
3327 2993 3466 3050 Ben-

1867 3078 2059 3147 iamiu,
2104 3087 2325 3147 eratque
2351 3077 2505 3145 lupus
2532 3090 2710 3141 mane,
2764 3078 2817 3133 id
2852 3088 2948 3142 est,
3012 3084 3186 3151 primo
3214 3099 3471 3155 persecu-

1878 3178 1961 3224 tor
2017 3164 2493 3229 Christianorum,
2530 3182 2796 3236 vespere,
2853 3170 2905 3223 id
2958 3181 3039 3228 est
3096 3182 3302 3243 postea,
3366 3192 3465 3246 per

1876 3258 2076 3315 Christi
2108 3259 2338 3328 gratiam
2370 3266 2627 3319 mutatus,
2661 3258 2842 3313 divisit
2889 3261 3080 3331 spolia,
3112 3263 3164 3317 id
3201 3274 3301 3331 est,
3332 3281 3463 3336 gen—

1876 3348 2018 3403 tibus
2064 3347 2289 3402 miriﬁee
2344 3348 2653 3416 evangelica
2698 3337 3284 3409 sacramenta‘divisit.
3347 3356 3464 3411 Au-

1874 3439 2087 3493 diamus
2128 3454 2252 3492 eum
2306 3454 2465 3492 mane
2511 3439 2879 3494 comedentem
2930 3444 3200 3513 praedam;
3263 3445 3465 3504 Saulus

1872 3531 2045 3583 adhuc
2087 3530 2293 3599 spirans
2346 3530 2611 3582 minarum
2654 3539 2701 3583 et
2740 3532 2897 3585 caedis
2938 3534 2993 3585 in
3039 3534 3323 3605 discipulos
3360 3537 3469 3592 Da-

1872 3620 2023 3684 mini,
2071 3621 2208 3690 petit
2249 3629 2305 3673 et
2333 3618 2545 3689 accepit
2578 3619 2833 3688 epistolas
2863 3634 2893 3673 α
2923 3622 3255 3691 principibus
3284 3639 3468 3681 sacer-

1873 3710 2059 3766 dotum
2107 3712 2161 3766 in
2194 3713 2512 3766 Damascum
2563 3712 2652 3765 ubi
2683 3712 2795 3781 iam
2850 3704 3047 3783 magna“
3073 3730 3199 3783 pars
3228 3715 3464 3773 ﬁdelium

1874 3810 2014 3867 erat,
2068 3810 2127 3855 ut
2170 3817 2521 3873 quoscunque
2574 3804 2843 3857 inveniret
2892 3805 3051 3874 hujus
3078 3806 3173 3859 via.-
3222 3808 3356 3862 biros
3401 3825 3464 3862 ac

1874 3892 2138 3959 mulieres,
2175 3894 2227 3948 iu
2257 3892 2533 3948 Christum
2579 3882 2883 3960 credentes,
2939 3897 3135 3952 vinctos
3178 3898 3461 3954 adduceret

1872 3986 1927 4038 in
1954 3983 2250 4039 Jerusalem
2277 3984 2349 4038 ad
2382 3984 2718 4056 martyrium.

1948 4074 2011 4131 Et
2063 4077 2189 4129 dum
2240 4077 2338 4130 iter
2377 4073 2593 4144 faceret,
2654 4078 2870 4149 contigit
2916 4088 2975 4133 ut
3024 4084 3463 4154 appropinquaret

1874 4168 2159 4235 Damasco,
2216 4178 2263 4223 et
2302 4170 2473 4224 subito
2521 4171 2869 4241 circumfulsit
2930 4188 3045 4227 eum
3089 4173 3183 4228 tua:
3228 4176 3293 4230 de
3312 4176 3459 4245 caelo,

1873 4271 1923 4315 et
1967 4247 2158 4315 cadens
2194 4262 2254 4314 in
2293 4271 2488 4315 terram
2537 4262 2742 4317 audivit
2796 4280 2965 4317 vocem
3013 4264 3265 4319 dicentem
3317 4267 3417 4322 sibi
3442 4284 3463 4321 .’

1875 4350 2057 4417 Saule,
2103 4350 2286 4417 Saule,
2328 4352 2451 4420 quid
2492 4368 2572 4405 me
2618 4354 2984 4424 persequeris?
3012 4354 3149 4421 Quia
3181 4359 3325 4427 quod
3369 4358 3461 4413 uni

1873 4455 1938 4496 ex
2003 4440 2251 4495 ﬁdelibus
2304 4439 2440 4496 meis
2506 4443 2879 4511 persequendo
2934 4442 3149 4509 feceris,
3207 4460 3295 4500 me
3362 4445 3465 4502 hoc

174 4546 265 4591 est
287 4537 437 4589 omni
481 4535 751 4605 vigilantia
784 4535 1106 4606 multiplices
1133 4534 1461 4605 subtilesque
1490 4544 1769 4604 portarum
1800 4570 1851 4630 υ
1877 4533 2014 4587 scito
2037 4545 2343 4601 passurum.
2394 4530 2530 4597 Quid
2560 4530 2760 4585 frustra
2799 4533 3004 4588 insanis
3050 4543 3239 4589 contra
3267 4546 3462 4594 nomen

176 4628 346 4685 inferi
390 4643 584 4683 cavere
620 4628 863 4692 insidias,
930 4638 1197 4697 quatenus
1259 4626 1411 4695 iuxta
1469 4628 1774 4686 Psalniisue.

175 4734 375 4776 vocem
423 4718 489 4773 de
534 4718 617 4771 his
664 4715 953 4786 adiuvante
998 4717 1224 4772 Domino
1271 4716 1425 4785 eripi,
1490 4726 1653 4787 atque
1703 4717 1769 4772 ad

173 4808 588 4867 annuntiandas
633 4806 748 4876 eius
792 4808 996 4873 laudes,
1058 4816 1243 4877 portas
1293 4807 1415 4862 ﬁliae
1466 4808 1616 4872 Sion,
1666 4808 1770 4863 hoc

174 4912 282 4964 est,
368 4899 561 4970 gaudia
611 4913 917 4953 mereamur
969 4912 1215 4966 supernae
1265 4897 1500 4952 civitatis
1547 4899 1766 4953 intrare.

173 4995 293 5050 Nec
333 4990 575 5046 sufﬁcere
632 4976 872 5044 nobisad
925 4989 1151 5043 salutem
1203 4988 1531 5044 arbitremur
1572 4987 1615 5043 si
1658 4998 1774 5042 itur-

173 5092 265 5147 bis
331 5087 735 5157 negligentiam,
766 5086 849 5140 vel
894 5083 1257 5153 quorumlibet
1297 5067 1635 5139 indoctorum
1669 5085 1771 5139 llde

172 5180 265 5234 vel
329 5176 539 5232 actibus
585 5177 946 5245 adzequemur,
1013 5174 1207 5242 quibus
1256 5176 1307 5227 in
1356 5174 1551 5228 litteris
1602 5174 1771 5228 sacris

171 5274 347 5327 unica
380 5278 462 5325 est
500 5266 749 5322 credendi
800 5268 1002 5335 pariter
1046 5273 1099 5319 et
1146 5265 1360 5319 vivendi
1409 5245 1589 5334 regiila
1637 5280 1775 5333 pra:-

172 5363 408 5429 scripta,
470 5357 563 5411 sed
612 5356 1041 5425 quotiescunque
1092 5354 1245 5408 nobis
1289 5355 1585 5408 errantium
1622 5356 1769 5423 iuge-

173 5461 384 5508 runtur
432 5447 696 5519 exempla,
764 5461 861 5502 nos
909 5446 1189 5501 confestim
1235 5454 1538 5501 avertentes
1589 5447 1770 5502 oculos

172 5541 389 5601 mentis
436 5548 655 5601 nostra),
728 5553 793 5593 ne
833 5539 1051 5592 videant
1098 5538 1408 5602 vanitatem,
1435 5541 1603 5607 magis
1634 5539 1771 5609 quid

170 5634 391 5688 veritas
446 5630 557 5699 ipsa
597 5629 853 5682 decernat
892 5626 1075 5681 sedulo
1122 5628 1281 5681 corde
1325 5637 1628 5681 scrutemur
1684 5644 1770 5681 se—

172 5732 419 5795 quentes
443 5720 742 5795 esemplum
800 5717 942 5771 beati
982 5716 1149 5783 Petri,
1199 5718 1289 5787 qui
1342 5719 1536 5787 spretis
1581 5733 1771 5771 erran-

174 5792 323 5869 tium
366 5792 552 5871 sectis,
609 5824 751 5863 vera:
796 5806 918 5861 ﬁdei
957 5820 1211 5861 arcanum
1262 5809 1401 5877 quod
1450 5818 1774 5878 cognoverat

1878 4642 2078 4693 meum,
2105 4627 2232 4698 quia
2272 4626 2383 4696 iam
2425 4626 2553 4680 olim
2598 4627 2839 4682 omnium
2871 4626 3173 4683 Iudaeorum
3214 4631 3465 4686 manibus

1877 4717 2121 4774 occidisti
2175 4724 2468 4787 martyrem
2518 4732 2698 4772 meum
2748 4716 3125 4787 Stephanum?
3159 4716 3299 4773 Oﬁm
3343 4723 3465 4789 qui-

1879 4811 2001 4865 dem
2036 4808 2195 4864 debui
2228 4809 2454 4878 perdere
2482 4818 2551 4875 te,
2601 4808 2694 4863 sed
2732 4807 3043 4880 Stephanus
3089 4825 3242 4866 meus
3284 4814 3463 4867 oravit

1875 4915 1975 4975 pro
2020 4908 2091 4955 te.

1948 4991 2015 5045 Et
2056 4989 2144 5044 ille
2172 5006 2186 5042 :
2216 4986 2347 5053 Quis
2378 5005 2451 5054 es,
2501 4988 2718 5043 Domine
2746 4989 2855 5043 ?Et
2884 4988 3143 5046 Dominus
3179 4992 3245 5046 ad
3274 4992 3453 5047 illum.

1882 5080 1995 5151 Ego
2031 5094 2146 5133 sum
2169 5077 2324 5131 Jesus
2354 5077 2687 5141 Nazarenus,
2730 5094 2883 5147 quem
2916 5089 2971 5131 tu
3008 5084 3325 5151 persequeris
3374 5086 3456 5138 iu-

1882 5171 2075 5236 ﬁdelis,
2113 5169 2206 5225 sed
2238 5184 2391 5238 surge
2422 5176 2469 5221 et
2500 5162 2775 5236 ingredere
2821 5169 3080 5223 civitatem
3100 5211 3114 5231 ,
3158 5171 3229 5223 ibi
3257 5172 3461 5227 dicetur

1884 5262 1975 5315 tibi
1996 5261 2123 5331 quid
2146 5271 2193 5315 te
2218 5269 2448 5330 oporteat
2472 5259 2664 5326 facere.
2686 5259 2751 5314 Et
2780 5275 3011 5331 surgens
3057 5263 3188 5317 nihil
3214 5263 3453 5330 videbat,

1879 5359 1933 5405 ct
1960 5351 2035 5404 ita
2063 5361 2176 5417 erat
2214 5348 2378 5402 tribus
2411 5348 2591 5402 diebus
2621 5365 2723 5403 non
2755 5350 2953 5415 videns,
3006 5362 3056 5404 et
3093 5369 3191 5405 non
3234 5355 3459 5408 mandu-

1879 5443 2010 5497 cavit
2034 5458 2194 5513 neque
2216 5440 2358 5494 bibit.
2397 5439 2481 5495 Ad
2510 5440 2611 5495 hoc
2633 5442 2846 5497 carnale
2870 5443 3012 5498 istud
3038 5443 3215 5499 lumen
3244 5445 3459 5516 aliquod

1880 5535 2136 5605 temporis
2176 5533 2423 5603 perdidit,
2482 5541 2544 5587 ut
2589 5532 2841 5603 spiritale
2877 5533 3119 5589 veraciu's
3176 5551 3274 5607 per
3318 5537 3457 5593 hanc

1878 5640 2095 5695 ptenam
2128 5626 2405 5695 percipere
2436 5634 2639 5694 posset.
2688 5625 2758 5679 Et
2802 5627 2904 5683 hoc
2948 5626 3067 5680 ideo
3107 5628 3284 5697 triduo
3327 5644 3455 5699 per-

1880 5718 2035 5781 didit,
2090 5718 2216 5787 quia
2248 5718 2532 5772 Dominum
2577 5731 2682 5771 non
2712 5718 3013 5772 crediderat
3048 5718 3203 5779 tertia
3230 5718 3317 5775 die
3367 5735 3458 5774 re-

1881 5808 2201 5864 rurrexisse.
2246 5807 2482 5862 Ananias
2520 5807 2737 5877 quidam
2773 5808 3065 5879 discipulus
3095 5808 3294 5867 Christi
3343 5817 3457 5866 erat
