3960 6368
458 436 565 492 355

1094 432 1157 486 B.
1205 432 1453 487 RABANI
1496 429 1709 486 filAUlll
1750 422 2067 485 ARCHlEP.
2104 430 2408 487 MOCUNT.
2449 430 2733 487 OPERUM
2773 431 2949 485 PARS
2990 431 3052 484 ll.
3602 418 3717 489 323-".

459 548 739 603 Damasco.
764 543 861 600 Cui
890 542 1022 598 divit
1053 542 1346 598 Dominus:
1379 542 1568 611 Surge,
1607 542 1733 595 vade
1768 542 1820 596 in
1861 542 2027 595 vicum
2062 560 2104 614 Α
2131 543 2292 595 secuti
2338 558 2517 595 sumus
2560 552 2628 606 te,
2676 541 2900 597 fecimus
2931 542 3070 612 quod
3122 542 3353 611 iussisti,
3383 542 3509 613 quid
3550 544 3720 615 igitur

462 641 546 700 qui
588 635 783 689 dicitur
828 632 1036 696 Rectus,
1064 643 1119 685 et
1149 648 1322 701 qurere
1360 630 1600 697 Saulum,
1644 639 1699 684 ct
1728 631 1923 685 accede
1961 630 2027 685 ad

458 745 605 794 eum,
662 735 722 781 et
757 728 905 797 signa
942 740 1064 780 eum
1101 726 1417 779 charactere
1455 740 1595 789 meo,
1673 724 1837 777 multa
1882 724 2027 779 etiim

459 820 697 891 patietur
727 832 832 887 pro
868 816 1083 870 nomine
1113 829 1248 869 meo.
1284 814 1351 869 Et
1400 815 1526 869 ille:
1560 813 1799 875 Domine,
1853 813 2031 866 audiri

460 909 656 963 daer
693 907 810 972 hoc,
859 914 1058 980 quanta
1081 905 1220 957 mala
1246 904 1423 974 fecerit
1457 905 1648 959 sanctis
1680 905 1782 957 tuis
1806 922 1823 967 ;
1850 904 1925 957 ait
1955 904 2029 956 illi

459 999 761 1053 Dominus:
806 993 969 1060 Vade,
1016 996 1263 1065 quoniam
1306 1010 1395 1047 uas
1432 993 1696 1047 electionis
1755 1002 1829 1045 est
1880 993 2029 1056 mihi,

459 1098 516 1141 ut
559 1088 725 1157 portet
760 1100 945 1139 nomen
985 1099 1156 1137 meum
1212 1084 1270 1136 in
1328 1083 1561 1153 gentibus
1603 1098 1774 1135 caram
1828 1082 2031 1149 regibus

460 1189 507 1232 et
543 1174 859 1249 principibus
902 1186 1073 1230 terrte.
1124 1174 1255 1228 ideo
1291 1175 1432 1227 enim
1467 1181 1735 1242 prostrata
1766 1182 1849 1226 cst
1888 1173 1938 1225 in
1969 1188 2032 1226 eo

463 1266 737 1339 superbia,
764 1272 822 1319 ut
842 1264 1083 1335 erigatur
1115 1261 1413 1325 humilitas,
1443 1270 1497 1316 et
1524 1262 1737 1316 devotio
1767 1261 2029 1330 obsequii.

465 1355 735 1410 Prostrata
762 1353 962 1408 suntin
1006 1367 1070 1407 eo
1092 1350 1202 1419 jam
1232 1352 1386 1416 vitia,
1418 1360 1478 1404 ut
1497 1352 1752 1406 sanctitas
1775 1350 2031 1419 erigatur.

472 1444 631 1498 Venit
657 1460 786 1512 ergo
830 1443 1089 1509 Ananias,
1125 1444 1421 1512 baptizavit
1452 1443 1669 1496 Saulum
1700 1442 1944 1509 impium,
1985 1449 2039 1494 et

466 1534 770 1589 fecitnobis
804 1534 1022 1587 Paulum
1072 1532 1477 1602 praedicatorem
1527 1532 1703 1601 pium;
1748 1530 2038 1597 baptizavit

394 1674 397 1683 ,
467 1606 652 1693 lupum
694 1632 751 1677 et
796 1623 921 1679 fecit
973 1638 1192 1694 agnum,
1266 1631 1493 1691 postque
1529 1621 1792 1690 coepimus
1844 1620 2041 1673 habere

466 1730 588 1769 eum
636 1714 1067 1783 praedicatorem,
1105 1728 1262 1782 quem
1317 1712 1602 1766 habuimus
1649 1720 1805 1765 antea
1857 1726 2039 1781 perse-

464 1815 740 1870 cutorem;
780 1818 909 1859 ecce
941 1804 1215 1871 quomodo
1246 1807 1466 1871 vespere
1492 1801 1673 1856 divisit
1701 1801 1889 1869 spolia.
1918 1801 2040 1855 Co:-

464 1893 543 1963 pit
567 1893 712 1951 enim
740 1891 937 1962 ubique
970 1893 1153 1945 statim
1194 1891 1490 1959 prtcdicarc
1526 1889 1801 1944 Christum
1854 1896 2043 1944 contra

466 1974 629 2048 quem
674 1988 833 2034 antea
875 1978 1088 2044 fortiter
1134 1979 1492 2049 expugnavit;
1547 1992 1690 2032 nunc
1739 1977 2045 2046 patiebatur

464 2072 666 2127 Paulus
702 2072 845 2141 quod
888 2070 1092 2127 fecerat
1122 2070 1353 2135 Saulus;
1389 2069 1583 2123 Saulus
1616 2069 1872 2138 lapidavit
1919 2068 2042 2123 Ste-

466 2163 727 2230 phanum,
782 2161 980 2216 Paulus
1017 2162 1282 2231 lapidatus
1319 2168 1403 2215 est
1464 2170 1685 2229 propter
1735 2160 2040 2225 Christum;

472 2252 665 2307 Saulus
692 2251 1029 2307 Christianos
1052 2252 1217 2322 virgis
1261 2252 1477 2315 cecidit,
1527 2251 1721 2305 Paulus
1767 2266 1865 2319 pro
1892 2250 2046 2306 Chri-

472 2353 556 2397 sto
584 2341 1267 2413 quinquiestquadragenas
1301 2357 1406 2395 una
1443 2342 1619 2396 minus
1646 2342 1766 2395 ideo
1816 2343 2041 2412 accepit,

472 2440 532 2485 ut
560 2432 753 2486 iterum
794 2432 1093 2501 caederetur
1134 2446 1230 2501 pro
1259 2432 1494 2487 Christo.
1541 2431 1677 2485 Nam
1706 2433 1884 2486 omnia
1928 2448 2048 2503 qua:

474 2530 629 2575 antea
670 2518 916 2574 ﬁdelibus
957 2521 1218 2590 irrogarat
1262 2520 1523 2589 supplicia
1551 2561 1566 2585 ,
1626 2522 1796 2606 multa
1843 2523 2049 2593 majora

473 2611 587 2680 ipse
626 2626 815 2681 passos
860 2619 943 2667 est
977 2627 1073 2681 pro
1122 2611 1338 2668 Christo
1368 2622 1650 2669 tormenta.
1705 2614 2050 2670 Si-conside-

458 2717 675 2768 remus,
731 2702 1061 2758 dilectissimi
1105 2706 1260 2759 nobis
1287 2719 1301 2758 :
1332 2706 1417 2758 via
1446 2716 1626 2761 nostra
1667 2706 1915 2761 Christus
1943 2717 2045 2762 est.

476 2793 749 2849 Christum
794 2795 1065 2859 attendite,
1099 2797 1206 2865 pati
1238 2797 1404 2863 venit;
1438 2797 1533 2853 sed
1560 2797 1848 2868 gloriﬁcari
1875 2815 1889 2863 ;
1919 2814 2050 2853 con-

479 2882 665 2946 temni,
709 2882 800 2938 sed
830 2884 991 2936 etiam
1028 2883 1286 2949 exaltari;
1316 2887 1474 2951 mori,
1518 2888 1627 2941 sed
1676 2887 1842 2942 etiam
1872 2903 2053 2943 resur-

477 2990 624 3043 gere.
668 2974 774 3030 lsta
802 2977 1122 3047 cogitantes,
1166 2978 1359 3033 fratres
1375 2979 1700 3045 charissimi,
1737 2996 1842 3035 non
1868 2982 2054 3050 despe—

478 3080 679 3131 remus,
711 3066 835 3137 quia
878 3067 980 3120 etsi
1010 3074 1324 3135 peccatores
1350 3083 1552 3133 sumus,
1601 3084 1853 3139 magnum
1886 3070 2052 3124 medi-

479 3168 604 3206 cum
642 3152 923 3208 habemus.
987 3153 1160 3223 Ipsum
1215 3156 1482 3210 medicum
1536 3157 1735 3222 audite,
1767 3154 1888 3209 Non
1940 3158 2053 3211 ueni

2128 632 2282 685 nobis
2312 632 2464 686 dabis
2505 632 2711 702 prmutii
2741 632 2763 685 ’ἶ

2197 720 2352 775 Iesus
2404 732 2577 775 autem
2602 758 2604 762 ι
2630 722 2760 776 dixit
2806 722 2912 776 illis
2948 740 2965 775 :
2994 724 3158 776 Amen
3214 723 3331 777 dico
3367 725 3526 791 vobis,
3576 729 3725 798 quod

2130 828 2217 867 eos
2244 814 2331 883 qui
2350 814 2513 867 secuti
2555 815 2676 868 estis
2722 831 2820 879 me,
2851 815 2902 868 in
2927 814 3332 887 regeneratione,
3370 833 3486 869 cum
3524 817 3728 872 sederit

2131 899 2307 955 Filius
2339 903 2563 957 hominis
2599 905 2653 957 in
2679 903 2797 956 sede
2823 904 3110 972 majestatis
3133 921 3261 968 sure,
3289 906 3528 960 sedebitis
3559 915 3607 960 et
3632 924 3727 962 uos

2130 1009 2285 1063 super
2335 995 2481 1047 sedes
2524 995 2794 1048 duodecim
2853 996 3151 1063 judicmttes
3221 998 3490 1050 duodecim
3552 998 3729 1052 tribus

2132 1081 2322 1136 Israel.
2370 1082 2483 1136 Non
2531 1084 2685 1147 dixit,
2728 1084 2814 1153 qui
2858 1085 3151 1154 reliquistis
3200 1088 3402 1150 omnia,
3449 1088 3552 1141 hoc
3573 1087 3730 1141 enim

2132 1178 2187 1223 et
2240 1168 2499 1225 Socrates
2526 1170 2651 1224 fecit
2698 1171 3066 1241 philosophus,
3109 1180 3163 1227 et
3194 1174 3349 1238 multi
3385 1174 3473 1228 alii
3505 1175 3732 1228 divitias

2132 1268 2567 1329 contempserunt
2592 1276 2606 1325 ;
2630 1262 2723 1315 sed
2748 1263 2834 1332 qui
2865 1264 3024 1314 secuti
3047 1265 3169 1317 estis
3194 1281 3297 1328 me,
3330 1267 3471 1334 quod
3499 1266 3732 1335 proprie

2135 1350 2499 1417 apostolorum
2524 1360 2604 1404 est
2640 1360 2800 1419 atque
2828 1352 3159 1406 credentium
3186 1370 3200 1417 ;
3250 1356 3306 1408 in
3336 1358 3732 1423 regenerationc

2136 1453 2253 1490 cum
2287 1439 2475 1492 sederit
2525 1438 2696 1492 Filius
2734 1440 2961 1501 hominis
2998 1441 3055 1494 in
3088 1442 3207 1495 sede
3242 1444 3533 1511 majestatis
3583 1461 3723 1509 sum,

2138 1525 2349 1593 quando
2375 1540 2439 1578 ex
2472 1526 2697 1580 mortuis
2726 1527 2789 1580 de
2835 1528 3181 1596 corruptione
3225 1541 3506 1600 resurgant
3538 1533 3727 1587 incor-

2137 1615 2299 1681 rupti,
2357 1615 2599 1668 sedebitis
2648 1626 2693 1668 et
2751 1632 2836 1669 vos
2885 1618 2935 1671 in
2980 1617 3128 1671 soliis
3174 1617 3533 1684 judicantium
3594 1637 3735 1676 con-

2140 1702 2452 1757 dcmnantes
2496 1704 2767 1759 duodecim
2795 1706 2959 1759 tribus
3004 1706 3193 1771 Israel,
3247 1712 3371 1777 quia
3415 1712 3567 1765 vobis
3608 1727 3737 1765 crc-

2140 1790 2389 1845 dentibus
2428 1787 2507 1844 illi
2543 1795 2763 1847 credere
2816 1794 3123 1848 noluernnt.
3164 1795 3261 1853 llic
3287 1798 3546 1853 discimus
3600 1817 3732 1854 cum

2066 1873 2118 1930 Β
2145 1883 2419 1951 discipulis
2448 1884 2559 1938 suis
2611 1884 2974 1953 judicaturum
3022 1885 3237 1951 Jesum;
3299 1892 3438 1944 unde
3491 1901 3546 1945 et
3600 1892 3735 1947 alibi

2144 1970 2344 2028 Iudaeis
2386 1973 2523 2027 dixit
2552 1998 2564 2027 ι
2597 1973 2655 2028 Si
2693 1991 2784 2044 ego
2839 1976 2893 2028 in
2934 1975 3188 2031 Belzebub
3240 1979 3395 2047 ejicio
3456 1982 3734 2049 demonia,

2144 2062 2241 2131 ﬁlii
2283 2063 2435 2117 vestri
2482 2064 2535 2115 in
2579 2080 2681 2133 qua
2722 2064 2983 2133 cjiciunt?
3007 2064 3156 2135 ‘Ideo
3190 2067 3288 2136 ipsi
3326 2069 3534 2137 judices
3576 2083 3736 2127 erunt

2146 2153 2315 2229 uestri.
2347 2150 2455 2205 Nec
2483 2153 2735 2220 quoniam
2767 2168 2929 2221 super
2951 2153 3233 2209 duodecim
3274 2157 3431 2211 sedes
3483 2173 3737 2215 sessuros

2147 2255 2267 2295 esse
2292 2240 2389 2301 ait,
2427 2241 2709 2296 duodecim
2749 2240 2891 2296 solos
2919 2242 3164 2299 homines
3210 2260 3333 2299 cum
3380 2245 3471 2301 illo
3510 2245 3735 2317 judica-

2152 2340 2303 2386 turos
2353 2340 2544 2401 putare
2597 2332 2960 2386 deberemus:
3017 2334 3347 2389 duodenario
3389 2337 3588 2405 quippe
3632 2354 3739 2391 nu-

2148 2433 2299 2473 mero
2349 2419 2598 2475 universa
2643 2420 2887 2488 quaedam
2920 2421 3220 2489 signiﬁcata
3247 2431 3333 2479 est
3368 2422 3734 2491 iudicantium

2152 2508 2441 2563 multitudo.
2497 2517 2718 2579 propter
2766 2512 2900 2565 duas
2945 2522 3130 2581 partes
3164 2516 3371 2570 numeri
3416 2516 3738 2584 septenarii,

2151 2613 2258 2668 quo
2291 2599 2627 2669 signiﬁcatur
2668 2600 2982 2672 plerumque
3024 2605 3387 2671 universitas;
3436 2621 3554 2675 qua:
3613 2607 3741 2661 dum

2152 2698 2356 2759 partes,
2407 2691 2460 2745 id
2486 2699 2592 2755 est,
2657 2692 2761 2745 tria
2800 2700 2855 2746 et
2893 2700 3145 2762 quatuor,
3187 2693 3353 2748 altera
3376 2710 3472 2763 per
3508 2695 3742 2749 alteram

2151 2786 2365 2852 partem
2412 2778 2775 2849 multiplicata:
2842 2780 3124 2835 duodecim
3182 2780 3444 2836 faciunt»
3484 2782 3620 2837 Nam
3680 2792 3741 2838 et

2154 2877 2387 2939 quatuor
2416 2878 2500 2923 ter
2540 2878 2592 2924 et
2620 2870 2722 2923 tria
2750 2877 2943 2938 quater
2971 2868 3251 2925 duodecim
3282 2878 3428 2935 sunt,
3480 2879 3535 2925 et
3580 2871 3740 2941 signa

2155 2960 2262 3012 alia
2308 2958 2465 3029 hujus
2514 2959 2824 3013 duodenarii
2857 2959 3067 3014 numeri
3115 2971 3235 3029 qua:
3282 2960 3348 3015 ad
3404 2962 3505 3015 hoc
3556 2962 3743 3016 valeat

2156 3051 2296 3104 ratio
2360 3050 2579 3119 reperit.
2643 3049 2893 3117 Alioquin
2949 3050 3204 3127 quoniam
3260 3051 3312 3104 in
3363 3049 3538 3106 locum
3583 3050 3743 3106 Iuda:

2159 3144 2436 3198 traditoris
2475 3142 2775 3211 apostolum
2827 3142 3106 3196 Matthiam
3138 3141 3367 3212 legimus
3402 3144 3737 3209 ordinatum,

479 3258 664 3298 uocare
682 3242 878 3311 justas,
908 3206 1317 3313 sedtpeccatares
1344 3244 1413 3297 ad
1444 3206 1813 3314 paenitentidm.
1841 3244 2055 3300 Utilitas
2082 3206 2124 3266 C
2156 3234 2430 3305 apostolus
2459 3232 2677 3299 P311105:
2701 3222 2812 3303 ill”
2842 3233 2960 3302 Plus
3000 3233 3252 3289 omnibus
3298 3233 3404 3289 illis
3448 3233 3739 3298 Ῑτιῧοτθνίῑ,

482 3337 662 3383 autem
696 3330 771 3385 rei
800 3340 964 3401 gesta:
994 3332 1153 3401 hujus
1175 3333 1291 3387 haec
1311 3340 1432 3387 est:
1460 3332 1745 3403 Apostolus
1766 3334 1886 3404 ipse
1912 3350 2057 3390 com-

483 3430 749 3475 memorat
779 3421 830 3474 in
863 3421 1102 3489 epistolis
1148 3423 1282 3488 suis,
1332 3423 1463 3479 dicit
1499 3425 1664 3487 enim,
1711 3426 1777 3480 ad
1804 3426 1906 3480 hoc
1954 3425 2057 3480 sibi

482 3510 665 3565 datam
731 3513 945 3567 veniam
1017 3515 1255 3568 omnium
1297 3524 1639 3583 peccatorum
1681 3531 1923 3581 suorum,
1997 3525 2059 3571 ut

482 3616 642 3656 nemo
665 3601 733 3658 de
771 3616 828 3656 se
864 3604 1128 3672 desperet,
1179 3603 1269 3673 qui
1303 3603 1459 3659 tuerit
1488 3606 1561 3663 .in
1592 3607 1803 3677 magnis
1819 3607 2059 3675 peccatis

485 3692 781 3771 involutus,
807 3702 884 3751 -et
920 3695 973 3748 in
1000 3698 1213 3771 magnis
1254 3696 1567 3759 sceleribus
1592 3697 1852 3761 irretitus,
1906 3698 2058 3765 quasi

485 3767 700 3841 veniam
735 3799 839 3838 non
880 3785 952 3838 sit
979 3767 1321 3855 accepturus,
1368 3787 1413 3840 si
1438 3800 1741 3861 recaversus
1783 3784 1946 3841 fuerit
1991 3786 2058 3838 ad

485 3887 634 3938 eum,
681 3874 771 3942 qui
836 3875 1075 3941 pendens
1140 3876 1191 3928 in
1226 3888 1415 3941 cruce,
1477 3888 1578 3943 pro
1620 3874 2061 3943 persecutoribus

486 3964 600 4021 Suis
659 3966 847 4030 oravit,
896 3967 1080 4021 dicens
1113 3990 1127 4019 ι
1160 3966 1338 4035 Pater,
1376 3967 1582 4036 ignosce
1628 3966 1755 4031 illis,
1798 3968 1925 4036 quia
1966 3984 2057 4020 ne-

486 4058 656 4110 sciunt
695 4058 819 4128 quid
855 4057 1074 4126 faciunt.
1133 4056 1331 4127 Factus
1359 4056 1446 4110 ille
1475 4071 1542 4111 ex
1588 4066 1933 4127 persecutore
1979 4067 2063 4112 est

488 4146 807 4214 praedicator
842 4156 897 4201 et
937 4143 1126 4203 d‘octor
1188 4145 1459 4211 Gentium,
1511 4147 1600 4217 qui
1648 4146 1813 4215 prius,
1864 4146 2058 4215 inquit,

491 4234 569 4305 [ui
607 4233 952 4304 blasphemus,
1003 4245 1049 4288 et
1093 4245 1409 4305 persecutor,
1457 4244 1503 4287 et
1544 4235 1849 4303 injuriosus.
1900 4232 2063 4289 Vides

491 4326 765 4391 meritum,
807 4339 962 4393 pecua
992 4327 1234 4381 debetur.
1281 4326 1421 4396 Erga
1449 4342 1607 4396 pinna
1644 4342 1750 4381 non
1799 4327 2060 4391 redditur,

492 4414 589 4468 sed
638 4414 1057 4469 misericordiam
1103 4429 1202 4485 pro
1246 4429 1403 4485 paena
1453 4416 1819 4485 consequitur.
1875 4415 2063 4470 Gratia

493 4505 638 4559 enim
688 4504 819 4559 salvi
857 4504 1115 4564 eﬂicinmr
1147 4506 1213 4561 de
1252 4505 1487 4575 peccatis
1533 4505 1751 4571 nostris,
1805 4504 2064 4575 largiente

498 4598 613 4667 ipso
643 4597 869 4652 Domino
896 4608 1099 4663 nostro,
1145 4599 1236 4668 qui
1284 4599 1416 4651 vivit
1452 4605 1505 4653 et
1552 4605 1742 4669 regnat
1792 4598 1845 4651 in
1870 4596 2063 4653 saecula

497 4688 833 4745 smculorum.
878 4690 1072 4745 Amen.

1046 4781 1321 4838 llOMlLlA
1363 4780 1517 4837 CXII.

1054 4888 1105 4927 IN
1134 4888 1306 4927 εουεκ
1336 4889 1520 4928 FESTO.

570 4963 754 5019 Lectio
792 4962 963 5018 sancti
1000 4962 1269 5033 Evangelii
1307 4963 1599 5017 secundum
1646 4962 1971 5020 Mattbteum.

575 5054 641 5107 In
688 5052 777 5106 illo
823 5063 1064 5121 tempore,
1111 5052 1420 5121 respondens
1449 5052 1641 5108 .Simon
1678 5050 1885 5116 Petrus,
1925 5052 2063 5105 dixit

505 5142 573 5195 ad
616 5142 797 5196 Jcsum
824 5157 842 5194 :
878 5139 1011 5193 Ecce
1040 5156 1129 5193 nos
1170 5140 1467 5210 reliquimus
1493 5142 1667 5193 omnia
1711 5148 1757 5193 et
1798 5141 1959 5192 secuti
1985 5155 2070 5192 su-

508 5248 623 5285 mus
671 5242 741 5294 te,
786 5230 910 5300 quid
951 5246 1075 5299 ergo
1107 5232 1201 5282 erit
1244 5231 1384 5282 nobis
1412 5233 1541 5285 ?ctc.

578 5321 728 5377 Tunc
770 5322 1096 5397 Respondeas
1144 5320 1333 5375 Petrus
1369 5320 1540 5373 dixit:
1573 5319 1705 5373 Ecce
1735 5336 1827 5373 nos
1864 5319 2073 5390 reliqui-

508 5428 623 5465 mus
679 5411 852 5464 omnia
897 5420 941 5463 et
968 5410 1128 5463 secuti
1148 5426 1326 5463 sumus
1356 5419 1419 5472 te,
1446 5411 1572 5476 quid
1595 5426 1712 5479 ergo
1760 5412 1856 5464 erit
1884 5412 2028 5464 nobis
2051 5412 2075 5463 ?

510 5497 742 5555 Grandis
767 5498 982 5553 ﬁducia!
1012 5498 1201 5555 Petrus
1226 5499 1461 5567 piscator
1482 5509 1618 5564 erat,
1648 5500 1797 5553 dives
1820 5515 1924 5553 non
1953 5499 2073 5555 lue-

513 5600 614 5651 rat,
645 5590 794 5644 cibos
822 5606 979 5644 manu
1009 5598 1063 5645 ct
1082 5599 1197 5645 arte
1216 5593 1512 5659 quaarebat,
1542 5599 1595 5646 et
1626 5602 1804 5647 tamen
1842 5590 2077 5659 loquitur

511 5678 864 5745 conﬁdenter,
918 5670 1217 5751 reliquimus
1242 5684 1434 5735 omnia.
1505 5682 1716 5751 thuia
1740 5697 1843 5756 non
1883 5682 2076 5736 sudieit

519 5778 722 5825 tantum
772 5769 1100 5839 relinquere,
1149 5767 1324 5839 jungit
1361 5771 1497 5837 quod
1540 5771 1829 5839 perfectura
1869 5779 1970 5834 cst,
2024 5781 2072 5823 et

2156 3324 2246 3379 ubi
2279 3324 2345 3378 ad
2375 3323 2723 3393 judicandum
2770 3322 2954 3377 sedeat
3020 3336 3127 3376 non
3164 3323 3404 3388 habebit,
3461 3325 3552 3392 qui
3603 3338 3739 3393 pro-

2157 3414 2300 3471 fecto
2330 3430 2450 3471 cum
2475 3413 2594 3468 aliis
2618 3413 2823 3475 sanctis
2845 3413 2911 3466 ad
2935 3426 3216 3465 numerum
3241 3412 3482 3481 judicum
3515 3428 3578 3467 se
3608 3429 3739 3482 per-

2158 3508 2330 3561 tinere
2352 3507 2704 3569 demonstrat,
2748 3519 2868 3558 cum
2898 3503 3030 3557 dicit
3069 3520 3081 3556 :
3115 3502 3343 3557 Nescitis
3372 3504 3498 3573 quia
3525 3504 3740 3573 angelos

2149 3596 2559 3665 judicabimus?
2622 3596 2699 3649 De
2724 3594 2856 3665 ipsis
2901 3608 3117 3670 quoque
3160 3594 3467 3662 judicandis
3525 3595 3580 3649 in
3631 3595 3735 3650 hoc

2158 3701 2385 3742 immero
2430 3686 2758 3743 duodenario
2805 3684 2994 3739 similis
3052 3699 3214 3740 causa
3265 3692 3369 3738 est.
3426 3683 3540 3738 Non
3592 3685 3736 3745 enim

2160 3778 2303 3849 quia.
2329 3776 2531 3831 dictum
2550 3784 2656 3839 est,
2695 3774 2998 3843 judicantes
3045 3774 3326 3827 duodecim
3352 3771 3735 3836 tribuslsracl,

2160 3868 2329 3923 tribus
2351 3866 2501 3932 Levi,
2520 3881 2647 3935 quae
2678 3866 2834 3921 tertia
2884 3866 3088 3921 decima
3123 3873 3207 3920 est
3235 3863 3304 3917 ab
3337 3864 3418 3918 eis
3441 3863 3733 3931 iudicanda

2161 3974 2266 4017 non
2309 3959 2434 4024 erit,
2502 3966 2601 4012 aut
2655 3956 2825 4011 solum
2878 3956 3025 4011 illum
3072 3954 3346 4025 populum.
3411 3969 3517 4008 non
3573 3954 3736 4007 etiam

2161 4058 2348 4119 gentes
2417 4058 2642 4104 caeteras
2692 4046 3028 4115 judicabunt.
3084 4046 3237 4113 Quod
3293 4052 3474 4099 autem
3522 4045 3619 4108 ait,
3685 4045 3738 4098 in

2162 4142 2565 4211 regeneratione,
2606 4140 2790 4209 procul
2818 4140 2980 4195 dubio
3018 4150 3349 4194 mortuorum
3383 4139 3737 4193 resurrectio-

2163 4244 2285 4283 nem
2326 4228 2539 4283 nomine
2566 4228 2735 4283 voluit
2764 4229 3191 4295 regenerationis
3218 4227 3463 4296 intelligi,
3488 4228 3565 4281 sic
3596 4228 3736 4281 enim

2163 4336 2291 4375 caro
2366 4328 2548 4375 nostra
2618 4319 3024 4390 regenerabitur
3092 4334 3189 4387 per
3258 4319 3736 4386 incorruptionem,

2164 4409 2614 4479 quemadmodum
2657 4418 2741 4464 est
2795 4408 2972 4462 anima
3027 4416 3212 4461 nostra
3261 4414 3574 4476 regenerata
3649 4418 3742 4473 per

2093 4542 2141 4601 υ
2164 4500 2347 4556 fidem.

2234 4608 2304 4662 Et
2346 4609 2513 4662 omnis
2539 4608 2629 4678 qui
2684 4606 2942 4676 reliquerit
2997 4606 3226 4668 domum,
3264 4602 3339 4657 vel
3379 4605 3589 4672 fratres,
3654 4616 3739 4657 aut

2166 4714 2391 4760 sorores,
2427 4708 2519 4766 aut
2564 4706 2785 4767 patrem,
2813 4706 2902 4747 aut
2947 4705 3182 4756 matrem,
3242 4703 3331 4743 aut
3376 4708 3610 4757 uxorem,
3654 4704 3739 4744 aut

2173 4786 2334 4855 ﬁlias,
2374 4796 2463 4839 aut
2509 4800 2685 4855 agros,
2730 4791 2937 4853 propter
2970 4798 3155 4835 nomen
3193 4796 3384 4844 meum,
3450 4778 3742 4847 centuplum

2167 4876 2381 4946 accipiat
2447 4885 2495 4929 et
2520 4876 2677 4929 vitam
2715 4884 2961 4928 (sternam
3000 4870 3297 4941 possidebit.
3362 4868 3517 4923 Multi
3572 4877 3742 4921 autem

2170 4976 2327 5020 erunt.
2367 4966 2521 5035 primi
2579 4965 2841 5019 novissimi
2901 4973 2947 5018 et
3008 4962 3270 5016 novissimi
3327 4961 3500 5029 primi.
3572 4959 3743 5013 Locus

2171 5054 2273 5108 iste
2300 5069 2420 5108 cum
2446 5053 2537 5109 illa
2563 5053 2824 5108 sententia
2873 5051 3119 5121 congruit
3146 5052 3198 5103 in
3227 5066 3330 5117 qua
3380 5047 3624 5102 Salvator
3670 5047 3757 5100 lo-~

2173 5147 2373 5214 quitur,
2429 5162 2531 5198 non
2572 5145 2681 5197 veni
2731 5158 2907 5210 pacem
2953 5144 3175 5206 mittere,
3199 5141 3287 5194 sed
3325 5137 3579 5207 gladium,
3625 5140 3745 5190 veni

2175 5235 2372 5301 quippe
2425 5247 2681 5300 separare
2728 5230 2997 5284 hominem
3037 5237 3243 5297 apatre
3273 5241 3369 5281 suo
3416 5233 3468 5280 et
3517 5235 3747 5279 matrem

2178 5325 2361 5388 atilia,
2433 5332 2487 5377 et
2536 5337 2729 5374 nurum
2794 5336 2823 5373 a
2874 5335 3055 5382 socru,
3130 5327 3183 5373 et
3249 5316 3452 5371 inimici
3515 5315 3751 5371 hominis

2181 5412 2461 5468 domestici
2498 5409 2633 5477 ejus.
2672 5410 2771 5474 Qui
2799 5424 2927 5477 ergo
2981 5420 3202 5477 propter
3250 5406 3416 5459 ﬁdem
3472 5403 3666 5457 Christi
3698 5414 3752 5459 et

2182 5501 2617 5571 praedicationem
2641 5497 2916 5567 Evangelii
2943 5510 3136 5551 omnes
3158 5494 3379 5548 allectus
3413 5500 3753 5558 contempse-

2184 5594 2310 5657 rint,
2334 5603 2493 5659 atque
2533 5590 2747 5643 divitias
2801 5594 2855 5641 et
2877 5586 3058 5641 saeculi
3083 5584 3403 5653 voluptates,
3440 5582 3529 5636 isti
3563 5590 3751 5635 centu-

2181 5678 2326 5750 plum
2356 5678 2621 5748 recipient
2670 5687 2725 5732 et
2760 5677 2926 5730 vitam
2973 5682 3233 5729 aeternam
3258 5672 3629 5742 possidebunt.
3674 5669 3746 5725 Ex

2181 5769 2464 5825 occasione
2512 5766 2668 5833 hujus
2698 5768 2969 5820 sementim
3004 5765 3218 5833 quirtam
3246 5761 3587 5816 introducunt
3610 5759 3752 5814 mille
