3960 6340
155 441 257 494 3::7

1266 429 1567 487 ttOMlLl/E
1609 434 1674 483 ιτ.
1718 434 1968 500 ursae.
2012 433 2090 481 ut
2140 432 2357 484 srisr.

3321 431 3419 489 7-53

158 568 331 608 annos
383 560 510 623 post
557 548 1012 605 resurrectionem
1072 546 1334 607 dicentes,
1412 543 1570 596 nobis
1612 551 1743 596 tunc
1772 549 1817 607 Α
1848 538 1968 594 novi
2022 550 2079 594 ct
2122 539 2391 593 immutati
2451 542 2507 593 in
2545 544 2958 599 conversatione
2988 554 3171 599 sancta
3212 561 3426 616 pernm

154 643 469 713 centuplum
497 642 738 696 ominum
769 654 952 694 rerum
978 653 1114 707 quas
1141 636 1445 691 dimisimus
1468 642 1523 687 et
1573 633 1739 687 vitam

155 743 413 788 aeternam
442 746 564 786 esse
592 729 941 793 reddendam,
1014 742 1119 782 non
1145 726 1501 795 intelligeutcs
1528 721 1671 792 quod
1693 720 1740 775 si

155 823 211 879 in
244 824 462 893 cates-is
490 822 650 893 digna
677 823 747 877 sit
776 819 1148 890 repromissio,
1197 818 1249 872 in
1276 815 1533 870 uxoribus
1578 826 1740 882 appa-

156 921 278 968 reat
310 913 604 982 turpitudo,
662 911 841 980 utqui
873 925 1032 964 unam
1071 924 1172 979 pro
1221 907 1449 960 Domino
1477 903 1742 957 dimiserit

152 1014 378 1061 centum
422 1004 649 1074 recipiat
692 1003 743 1060 in
774 1001 977 1056 futuro.
1028 999 1234 1054 Sensus
1265 997 1430 1067 igitur
1484 995 1585 1048 iste
1624 1001 1734 1047 est:

153 1098 248 1167 qui
270 1095 512 1151 carnalia
554 1108 650 1165 pro
668 1092 950 1147 Salvatore
978 1088 1267 1151 dimiserit,
1296 1083 1561 1154 spiritalia
1593 1081 1737 1136 reci-

150 1191 287 1261 piet,
328 1202 450 1259 quae
502 1185 909 1255 comparatione
946 1191 1001 1237 ct
1055 1179 1251 1234 merito
1304 1178 1387 1233 sui
1442 1176 1516 1230 ita
1554 1180 1732 1237 erunt,

149 1281 311 1352 quasi
340 1284 508 1351 parvo
527 1291 753 1333 numero
780 1273 1123 1331 centenarias
1150 1284 1411 1324 numerus
1463 1280 1740 1334 compare-

148 1382 261 1428 tur.
309 1371 463 1428 Unde
495 1370 627 1425 dicit
649 1380 711 1425 et
739 1367 1044 1439 Apostolus,
1096 1364 1186 1433 qui
1212 1378 1374 1417 unam
1402 1368 1610 1415 tantum
1638 1361 1734 1414 do-

149 1478 305 1516 mum
366 1469 421 1515 et
454 1461 614 1513 unius
658 1457 953 1528 provinciae
1005 1468 1202 1523 parvos
1238 1466 1395 1523 agros
1437 1449 1733 1509 dimiserat,

150 1560 311 1625 quasi
332 1554 467 1615 nihil
484 1554 749 1609 habentes
767 1558 823 1603 et
847 1548 1030 1604 omnia
1059 1544 1417 1615 possidentes.
1459 1540 1560 1605 Qui
1590 1538 1736 1593 enim

150 1653 329 1707 Deum
375 1647 665 1720 prepitium
702 1643 884 1705 habet,
916 1647 970 1693 et
996 1638 1076 1692 illi
1108 1636 1210 1690 rite
1239 1633 1507 1697 servierit,
1539 1630 1736 1684 nullius

150 1742 233 1797 rei
283 1746 405 1812 qusi
450 1740 520 1793 ad
559 1736 793 1791 salutem
824 1731 1059 1801 pertinet
1104 1725 1386 1797 penuriam
1428 1720 1733 1783 sustinebit,

146 1834 246 1889 sed
294 1849 397 1903 per
432 1834 605 1903 ipsum
661 1829 715 1882 in
759 1828 861 1880 hoc
890 1822 1085 1878 saeculo
1140 1818 1389 1879 solatium
1437 1827 1730 1889 congruum

1846 642 2053 693 nentes,
2118 634 2241 686 novi
2285 641 2339 686 et
2373 634 2642 687 immutati
2695 636 2897 688 erimus
2948 652 3067 691 cum
3102 637 3320 694 Christo
3366 642 3424 697 in

1842 730 2046 776 aeterna
2093 720 2281 793 gloria.

1914 810 2029 866 Hoc
2063 814 2297 875 scientes,
2349 817 2475 886 quia
2513 825 2655 870 vetus
2700 816 2852 870 homo
2908 828 3079 871 noster
3116 818 3270 872 simul
3309 837 3427 875 cru-

1844 905 2031 974 ciﬁxus
2070 916 2166 959 est.
2210 904 2409 961 Omnes
2447 906 2629 962 fideles
2661 908 2879 973 Christi,
2936 910 3063 964 dicit
3115 910 3421 980 Apostolus,

1842 1010 1963 1050 cum
1988 995 2204 1051 Christo
2228 1011 2347 1053 esse
2396 998 2553 1053 sim'ul
2590 1000 2898 1061 cruciﬁxos,
2953 1002 3043 1069 qui
3091 1011 3216 1055 ante
3242 1004 3426 1059 ~abre—

1840 1087 2230 1141 nuntiationcm
2268 1089 2492 1156 peccati,
2544 1090 2638 1142 vel.
2673 1090 2869 1145 diaboli
2930 1094 3273 1156 servitutem,
3338 1110 3427 1149 ve-

1841 1182 2011 1229 terem
2064 1176 2337 1231 hominem
2389 1179 2557 1232 Adam
2611 1179 2893 1245 imitando,
2968 1183 3283 1251 peccabaut,
3331 1198 3427 1251 per

1840 1265 2359 1321 abrenuntiationem
2399 1268 2648 1323 vitiorum
2688 1279 2851 1339 atque
2898 1287 2993 1340 per
3032 1252 3423 1341 baptismum...

1840 1356 1963 1423 quia
2013 1356 2313 1409 membrum
2364 1358 2609 1426 corporis
2672 1357 2871 1412 Christi
2923 1358 3095 1414 efl‘ecti
3160 1370 3283 1416 sunt
3331 1378 3426 1433 per

1839 1445 2011 1500 Sancti
2073 1444 2274 1500 lavacri
2330 1448 2665 1517 mysterium.
2733 1447 2981 1504 Christus
3014 1450 3229 1517 quidem
3272 1452 3429 1508 inuo-

1839 1535 1985 1588 xium
2038 1549 2193 1589 suum
2231 1551 2428 1605 corpus
2478 1538 2729 1607 appendit
2778 1547 2836 1593 ut
2884 1554 2981 1593 nos
3027 1543 3246 1595 noxium
3300 1559 3422 1599 sus-

1836 1627 2134 1696 pendamus
2188 1644 2218 1683 a
2263 1629 2452 1693 vitiis,
2509 1641 2564 1683 ut
2632 1632 2935 1686 destruatur
2980 1650 3166 1704 corpus
3227 1640 3425 1704 peccati

1839 1725 1893 1766 ut
1931 1714 2068 1767 ultra
2107 1732 2209 1769 nou
2238 1716 2527 1773 serviamus
2550 1729 2781 1785 peccato.
2831 1719 2945 1776 Hoc
2986 1730 3090 1786 est,
3140 1732 3197 1776 ut
3243 1726 3424 1781 omnia

1839 1804 1891 1857 iu
1934 1805 2088 1858 nobis
2143 1806 2457 1875 vitia,»quae
2510 1815 2634 1876 post
2666 1808 2989 1878 baptismum
3032 1814 3424 1885 commisimus,

151 1893 338 1987 habet,
361 1933 417 1977 et
442 1893 495 1975 in
529 1920 706 1978 futura
734 1923 841 1977 vita
865 1918 1114 1991 gaudium
1144 1910 1440 1984 possidebit
1471 1919 1734 1963 mternum
1760 1893 1809 1955 Β
1835 1909 1935 1968 per
1998 1910 2190 1968 puram
2235 1898 2629 1955 confessionem
2697 1909 2755 1957 et
2799 1902 3173 1974 ptenitemiam
3223 1924 3424 1976 veram,

151 2013 460 2089 perJesum
493 2016 769 2072 Christum
820 2008 1105 2064 Dominum
1136 2012 1400 2065 nostrum,
1462 1998 1555 2069 qui
1606 1997 1738 2051 vivit

152 2119 207 2165 et
233 2117 429 2178 regnat
452 2107 505 2161 in
537 2102 731 2160 saecula
775 2098 1115 2155 sazculorum.
1182 2094 1374 2146 Amen.

699 2210 980 2266 HOMILIA
1004 2205 1201 2261 'CXIII.

442 2299 756 2342 BEBDOIADA
783 2297 863 2335 VII
894 2295 1020 2334 P081“
1048 2288 1442 2331 PENTECOSTEN.

414 2376 599 2431 Lectio
629 2370 878 2442 Epistolas
910 2367 1060 2423 Pauli
1092 2366 1157 2422 ad
1187 2365 1477 2418 Romanos.

231 2468 466 2530 Fratres,
530 2467 824 2537 quicunque
876 2451 1125 2530 baptiz’ati
1170 2462 1351 2510 sumus
1416 2453 1472 2505 in
1530 2447 1738 2505 Christo

148 2562 304 2623 Jesu,
354 2562 407 2612 in
453 2565 615 2611 morte
653 2554 816 2623 ipsius
864 2548 1114 2620 baptizati
1164 2561 1370 2601 sumus.
1431 2539 1736 2610 Consepulti

149 2652 293 2703 enim
344 2638 525 2703 sumus
574 2642 830 2700 cum-illo
870 2657 962 2712 per
1013 2639 1325 2709 baptismum
1381 2638 1436 2690 in
1495 2644 1734 2696 mortem,

149 2748 261 2795 etc.

222 2828 489 2892 Audistis,
533 2826 731 2881 fratres
757 2820 1085 2887 charissimi,
1135 2820 1187 2874 in
1225 2818 1453 2872 lectione
1482 2811 1736 2884 praesenti

146 2922 424 2975 dicentem
463 2915 798 2986 Apostolum,
851 2930 922 2966 an
972 2910 1225 2981 ignoratis
1262 2907 1387 2977 quia
1444 2904 1737 2975 quicunque

148 3010 405 3081 baptismi
452 3024 634 3062 sumus
698 3005 753 3060 in
796 3000 1002 3059 Christo
1043 2999 1193 3063 Jesu,
1265 2999 1321 3051 in
1364 3004 1528 3049 morte
1570 2995 1735 3064 ipsius

143 3099 406 3170 ἐραν)ιὲκεί
461 3112 642 3151 sumus
688 3095 715 3149 ll
769 3089 1067 3162 Cousepulti
1147 3089 1283 3143 enim
1360 3100 1539 3140 sumus
1618 3098 1733 3137 cum

147 3190 247 3244 illo
282 3205 375 3257 per
425 3189 738 3257 baptismum
798 3186 854 3237 in
891 3192 1130 3247 mortem,
1178 3188 1238 3233 ut
1288 3177 1429 3233 sicut
1487 3176 1734 3231 Christus

150 3281 314 3336 tertia
356 3279 445 3333 die
477 3276 772 3333 resurrexit
807 3290 838 3329 a
869 3272 1123 3335 mortuis,
1166 3271 1235 3325 ita
1262 3278 1320 3327 et
1368 3283 1467 3323 nos
1515 3267 1569 3321 in
1596 3281 1734 3334 aqua

149 3373 409 3437 demersi,
456 3368 764 3432 ettmundo,
807 3375 968 3434 atque
994 3360 1208 3417 diabolo
1234 3357 1456 3423 mortui,
1498 3365 1552 3411 et
1575 3355 1734 3410 Chri-

148 3474 239 3521 sto
292 3460 615 3530 consepulti,
669 3472 791 3513 cum
848 3453 1215 3525 post-tertiam
1256 3449 1584 3505 mersionem
1622 3445 1735 3500 ele-

148 3570 351 3609 vamur
401 3553 469 3609 de
512 3549 679 3614 fonte,
709 3533 1163 3617 quasi'Christus
1190 3539 1563 3610 resurgimus,
1612 3535 1737 3590 novi

149 3651 211 3698 et
266 3638 626 3704 immaculati,
669 3638 908 3692 omnium
958 3639 1305 3705 peccatorum
1352 3628 1515 3684 sorde
1561 3626 1735 3697 depo-

152 3735 283 3789 sita.

228 3822 298 3879 Ut
340 3819 776 3893 quemadmodum
834 3814 1071 3871 Christus
1122 3812 1405 3894 resurrexit
1452 3810 1737 3866 avmortuis

149 3930 247 3984 per
290 3911 514 3982 gloriam
545 3907 745 3975 Patris,
794 3908 868 3959 ita
915 3913 962 3957 et
998 3919 1090 3958 nos
1124 3902 1179 3955 in
1204 3901 1428 3959 nouitate
1472 3901 1588 3953 vitae
1620 3914 1734 3963 am-

153 4004 418 4057 bulemus.
452 4000 650 4055 Tribus
680 3998 823 4052 enim
869 3993 1051 4059 modis
1086 3991 1414 4061 baptismum
1472 3988 1738 4058 accipitur

153 4093 207 4146 in
243 4089 563 4160 Scripturis,
601 4102 775 4157 aquas,
801 4084 1034 4155 Spiritus
1057 4082 1248 4143 sancti,
1268 4081 1371 4149 qui
1397 4080 1550 4149 quasi
1598 4079 1737 4146 iguis

148 4183 338 4238 omnia
364 4181 543 4236 exurit
570 4186 807 4250 peccata,
835 4184 890 4231 et
914 4175 1187 4245 sanguinis
1212 4173 1265 4227 in
1295 4172 1573 4241 martyrio,
1612 4186 1738 4241 pro-

149 4285 277 4346 pter
334 4287 527 4327 nomen
571 4270 772 4325 Christi
814 4266 1008 4323 eﬂusi:
1048 4267 1114 4321 de
1152 4281 1259 4335 quo
1311 4263 1559 4319 Salvator
1600 4264 1677 4323 ait
1719 4280 1732 4316 :

150 4367 431 4438 Baptismo
473 4362 636 4419 habeo
673 4359 927 4431 baptizari
974 4358 1027 4412 in
1072 4356 1332 4426 sanguine
1370 4369 1513 4419 meo,
1551 4361 1735 4407 osten-

151 4461 291 4515 dens
316 4471 413 4511 nos
456 4462 745 4524 propterea
784 4451 857 4504 ita
888 4448 1147 4518 baptizari
1198 4454 1257 4501 ut
1294 4460 1390 4515 per
1412 4445 1735 4515 mysterium

152 4544 587 4614 consepcliamur
636 4541 855 4597 Christo
923 4538 1239 4594 criminibus
1282 4536 1595 4599 morientes,
1682 4542 1738 4588 et

152 4637 530 4693 renuntiantes
554 4633 792 4703 pristinae
821 4630 961 4693 vitae,
1002 4637 1063 4682 ut
1082 4628 1349 4696 quomodo
1385 4626 1546 4679 Pater
1573 4624 1737 4694 glori-

156 4728 355 4783 ficatus
386 4728 467 4779 est
502 4725 554 4778 in
586 4722 702 4776 Filii
750 4717 1164 4781 resurrectione,
1212 4716 1285 4770 ita
1312 4726 1363 4770 et
1394 4730 1490 4785 pcr
1536 4726 1733 4769 nostra:

152 4814 589 4873 conversationis
626 4810 917 4866 novitatem
964 4816 1086 4876 post
1113 4806 1432 4874 baptismum
1489 4804 1738 4858 Christus

152 4910 221 4962 ab
252 4906 510 4962 omnibus
554 4885 900 4972 glorificetur,
962 4905 1020 4953 ut
1056 4911 1152 4950 nec
1200 4897 1350 4963 signa
1394 4894 1607 4962 quidem
1639 4908 1735 4949 ve-

152 4998 293 5051 teris
340 4992 555 5047 malitia:
603 4997 965 5061 agnoscantur
1004 4987 1056 5040 in
1087 4984 1260 5040 nobis.
1309 4984 1417 5038 Nec
1444 4985 1588 5038 enim
1636 4986 1733 5039 ali-

152 5087 285 5158 quid
320 5084 453 5139 velle
478 5091 570 5136 aut
598 5095 793 5151 cupere
822 5079 1077 5133 debemus
1106 5077 1247 5145 quod
1276 5076 1460 5129 volunt
1508 5085 1601 5129 aut
1646 5092 1738 5129 cu-

150 5179 317 5246 piunt
353 5174 425 5227 illi
472 5172 776 5242 quicunque
816 5167 990 5223 adhuc
1037 5166 1233 5220 veteris
1285 5164 1409 5217 vitae
1459 5163 1736 5217 erroribus

152 5263 519 5333 implicantur.

224 5357 292 5411 Si
343 5356 479 5407 enim
559 5349 898 5422 complantati
959 5347 1083 5415 facti
1142 5362 1321 5399 sumus
1398 5343 1734 5397 similitudini

152 5427 688 5513 mortiseju‘ssiumle.’
716 5440 1103 5494 resurrectionis
1154 5441 1365 5488 erimus.
1462 5434 1518 5488 Si
1587 5434 1729 5488 enim

156 5535 363 5592 mundo
383 5532 646 5587 morimur
688 5540 745 5586 et
770 5528 1219 5598 concupiscentiis
1265 5526 1402 5592 ejus,
1454 5532 1508 5579 et
1540 5538 1729 5578 conse-

155 5627 293 5697 pulti
330 5621 620 5679 nuncﬁcri
667 5622 909 5689 cupimus
939 5619 1179 5673 Christo
1202 5616 1252 5668 in
1282 5625 1453 5669 morte
1503 5614 1733 5684 peccati,

158 5718 210 5769 iu
263 5721 442 5767 morte
484 5710 730 5779 corporis
768 5708 935 5761 nostri
982 5704 1421 5761 ressurrectiouis
1457 5705 1571 5773 ejus
1622 5718 1736 5757 me-

163 5805 406 5859 :ebimur
440 5815 559 5856 esse
581 5799 887 5865 participes.
936 5799 1000 5851 Et
1035 5800 1076 5851 si
1131 5798 1181 5851 in
1206 5798 1305 5850 hac
1336 5798 1437 5849 vita
1474 5796 1734 5850 fuerimus

1839 1991 2143 2060 simulque;
2158 2008 2254 2062 per
2286 1994 2751 2064 eleemosynarum
2791 1996 3099 2067 largitatem
3144 2001 3429 2055 destruan-

1838 2082 2182 2149 tur'peuitus,
2232 2083 2355 2151 quia
2410 2098 2573 2137 unum
2599 2084 2787 2138 vitium
2838 2086 3137 2140 membrum
3179 2097 3262 2142 est
3307 2105 3429 2159 pec-

1837 2171 1961 2223 cati.
2009 2171 2159 2224 Sicut
2192 2171 2438 2227 Christus
2484 2188 2591 2226 non
2621 2189 2687 2227 ex
2717 2183 2903 2240 parte,
2940 2177 3034 2230 sed
3085 2177 3294 2247 integer
3344 2189 3429 2236 est
3472 2182 3473 2185 “

1835 2259 2144 2323 cruciﬁxus,
2197 2261 2269 2315 ita
2296 2272 2355 2315 ut
2384 2263 2731 2331 praediximus
2760 2280 2856 2334 per
2878 2264 3297 2335 confessionem,
3325 2285 3424 2325 nc-

1834 2362 1987 2403 cesse
2038 2359 2125 2403 est
2173 2357 2232 2403 ut
2285 2350 2599 2405 destruatur
2671 2352 2727 2405 in
2778 2353 2932 2407 nobis
2980 2363 3171 2408 totum
3216 2359 3425 2425 peccati

1835 2454 2046 2508 corpus,
2079 2450 2136 2494 ut
2156 2441 2249 2495 fiat
2272 2455 2403 2495 caro
2427 2452 2610 2497 nostra
2640 2442 2862 2510 iustitiae
2891 2447 3243 2515 mancipium,
3268 2451 3414 2519 quod

1835 2528 2042 2583 solebat
2080 2544 2200 2583 esse
2242 2530 2439 2587 delicti.
2492 2528 2676 2587 Omnis
2708 2533 2846 2586 enim
2870 2534 2972 2605 qui
3000 2535 3129 2602 facit
3152 2549 3422 2606 peccatum

1833 2636 2011 2673 seruus
2033 2672 2035 2675 ,
2056 2629 2130 2677 ast
2169 2620 2408 2687 peccati.

1907 2711 2011 2777 Qui
2045 2712 2183 2765 enim
2212 2723 2448 2767 mortuus
2472 2724 2546 2767 est
2574 2723 2800 2783 peccato
2828 2729 2926 2788 per
2955 2716 3346 2774 confessionem
3370 2727 3428 2774 et

1836 2801 2245 2857 detestationem
2314 2803 2538 2873 peccati,
2586 2806 2917 2874 justiﬁcatus
2984 2819 3057 2862 est
3117 2827 3148 2863 a
3190 2822 3422 2879 peccato.

1836 2891 2078 2948 Mortuus
2106 2903 2191 2948 est
2209 2895 2597 2950 enim'omniuo
2617 2896 2710 2964 qui
2734 2912 2839 2951 non
2868 2908 3079 2968 peccat,
3105 2910 3157 2954 et
3181 2903 3273 2972 qui
3295 2918 3424 2957 uru-

1835 2982 2026 3037 cifixus
2055 2990 2139 3037 est
2166 2999 2264 3053 per
2287 2985 2662 3054 pamitentiam
2694 2988 2952 3056 peccatis,
2975 2988 3161 3046 dolore
3184 3008 3250 3048 ac
3273 3008 3423 3049 com-

1836 3076 2123 3142 punctione
2146 3078 2373 3144 peccati,
2405 3078 2493 3131 vix
2520 3079 2719 3146 poterit
2748 3080 2908 3135 etiam
2938 3095 3181 3149 peccare.

1911 3162 1971 3219 Si
2024 3174 2197 3219 autem
2237 3166 2431 3241 mortui
2480 3184 2661 3222 sumus
2715 3187 2832 3223 cum
2882 3168 3110 3236 Christo,
3167 3174 3425 3229 credimus

1762 3234 1807 3296 C
1842 3253 1965 3323 quia
1988 3251 2151 3307 simul
2169 3253 2392 3335 vivemus
2417 3257 2573 3309 etiam
2597 3274 2711 3310 cum
2737 3258 2849 3312 illo.
2881 3258 2939 3313 Si
2966 3264 3285 3316 commortui
3318 3280 3423 3318 non

1843 3364 2028 3404 sumus
2054 3348 2289 3417 Christo,
2341 3366 2443 3407 nec
2470 3353 2818 3409 convivemus
2857 3369 2978 3409 eum
3020 3355 3264 3421 Christo,
3296 3359 3419 3427 quia

1841 3437 1957 3507 ejus
1986 3439 2227 3493 membra
2257 3455 2362 3493 non
2390 3455 2595 3495 sumus.

1915 3528 2149 3583 Scientes
2186 3530 2326 3600 quod
2371 3530 2610 3585 Christus
2654 3548 2923 3604 resurgens
2959 3552 2991 3587 a
3037 3537 3275 3600 mortuis,
3304 3538 3423 3608 jam

1842 3633 1947 3672 non
1970 3619 2213 3684 moritur,
2242 3635 2383 3672 mors
2408 3618 2487 3671 illi
2524 3619 2665 3677 ultra
2694 3637 2796 3675 non
2827 3623 3200 3678 dominabitur.
3260 3625 3337 3680 lta
3369 3635 3426 3682 et

1840 3722 1941 3764 nos
1969 3707 2013 3762 si
2056 3707 2145 3763 hic
2190 3708 2459 3767 voluntate
2504 3711 2699 3763 mortui
2754 3710 3014 3767 fuerimus
3041 3715 3297 3783 peccatis,
3338 3732 3425 3771 se-

1842 3798 2072 3852 cundam
2127 3813 2235 3853 non
2285 3799 2535 3864 timemus
2593 3812 2842 3869 mortem,
2888 3818 2993 3859 nec
3046 3806 3348 3862 tenebimur
3390 3823 3422 3863 a

1840 3894 2107 3963 gehenna.

1912 3982 2065 4049 Quod
2093 3983 2229 4039 enim
2264 3992 2854 4055 mentiturostpeccato,
2877 3999 3120 4043 mortuus
3142 3998 3215 4043 est
3242 3991 3420 4055 semel,

1842 4072 2024 4137 idest,
2054 4087 2162 4127 non
2202 4088 2491 4142 possumus
2532 4075 2729 4130 iterum
2772 4092 2912 4146 aqua
2960 4078 3245 4147 baptizari,
3294 4083 3419 4148 quia

1838 4166 2085 4223 Christus
2116 4181 2220 4221 non
2246 4176 2424 4236 potest
2446 4168 2642 4222 iterum
2666 4167 2908 4239 crueitigi
2936 4182 3036 4239 pro
3062 4170 3235 4225 nobis.
3270 4170 3422 4225 Sicut

1841 4255 1965 4309 alibi
2001 4255 2229 4311 dicitur:
2251 4255 2680 4327 Impossibilezest
2708 4257 2845 4311 enim
2868 4274 2954 4313 eos
2980 4261 3069 4329 qui
3107 4259 3263 4313 semel
3298 4261 3419 4314 illu-

1839 4346 2023 4399 minati
2046 4356 2190 4411 sunt,
2208 4356 2547 4417 gustauerunt
2567 4348 2719 4402 etiam
2758 4347 2952 4401 donum
2979 4347 3199 4414 calcate,
3229 4358 3275 4401 et
3294 4366 3419 4420 par-

1839 4437 2015 4506 ticipes
2062 4448 2182 4495 sunt
2229 4438 2356 4507 facti
2406 4437 2856 4511 Spiritussancti,
2903 4440 3089 4498 iterum
3138 4441 3416 4511 baptizari,

1838 4528 1965 4595 quia
2005 4527 2088 4603 ibi
2118 4542 2222 4581 non
2250 4528 2621 4598 penitentiam
2648 4528 2910 4597 denegat,
2954 4530 3047 4589 sed
3075 4530 3417 4587 iterationem

1837 4616 2109 4685 baptisnn.

1914 4704 2066 4767 Quod
2089 4714 2264 4758 autem
2292 4704 2430 4771 vivit,
2462 4706 2583 4759 vivit
2605 4705 2737 4771 Deo,
2766 4706 2817 4760 in
2838 4707 3005 4778 gloria
3028 4708 3273 4766 'deitatis.

1912 4794 1998 4847 Ita
2018 4804 2065 4847 rt
2090 4810 2178 4848 uos
2212 4796 2503 4849 existimate
2536 4812 2622 4849 uos
2661 4806 2891 4851 mortuos
2920 4798 3143 4867 quidem
3166 4816 3275 4854 esse
3298 4818 3416 4869 pec-

1842 4892 1976 4946 cato,
2011 4884 2053 4938 si
2079 4881 2288 4937 fueritis
2324 4885 2531 4953 puriter
2556 4884 2809 4949 confessi,
2838 4886 2999 4939 vivere
3019 4899 3191 4940 autem
3220 4887 3329 4941 Deo
3358 4906 3411 4943 :n

1843 4972 2048 5026 Christo
2089 4972 2219 5026 Jesu
2271 4973 2496 5026 Domino
2551 4983 2749 5039 nostro,
2792 4973 2847 5028 in
2876 4976 3129 5043 Operibus
3174 4977 3332 5031 bonis
3358 4986 3414 5031 ct

1840 5063 2245 5116 conversatione
2271 5073 2477 5127 sancta,
2522 5063 2618 5117 Dei
2665 5078 2761 5118 vos
2817 5065 3185 5119 misericordia
3233 5075 3412 5136 prote-

1838 5160 2017 5221 gente,
2050 5152 2135 5205 cui
2170 5151 2241 5205 sit
2268 5151 2441 5205 honor
2480 5160 2535 5205 et
2558 5151 2724 5220 gloria
2768 5152 2821 5206 in
2852 5152 3044 5207 secula
3068 5153 3407 5208 saeculorum.

1835 5242 2025 5295 Amen.

2383 5352 2660 5410 HOMILIA
2696 5354 2874 5411 CXIV.

2402 5483 2455 5521 IN
2476 5483 2650 5523 EODEM
2676 5484 2862 5525 ῐιἝδτο.

1907 5574 2092 5630 Lectio
2136 5576 2307 5631 sancti
2353 5576 2626 5647 Evangelii
2668 5578 2961 5632 secundum
3006 5577 3334 5634 Matthzcum.

1908 5702 1977 5756 In
2003 5703 2092 5757 illo
2114 5712 2362 5772 tempore,
2394 5704 2525 5757 dixit
2552 5704 2708 5759 Iesus
2731 5706 3001 5775 discipulis
3029 5708 3136 5760 suis
3161 5722 3177 5760 :
3224 5709 3404 5771 Amen,

1837 5794 1952 5849 dico
2002 5794 2140 5847 vobis
2184 5794 2306 5857 quia
2349 5794 2447 5848 nisi
2494 5795 2829 5849 abundaverit
2860 5796 3069 5864 justitia
3101 5808 3260 5851 vestra
3289 5796 3405 5863 plus
