3960 6368
472 442 581 501 559

1118 434 1183 489 Β.
1224 433 1479 489 RABANI
1516 433 1737 489 MAURI
1777 430 2103 487 ADClllEP.
2148 427 2456 487 MOGUNT.
2496 422 2783 486 OPERUM
2828 430 3011 487 PARS
3050 430 3114 486 ll.

3664 438 3781 492 530

474 566 631 624 quam
680 546 967 604 scribarum
1017 556 1066 601 et
1108 542 1525 613 Pharisxorum,
1558 562 1658 600 non
1704 544 1966 599 inti-abitis
2008 544 2060 595 in
2092 544 2139 603 Α
2167 542 2327 597 aliam
2351 544 2589 615 linguam
2614 545 2768 601 facile
2791 545 3191 601 transferuntur
3215 566 3227 601 :
3254 562 3374 617 qua:
3396 562 3561 604 causa
3583 552 3783 623 utique

477 656 694 711 regnum
719 637 985 701 calorum,
1014 644 1121 691 etc.

546 730 601 783 ld
630 737 734 793 est.
762 727 865 781 nisi
897 741 1002 781 non
1032 726 1207 782 solum
1234 726 1324 781 illa
1356 726 1580 782 minima
1624 726 1760 797 legis
1799 733 2068 796 praecepta

474 819 853 892 impleveritis,
889 834 1007 888 qua:
1045 819 1307 873 inchoant
1341 820 1633 883 hominem,
1685 819 1780 873 sed
1811 818 1915 873 ista
1950 834 2071 887 qua:

478 930 506 968 a
527 931 613 969 me
637 914 927 976 adduntur.
955 912 1047 982 qui
1079 929 1181 966 non
1205 913 1319 967 veni
1345 913 1540 966 solvere
1569 896 1751 982 legem,
1779 911 1869 965 sed
1901 910 2071 963 adim-

477 1005 638 1076 plere.
691 1021 795 1058 non
845 1003 1107 1058 intrabitis
1150 1004 1205 1057 in
1251 1020 1468 1073 regnum
1521 1002 1787 1056 calorum.
1847 999 2070 1054 Iustitia

477 1096 874 1151 Pharisaeorum
910 1105 1012 1160 est,
1064 1103 1255 1150 utnon
1304 1096 1583 1159 occidant;
1634 1093 1849 1164 justitia
1884 1107 2070 1147 eorum

478 1188 568 1257 qui
593 1186 841 1241 intraturi
864 1196 987 1240 sunt
1010 1186 1061 1239 in
1077 1200 1299 1255 regnum
1325 1184 1417 1239 Dei
1441 1191 1541 1249 est,
1562 1193 1618 1237 ut
1640 1198 1746 1237 non
1771 1183 2075 1237 irascantur

478 1278 597 1333 sine
619 1265 824 1332 causa:
858 1276 1140 1329 minimum
1183 1284 1265 1330 est
1306 1289 1436 1351 ergo
1470 1283 1525 1329 et
1570 1289 1677 1327 non
1713 1272 1982 1334 occidere,
2020 1279 2075 1325 et

479 1367 574 1436 qui
604 1367 734 1421 illud
775 1366 997 1421 solverit
1046 1366 1304 1419 minimus
1335 1364 1617 1419 vocabitur
1661 1364 1714 1417 in
1760 1377 1927 1433 regno
1958 1375 2075 1416 caa—

479 1456 680 1511 iorum.
725 1456 828 1523 Qui
874 1466 1054 1512 autem
1094 1456 1222 1509 illud
1273 1456 1575 1525 impleverit
1601 1464 1657 1509 ut
1689 1469 1795 1508 non
1842 1454 2073 1518 occidat,

480 1564 587 1603 non
611 1549 868 1603 continuo
889 1564 1117 1619 magnus
1140 1548 1243 1602 erit
1262 1556 1315 1600 et
1336 1547 1564 1601 idoneus
1592 1561 1755 1617 regno
1776 1546 2071 1610 cmlorum;

480 1638 577 1694 sed
621 1646 800 1691 tamen
829 1638 1075 1692 ascendit
1101 1637 1335 1706 aliquem
1376 1636 1601 1706 gradum
1630 1652 1643 1699 ;
1676 1635 1958 1703 perﬁcitur
1980 1650 2076 1686 au-

480 1736 588 1781 tem
616 1726 662 1781 si
693 1740 793 1781 nec
822 1725 1077 1779 irascitur
1110 1726 1228 1779 sine
1269 1740 1433 1779 causa
1460 1742 1473 1776 :
1526 1723 1672 1792 quod
1710 1724 1755 1777 si
1786 1721 2079 1791 perfecerit

478 1814 648 1871 multo
676 1815 935 1869 remetior
978 1814 1082 1869 erit
1125 1815 1194 1868 ab
1231 1814 1559 1877 homicidio;
1610 1823 1939 1883 quapropter
1984 1812 2076 1881 qui

2172 636 2347 704 coegit
2374 644 2483 689 tam
2515 634 2764 690 Grzecum
2810 635 3159 705 interpretem
3194 653 3358 707 quam
3398 637 3651 695 Latinum
3682 658 3779 698 vo-

2173 741 2291 779 cem
2312 726 2480 795 ipsam
2503 741 2725 796 ponere,
2745 741 2866 781 cum
2883 726 3154 796 quomodo
3174 741 3294 782 eam
3318 728 3784 798 interpretaretur

2172 830 2279 869 non
2307 816 2597 872 inveniret.
2645 816 2859 871 Gradus
2903 817 3087 887 itaque
3116 828 3241 872 sunt
3266 818 3319 872 in
3357 818 3476 875 istis
3506 822 3779 891 peccatis,

2174 914 2233 959 ut
2265 908 2438 976 primo
2468 908 2698 977 quisque
2727 907 2996 963 irascatur
3043 914 3098 963 et
3140 922 3264 962 eum
3295 919 3501 965 motum
3534 912 3783 966 retineat

2174 1000 2352 1084 corde,
2387 1009 2569 1055 mente
2593 1012 2954 1068 conceptum:
2995 997 3110 1066 jam
3154 999 3199 1055 si
3248 1002 3538 1056 extorserit
3578 1017 3778 1057 vocent

2175 1078 2503 1161 indignantis
2532 1092 2645 1161 ipsa
2668 1078 2959 1147 commotio
2988 1108 3091 1146 non
3114 1092 3511 1163 signiﬁcantem
3541 1095 3773 1166 aliquid,

2176 1180 2269 1235 sed
2314 1180 2461 1234 illum
2506 1181 2671 1235 animi
2721 1190 2952 1247 motum,
3001 1184 3113 1251 ipsa
3165 1184 3448 1252 eruptione
3478 1192 3782 1240 testantem

2176 1286 2281 1340 qua
2337 1270 2566 1326 feriatur
2588 1271 2673 1324 ille
2700 1272 2785 1325 cui
2822 1272 3102 1325 irascitur:
3135 1272 3256 1341 plus
3281 1280 3363 1326 est
3387 1275 3573 1343 utique
3605 1289 3781 1344 quam

2176 1360 2222 1415 si
2255 1375 2480 1429 surgens
2510 1360 2590 1414 ira
2617 1360 2834 1417 silentio
2860 1373 3219 1433 premeretur.
3264 1362 3321 1418 Si
3374 1379 3504 1419 vero
3532 1380 3641 1419 non
3684 1381 3783 1420 so‘

2177 1451 2288 1507 lum
2322 1467 2425 1507 vos
2471 1452 2802 1522 indignantis
2854 1454 3126 1518 audiatur,
3184 1456 3277 1510 sed
3328 1456 3491 1511 etiam
3545 1456 3781 1510 verbum

2177 1542 2321 1610 quod
2353 1540 2468 1610 jam
2496 1551 2703 1596 certam
2737 1541 2853 1611 ejus
2889 1530 3340 1613 vituperationem
3368 1545 3421 1599 in
3456 1560 3618 1614 quem
3650 1562 3783 1615 pro-

2178 1631 2351 1686 fertur
2377 1633 2624 1704 designet
2664 1642 2719 1688 et
2770 1643 2938 1700 notet,
2988 1636 3109 1704 quis
3136 1635 3345 1690 dubitet
3387 1636 3620 1705 amplius
3676 1639 3783 1692 hoc

2178 1736 2299 1777 esse
2330 1737 2493 1791 quam
2518 1722 2563 1777 si
2592 1722 2740 1778 solus
2767 1724 3154 1794 indignationis
3179 1739 3344 1780 sonus
3362 1726 3651 1782 ederetur?
3668 1728 3783 1783 Ita-

2180 1828 2286 1883 que
2314 1814 2365 1867 in
2396 1813 2571 1883 primo
2600 1830 2765 1869 unum
2808 1823 2911 1880 est,
2941 1815 2993 1869 id
3015 1822 3118 1882 est,
3150 1815 3227 1869 ira
3260 1816 3394 1881 sola,
3443 1818 3495 1871 in
3538 1818 3785 1873 secundo

478 1907 638 1961 docet
668 1916 727 1960 ut
768 1920 872 1960 non
910 1907 1229 1970 irascamur,
1261 1921 1368 1961 non
1417 1906 1576 1961 solvit
1621 1905 1792 1975 legem
1828 1919 1898 1959 ne
1925 1906 2073 1959 occi-
2110 1899 2155 1959 Β
2182 1901 2313 1968 duo,
2346 1903 2427 1958 ira
2466 1913 2522 1959 et
2550 1919 2650 1958 vox
2682 1921 2803 1975 qua:
2846 1907 2981 1961 iram
3033 1908 3319 1977 signiﬁcat,
3370 1909 3422 1962 in
3459 1911 3620 1964 tertio
3650 1912 3781 1977 tria,

479 2000 689 2062 damus,
727 2001 821 2054 sed
856 1998 1040 2068 implet
1067 2000 1247 2068 potius
1274 2006 1335 2053 ut
1380 1997 1513 2053 foris
1551 1997 1679 2052 dum
1722 2013 1829 2053 non
1872 1997 2077 2053 occidi-

479 2106 622 2155 mus,
649 2092 785 2145 etin
830 2091 996 2146 corde
1047 2092 1173 2146 dum
1227 2106 1337 2147 non
1388 2091 1677 2147 irascimur
1709 2091 2080 2146 innocentiam

480 2182 871 2237 custodiamus.

553 2273 790 2333 Audistis
819 2274 943 2343 quia
987 2273 1186 2327 dictum
1229 2282 1304 2327 est
1350 2274 1619 2342 antiquis:
1672 2274 1797 2327 Non
1839 2274 2080 2329 occides:

480 2365 569 2436 qui
600 2375 775 2418 autem
797 2365 1043 2419 occiderit
1070 2381 1188 2418 reus
1210 2366 1309 2418 erit
1330 2364 1559 2433 judicio.
1586 2364 1643 2417 In
1672 2364 1789 2435 lege
1824 2365 1969 2419 enim
2000 2364 2081 2419 in-

482 2456 785 2519 dicabatur;
818 2464 877 2509 ut
896 2456 985 2526 qui
1010 2454 1295 2511 occidebat
1330 2462 1386 2509 et
1414 2454 1528 2525 ipse
1556 2454 1933 2509 occideretur:

552 2543 665 2615 Ego
694 2553 868 2598 autem
891 2544 1008 2597 dico
1043 2544 1204 2598 vobis.
1256 2542 1313 2597 id
1359 2552 1463 2607 est,
1511 2558 1684 2597 novus
1732 2543 1895 2597 homo
1926 2543 2081 2597 vobis

482 2634 637 2690 novis
667 2648 806 2688 nova
856 2632 1086 2703 loquor:
1124 2631 1263 2699 Quia
1311 2632 1479 2687 omnis
1517 2633 1606 2704 qui
1629 2634 1879 2686 irascitur
1925 2632 2081 2701 fratri

482 2742 579 2781 suo
602 2741 721 2779 reus
750 2726 849 2779 erit
868 2726 1099 2796 judicio.
1133 2724 1437 2780 Videndum
1463 2733 1547 2780 est
1573 2733 1836 2794 quantum
1869 2725 2084 2779 intersit

483 2815 627 2871 inter
646 2816 914 2887 justitiam
955 2815 1359 2872 Pharismorum
1409 2822 1465 2869 et
1498 2814 1930 2872 Christianorum
1961 2829 2082 2884 quae

483 2906 780 2961 introducit
826 2906 880 2960 in
934 2921 1159 2976 regnum
1217 2904 1523 2960 cmlorum:
1572 2904 1643 2959 ibi
1684 2905 1827 2959 enim
1881 2906 2082 2960 occisio

484 3013 637 3054 reum
666 2995 797 3052 facit
831 2996 1057 3065 judicio,
1090 2985 1179 3052 hic
1204 3004 1386 3051 autem
1426 2996 1505 3050 ira
1537 2997 1890 3053 nihilominus
1930 3010 2081 3052 reum

485 3088 616 3143 facit
647 3087 875 3157 judicio.

560 3179 663 3245 Qui
704 3189 877 3232 autem
921 3178 1110 3232 dixerit
1137 3177 1293 3247 fratri
1321 3195 1437 3242 suo,
1472 3177 1640 3244 Raca,
1682 3194 1800 3231 reus
1828 3178 1928 3232 ‘erit
1954 3194 2080 3233 con—

486 3270 626 3324 silio.
679 3268 791 3322 lloc
834 3268 1058 3323 verbum
1109 3270 1327 3338 proprie
1375 3268 1727 3325 Hebrarorum
1777 3276 1896 3323 est:
1953 3283 2077 3323 raca
2107 3259 2150 3321 C

484 3361 629 3414 enim
678 3360 877 3413 dicitur
904 3364 1062 3421 κήναι,
1098 3359 1149 3412 id
1195 3368 1301 3422 est,
1344 3359 1520 3413 inanis
1566 3368 1619 3412 et
1668 3374 1872 3413 vacuus
1920 3374 2079 3429 quem

488 3466 584 3504 nos
609 3464 894 3519 possumus
926 3449 1141 3519 vulgata
1192 3449 1387 3518 injuria
1436 3449 1641 3518 absque
1687 3451 1914 3504 cerebro
1944 3466 2083 3504 nun-

485 3562 703 3617 cupare.
760 3545 817 3599 Si
848 3546 913 3600 de
939 3546 1114 3599 otioso
1156 3559 1406 3599 sermone
1464 3545 1725 3599 reddituri
1776 3560 1962 3600 sumus
1998 3560 2082 3599 ra-

491 3638 712 3701 tionem,
741 3646 943 3707 quanto
982 3636 1151 3705 magis
1179 3637 1244 3690 de
1265 3635 1631 3691 contumelia?
1662 3634 1767 3690 Sed
1790 3644 1843 3689 et
1865 3636 2083 3707 signan-

490 3739 572 3784 ter
602 3730 839 3795 additur,
868 3730 958 3800 qui
980 3729 1169 3782 dixerit
1197 3728 1355 3797 fratri
1380 3744 1499 3791 suo,
1532 3725 1701 3792 Raca,
1746 3726 1911 3783 frater
1936 3729 2082 3782 enim

488 3820 665 3876 nullus
704 3830 808 3885 est,
841 3820 943 3873 nisi
966 3819 1056 3888 qui
1080 3818 1327 3873 eumdem
1356 3818 1636 3873 nobiscum
1661 3818 1821 3871 habet
1851 3827 2078 3889 patrem.

489 3911 621 3967 Cum
649 3925 777 3980 ergo
807 3910 1055 3964 similiter
1082 3910 1270 3965 credat
1308 3909 1361 3962 in
1392 3910 1559 3964 Deum
1591 3918 1645 3963 et
1685 3910 1959 3963 Christum
1987 3910 2082 3965 Dei

489 4002 701 4057 noverit
728 4001 1071 4071 sapientiam,
1089 4015 1193 4069 qua
1220 4000 1428 4054 ratione
1449 3998 1691 4053 stultitiae
1717 3999 1893 4069 elogio
1917 3999 2083 4055 deno-

493 4096 592 4149 tari
619 4094 836 4167 potest?
859 4092 997 4159 Quid
1025 4093 1249 4147 interest
1281 4092 1424 4147 inter
1452 4092 1827 4161 reumjudicio
1853 4097 1907 4146 et
1931 4106 2083 4145 reum

493 4184 740 4248 consilio,
772 4193 826 4237 et
868 4199 1019 4237 reum
1048 4184 1305 4253 gehennaa
1333 4182 1509 4253 ignis?
1557 4181 1692 4235 Nam
1729 4182 1833 4236 hoc
1874 4189 2082 4249 postre-

494 4292 638 4331 mum
661 4276 1038 4347 gravissimum
1064 4284 1220 4329 sonat
1244 4282 1298 4329 et
1320 4275 1571 4329 admonet
1593 4274 1794 4344 gradus
1818 4273 2081 4344 quosdam

492 4366 665 4422 factos
704 4364 1054 4421 a‘levioribus
1087 4369 1153 4420 ad
1195 4365 1441 4435 graviora
1470 4365 1642 4421 donec
1670 4364 1739 4419 ad
1781 4364 2082 4433 gehennam

494 4461 637 4531 ignis
666 4461 964 4515 veniretur.
1000 4459 1067 4513 Et
1112 4449 1231 4514 ideé
1258 4459 1303 4513 si
1332 4458 1502 4513 levius
1543 4465 1627 4513 est
1674 4473 1823 4512 reum
1855 4472 1976 4511 esse
1998 4454 2083 4523 ju-

492 4551 635 4605 dicio
662 4564 824 4619 quam
853 4563 973 4603 esse
1016 4548 1263 4615 consilio,
1312 4548 1440 4602 item
1470 4548 1640 4602 levius
1674 4555 1759 4601 est
1784 4561 1905 4602 esse
1931 4561 2081 4600 reum

494 4642 741 4704 consilio,
782 4656 943 4711 quam
976 4654 1127 4694 reum
1180 4654 1302 4694 esse
1348 4639 1604 4709 gehenna:
1650 4638 1807 4707 ignis.
1860 4634 2085 4705 Oportet

493 4734 665 4789 levius
699 4747 820 4789 esse
852 4733 1181 4803 intelligatur
1208 4731 1368 4785 irasci
1400 4732 1515 4785 sine
1539 4744 1703 4785 causa
1730 4727 1882 4783 fratri
1920 4743 2083 4797 quam

497 4826 705 4889 dicere,
736 4824 905 4888 ltaca,
961 4833 1019 4877 et
1057 4839 1241 4878 rursus
1294 4822 1465 4876 levius
1505 4836 1630 4876 esse
1684 4820 1867 4874 dicere
1915 4818 2081 4882 Baca,

496 4934 659 4991 quam
690 4917 897 4979 dicere,
934 4915 1119 4969 Fatue.
1148 4913 1262 4968 Non
1298 4913 1441 4967 enim
1488 4921 1671 4965 reatus
1697 4910 1811 4979 ipse
1856 4910 2087 4963 haberet

497 5008 717 5078 gradus,
747 5006 853 5059 nisi
891 5004 1155 5074 gradatim
1183 5003 1345 5057 etiam
1391 5003 1611 5071 peccata
1655 5014 2086 5054 commemoren-

501 5106 607 5152 tur.
638 5097 781 5151 Raca
831 5096 972 5149 enim
1018 5092 1305 5148 obscurum
1355 5100 1461 5155 est,
1512 5089 1637 5159 quia
1688 5103 1789 5142 nec
1834 5087 2080 5143 Graecum

500 5199 581 5245 est
605 5203 707 5243 nec
757 5188 1004 5252 latinum,
1058 5184 1295 5239 nonnulli
1324 5193 1503 5237 autem
1536 5182 1601 5236 de
1646 5179 1835 5236 Grmco
1864 5179 2083 5233 trahere

501 5276 791 5329 voluerunt
816 5275 932 5342 ejus
972 5273 1463 5344 interpictatipncm
1495 5278 1747 5341 putantes
1782 5282 2082 5337 pannosum

503 5368 605 5421 dici
636 5386 648 5419 :
674 5366 860 5421 Graece
885 5366 1027 5419 enim
1054 5380 1262 5433 pannus
1286 5364 1479 5417 rachus
1502 5361 1715 5414 dicitur.
1746 5358 2083 5412 Probabilius

502 5466 683 5509 autem
712 5456 909 5509 dicitur
939 5469 1123 5508 vocem
1152 5468 1272 5507 esse
1311 5450 1705 5521 signiﬁcantem
1740 5464 1843 5503 non
1873 5448 1938 5503 ad
1987 5446 2085 5499 ali-

502 5546 630 5616 quid
664 5546 807 5601 aliud
854 5546 954 5601 nisi
996 5546 1324 5616 indignantis
1342 5546 1504 5601 animi
1536 5552 1741 5597 motum
1779 5543 2087 5613 exprimen-

503 5637 654 5702 dum,
686 5643 745 5689 ut
775 5645 899 5690 sunt
932 5635 1070 5706 apud
1098 5638 1479 5707 grammaticos
1516 5634 1939 5703 interjectioucs,
1962 5650 2085 5689 cum

504 5726 701 5781 dicitur
724 5742 752 5781 a
778 5726 1014 5794 dolente,
1064 5728 1195 5783 heu!
1252 5728 1336 5784 vel
1378 5729 1445 5784 ab
1476 5729 1744 5783 irascente
1774 5727 1925 5781 hem!
1968 5742 2087 5796 quae

506 5825 663 5873 voces
706 5832 1042 5890 quarumque
1088 5820 1390 5891 linguarum
1446 5827 1569 5873 sunt
1604 5816 1837 5889 propria:
1886 5832 1985 5873 nec
2032 5817 2087 5871 iu

2183 1994 2235 2048 id
2266 2002 2371 2059 est,
2397 1995 2480 2049 ira
2503 2002 2558 2051 et
2581 2011 2684 2050 vox
2714 2013 2833 2067 qu:e
2864 1988 2999 2052 iram
3032 2000 3320 2070 signiﬁcet,
3350 2008 3403 2055 et
3427 2000 3479 2054 in
3504 2017 3636 2056 voce
3659 2003 3783 2072 ipsa

2182 2094 2347 2142 certa:
2374 2088 2787 2158 vituperationis
2816 2091 3114 2159 expressio.
3145 2091 3277 2145 Vide
3301 2108 3443 2145 nunc
3468 2092 3633 2147 etiam
3668 2102 3786 2150 tres

2183 2188 2383 2244 reatus,
2411 2179 2626 2249 judieii,
2670 2180 2905 2246 consilii,
2934 2188 2988 2235 et
3031 2182 3291 2251 gehenna:
3339 2181 3499 2252 ignis.
3551 2182 3690 2237 Nam
3724 2184 3785 2238 in

2175 2272 2381 2340 iudicio
2410 2272 2585 2327 adhuc
2616 2272 2913 2327 defensioni
2958 2272 3119 2327 datur
3148 2271 3317 2337 locus,
3348 2274 3401 2327 in
3432 2274 3663 2329 consilio
3685 2290 3784 2327 au-

2184 2370 2290 2417 tem
2325 2375 2634 2431 quanquam
2665 2371 2720 2419 et
2743 2362 3009 2431 judicium
3038 2378 3161 2418 esse
3198 2363 3395 2427 soleat,
3443 2375 3621 2419 tamen
3653 2366 3787 2434 quia

2181 2452 2445 2507 interesse
2465 2452 2667 2522 aliquid
2692 2453 2795 2508 hoc
2826 2453 2943 2509 loco
2970 2453 3129 2509 fateri
3161 2456 3306 2525 cogit
3328 2456 3444 2525 ipsa
3475 2456 3783 2521 distinctio,

2182 2528 2486 2600 videtur'ad
2530 2546 2814 2601 consilium
2864 2548 3134 2616 pertinere
3188 2550 3473 2603 sentcntiae
3522 2552 3784 2620 probatio

2181 2638 2395 2707 quando
2424 2654 2529 2692 non
2574 2636 2688 2705 jam
2739 2653 2863 2693 cum
2894 2639 3009 2708 ipso
3046 2655 3139 2694 reo
3167 2640 3367 2711 agitur,
3416 2650 3600 2695 utrum
3630 2643 3787 2697 dam-

2182 2728 2391 2781 nandus
2417 2728 2506 2792 sit,
2542 2728 2635 2782 sed
2668 2727 2810 2781 inter
2835 2743 2892 2781 se
2920 2728 3009 2798 qui
3052 2727 3290 2795 iudicant
3326 2729 3634 2795 conferunt,
3668 2746 3785 2800 quo

2180 2819 2443 2889 supplicio
2465 2820 2712 2874 damnari
2741 2828 2992 2891 oporteat
3020 2826 3179 2891 quem
3229 2830 3443 2877 constat
3473 2838 3596 2878 esse
3625 2826 3788 2879 dam-

2182 2913 2417 2965 nandum
2445 2930 2457 2966 :
2488 2913 2731 2983 gehenna
2773 2928 2905 2969 vero
2942 2914 3084 2984 ignis
3114 2929 3213 2969 nec
3245 2915 3657 2971 damnationem
3690 2919 3790 2971 ha-

2180 3006 2271 3060 bet
2292 3005 2511 3059 dubiam
2539 3005 2987 3074 sicutjudicium,
3015 3022 3117 3063 nec
3138 3007 3375 3061 damnati
3399 3021 3612 3079 pinnam
3639 3010 3786 3065 sicut

2183 3094 2488 3150 consilium.
2517 3096 2573 3149 ln
2608 3097 2853 3165 gehenna
2885 3100 3083 3167 quippe
3111 3109 3262 3153 certa
3306 3108 3389 3154 est
3418 3106 3473 3153 et
3500 3100 3787 3156 damnatio

2184 3196 2237 3242 et
2266 3201 2422 3256 ptena
2466 3186 2728 3254 damnati,
2771 3189 3016 3257 gehenna
3059 3204 3253 3243 nomen
3292 3189 3655 3260 compositum
3697 3201 3785 3245 est

2182 3296 2245 3335 ex
2279 3295 2343 3351 ge
2372 3290 2427 3334 et
2448 3281 2661 3344 henna;
2692 3282 2755 3349 ge
2781 3281 2924 3335 enim
2952 3282 3105 3336 vallis
3150 3282 3555 3353 interpretatur,
3582 3283 3789 3354 gehen-

2184 3385 2250 3423 na
2282 3380 2460 3425 autem
2494 3370 2649 3424 vallis
2702 3359 2922 3441 gravida
2954 3388 2969 3436 ;
3004 3371 3103 3425 fuit
3136 3373 3281 3427 enim
3339 3372 3496 3427 vallis
3545 3373 3783 3430 ﬁliorum

2184 3466 2374 3521 Ennon
2409 3464 2563 3534 juxta
2599 3464 2921 3525 Jerusalem.
2971 3464 3025 3519 in
3054 3481 3158 3535 qua
3214 3466 3383 3521 multa
3432 3465 3658 3535 jacuere
3687 3482 3787 3521 ca-

2181 3556 2380 3612 davera
2436 3565 2811 3610 mortuorum:
2864 3556 3003 3611 unde
3038 3564 3092 3610 et
3136 3554 3333 3611 inferni
3383 3557 3628 3627 gehenna
3652 3572 3787 3612 con-

2184 3648 2329 3718 gruit
2362 3647 2588 3701 nomini.

2261 3738 2323 3794 Si
2361 3756 2483 3810 ergo
2522 3740 2708 3809 offeres
2737 3757 2924 3794 munus
2950 3751 3097 3794 tuum
3121 3741 3189 3794 ad
3213 3740 3401 3807 altare,
3434 3751 3481 3795 et
3508 3743 3582 3795 ibi
3608 3759 3788 3795 recor-

2182 3830 2340 3884 datus
2371 3829 2534 3899 fueris
2560 3829 2698 3900 quod
2733 3829 2900 3900 frater
2926 3842 3046 3884 tuus
3092 3831 3243 3884 liabet
3267 3831 3468 3901 aliquid
3502 3832 3785 3885 adversum

2184 3932 2252 3987 te,
2284 3920 2520 3991 relinque
2542 3922 2614 3973 ibi
2652 3938 2843 3975 munus
2868 3932 3015 3976 tuum
3056 3932 3175 3977 ante
3217 3923 3385 3977 altare
3408 3932 3456 3976 et
3479 3924 3608 3978 vade
3631 3925 3785 3994 prius

2185 4010 2513 4063 reconciliari
2544 4010 2699 4079 fratri
2730 4019 2839 4075 tuo,
2880 4021 2927 4065 et
2958 4022 3082 4065 tunc
3126 4013 3329 4066 veniens
3360 4013 3545 4081 oﬁ'eres
3588 4030 3781 4071 munus

2185 4109 2353 4153 tuum.
2372 4099 2488 4154 Non
2510 4100 2667 4166 dixit,
2692 4098 2749 4154 Si
2775 4108 2830 4155 tu
2854 4101 3019 4157 habes
3044 4104 3302 4158 adversus
3334 4102 3555 4159 fratrem
3588 4113 3776 4164 tuum:

2186 4190 2305 4254 sed,
2337 4188 2393 4244 Si
2420 4189 2587 4259 frater
2614 4200 2734 4245 tuus
2762 4192 2915 4245 habet
2958 4191 3159 4263 aliquid
3190 4192 3464 4247 adversum
3494 4204 3563 4261 te,
3594 4206 3655 4249 ut
3682 4196 3788 4251 du-

2185 4282 2298 4337 rior
2318 4282 2775 4337 reconciliationis
2791 4282 2886 4338 tibi
2916 4283 3224 4353 imponatur
3246 4285 3566 4339 necessitas.
3605 4285 3789 4353 Quan-

2186 4369 2277 4423 diu
2306 4384 2438 4439 ergo
2466 4369 2616 4424 illum
2640 4370 2857 4439 placare
2881 4386 2987 4427 non
3011 4386 3318 4441 possumus,
3345 4373 3528 4427 nescio
3555 4387 3624 4427 an
3650 4390 3785 4430 con-

2185 4468 2477 4531 scquenter
2533 4476 2758 4515 munera
2809 4471 2994 4516 nostra
3047 4460 3340 4516 offeramus
3415 4462 3545 4517 Deo.
3615 4463 3787 4521 Docet

2185 4552 2371 4619 utique
2401 4565 2525 4604 eum
2564 4550 2655 4621 qui
2687 4550 2740 4604 in
2768 4549 2992 4605 fratrem
3040 4550 3373 4620 impaciﬁcus
3396 4559 3480 4605 est
3507 4552 3661 4621 pacis
3688 4553 3785 4608 ho-

2187 4638 2343 4693 stiam
2364 4638 2507 4707 juste
2534 4636 2759 4691 Domino
2782 4624 2976 4692 offerre
3004 4654 3107 4691 non
3138 4647 3315 4707 posse.
3369 4640 3425 4694 Si
3456 4642 3509 4694 in
3536 4652 3781 4697 mentem

2187 4730 2396 4782 venerit
2446 4729 2587 4797 quod
2635 4728 2835 4797 aliquid
2868 4730 3066 4783 habeat
3111 4732 3397 4785 adversum
3428 4747 3527 4785 nos
3582 4730 3776 4798 frater,

2188 4818 2241 4873 id
2269 4828 2370 4881 est,
2402 4820 2445 4873 si
2476 4834 2575 4872 nos
2606 4834 2727 4873 eum
2761 4820 2813 4872 in
2838 4819 3017 4888 aliquo
3047 4821 3306 4885 laesimus,
3338 4829 3465 4876 tunc
3488 4823 3632 4876 enim
3665 4827 3782 4895 ipse

2188 4910 2349 4964 habet
2378 4910 2662 4963 adversum
2707 4926 2803 4965 nos
2836 4909 3023 4964 frater.
3059 4911 3192 4965 Nam
3239 4928 3337 4966 nos
3379 4913 3640 4969 habemus
3678 4918 3777 4971 ad-

2188 5016 2377 5055 versus
2405 5000 2555 5055 illum
2588 5002 2631 5055 si
2663 5002 2751 5055 ille
2782 5017 2903 5066 nos,
2933 5002 3020 5055 ubi
3050 5018 3154 5055 non
3185 5017 3319 5071 opus
3350 5012 3432 5057 est
3458 5019 3685 5074 pergere
3707 5007 3773 5061 ad

2190 5092 2702 5147 reconciliationem.
2734 5091 2849 5145 Non
2883 5093 3027 5147 enim
3060 5094 3269 5146 veniam
3296 5093 3593 5162 postulabis
3616 5095 3686 5149 ab
3712 5112 3779 5151 eo

2188 5186 2279 5253 qui
2310 5183 2439 5238 fecit
2471 5184 2566 5237 tibi
2598 5182 2867 5251 injuriam,
2900 5186 2992 5239 sed
3023 5191 3231 5238 tantum
3260 5185 3486 5238 dimittis
3514 5186 3653 5238 sicut
3681 5187 3773 5242 tibi

2186 5275 2383 5328 dimitti
2412 5290 2441 5327 a
2470 5274 2696 5327 Domino
2722 5274 2873 5343 cupis
2902 5275 3041 5342 quod
3090 5276 3201 5344 ipse
3238 5274 3590 5328 commiseris.
3638 5274 3772 5329 Per-

2189 5362 2417 5433 gendum
2443 5371 2525 5416 est
2556 5376 2684 5431 ergo
2713 5362 2775 5414 ad
2816 5362 3333 5425 reconciliationem,
3368 5377 3490 5414 cum
3536 5362 3586 5414 in
3616 5377 3771 5417 nien-

2191 5460 2297 5503 tem
2322 5451 2526 5504 venerit
2550 5450 2689 5519 quod
2713 5466 2809 5504 nos
2838 5450 2974 5506 forte
3002 5449 3220 5503 fratrem
3237 5450 3291 5503 in
3313 5450 3491 5518 aliquo
3505 5448 3771 5518 lasimus;

2188 5540 2518 5609 pergendum
2543 5549 2719 5594 autem
2747 5556 2849 5592 non
2878 5540 3103 5609 pedibus
3125 5540 3391 5608 corporis,
3420 5539 3513 5594 sed
3540 5540 3774 5596 motibus

2190 5630 2377 5694 animi,
2405 5639 2462 5682 ut
2488 5638 2537 5683 te
2559 5628 2743 5682 humili
2766 5626 2955 5681 affectu
2982 5636 3296 5695 prosternas
3322 5626 3498 5691 fratri,
3524 5627 3591 5681 ad
3610 5642 3773 5695 quem

2191 5725 2353 5779 chara
2382 5722 2705 5793 cogitatione
2749 5719 3052 5773 cucurreris
3106 5719 3159 5771 in
3190 5726 3480 5788 conspectu
3534 5716 3653 5786 ejus
3687 5720 3770 5772 cui

2192 5831 2387 5871 munus
2416 5814 2694 5871 oblaturus
2747 5826 2826 5867 es.
2866 5809 3192 5882 Spiritaliter
3222 5810 3477 5881 templum
3526 5818 3770 5866 nostrum
