3960 6336
172 369 269 431 56!

1242 378 1548 439 HOMILIJE
1585 382 1653 437 IN
1696 385 1948 443 EVANG.
1992 388 2080 445 ET
2123 389 2335 452 EPIST.

3333 412 3440 473 563

171 479 400 540 ίιηει-ῑοι·
425 483 589 539 homo
610 485 1093 555 est,altarc,ﬁdes,
1120 493 1641 565 munus,p'rophctia,
1666 496 1761 551 do.
1787 499 1837 559 Λ
1864 495 2012 553 litico
2039 512 2299 569 peccante
2319 518 2480 559 orans
2503 504 2777 564 Abraham
2805 520 2857 567 et
2883 512 3029 572 lsaac
3052 526 3106 573 et
3142 516 3305 585 Iacob
3327 529 3447 595 qui-

166 570 365 635 etrina,
391 574 585 639 oratio,
619 574 875 646 hymnus,
905 578 1163 649 psalmus,
1196 589 1250 635 et
1287 584 1330 635 si
1356 582 1484 651 quid
1517 583 1621 639 tale
1641 585 1756 655 spi-

168 659 407 715 ritalium
452 661 718 719 donorum
762 664 966 736 aliquid
1019 671 1336 726 occurrerit.
1377 672 1453 726 ita
1500 673 1667 728 etiam
1711 675 1755 730 si

168 762 409 816 prasens
438 751 528 816 sit,
557 755 764 823 poteris
788 771 913 813 eum
940 773 1047 813 non
1069 758 1325 817 simulato
1353 763 1534 818 animo
1563 763 1752 832 lenire,

162 846 329 906 atque
348 839 403 893 in
433 842 662 911 gratiam
690 857 949 901 revocare
976 847 1188 903 veniam
1214 850 1557 920 postulando,
1585 853 1628 908 si
1651 854 1753 909 hoc

162 927 315 997 prius
344 942 528 983 coram
563 931 792 990 Domino
838 934 1053 1003 feceris,
1107 938 1338 1011 pergens
1367 941 1437 995 ad
1483 957 1611 998 eum
1645 958 1752 999 non

159 1007 318 1085 pigro
347 1026 496 1074 motu
524 1023 786 1093 corporis,
811 1025 906 1080 sed
940 1036 995 1081 et
1020 1007 1307 1085 celerrimo
1333 1031 1637 1088 dilectionis
1666 1033 1749 1087 ai-

159 1103 325 1160 fectu.
358 1107 537 1178 Atque
586 1110 710 1167 inde
755 1114 996 1182 veniens,
1028 1117 1081 1173 id
1125 1127 1231 1183 cst,
1285 1119 1636 1177 intentionem
1664 1140 1749 1179 re-

155 1208 365 1253 vocans
414 1198 483 1253 ad
532 1200 588 1256 id
634 1202 778 1271 quod
834 1219 993 1276 agere
1043 1223 1288 1278 coeperas
1310 1209 1507 1268 offeres
1553 1229 1750 1271 munus

158 1293 311 1340 tuum
339 1303 354 1352 ;
383 1302 547 1346 omne
566 1291 710 1346 enim
738 1308 935 1359 munus
958 1298 1101 1367 quod
1133 1308 1279 1355 recta
1306 1299 1411 1357 ﬁde
1432 1309 1491 1357 et
1510 1303 1747 1373 perlecta

153 1377 451 1437 dilectione
475 1399 507 1438 a
552 1399 823 1457 quoquam
850 1388 1068 1446 homine
1110 1391 1221 1448 Deo
1257 1392 1484 1451 oﬂ'ertnr
1513 1396 1582 1453 ab
1630 1399 1749 1468 ipso

151 1479 440 1541 gratanter
465 1475 750 1545 accipitur,
781 1486 838 1533 et
875 1479 924 1534 ei
972 1483 1279 1539 mercedem
1324 1485 1647 1559 condignam
1690 1490 1747 1545 in

147 1561 361 1619 calcati
389 1568 696 1638 regnoipse
720 1570 921 1627 tribuet
945 1590 958 1626 :
984 1574 1076 1645 qui
1106 1576 1241 1631 vivit
1262 1570 1318 1633 et
1338 1590 1527 1661 regnat
1551 1581 1603 1635 in
1628 1584 1749 1637 uni-

149 1664 264 1712 tate
287 1668 347 1714 et
377 1662 622 1719 trinitate
642 1664 883 1735 perfecta
914 1669 1075 1739 Deus,
1101 1688 1201 1743 per
1221 1676 1402 1731 omnia
1432 1680 1625 1734 saecula
1650 1695 1746 1736 sae-

146 1744 419 1803 cuiorum.
449 1751 641 1809 Amen.
1042 1745 1057 1758 ’

726 1844 1008 1905 HOMILIA
1042 1850 1205 1908 CXV.

582 1949 637 1988 IN
665 1950 875 1994 OCTAVA
901 1957 1308 2003 APOSTOLORUII.

574 2023 758 2082 Lectio
780 2028 901 2084 libri
934 2031 1321 2093 Ecclesiastici.

218 2106 292 2161 Hi
323 2119 447 2164 sunt
472 2112 570 2166 viri
592 2116 984 2187 misericordias,
1026 2140 1248 2193 quorum
1269 2127 1500 2197 justitire
1526 2134 1738 2191 oblivio-

144 2213 260 2253 και
291 2217 397 2255 non
436 2218 785 2275 acceperunt:
824 2227 943 2266 curn
986 2216 1181 2271 semine
1216 2236 1397 2276 eorum
1439 2239 1739 2293 permanent

145 2287 302 2354 bona,
326 2290 609 2349 hwreditas
629 2308 813 2354 sancta
837 2313 1041 2366 nepotes
1058 2322 1259 2373 eorum,
1275 2321 1322 2364 et
1346 2314 1400 2367 in
1420 2320 1739 2372 testamentis

140 2379 279 2433 stetit
305 2397 483 2437 semen
508 2401 687 2441 eorum
709 2404 729 2442 :
777 2401 825 2445 et
853 2392 954 2460 lilii
991 2412 1171 2451 eorum
1214 2413 1424 2472 propter
1463 2422 1549 2461 eos
1578 2426 1739 2480 usque

141 2468 196 2523 iu
226 2478 481 2526 internum
516 2488 769 2545 manent;
795 2486 1063 2551 generatio
1088 2504 1268 2543 eorum
1291 2501 1339 2544 et
1366 2492 1534 2563 gloria
1558 2515 1737 2554 eorum

138 2578 244 2629 non
296 2564 707 2636 derelinquetur,
758 2588 977 2643 corpora
1021 2594 1201 2633 eorum
1251 2584 1305 2637 in
1357 2602 1485 2654 pace
1533 2589 1735 2659 sepuita

138 2663 285 2718 sunt,
310 2665 359 2707 et
393 2644 610 2712 nomina
637 2676 815 2716 eorum
846 2665 1010 2721 vivent
1054 2670 1109 2722 in
1152 2672 1366 2727 sarcula.
1411 2674 1733 2747 Sapientiam

135 2757 321 2796 eorum
350 2746 639 2801 narrabant
666 2765 842 2806 omnes
861 2756 1063 2825 populi,
1096 2770 1143 2813 et
1170 2760 1378 2817 laudem
1412 2746 1593 2823 eorum
1608 2788 1733 2839 pro-

136 2832 345 2887 nuntiat
370 2834 541 2890 omnis
568 2834 805 2895 Ecclesia
839 2855 1158 2902 sanctorum.

208 2922 337 2979 Haec
363 2926 533 2981 verba
560 2929 659 2983 viri
709 2933 971 3003 sapientis
1010 2954 1116 2994 non
1145 2941 1316 2997 solum
1361 2949 1563 3005 sanctis
1599 2966 1727 3022 apo-

133 3010 287 3067 stolis
315 3022 481 3083 atque
528 3019 807 3088 prophetis
843 3028 1195 3096 conveniunt,
1227 3034 1323 3086 sed
1363 3037 1528 3091 etiam
1557 3010 1732 3096 omni-

131 3099 235 3156 bus
260 3105 470 3160 sanctis
498 3115 661 3177 atque
682 3112 946 3180 ﬁdelibus,
990 3118 1082 3186 qui
1113 3119 1273 3175 ﬁdem
1297 3126 1617 3182 catholicam
1651 3141 1729 3184 te-

2592 3202 2599 3203 7
2646 3202 2680 3204 7'
2734 3202 2964 3213 “"'""V"
3008 3202 3287 3224 "lu-unua“;

132 3202 333 3249 nentes
356 3210 465 3250 non
492 3208 710 3254 cessant
746 3204 990 3272 quotidie
1022 3208 1112 3277 pio
1156 3209 1342 3267 labore
1387 3215 1527 3271 bona
1556 3233 1721 3289 opera
1754 3204 1800 3266 C
1830 3219 2020 3289 clarat,
2051 3227 2141 3294 qui
2176 3232 2441 3301 completa
2471 3238 2759 3298 t'efectione
2793 3245 2883 3300 illa
2913 3250 3121 3309 caelesti
3163 3261 3305 3313 ροηιξ

132 3296 391 3313 Δ-Δ-ΑΛ-ιι
444 3286 504 3313 ΠΙ
534 3303 638 3313 νει...
671 3296 775 3313 1-...
813 3293 958 3313 ,ειεγη
982 3298 1041 3313 ,.0
1116 3299 1126 3311 ι
1190 3300 1203 3313 I
1676 3310 1685 3313 _
1894 3310 1937 3313 _,

130 3296 412 3340 exercere.
440 3286 509 3341 Et
534 3303 641 3344 non
671 3296 778 3345 tam
810 3293 1159 3367 sibimetipsis
1189 3300 1328 3358 bene
1356 3310 1726 3365 conversando

130 3375 443 3441 consulunt,
474 3368 543 3433 ad
570 3386 983 3450 promerendam
1026 3399 1287 3446 aeternam
1318 3397 1560 3464 requiem
1586 3416 1599 3464 ;
1634 3417 1726 3456 ve-

132 3483 247 3522 rum
277 3470 444 3525 etiam
469 3474 721 3529 omnibus
747 3479 1080 3537 auditoribus
1118 3484 1230 3539 suis
1271 3484 1493 3542 student
1532 3492 1721 3547 volun-

130 3567 294 3613 tatem
332 3560 435 3616 Dei
464 3563 741 3631 intimare,
775 3578 1414 3642 quatenus-permectam
1460 3578 1618 3635 ﬁdem
1667 3592 1721 3637 et

126 3647 324 3702 bonam
350 3652 721 3720 operationem
768 3658 1021 3714 studeant
1052 3662 1119 3717 ad
1154 3664 1377 3720 salutem
1409 3680 1719 3739 perpetuam

126 3743 437 3811 pervenire.
492 3743 591 3809 Illi,
640 3747 835 3813 inquit,
888 3751 985 3804 viri
1012 3764 1157 3809 ,sunt
1201 3756 1597 3825 misericordiw,
1627 3765 1718 3832 qui

127 3843 275 3888 recta
322 3833 429 3888 ﬁde
454 3844 513 3889 et
559 3836 717 3891 bonis
747 3839 997 3908 operibus
1048 3844 1473 3901 misericordiam
1509 3850 1719 3906 Domini

124 3935 563 3993 promeruerunt.
604 3926 739 3981 Nam
780 3930 1142 3987 misericordia
1170 3935 1285 4002 ejus
1312 3954 1344 3990 a
1378 3942 1623 4009 progenie
1664 3944 1718 3996 in

123 4017 395 4086 progenies
418 4026 493 4072 est
523 4021 818 4076 timentibus
852 4039 991 4077 eum.
1040 4022 1245 4080 Horum
1285 4030 1536 4113 actiones
1565 4033 1717 4089 bona:

124 4119 228 4159 non
252 4104 477 4161 defuere
509 4108 559 4161 in
588 4110 964 4177 retributione,
996 4114 1088 4169 sed
1112 4130 1234 4170 cum
1272 4120 1477 4186 semine
1503 4106 1714 4207 eorum,

120 4194 225 4249 hoc
248 4204 357 4259 est,
388 4198 551 4251 unius
580 4198 678 4252 Dei
700 4200 996 4257 cultoribus
1021 4205 1113 4273 qui
1140 4216 1361 4275 nepotes
1392 4219 1447 4264 et
1473 4197 1715 4270 hmredes

123 4282 327 4339 ﬁebant
345 4285 471 4339 ﬁdei
502 4294 556 4339 et
597 4288 860 4359 religiosa;
906 4300 1335 4353 conversationis
1380 4317 1589 4371 eorum,
1632 4315 1713 4360 te-

122 4382 455 4428 stamentum
484 4374 617 4446 legis
654 4376 749 4433 Dei
780 4379 994 4436 ﬁrmant
1043 4386 1239 4451 stctit,~
1263 4397 1316 4441 et
1359 4405 1597 4462 propago
1627 4409 1715 4448 so-

1859 587 1963 643 bus
1988 592 2375 660 promissiones
2402 596 2539 653 datm
2578 610 2703 656 sunt
2733 604 2877 661 ducit
2918 608 2971 662 in
3018 616 3358 681 memoriam,
3386 630 3446 676 ut

1855 692 2048 735 eorum
2098 684 2306 739 meritis
2356 686 2617 746 Dominus
2650 693 2895 762 placatus
2942 700 3292 770 peccantibus
3320 708 3445 768 ﬁliis

1854 768 2082 825 donaret
2124 771 2528 846 indulgentiam.
2579 781 2671 837 Sic
2712 795 2768 841 et
2813 768 2979 845 David
3011 796 3262 853 meritum
3304 802 3443 859 ﬁlios

1853 859 1969 927 cjus
2005 864 2056 917 iu
2086 866 2270 921 multis
2319 869 2559 940 adjuvat,
2602 875 2671 930 ob
2719 878 2873 949 cujus
2920 889 3234 944 memoriam
3276 894 3438 949 etiam

1852 949 2114 1008 Dominus
2141 953 2264 1011 ﬁliis
2288 959 2405 1027 ejus
2433 962 2603 1018 multo
2634 973 2871 1036 tempore
2914 988 3138 1044 regnum
3180 982 3437 1047 servavit,

1851 1042 1947 1096 sed
1974 1046 2267 1100 sacratiore
2295 1064 2455 1105 sensu
2486 1053 2585 1106 viri
2627 1042 3014 1118 misericordiae
3042 1077 3169 1121 sunt
3195 1070 3436 1139 Apostoli

1851 1131 2065 1188 Domini
2097 1138 2263 1192 nostri
2294 1138 2419 1196 Jcsu
2450 1143 2669 1212 Christi,
2701 1160 2756 1203 et
2776 1154 3158 1221 prmdicatores
3179 1159 3310 1217 Novi
3335 1165 3438 1221 Te-

1850 1225 2143 1279 stamenti:
2196 1229 2288 1297 qui
2321 1232 2484 1286 verbo
2510 1234 2781 1308 Evangelii
2824 1232 2878 1297 et
2906 1259 3062 1301 sacro
3113 1249 3439 1319 baptismate

1852 1314 1993 1371 ﬁlios
2028 1316 2140 1373 Deo
2185 1321 2375 1392 dignos
2422 1328 2662 1395 quotidie
2709 1335 2946 1402 pariunt,
2997 1340 3088 1408 qui
3136 1314 3438 1401 imitatores

1849 1417 2133 1476 parentum
2161 1426 2379 1468 suorum
2416 1418 2539 1472 facti
2572 1419 2626 1474 in
2668 1422 2772 1478 ﬁde
2816 1434 2871 1480 et
2911 1434 3319 1490 conversatione
3346 1453 3437 1493 eo-

1850 1512 1969 1551 rum
1991 1500 2232 1571 exempla
2262 1516 2578 1575 sequuntur.
2614 1511 2815 1570 Horum
2840 1518 3045 1575 scilicet
3065 1537 3291 1594 corpora
3315 1540 3438 1597 post

1848 1586 2011 1644 ﬁnem
2033 1591 2158 1647 vitae
2183 1598 2464 1663 prmseutis
2494 1601 2766 1663 dormiunt
2792 1608 2845 1662 in
2876 1626 2972 1681 spe
2998 1620 3431 1687 resurrectionis,

1846 1690 2224 1747 exspectantes
2252 1683 2489 1742 futuram
2520 1690 2766 1762 gloriam,
2800 1702 3017 1767 quando
3049 1720 3234 1760 semen
3266 1708 3435 1765 bono-

1845 1782 1967 1821 rum
1990 1782 2215 1839 operum
2254 1774 2467 1832 illorum
2491 1781 2694 1839 caelesti
2745 1792 2996 1849 mercede
3024 1808 3055 1847 a
3096 1811 3331 1867 superno
3346 1800 3436 1869 jn-

1769 1856 1818 1915 B
1846 1860 1967 1917 dice
2014 1877 2413 1937 remuneretur,
2458 1883 2750 1942 praestante
2795 1878 3021 1943 Domino
3076 1856 3263 1945 nostro
3303 1856 3432 1948 Jcsu

1845 1953 2087 2022 Christo,
2123 1959 2215 2028 qui
2258 1978 2382 2017 cum
2415 1965 2578 2023 Patre
2608 1978 2663 2024 et
2708 1970 2913 2043 Spiritu
2964 1990 3175 2050 sancto,
3220 1986 3350 2042 vivit
3378 1998 3435 2044 et

1845 2054 2036 2117 regnat
2060 2047 2203 2105 Deus
2223 2052 2277 2106 in
2307 2056 2502 2111 sarcula
2526 2063 2867 2120 saeculorum.
2887 2054 3086 2126 'Amen.

2340 2165 2691 2227 HOMILIA
2719 2175 2933 2233 CXVI.

2415 2253 2466 2291 ΙΝ
2496 2256 2671 2296 EODEM
2710 2262 2891 2303 FESTO.

1910 2314 2099 2372 Lectio
2135 2324 2311 2377 sancti
2351 2324 2624 2398 Evangelii
2673 2338 2969 2393 secundum
3018 2340 3350 2404 Matthteum.

1909 2403 1977 2459 In
2002 2405 2095 2461 illo
2128 2419 2377 2483 tempore,
2410 2417 2565 2482 iussit
2587 2420 2743 2478 Jesus
2768 2426 3048 2498 discipulos
3073 2439 3349 2494 ascendere
3373 2443 3429 2497 in

1838 2496 2156 2564 naviculam,
2194 2511 2242 2553 et
2290 2509 2581 2573 prrecedere
2631 2530 2749 2567 eum
2802 2526 2948 2574 trans
2999 2524 3214 2594 fretum,
3260 2532 3425 2589 donec

1834 2585 2115 2644 dimitteret
2149 2594 2346 2661 turbas,
2371 2606 2475 2654 etc.

1905 2680 2199 2753 Discipulis
2252 2692 2500 2761 praecipit
2548 2698 2905 2759 transfretare
2952 2716 3007 2762 et
3051 2715 3327 2783 compellit
3366 2729 3425 2775 ut

1835 2774 2138 2830 ascendant
2183 2775 2238 2831 in
2289 2783 2611 2841 naviculam.
2663 2790 2781 2857 Quo
2824 2810 3073 2854 sermone
3120 2807 3423 2865 ostenditur

1834 2858 2035 2917 invitos
2056 2879 2151 2920 eos
2176 2882 2206 2921 a
2238 2867 2466 2929 Domino
2499 2882 2787 2937 recessisse
2833 2884 2958 2940 dum
3005 2898 3189 2947 amore
3222 2910 3427 2963 prazce-

1835 2949 2009 3016 ptoris
2041 2952 2111 3006 ab
2156 2970 2221 3010 eo
2248 2960 2436 3015 nolunt
2472 2970 2729 3034 separari.
2775 2972 2953 3038 Quare
2994 2984 3231 3050 coegerit
3260 2985 3424 3043 disci-

1834 3039 1994 3105 pulos
2029 3047 2323 3102 ascendere
2352 3065 2564 3121 navem,
2596 3062 2651 3111 et
2677 3059 2791 3129 ipse
2831 3080 2953 3120 mox
2976 3069 3200 3129 dimisso
3224 3080 3421 3148 populo

1835 3130 1887 3183 in
1921 3144 2161 3189 montem
2192 3149 2443 3198 oraturus
2491 3147 2685 3204 abierit
2731 3151 2964 3213 Joannes
3006 3166 3287 3224 manifeste
3329 3171 3424 3228 dc-

3312 3278 3421 3318 ηυο

1824 3310 2092 3381 subjecit:
2124 3317 2278 3373 Iesus
2307 3338 2425 3392 ergo
2454 3342 2571 3381 cuin
2598 3336 2916 3402 cognovisset
2948 3344 3071 3411 quia
3095 3352 3298 3404 venturi
3333 3370 3417 3407 es-

1823 3413 1939 3457 sent
1985 3414 2038 3458 ut
2066 3422 2302 3478 raperent
2349 3432 2465 3469 eum
2510 3427 2559 3472 ct
2607 3422 2837 3489 facerent
2872 3448 2988 3485 eum
3042 3452 3230 3505 regem,
3280 3442 3418 3514 fugit

3097 3489 3167 3505 .1"
3198 3489 3230 3504 ~r
3280 3489 3416 3514 1—3"

1822 3489 2011 3545 iterum
2043 3496 2098 3561 in
2140 3511 2364 3556 montem
2391 3506 2498 3574 ipse
2528 3510 2691 3580 solus,
2722 3514 2810 3569 ubi
2863 3528 3227 3583 necessarium
3259 3535 3417 3592 nobis

1823 3580 2041 3637 vivendi
2073 3600 2339 3645 monstrat
2363 3599 2692 3668 exetnplum,
2722 3615 2780 3659 ut
2803 3607 2855 3661 in
2886 3610 3040 3678 bonis
3063 3633 3181 3686 qua:
3204 3621 3415 3691 agimus

1970 3690 1979 3691 κ
2036 3677 2047 3688 -
2103 3678 2126 3691 ι-
2261 3684 2271 3691 -
2463 3689 2489 3691 -κ

3005 3671 3018 3678 ,
3078 3671 3094 3686 ι
3166 3671 3414 3691 “0--.---

1825 3671 2047 3729 humani
2099 3678 2303 3738 favoris
2345 3689 2753 3749 retributionem
2798 3699 3046 3771 vitemus,
3095 3723 3270 3779 neque
3315 3729 3414 3769 nos

1822 3765 2065 3828 operatio
2114 3770 2371 3826 virtutum
2423 3778 2768 3850 spiritalium,
2817 3791 2883 3843 ad
2919 3797 3409 3865 concupiscentiam

1822 3851 2063 3907 reﬂectat
2091 3864 2461 3927 temporalium
2492 3870 2844 3940 voluptatum.
2889 3851 3171 3942 Nonnullis
3204 3894 3407 3950 ctenim

1819 3941 2062 4011 contigit,
2090 3954 2149 3998 ut
2174 3948 2295 4002 dum
2342 3968 2441 4021 per
2487 3960 2737 4015 meritum
2780 3966 2901 4021 vita:
2948 3972 3276 4033 sublintioris
3306 3983 3408 4037 mi-

1818 4030 1972 4084 randi
2009 4033 2305 4093 minoribus
2327 4056 2391 4095 ac
2420 4042 2715 4106 laudabiles
2754 4057 3047 4116 existerent
3072 4074 3127 4120 et
3156 4067 3279 4138 jure
3308 4074 3407 4129 ho—

1817 4122 2042 4195 norandi
2089 4133 2426 4213 putarentur,
2469 4140 2705 4208 acceptis
2735 4151 2983 4213 pecuniis
3030 4155 3143 4211 sive
3188 4164 3405 4229 prtcdiis

1818 4208 2071 4271 inchoata
2093 4215 2317 4283 iustitiae
2346 4208 2646 4285 rudimenta
2678 4239 2983 4303 perderent.
3036 4246 3099 4300 Et
3124 4208 3245 4305 cuin
3277 4270 3402 4309 car-

1818 4300 2029 4358 natibus
2074 4321 2194 4363 sese
2244 4312 2511 4371 illecebris
2561 4330 2723 4392 atque
2750 4330 2975 4385 avaritia
3023 4336 3223 4394 incauti
3280 4360 3403 4399 cor-

1820 4405 2148 4460 rumperent,
2187 4400 2317 4469 ipsis
2355 4406 2517 4461 etiam
2546 4424 2576 4463 a
2625 4415 2821 4481 quibus
2866 4420 3273 4485 honorabantur
3303 4450 3400 4503 pro

1820 4479 1969 4503 luant-
2029 4484 2153 4503 .I-,,,,
2436 4496 2468 4503 .-

1815 4479 1993 4547 bonis,
2022 4484 2196 4540 denuo
2218 4505 2316 4558 pro
2344 4496 2500 4552 malis
2531 4502 2765 4570 actibus,
2798 4523 2901 4564 non
2948 4513 3117 4570 solum
3160 4520 3213 4572 in
3251 4479 3402 4581 fasti-

2218 4555 2231 4558 _
2650 4555 2663 4556 γ
2687 4555 2765 4570 π-,
2798 4555 2901 4564 ---η
2948 4555 3117 4570 υνιυιιι
3160 4555 3213 4572 ιιι
3251 4555 3399 4581 auau'

120 4555 367 4609 mansit:
398 4571 499 4611 nec
528 4557 694 4627 gloria
728 4571 1037 4617 sanctorum
1073 4574 1287 4634 patrum
1311 4569 1415 4623 ulla
1438 4571 1709 4628 oblivione
1743 4555 1790 4613 D
1818 4572 1997 4639 dium,
2030 4590 2214 4634 verum
2256 4585 2418 4641 etiam
2449 4589 2765 4652 devenirent
2796 4600 2846 4667 in
2882 4605 3082 4661 odium.
3118 4610 3399 4686 Minusque

120 4643 394 4686 Molailnr
446 4650 535 4686 cml
563 4665 786 4686 Μιιιυιι-σι
834 4655 1073 4686 ἔλθη-...κη
1106 4659 1158 4686 ζ..
1202 4676 1332 4686 ---η
1381 4663 1700 4686 ..μμ-Αυ-ιξ-
1818 4663 1979 4686 “Md”
2009 4681 2069 4686 -*“
2197 4672 2211 4686 “
2537 4682 2547 4686 ’
2638 4685 2641 4686 ν

118 4643 413 4714 deiebitur,
445 4650 537 4703 sed
563 4665 788 4721 corpora
834 4655 1074 4725 ipsorum
1106 4659 1158 4714 in
1202 4676 1335 4730 pace
1377 4663 1707 4731 quiescentia

116 4746 441 4805 exspectant
472 4741 882 4797 resurrectionis
912 4744 1077 4813 diem,
1110 4756 1180 4801 ut
1195 4750 1463 4819 accipiant
1483 4752 1705 4820 gloriam

120 4819 566 4889 ineorruptionis.
611 4821 820 4876 Nomen
862 4834 1041 4881 autem
1087 4844 1273 4885 eorum
1320 4819 1530 4889 celebre
1568 4838 1709 4906 apud

117 4916 374 4975 posteros
415 4923 543 4963 suos
591 4921 928 4979 perseverat,
983 4917 1074 4984 qui
1106 4920 1427 4988 sapientiam
1464 4923 1706 4993 ipsorum

119 4996 327 5066 ubique
350 4998 666 5066 praedicant,
702 5008 757 5055 et
801 5002 1123 5060 laudabilem
1156 5010 1324 5063 vitam
1342 5027 1532 5067 eorum
1568 5030 1704 5085 quo-

119 5087 248 5141 tidie
275 5088 335 5140 in
377 5086 618 5143 Ecclesia
670 5100 982 5147 sanctorum
1029 5098 1237 5168 magnis
1288 5099 1536 5159 laudibus
1565 5107 1709 5160 emi.

118 5186 253 5230 tant.
285 5173 416 5231 Haec
442 5178 660 5247 quidem
696 5180 851 5250 juxta
883 5183 1251 5243 bistoriamad
1288 5194 1627 5259 patriarchas
1652 5206 1707 5251 et

115 5266 413 5336 prophetas
445 5270 719 5339 pertinere
740 5273 993 5329 videntur
1017 5292 1245 5346 quorum
1267 5297 1476 5350 semen,
1500 5287 1601 5343 hoc
1625 5298 1707 5343 est

115 5354 379 5411 Israelita
428 5369 651 5430 propter
710 5378 899 5419 eorum
957 5368 1149 5423 merita
1200 5381 1256 5425 et
1303 5376 1705 5446 promissiones,

113 5461 231 5518 qua:
257 5446 336 5500 ad
376 5446 524 5516 ipsos
548 5448 705 5506 lacte
730 5463 875 5519 sunt,
930 5470 1070 5526 saepe
1099 5459 1167 5513 de
1204 5465 1467 5533 angustiis
1512 5467 1709 5522 libera-

115 5544 224 5590 tum
263 5545 376 5602 est,
391 5546 445 5591 et
469 5540 683 5594 veniam
712 5552 1057 5610 peccatorum
1095 5564 1198 5602 non
1228 5565 1325 5605 sua
1344 5553 1575 5622 justitia,
1608 5560 1703 5613 scd

112 5635 404 5694 parentum
435 5642 659 5682 suorum
692 5629 821 5702 ﬁde,
842 5642 897 5688 et
942 5637 1154 5692 actione
1198 5642 1335 5696 bona
1380 5650 1699 5713 promeruit.

117 5714 269 5779 [inde
293 5724 380 5771 est
406 5716 558 5783 illud,
581 5721 721 5787 quod
749 5720 959 5792 Moyses
981 5743 1076 5797 pro
1105 5730 1292 5786 eodem
1315 5736 1511 5804 populo
1531 5737 1700 5796 Israe-

438 5807 716 5874 Parnon.
756 5812 891 5873 CX.

1816 4663 1984 4719 multo
2008 4669 2366 4735 periculosum
2405 4689 2489 4734 est
2535 4682 2587 4755 in
2633 4685 2718 4742 his
2747 4702 2865 4758 qua:
2892 4705 3037 4750 recte
3069 4700 3277 4769 agimus
3297 4663 3394 4762 pd-

1816 4757 2146 4812 versantium
2177 4761 2521 4832 improbitate
2551 4771 2783 4844 fatigari,
2823 4795 2983 4848 quam
3015 4757 3394 4851 honorantium

1817 4842 1999 4900 favore
2026 4848 2339 4908 demulccri.
2374 4857 2473 4913 Hic
2501 4865 2699 4919 etenim
2735 4872 3065 4929 securiorem
3090 4892 3231 4947 saepe
3266 4898 3393 4937 cor-

1810 4937 2011 5004 rumpit
2035 4939 2312 4998 animum:
2354 4945 2443 5001 illa
2484 4951 2935 5025 circumspectum
2977 4978 3191 5036 semper
3216 4973 3391 5027 reddit

1809 5032 1865 5077 et
1900 5037 2137 5083 cautum.
2182 5030 2331 5088 Unde
2375 5037 2636 5097 Dominus
2678 5046 2821 5101 viam
2865 5053 3021 5109 nobis
3064 5058 3187 5112 vitae
3227 5078 3390 5131 quam

1808 5128 2100 5184 sequamur
2129 5124 2397 5191 nuntians,
2442 5144 2564 5184 cum
2614 5134 2671 5188 hi
2722 5138 2815 5206 qui
2863 5143 3091 5201 virtutes
3136 5124 3261 5220 ejus
3289 5154 3389 5208 ad-

1809 5204 2148 5262 mirabantur
2175 5225 2356 5282 regem
2381 5231 2506 5271 eum
2531 5219 2711 5279 facere
2740 5204 2955 5297 vellent,
2989 5233 3123 5306 fugit
3160 5204 3212 5293 in
3234 5258 3387 5296 mon-

1810 5301 1909 5346 tem
1939 5312 2109 5351 orare.
2138 5298 2273 5354 Cum
2320 5319 2450 5359 vero
2481 5307 2553 5362 illi
2583 5313 2674 5381 qui
2716 5298 3008 5378 virtutibus
3032 5298 3149 5395 ejus
3175 5327 3384 5385 invide-

1809 5382 1939 5437 bant
1966 5400 2087 5440 eum
2117 5392 2274 5445 morti
2299 5397 2512 5453 tradere
2535 5400 2901 5475 disponerent,
2930 5382 3165 5470 occurrit
3204 5432 3387 5488 prom-

1806 5482 1950 5541 ptus,
1977 5485 2029 5529 et
2052 5478 2393 5538 vinciendum
2434 5501 2493 5540 se
2522 5492 3051 5571 cruciﬁgendumque
3082 5478 3387 5567 furentibus

1805 5564 2020 5619 obtulit.
2050 5567 2293 5625 Evidenti
2324 5589 2421 5630 nos
2471 5577 2768 5638 informans
2823 5564 3065 5659 exemplo
3102 5602 3162 5648 ut
3209 5564 3382 5667 parati

1805 5655 1973 5711 simus
2001 5660 2068 5713 ad
2103 5662 2326 5719 adversa
2354 5669 2533 5723 saeculi
2563 5671 2856 5743 toleranda,
2884 5655 3025 5734 catt—ti
3068 5684 3137 5738 ad
3172 5655 3379 5746 blandi—

1804 5754 2003 5813 menta,
2034 5766 2155 5806 cum
2200 5752 2337 5812 forte
2376 5762 2662 5821 arriseriut
2707 5766 3047 5841 declinanda,
3091 5785 3147 5833 et
3189 5794 3257 5837 ne
3285 5797 3387 5841 nos

2913 5861 2988 5922 12
