3960 6382
494 397 601 453 563

1164 400 1223 453 Β.
1267 399 1515 455 llABANI
1558 400 1771 455 MAUlll
1812 398 2122 456 ARCHlEl'.
2168 402 2470 459 MOGL‘NT.
2513 403 2795 462 OPERUM
2835 406 3011 461 PARS
3045 407 3106 460 11.

3023 240 3037 269 ι

3654 407 3759 465 εει

498 528 753 583 prospera
800 514 1004 577 inundi,
1036 514 1078 568 si
1133 512 1370 579 allluant,
1410 512 1732 567 omolliendo
1775 513 2072 583 decipiant,
2107 522 2148 578 Α
2180 518 2299 571 velit
2333 518 2520 587 possit,
2552 529 2608 574 et
2633 520 2923 576 advocatus
2951 496 3015 574 et,
3037 522 3198 590 judex
3230 532 3329 578 est.
3376 523 3429 576 lu
3457 524 3627 579 altero
3648 528 3764 595 pio.

498 602 705 657 crebris
730 616 757 656 a
792 602 1016 657 Domino
1042 603 1293 672 precibus
1324 602 1689 672 imploremns.
1734 602 1849 669 Quo
1894 613 2074 658 autem

498 691 1055 762 diseipuliDominum
1083 692 1447 762 praecederent
1466 692 1677 747 Marcus
1697 692 1951 758 ostendit,
1982 692 2073 763 qui

500 792 686 836 narrat
730 782 871 853 quod
905 783 1161 838 Dominus
1208 784 1447 853 coegerit
1497 783 1787 852 discipulos
1834 798 1959 838 suos
1989 798 2078 839 as-

498 873 726 930 cendere
779 875 982 939 navim,
1027 882 1082 929 et
1130 874 1435 945 praecedere
1483 888 1543 930 se
1593 885 1739 930 trans
1785 872 1989 929 fretum
2010 874 2076 929 ad

499 965 838 1019 Bethsaidam
865 965 989 1020 dum
1012 966 1126 1036 ipse
1151 966 1448 1021 dimitteret
1477 965 1751 1035 populum.
1787 964 2075 1019 Betbsaida

498 1066 584 1110 est
610 1070 739 1126 ergo
782 1055 835 1110 in
864 1053 1081 1111 Galilaia
1116 1055 1305 1111 civitas
1334 1056 1562 1111 Δηὼ-επ
1606 1065 1659 1110 et
1684 1055 1829 1110 Petri
1854 1065 1908 1110 et
1950 1054 2077 1110 Phi-

500 1145 623 1215 l.ppi
647 1144 1024 1215 Apostolorum
1054 1160 1220 1217 prope
1259 1154 1506 1217 stagnum
1551 1144 1887 1202 Genezareth
1936 1152 1993 1199 ut
2024 1144 2076 1199 in

500 1234 765 1291 Locorum
804 1235 956 1291 libris
990 1237 1329 1293 invenimus:
1369 1236 1459 1292 ubi
1506 1236 1696 1292 merito
1735 1244 1920 1290 monet
1943 1251 2080 1305 quo-

502 1326 663 1380 modo
700 1325 845 1380 dicat
886 1324 1096 1381 Marcus
1120 1334 1344 1396 peracto
1368 1325 1660 1396 discipulos
1688 1324 1951 1379 miraculo
1987 1341 2080 1394 pa-

504 1435 630 1477 num
659 1420 869 1474 venisse
906 1427 1057 1473 trans
1084 1418 1276 1474 fretum
1308 1419 1375 1474 ad
1424 1417 1807 1473 Betbsaidam:
1854 1432 1977 1472 cum
2004 1416 2079 1470 vi-

503 1510 694 1564 deatur
720 1509 899 1563 dicere
934 1507 1106 1564 Lucas
1135 1509 1280 1578 quod
1310 1509 1362 1565 in
1389 1508 1522 1564 locis
1551 1507 1848 1563 Betbsaidze
1875 1506 2079 1562 factum

505 1598 667 1654 fuerit
712 1599 1030 1655 miraculum
1072 1600 1198 1655 illud
1236 1599 1584 1656 memorabile
1620 1608 1676 1655 et
1712 1596 1932 1654 refectio
1972 1615 2081 1655 cm—

504 1689 675 1745 lestis.
702 1690 791 1744 Ait
813 1690 954 1745 enim
976 1707 988 1743 :
1008 1689 1298 1759 Assumptis
1320 1688 1424 1742 illis
1438 1673 1652 1743 secessit
1677 1705 1911 1743 seorsum
1936 1690 1989 1743 in
2011 1690 2083 1743 lo-

503 1798 620 1837 cum
649 1783 929 1847 desertum,
962 1784 1062 1853 qui
1078 1794 1152 1836 est
1201 1781 1521 1847 Betksaida;
1550 1783 1688 1853 quod
1734 1799 1850 1836 cum
1898 1800 2083 1853 cogno-

2179 609 2303 663 tatis
2329 608 2582 675 ofllclum,
2613 612 2665 665 in
2696 611 2866 666 altero
2896 613 3109 681 insigne
3135 622 3212 667 est
3244 617 3541 683 potestatis.

2257 696 2475 769 Vespere
2503 711 2674 754 autem
2704 701 2846 769 facta
2874 743 2889 767 ,
2943 702 3084 757 solus
3108 715 3217 757 erat
3249 705 3340 758 ibi.
3384 703 3644 760 Naricula
3666 724 3767 760 au-

2177 797 2277 840 tem
2318 789 2372 842 in
2424 788 2596 843 medio
2629 793 2764 844 mari
2795 792 3105 861 jactabatur
3148 795 3412 863 ﬂuctibus.
3453 796 3586 851 Erat
3625 801 3765 853 enim

2178 888 2352 934 ventus
2386 882 2702 936 con:rarius.
2735 883 2901 938 Recte
2922 886 3075 953 quasi
3114 887 3276 941 .inviti
3305 900 3359 943 et
3405 898 3768 949 retractantes

2177 968 2414 1038 Apostoli
2448 983 2477 1022 a
2502 968 2727 1024 Domino
2756 982 3114 1037 recesserant,
3145 990 3213 1029 ne
3251 976 3340 1031 illo
3374 977 3594 1033 absente
3624 994 3767 1032 nau-

2178 1060 2403 1130 fragium
2431 1061 2778 1115 sustinerent.
2812 1061 3054 1132 Denique
3084 1064 3311 1121 Domino
3363 1067 3415 1121 in
3454 1069 3652 1123 montis
3676 1084 3766 1123 ca-

2178 1152 2393 1207 cumine
2421 1162 2787 1208 commorante
2810 1194 2825 1218 ,
2880 1156 3059 1209 statim
3110 1166 3300 1210 ventus
3328 1159 3635 1213 contrarius
3663 1160 3770 1213 orl-

2180 1250 2289 1307 tur,
2315 1250 2371 1297 et
2395 1245 2640 1298 turbatur
2667 1259 2814 1300 mare
2833 1283 2849 1311 ,
2896 1256 2949 1299 et
2994 1246 3361 1315 periclitantur
3385 1248 3625 1319 Apostoli
3654 1290 3669 1315 ,
3715 1260 3770 1305 et

2180 1332 2362 1388 tandiu
2415 1332 2702 1389 imminens
2756 1334 3091 1406 naufragium
3139 1349 3470 1406 perseverat,
3518 1340 3771 1409 quandiu

2178 1420 2335 1478 Jesus
2363 1436 2467 1477 non
2505 1424 2670 1478 venit.
2699 1423 2880 1480 Labor
2904 1425 3123 1496 quidem
3173 1428 3557 1499 discipulorum
3596 1430 3651 1482 in
3684 1445 3772 1484 re-

2180 1512 2429 1583 migando
2458 1520 2513 1568 et
2551 1515 2859 1571 contrarius
2902 1516 2981 1570 eis
3032 1524 3221 1572 ventus
3258 1517 3469 1574 labores
3513 1520 3775 1574 Ecclesia:

2181 1612 2381 1656 sancta:
2409 1603 2585 1658 varios
2611 1604 2879 1675 designat,
2906 1620 3025 1674 quae
3066 1606 3207 1660 inter
3241 1609 3411 1663 undas
3439 1609 3620 1663 saeculi
3666 1610 3768 1663 ad-

2183 1700 2459 1747 versantes
2487 1702 2540 1747 et
2571 1694 2969 1748 immundorum
3002 1694 3157 1750 flatus
3202 1698 3485 1765 spirituum
3517 1699 3583 1753 ad
3610 1699 3771 1769 quie-

2186 1792 2291 1836 tem
2325 1782 2511 1852 patrias
2544 1782 2804 1848 ccclesiis,
2831 1785 2985 1854 quasi
3038 1786 3103 1839 ad
3153 1785 3310 1839 fidam
3342 1786 3537 1842 littoris
3571 1789 3769 1847 statio-

504 1874 690 1927 rissent
722 1872 906 1937 turba’,
948 1883 1136 1928 secuta:
1173 1882 1293 1927 sunt
1335 1873 1504 1939 illum,
1536 1884 1582 1928 et
1627 1875 1822 1944 excepit
1848 1874 1984 1938 illos,
2024 1884 2080 1929 et
2111 1873 2155 1933 Β
2184 1889 2326 1935 nem,
2346 1873 2629 1943 pervenire
2664 1883 2909 1929 conatur.
2938 1874 3036 1930 ULi
3062 1875 3198 1930 bene
3226 1876 3420 1930 dicitur
3449 1879 3572 1946 quia
3614 1878 3775 1934 navis

505 1976 696 2021 cetera
746 1982 866 2036 qum
915 1977 1212 2038 sequuntur
1259 1984 1427 2040 usque
1468 1968 1533 2023 ad
1568 1969 1907 2037 completam
1936 1969 2079 2024 illam

507 2054 813 2111 refcctionis
856 2072 1024 2113 sactae
1055 2056 1369 2112 historiam:
1401 2058 1503 2112 nisi
1553 2056 1692 2114 forte
1723 2058 2081 2130 intelligamus

505 2146 557 2200 in
593 2161 658 2201 eo
711 2147 854 2216 quod
905 2146 1077 2202 Lucas
1117 2147 1212 2213 ait,
1256 2148 1310 2201 in
1352 2147 1522 2202 locum
1571 2148 1829 2203 desertum
1874 2151 1963 2219 qui
2007 2159 2081 2204 est

503 2234 807 2301 Bellisuida,
836 2251 940 2293 non
984 2236 1150 2307 ipsius
1197 2237 1389 2292 vicinia
1422 2237 1677 2303 civitatis,
1708 2239 1801 2293 sed
1844 2238 1961 2293 loca
1992 2241 2083 2295 dc-

502 2326 632 2380 serti
655 2326 721 2382 ad
750 2341 866 2383 eam
885 2328 1207 2397 pertinentis
1226 2342 1347 2384 esse
1372 2328 1679 2399 designata;
1706 2328 1916 2385 Marcus
1937 2331 2080 2385 enim

504 2415 635 2472 dicit
661 2426 866 2486 aperte,
894 2417 1032 2487 quod
1059 2419 1422 2488 pricccderent
1466 2432 1589 2472 eum
1618 2418 1685 2473 ad
1716 2418 2078 2483 Bethsaidam,

506 2507 593 2562 ubi
622 2506 788 2575 ipsius
807 2508 1043 2562 civitatis
1078 2508 1211 2563 lines
1230 2518 1443 2564 constat
1473 2524 1592 2564 esse
1632 2519 1867 2565 notatos.
1906 2510 2081 2565 Lucas

505 2613 654 2662 vero,
684 2599 771 2668 qui
800 2599 965 2654 dicit:
991 2601 1043 2654 in
1067 2600 1238 2654 locum
1259 2599 1516 2656 desertum
1544 2602 1631 2672 qui
1661 2610 1734 2656 est
1775 2602 2077 2656 Bethsaida.

508 2687 707 2755 Potest,
734 2690 835 2744 nisi
856 2689 1034 2753 fallor,
1058 2699 1202 2744 recte
1228 2690 1448 2761 intelligi
1480 2707 1584 2745 non
1611 2692 2082 2758 Bclhsaidam,sed

505 2783 679 2838 locum
708 2783 982 2837 desertum
1013 2783 1220 2853 ipsius:
1267 2782 1318 2838 id
1341 2792 1445 2850 est,
1471 2784 1537 2839 ad
1564 2785 1681 2855 ejus
1710 2786 1937 2841 confinia
1960 2802 2079 2858 per-

508 2873 789 2928 tinentem.
838 2872 1033 2928 Narrat
1078 2882 1255 2928 autem
1284 2873 1625 2944 Evangelista
1655 2873 1889 2933 Ioannes
1929 2894 2080 2933 man-

500 2964 731 3018 ducasse
776 2979 971 3033 panem
1020 2964 1207 3020 turbas
1251 2962 1402 3034 juxta
1435 2964 1787 3036 Tyberiadem
1815 2976 1869 3021 et
1895 2982 2082 3023 ascen-

504 3055 691 3109 dentes
722 3054 901 3109 navim
935 3054 1226 3125 discipulos
1256 3056 1468 3111 venisse
1500 3067 1648 3112 trans
1693 3072 1841 3112 mare
1882 3058 1934 3111 in
1979 3057 2081 3114 Ca-

504 3146 826 3213 pharnaum,
851 3161 972 3217 qua:
999 3146 1169 3200 ambm
1198 3154 1320 3200 sunt
1344 3146 1663 3202 civitatesin
1690 3145 1903 3202 Galilaea
1921 3146 2078 3215 juxta

504 3245 748 3308 stagnum
771 3215 1104 3292 Genezareth
1134 3236 1275 3306 quod
1301 3236 1463 3291 etiam
1481 3228 1795 3307 Tyber'iadis
1814 3252 1843 3290 a
1861 3237 2077 3291 civitate
2106 3215 2149 3276 Ο

504 3326 804 3398 Tyberiade
830 3336 1073 3383 vocatur.

578 3415 643 3468 Et
682 3416 898 3471 dimissa
939 3417 1108 3482 turba,
1135 3418 1362 3473 ascendit
1392 3420 1445 3473 in
1485 3429 1709 3474 montem
1739 3433 1890 3472 orare
1915 3418 2077 3473 solus.

505 3505 560 3560 Si
595 3505 815 3562 fuissent
864 3523 985 3563 eum
1035 3522 1100 3564 eo
1137 3508 1380 3579 discipuli
1431 3509 1621 3564 Petrus
1665 3518 1720 3564 et
1765 3508 1997 3565 Jacobus
2027 3520 2083 3566 et

504 3593 741 3653 Joannes
777 3597 870 3666 qui
899 3598 1145 3652 viderant
1175 3596 1397 3668 gloriam
1431 3595 1821 3663 transformati,
1856 3597 2080 3653 forsitan

504 3686 878 3742 ascendissent
906 3688 959 3741 in
1002 3697 1239 3743 montem
1268 3702 1389 3742 cum
1419 3702 1503 3742 eo.
1539 3686 1643 3742 Sed
1680 3686 1834 3742 turba
1863 3689 1928 3742 ad
1956 3688 2082 3743 sub—

504 3775 650 3830 limia
696 3776 847 3845 sequi
880 3791 985 3831 non
1037 3784 1266 3847 poterat,
1300 3777 1403 3831 nisi
1445 3776 1716 3831 docuisset
1766 3791 1887 3831 eam
1927 3775 2080 3845 juxta

503 3882 654 3937 mare
678 3869 729 3923 in
756 3868 935 3922 littore
956 3878 1010 3924 et
1032 3868 1200 3924 aleret
1225 3869 1276 3924 in
1310 3869 1543 3924 deserto.
1592 3868 1745 3935 Quod
1786 3876 1962 3924 autem
1991 3884 2079 3924 as-

500 3962 679 4017 cendit
704 3960 849 4015 solus
874 3975 1053 4025 orare,
1086 3974 1188 4015 non
1220 3960 1287 4013 ad
1322 3974 1443 4013 eum
1475 3958 1676 4014 referas
1719 3959 1808 4029 qui
1836 3959 1901 4014 de
1930 3959 2082 4027 quiu-

498 4063 602 4118 que
622 4047 850 4118 panibus
870 4049 1106 4119 quinque
1129 4048 1291 4102 millia
1317 4048 1591 4102 hominum
1610 4047 1821 4101 satiavit
1842 4049 2082 4119 exceptis

500 4139 817 4195 mulieribus
836 4148 890 4195 et
911 4139 1151 4209 parvulis
1177 4158 1188 4192 :
1223 4137 1313 4193 sed
1346 4138 1414 4192 ad
1438 4154 1558 4193 eum
1583 4139 1673 4208 qui
1703 4139 1883 4193 audita
1911 4150 2083 4197 morte

501 4230 728 4285 Joannis
748 4231 972 4285 recessit
999 4232 1052 4285 in
1080 4230 1440 4285 solitudinem.
1477 4226 1593 4284 Non
1624 4230 1766 4298 quod
1798 4245 2081 4299 personam

503 4321 711 4377 Domini
751 4335 1083 4391 separemus,
1128 4319 1219 4374 sed
1261 4320 1402 4388 quod
1424 4334 1586 4389 opera
1613 4317 1727 4387 ejus
1754 4319 1893 4373 inter
1913 4318 2079 4373 Deum

500 4414 880 4482 hominemque
909 4412 1079 4467 divisa
1101 4411 1227 4464 sint.
1256 4409 1353 4465 Ubi
1381 4418 1464 4464 est
1492 4409 1780 4464 notandum
1807 4409 1948 4479 quod
1977 4426 2082 4463 non

498 4505 675 4561 omnis
696 4505 786 4575 qui
818 4514 939 4559 orat
968 4504 1209 4558 ascendit
1236 4503 1287 4557 in
1326 4512 1593 4557 montem:
1630 4512 1711 4557 est
1732 4504 1874 4558 enim
1906 4504 2081 4558 oratio

500 4610 620 4665 «iure
646 4603 928 4664 peccatum
955 4592 1115 4657 facit;
1142 4592 1234 4647 sed
1260 4592 1395 4647 bene
1419 4601 1539 4647 orat
1562 4593 1653 4662 qui
1685 4594 1855 4647 Deum
1879 4594 2083 4649 orando

499 4687 712 4756 quaerit.
740 4685 838 4740 llic
858 4701 888 4741 a
913 4684 1141 4740 terrenis
1167 4684 1234 4739 ad
1264 4683 1542 4753 superiora
1567 4684 1933 4752 progrediens,
1963 4700 2085 4739 ver-

503 4783 660 4838 ticem
713 4796 855 4836 curae
885 4778 1215 4834 sublimioris
1241 4777 1502 4831 ascendit.
1551 4776 1651 4842 Qui
1700 4791 1827 4830 vero
1856 4776 1923 4831 de
1950 4776 2083 4831 dui—

503 4875 591 4930 tiis
615 4882 708 4928 aut
735 4872 800 4928 de
835 4871 1038 4925 honore
1063 4869 1267 4933 steculi,
1288 4876 1381 4922 aut
1410 4876 1559 4923 certe
1585 4868 1650 4921 de
1678 4866 1882 4920 inimici
1909 4876 2082 4921 morte

501 4962 759 5018 sollicitus
785 4962 1061 5023 obsecrat,
1095 4958 1207 5028 ipse
1251 4958 1305 5012 in
1350 4956 1579 5011 infirmis
1601 4954 1807 5023 jacens,
1849 4954 1983 5009 viles
2014 4953 2080 5008 ad

505 5051 669 5105 Deum
712 5064 900 5119 preces
941 5048 1122 5102 mittit.
1161 5045 1294 5102 Orat
1340 5055 1520 5100 autem
1574 5044 1856 5111 Dominus,
1883 5059 1989 5099 non
2029 5054 2087 5097 ut

503 5160 599 5215 pro
633 5158 690 5198 se
714 5141 981 5205 obsecret,
1011 5140 1105 5195 sed
1148 5148 1205 5194 ut
1242 5155 1341 5211 pro
1370 5154 1457 5194 me
1496 5140 1767 5209 impetret.
1818 5136 1955 5194 Nam
1984 5139 2084 5193 etsi

501 5234 682 5292 omnia
713 5232 953 5305 posuerit
984 5230 1144 5287 Pater
1164 5230 1216 5285 in
1246 5238 1564 5301 potestatem
1596 5228 1711 5294 lilii,
1737 5228 1877 5283 filius
1904 5239 2081 5282 tamen

502 5334 561 5378 ut
588 5323 817 5389 fortnam
863 5322 1097 5381 hominis
1146 5320 1410 5390 impleret,
1456 5319 1846 5376 obscerandum
1873 5328 2081 5389 patrem

502 5422 656 5486 putat
675 5427 795 5467 esse
828 5412 1125 5482 pronobis,
1169 5412 1293 5480 quia
1341 5411 1633 5465 advocatus
1681 5419 1879 5464 noster.
1915 5410 2066 5464 Adeo

502 5486 699 5570 catum.
722 5502 889 5566 cuitu,
925 5502 1097 5569 inquit
1122 5499 1378 5565 Joannes,
1404 5500 1651 5554 habemus
1677 5502 1817 5568 apud
1848 5497 2079 5563 Patrem,

503 5592 684 5648 Jesum
721 5589 1007 5647 Christum.
1054 5588 1110 5645 Si
1159 5590 1447 5645 advocatus
1487 5600 1571 5644 est
1617 5591 1775 5645 debet
1820 5605 1916 5659 pro
1948 5591 2082 5643 meis

506 5682 831 5737 intervenire
876 5679 1136 5752 peccatis,
1168 5694 1271 5733 non
1317 5695 1445 5751 ergo
1482 5682 1633 5749 quasi
1690 5679 1951 5744 infirmus,
1987 5680 2079 5734 sed

508 5776 654 5847 quasi
700 5774 818 5843 pius
861 5775 1126 5829 obsecrat.
1159 5770 1250 5824 \‘is
1294 5772 1432 5827 scire
1462 5772 1711 5838 quoniam
1744 5772 1921 5825 omnia
1960 5786 2079 5840 quae

2181 1973 2298 2019 erat
2312 1964 2361 2017 in
2380 1964 2555 2018 medio
2580 1965 2739 2029 mari,
2753 1974 2807 2019 et
2830 1966 2941 2035 ipse
2956 1965 3099 2021 solus
3118 1967 3169 2020 in
3190 1975 3331 2020 terra
3345 2008 3358 2028 .
3374 1969 3498 2036 quia
3519 1984 3774 2023 nonnun—

2182 2070 2340 2125 quam
2365 2053 2606 2110 Ecclesia
2636 2055 2796 2110 tantis
2818 2056 3097 2126 gentilium
3137 2058 3422 2127 pressuris,
3463 2074 3569 2112 non
3593 2058 3772 2113 solum

2182 2143 2398 2209 afﬂicta,
2430 2145 2523 2198 sed
2550 2153 2603 2198 et
2638 2143 2839 2200 foedata
2870 2155 2973 2209 est,
3008 2155 3066 2200 ut
3095 2147 3137 2201 si
3170 2146 3285 2201 fieri
3330 2156 3530 2218 posset,
3554 2149 3773 2204 redem-

2180 2246 2302 2307 ptor
2326 2236 2494 2306 ipsius
2519 2250 2637 2291 eam
2687 2251 2909 2306 prorsus
2952 2237 3258 2293 deseruisse
3285 2240 3350 2293 ad
3380 2247 3590 2309 tempus
3617 2240 3771 2295 vide-

2182 2336 2349 2382 retur.
2383 2326 2534 2382 Unde
2564 2335 2647 2382 est
2692 2327 2782 2381 illa
2814 2343 2915 2381 vox
2950 2327 3067 2397 ejus
3093 2328 3233 2383 inter
3258 2330 3429 2384 undas
3466 2331 3779 2401 procellas-

2181 2433 2285 2488 que
2310 2418 2662 2483 tentationum
2694 2418 3047 2485 verrentium,
3073 2419 3405 2488 deprehensa
3434 2460 3448 2485 ,
3477 2429 3640 2489 atque
3671 2438 3775 2476 au-

2181 2508 2368 2563 xilium
2392 2508 2743 2579 protectionis
2790 2508 2934 2563 illius
2974 2509 3310 2579 gemebundo
3337 2510 3575 2566 clamore
3619 2527 3777 2580 qure-

2185 2600 2374 2665 reutis,
2406 2597 2473 2654 Ut
2498 2598 2645 2669 quid,
2680 2598 2925 2663 Domine,
2952 2600 3203 2653 recessisti
3235 2600 3430 2670 longe?
3456 2597 3683 2670 despicis
3719 2602 3779 2655 in

2181 2691 2673 2762 opportunitatibus,
2706 2691 2760 2743 in
2785 2689 3163 2756 tribulatione;
3195 2706 3314 2761 qua:
3340 2692 3546 2761 pariter
3586 2708 3780 2757 vocem

2182 2783 2383 2838 inimici
2427 2782 2799 2854 persequentis
2838 2784 3058 2851 exponit
3115 2784 3168 2837 in
3210 2784 3560 2852 sequentibus
3601 2784 3779 2853 ipsius

2180 2872 2393 2943 psalmi,
2418 2872 2737 2942 subiiciens:
2761 2872 2905 2926 Dixit
2924 2874 3059 2926 enim
3076 2873 3131 2925 in
3155 2872 3308 2926 corde
3328 2888 3446 2938 suo,
3466 2870 3675 2927 Oblitus
3698 2883 3783 2926 est

2182 2964 2339 3028 Deus,
2374 2966 2557 3019 avertit
2600 2963 2787 3033 [aciem
2819 2980 2990 3030 suam,
3022 2980 3084 3018 ne
3113 2964 3283 3018 videat
3316 2981 3474 3034 usque
3501 2966 3555 3018 in
3586 2964 3773 3034 ﬁnem.

2182 3054 2380 3109 Verum
2430 3054 2519 3110 ille
2560 3069 2667 3108 non
2704 3052 3043 3108 obliviscitur
3081 3056 3379 3110 orationem
3433 3070 3776 3125 pauperum,

2181 3158 2355 3214 neque
2395 3145 2591 3199 avertit
2617 3143 2808 3199 faciem
2840 3158 2991 3199 suam
3018 3160 3048 3198 a
3080 3145 3424 3214 sperantibus
3448 3148 3501 3199 in
3529 3162 3609 3210 se,
3640 3149 3775 3216 quin

2182 3234 2362 3304 potius
2391 3242 2448 3288 et
2469 3241 2741 3288 certantes
2768 3248 2890 3289 cum
2922 3234 3168 3289 hostibus
3193 3244 3253 3287 ut
3280 3234 3499 3289 vincant
3525 3234 3776 3306 adjuvat,

2181 3334 2237 3381 et
2253 3326 2484 3382 victores
2508 3327 2560 3380 in
2587 3333 2846 3381 aeternum
2870 3333 3111 3381 coronat.
3137 3326 3288 3381 Unde
3305 3327 3404 3382 hoc
3436 3328 3487 3382 in
3509 3327 3631 3383 loco
3648 3340 3779 3398 aptc

2180 3420 2414 3487 qudque,
2444 3430 2538 3486 per
2565 3415 2799 3470 Marcum
2831 3416 3048 3481 dicitur,
3076 3419 3165 3487 qui
3197 3406 3324 3471 uidit
3352 3435 3439 3472 eos
3468 3418 3780 3475 laborantes

2181 3510 2235 3563 in
2263 3507 2584 3578 remigandi).
2620 3506 2777 3562 Videt
2805 3506 3003 3576 quippe
3031 3507 3290 3562 Dominus
3310 3507 3621 3565 laborantes
3643 3525 3781 3565 suos

2183 3600 2235 3653 in
2266 3598 2420 3663 mari,
2446 3597 2694 3669 quamvis
2719 3597 2832 3667 ipse
2868 3599 3073 3668 positus
3120 3598 3175 3651 in
3209 3607 3373 3663 terra,
3409 3600 3535 3668 quia
3562 3601 3668 3655 etsi
3705 3602 3781 3655 ad

2183 3690 2369 3744 horam
2392 3686 2655 3754 differret,
2676 3688 2951 3742 videretur
2970 3687 3225 3742 auxilium
3258 3688 3531 3743 tribulatis
3562 3691 3779 3759 impen-

2166 3781 2328 3845 .dcre,
2366 3778 2712 3835 nihilominus
2743 3786 2922 3845 tamen
2952 3793 3019 3832 ne
3047 3778 3101 3832 in
3143 3778 3583 3835 tribulationibus
3632 3780 3777 3835 deli-

2182 3870 2326 3923 ciant
2348 3883 2458 3923 sua:
2482 3875 2728 3936 respectu
2769 3865 2986 3935 pietatis
3023 3867 3361 3931 corroborat,
3389 3875 3446 3921 et
3474 3867 3781 3937 aliquando

2182 3958 2343 4013 etiam
2377 3956 2659 4012 manifesto
2682 3956 2947 4025 adiutorio
2974 3956 3128 4010 victis
3152 3957 3591 4023 adversitatibus,
3609 3962 3780 4028 quasi

2183 4048 2403 4103 calcatis
2423 4047 2729 4118 sedatisque
2742 4047 2995 4102 fluctuum
3016 4046 3372 4102 voluminibus
3387 4040 3605 4113 liberat,
3629 4049 3781 4105 sicut

2186 4140 2269 4195 hic
2294 4154 2505 4212 quoque
2529 4139 2919 4208 subsequenter
2950 4136 3255 4196 insinuatur
3284 4154 3405 4193 cum
3439 4126 3645 4193 dicitur
3683 4155 3698 4189 :

2256 4230 2459 4297 Quarta
2489 4241 2660 4285 autem
2693 4230 2866 4299 vigilia
2892 4230 3056 4283 noctis
3085 4231 3219 4283 venit
3262 4230 3329 4284 ad
3359 4247 3444 4285 eos
3485 4232 3786 4287 ambulans

2183 4338 2341 4391 supra
2372 4336 2535 4374 mare.
2560 4318 2834 4375 Stationes
2855 4328 2908 4374 et
2934 4320 3129 4390 vigilia:
3152 4321 3582 4377 militaresinter
3609 4324 3784 4378 hora—

2187 4430 2302 4467 rum
2325 4413 2493 4482 spatia
2524 4410 2853 4465 dividuntur.
2880 4410 3105 4477 Quando
3131 4425 3260 4482 ergo
3290 4412 3440 4478 dicit,
3464 4413 3658 4483 quarta
3692 4418 3781 4468 ri-

2183 4502 2307 4573 gilia
2341 4501 2505 4555 noctis
2537 4502 2747 4555 venisse
2796 4501 2865 4555 ad
2896 4515 2989 4556 eos
3024 4501 3304 4556 Dominum
3331 4543 3347 4567 ,
3397 4504 3642 4559 ostendit
3681 4522 3787 4562 eos

2187 4600 2297 4645 tota
2336 4601 2492 4647 nocte
2520 4591 2886 4661 periclitatos,
2929 4599 2984 4646 et
3032 4598 3277 4646 extremo
3326 4590 3499 4647 noctis
3528 4598 3787 4662 tempore

2182 4681 2260 4735 eis
2286 4680 2542 4736 auxilium
2588 4681 2892 4751 praibitum.
2934 4681 3208 4735 Laborant
3251 4698 3382 4753 ergo
3427 4691 3541 4739 toto
3589 4688 3787 4741 noctis

2182 4786 2363 4841 opacae
2393 4781 2653 4839 tempore,
2684 4770 2775 4825 sed
2824 4771 3571 4843 diluculo-appmpinquante,
3604 4785 3667 4830 et
3696 4779 3787 4831 lu-

2182 4866 2351 4921 cifero
2376 4866 2505 4921 solis
2535 4862 2749 4935 dieique
2776 4875 3022 4923 exortum
3046 4868 3394 4937 promittente
3420 4868 3568 4922 venit
3590 4868 3791 4924 Domi-

2183 4972 2304 5021 nus,
2319 4964 2374 5010 et
2391 4956 2836 5027 superambulans
2866 4958 3069 5011 tumida
3095 4956 3219 5012 freti
3250 4966 3401 5027 terga
3429 4959 3785 5027 comprimit,

2185 5048 2310 5117 quia
2345 5063 2465 5102 cum
2490 5047 2759 5118 pressuris
2780 5048 2952 5103 obsita
2984 5048 3253 5119 fragilitas
3276 5049 3509 5103 humana
3552 5052 3786 5117 pusilli-

2186 5148 2349 5193 tatem
2378 5139 2570 5194 virium
2598 5154 2819 5195 suarum
2868 5141 3198 5205 considerat,
3231 5139 3305 5193 nil
3353 5153 3477 5209 erga
3517 5154 3577 5193 se
3623 5142 3789 5200 aliud

2187 5244 2343 5297 quam
2384 5229 2632 5285 tenebras
2658 5230 3049 5299 angustiarum,
3071 5240 3127 5284 et
3150 5240 3312 5285 {ustus
3335 5229 3509 5283 cernit
3527 5230 3787 5287 hostium

2186 5316 2605 5387 confligentium.
2638 5318 2773 5373 Cum
2800 5334 2927 5373 vero
2958 5327 3192 5373 mentem
3223 5318 3289 5372 ad
3339 5318 3559 5387 superni
3586 5318 3786 5377 lumen

2184 5409 2439 5478 praesidii,
2471 5418 2525 5463 et
2582 5419 2855 5479 perpetute
2907 5410 3045 5465 dona
3091 5409 3461 5463 retributionis
3508 5415 3785 5478 erexerit,

2186 5500 2338 5568 quasi
2375 5501 2511 5554 inter
2540 5501 2755 5555 umbras
2803 5503 2979 5557 noctis
3016 5512 3235 5571 repente
3278 5508 3525 5554 exortum
3556 5501 3789 5561 luciferi

2186 5591 2467 5659 conspicit.
2494 5592 2582 5659 qui
2610 5592 2748 5646 diem
2775 5592 3079 5660 proximum
3109 5591 3333 5645 nuntiet.
3374 5590 3596 5646 Lucifer
3618 5609 3789 5649 nam-

2185 5697 2287 5748 quc
2314 5696 2433 5734 cum
2457 5681 2741 5750 plurimum
2772 5690 2879 5736 tres
2925 5683 3087 5735 horas
3134 5682 3326 5744 noctis,
3358 5680 3407 5733 id
3435 5690 3553 5744 est,
3602 5692 3786 5739 totam

2185 5770 2418 5839 vigiliam
2447 5772 2763 5826 matutinum
2793 5770 3093 5824 illuminare
3121 5769 3454 5838 perhibetur,
3488 5772 3789 5842 aderitque
