3960 6340
187 343 289 399 565

1257 336 1563 396 ΠολιιωέΕ
1602 336 1669 392 Di
1702 333 1956 417 EVANG.
2001 333 2086 388 ΕΤ
2127 331 2340 389 EPIST.

3369 331 3474 388 566

187 457 464 520 Dominus,
495 457 588 527 qui
639 456 829 526 sopitis
879 455 1234 510 tcntatiomun
1281 452 1537 524 periculis
1568 450 1775 521 plenam
1809 456 1854 513 Α
1885 453 2006 498 rant
2046 458 2205 513 quem
2241 443 2478 498 locutum
2507 441 2574 495 ad
2606 440 2821 513 Moysen
2855 451 3151 506 noverant,
3204 439 3313 496 [nec
3337 443 3477 500 dices

192 547 460 603 libertatis
514 546 768 602 ﬁduciam
821 561 930 603 sua:
975 545 1295 618 protectioni
1345 543 1626 598 attribuat.
1685 540 1784 596 Se-

183 641 372 712 quitur
400 657 414 693 :

261 793 328 848 Et
351 793 580 848 videntes
593 809 709 847 eunt
725 809 884 862 supra
901 809 1044 846 mare
1057 791 1408 846 ambulantem
1428 791 1623 844 turbati
1636 799 1777 850 sunt,

182 883 455 937 dicentes:
485 883 609 952 quia
641 885 950 952 phantasma
983 891 1079 936 est.
1109 881 1163 936 Si
1190 882 1343 953 juxta
1374 881 1698 936 Marcioncm
1729 888 1785 934 et

184 973 542 1028 Maniclucum
561 974 819 1028 Dominus
840 981 1022 1028 noster
1042 987 1148 1027 non
1177 983 1258 1027 est
1281 983 1436 1028 natus
1462 986 1527 1026 cx
1553 971 1776 1040 virgine,

182 1065 278 1121 scd
309 1065 460 1120 visus
509 1065 560 1117 in
593 1066 994 1134 phantasmate,
1046 1064 1315 1133 quomodo
1362 1078 1503 1118 nunc
1548 1058 1780 1133 apostoli

180 1153 378 1208 timent
408 1169 475 1209 ne
515 1154 835 1224 phantasma
872 1154 1129 1208 videant?
1177 1153 1367 1209 Adhuc
1395 1154 1634 1209 hatretici
1685 1172 1786 1227 pu-.

181 1255 301 1300 tant
326 1246 648 1316 phantasma
678 1244 844 1300 fuisse
876 1243 1185 1306 Dominum.
1229 1259 1328 1301 nec
1355 1259 1541 1299 veram
1571 1261 1784 1301 assum-

178 1337 357 1407 psisse
383 1351 604 1391 carnem
646 1335 712 1390 de
738 1335 967 1407 virgine.
1002 1335 1244 1404 Denique
1278 1333 1599 1389 Theodorus
1643 1333 1782 1389 Pha-

178 1428 454 1482 rinitanus
478 1425 749 1496 quondam
790 1426 1073 1495 episcopus
1118 1425 1190 1479 ita
1221 1423 1461 1494 scripsit,
1499 1424 1781 1494 corporale

176 1517 394 1588 pondus
440 1532 548 1570 non
584 1515 838 1572 habuisse
889 1517 1185 1572 secundum
1223 1531 1442 1571 carnem
1473 1515 1775 1579 Dominum,

173 1610 275 1665 sed
297 1610 503 1680 absque
528 1609 767 1680 pondere
805 1617 858 1665 et
897 1623 1125 1679 corpore
1154 1624 1318 1679 super
1345 1624 1494 1663 mare
1517 1608 1777 1662 deambu—

177 1700 343 1757 lasse.
371 1700 442 1754 At
469 1708 658 1755 contra
688 1699 822 1754 ﬁdes
850 1699 1137 1765 catholica,
1169 1707 1224 1753 et
1249 1698 1458 1769 pondus
1482 1699 1776 1753 secundum

1882 533 2009 602 [iliis
2046 533 2238 598 Israel,
2269 531 2372 598 Qui
2400 543 2474 587 est
2501 534 2640 588 misit
2672 551 2753 588 me
2775 535 2843 588 ad
2873 547 2978 586 vos.

1955 624 2292 694 Respondeas
2321 634 2494 678 autem
2523 621 2733 690 Petrus,
2760 625 2892 679 dixit
2920 627 2967 680 ei
2990 639 3009 676 :
3038 625 3259 680 Domine
3281 666 3298 690 ,
3347 627 3394 680 si
3419 636 3474 680 tu

1885 731 1959 780 es,
1977 715 2107 785 jube
2158 730 2240 768 me
2283 715 2454 768 venire
2499 715 2568 768 ad
2607 726 2654 769 te
2687 732 2843 787 super
2885 732 3071 786 aquas.
3116 715 3183 770 At
3221 716 3327 787 ipse
3350 716 3422 770 ait
3452 729 3486 768 :-

1893 804 2043 860 Veni.
2073 805 2129 860 lu
2157 806 2408 861 omnibus
2439 805 2571 860 loets
2609 807 3002 862 ardentissima}
3047 807 3169 863 ﬁdei
3203 808 3478 862 invenitur

1883 895 2096 952 Petrus.
2123 897 2472 968 lnterrogatis
2521 897 2815 967 discipulis,
2841 914 2998 969 quem
3027 898 3274 954 homines
3322 899 3474 955 dicc-

1885 1001 2007 1049 rent
2027 993 2232 1056 Jesum,
2254 991 2346 1045 Dei
2372 990 2540 1044 ﬁlium
2565 989 2871 1044 conﬁtetur.
2903 989 3130 1045 Volente
3168 992 3234 1045 ad
3261 991 3475 1062 passin-

1885 1101 2008 1140 nem
2035 1098 2284 1155 pergere,
2312 1081 2437 1136 licet
2473 1089 2620 1135 erret
2672 1081 2726 1136 in
2777 1096 2862 1144 re,
2901 1089 3074 1136 lamcn
3105 1099 3210 1137 non
3240 1093 3388 1138 errat
3417 1086 3474 1154 in

1884 1174 2326 1242 atiectu;nolens
2367 1188 2493 1227 eum
2538 1172 2675 1227 mori
2728 1188 2888 1244 quem
2931 1174 3098 1228 tilium
3149 1174 3243 1230 Dei
3296 1174 3475 1230 fuerat

1883 1267 2042 1340 paulo
2067 1277 2193 1322 ante
2221 1265 2522 1322 confessus.
2552 1265 2610 1320 1n
2639 1275 2876 1320 montem
2911 1281 3032 1321 cum
3081 1265 3360 1322 Salvatore
3389 1268 3473 1322 in-

1888 1368 1968 1414 ter
1991 1358 2197 1430 primos
2225 1355 2489 1421 ascendit,
2521 1365 2578 1412 et
2622 1357 2676 1411 in
2712 1357 2962 1426 passione
3011 1357 3158 1413 solus
3206 1359 3470 1428 sequitur.

1885 1449 2172 1504 Peccatum
2210 1449 2511 1518 negationis
2539 1449 2682 1517 quod
2732 1464 2799 1504 ex
2830 1449 3113 1518 repentino
3156 1449 3351 1513 timore
3379 1449 3472 1504 dc-

1883 1541 2189 1605 scenderat,
2223 1540 2577 1594 amarissimis
2614 1542 2796 1594 statim
2827 1539 2996 1593 abluit
3031 1538 3305 1610 lacrymis.
3345 1539 3477 1595 Post

1882 1632 2187 1701 passionem
2211 1648 2332 1687 cum
2362 1641 2508 1686 esset
2531 1633 2581 1685 in
2619 1631 2738 1686 lacu
2759 1631 3093 1687 Gcnezareth
3120 1642 3172 1688 et
3198 1633 3441 1702 piscare-

1885 1731 1993 1786 tur,
2020 1729 2074 1777 et
2112 1722 2373 1780 Dominus
2400 1730 2573 1775 staret
2597 1723 2651 1775 in
2680 1722 2861 1776 littore
2889 1723 3008 1776 aliis
3035 1724 3291 1791 paulatim
3324 1726 3473 1779 navi-

171 1799 404 1844 earnem
428 1789 630 1843 habere
654 1803 777 1843 eum
800 1788 1083 1856 praedicat,
1117 1795 1174 1842 et
1189 1802 1328 1842 onus
1355 1803 1698 1856 corporeum,
1721 1796 1773 1842 et

1884 1814 2155 1882 gantibus,
2183 1811 2270 1866 ille
2296 1827 2402 1866 non
2434 1812 2640 1880 patitur
2675 1827 2878 1877 moras,
2910 1814 3006 1867 sed
3037 1788 3332 1880 accinctus,
3367 1825 3474 1872 sta-

175 1894 306 1933 cum
342 1878 584 1948 pondere
613 1886 782 1949 atque
801 1891 968 1933 onere
1009 1877 1278 1948 corporali
1325 1879 1575 1932 incedere
1612 1893 1777 1948 super

173 1970 350 2039 aquas
375 1985 481 2024 non
509 1969 703 2024 infusis
737 1967 984 2038 pedibus.
1031 1967 1167 2022 Nam
1216 1966 1504 2038 Dionysius
1529 1967 1776 2038 egregius

175 2063 327 2118 inter
362 2062 760 2117 ecclesiasticos
791 2061 1107 2131 scriptores,
1153 2061 1207 2116 in
1238 2061 1510 2132 opusculis
1539 2061 1605 2116 de
1633 2061 1774 2116 divi-

177 2154 265 2209 nis
318 2139 668 2217 nominibus,
722 2153 826 2208 hoc
870 2153 1032 2208 modo
1074 2152 1354 2224 loquitur:
1412 2172 1430 2204 ι
1463 2151 1775 2225 lgnoramus

174 2247 323 2302 enim
377 2245 612 2316 qualiter
641 2245 711 2300 de
759 2245 1018 2317 virgineis
1073 2245 1468 2316 sanguiuibus,
1521 2245 1624 2300 alia
1657 2245 1775 2318 lege

174 2347 379 2410 praeter
407 2338 713 2423 naturalem
742 2336 1096 2404 formabatur,
1125 2347 1184 2393 et
1216 2337 1449 2408 qualiter
1496 2354 1603 2393 non
1636 2338 1775 2393 infu-

175 2433 256 2489 sis
297 2433 546 2504 pedibus,
576 2431 860 2502 corporale
884 2432 1095 2502 pondus
1144 2431 1467 2485 habentibus
1498 2439 1553 2485 et
1603 2440 1774 2486 matc-

175 2526 316 2583 riale
371 2541 550 2590 onus,
617 2523 998 2579 deambulabat
1050 2523 1104 2578 in
1153 2522 1374 2578 humida
1434 2531 1489 2578 et
1540 2522 1775 2578 instabili

172 2615 506 2671 substantia.
550 2634 570 2667 ι
609 2613 931 2669 Intuendum
969 2625 1053 2669 est
1077 2614 1242 2684 igitur
1265 2613 1534 2684 quomodo
1561 2613 1776 2670 Marcus

175 2708 344 2773 dicat,
370 2707 522 2792 quod
543 2707 689 2762 circa
721 2715 970 2777 quartam
1002 2706 1238 2776 vigiliam
1277 2706 1451 2761 noctis
1473 2705 1680 2761 veniret
1707 2707 1774 2762 ad

173 2813 274 2855 eos
304 2798 568 2853 Dominus
595 2798 878 2853 ambulans
911 2813 1073 2868 super
1111 2812 1262 2851 mare
1290 2809 1345 2852 et
1369 2797 1528 2852 vellet
1553 2806 1776 2868 prmter-

173 2889 259 2944 ire
297 2904 414 2944 eos.
462 2888 741 2956 Quomodo
779 2896 957 2942 autem
990 2887 1204 2943 volebat
1236 2888 1496 2944 Dominus
1523 2904 1617 2945 eos
1645 2904 1778 2958 prae-

174 2981 344 3034 terire
381 2987 637 3047 tauquam
660 2977 889 3042 alienos,
915 2978 981 3032 ad
1023 2993 1160 3048 quos
1185 2979 1248 3032 de
1275 2978 1516 3048 periculo
1551 2978 1773 3034 naufra-

170 3070 250 3138 gii
301 3069 612 3124 liberandos
641 3068 965 3124 advenerat?
1005 3067 1107 3121 nisi
1136 3076 1193 3122 ut
1234 3069 1302 3122 ad
1356 3068 1542 3123 horam
1572 3071 1772 3126 turbati

169 3172 246 3217 et.
258 3159 552 3230 paventes,
575 3159 668 3213 sed
701 3159 959 3214 continuo
1003 3158 1242 3222 liberati,
1273 3160 1503 3230 amplius
1531 3163 1767 3238 ereptio-
1797 3164 1841 3226 C

170 3252 261 3306 nis
287 3267 401 3306 suae
428 3253 745 3308 miraculum
783 3262 1092 3325 stuperent,
1147 3271 1212 3311 ac
1261 3257 1496 3326 majores
1534 3257 1768 3327 ercptori

168 3362 284 3402 suae
329 3348 535 3418 gratias
561 3339 850 3414 rcferrimt,
879 3350 1004 3418 quia
1037 3360 1092 3404 et
1114 3349 1167 3403 in
1199 3351 1610 3419 tempestatibus
1641 3366 1768 3421 pas-

167 3437 391 3491 sionum
414 3448 537 3506 qua:
571 3454 669 3508 pro
699 3439 1006 3493 constantia
1038 3437 1160 3492 ﬁdei
1206 3455 1232 3491 a
1263 3438 1484 3507 perﬁdis
1511 3439 1768 3510 ingerun-

167 3538 263 3583 tur
295 3529 422 3583 talis
451 3544 836 3599 nonnunquam
868 3528 1108 3598 provisio
1138 3529 1398 3583 divinitus
1444 3528 1767 3583 ostenditur.

168 3619 334 3690 Saepe
354 3619 500 3674 enim
526 3619 598 3672 ita
625 3617 810 3673 ﬁdeles
843 3619 896 3672 in
929 3617 1277 3672 tribulatione
1305 3618 1512 3687 positos
1539 3633 1772 3687 superna

167 3711 350 3780 pictas
395 3709 701 3782 deseruisse
728 3709 843 3762 visa
873 3717 954 3763 est
983 3749 998 3772 ,
1053 3717 1112 3762 ut
1148 3709 1302 3777 quasi
1361 3708 1666 3764 laborantes
1716 3711 1768 3763 in

169 3801 316 3856 tuari
343 3799 635 3870 discipulos
665 3798 944 3868 pnetcrire
993 3796 1148 3852 Jesus
1200 3797 1430 3852 voluisse
1467 3805 1767 3867 putaretur.

172 3889 336 3947 Unde
371 3897 458 3944 est
504 3889 631 3942 illud
682 3888 934 3942 Ecclesia:
983 3887 1232 3959 martyrii
1277 3889 1575 3944 certamine
1613 3888 1773 3942 desu-

169 3981 378 4036 dantis.
411 3979 588 4046 Quare
615 3979 716 4032 mei
763 3977 951 4032 oblitus
979 3995 1064 4052 es,
1118 3995 1280 4049 quare
1311 3995 1390 4032 me
1424 3978 1697 4048 repultsti?
1723 3987 1771 4030 et

165 4088 340 4143 quare
363 4071 526 4124 tristis
552 4071 766 4135 incedo,
818 4068 942 4122 dum
993 4069 1285 4138 aﬂligitme
1318 4070 1596 4135 inimicus,
1643 4069 1770 4122 dant

165 4161 585 4232 confrtuguntur
611 4160 784 4214 omnia
814 4176 932 4213 ossa
963 4151 1118 4213 mea."
1157 4167 1263 4214 etc.
1297 4158 1404 4213 Sed
1449 4159 1633 4213 dicant
1666 4159 1770 4212 ini—

167 4255 304 4310 mici
335 4262 640 4309 terrentes:
683 4251 785 4306 Ubi
823 4261 895 4306 est
927 4251 1067 4305 Deus
1115 4251 1508 4320 eorum?quasi
1556 4249 1774 4305 naufra-

165 4349 326 4418 gium
349 4343 508 4399 fessis
536 4343 850 4398 nuntiantes
873 4341 1169 4412 Apostolis,
1194 4342 1323 4398 dicit
1353 4342 1464 4413 ipse
1491 4340 1636 4397 Deus
1683 4359 1774 4398 eo-

167 4453 301 4494 rum
331 4450 346 4489 :
375 4437 504 4489 Cum
533 4435 804 4498 transieris
829 4450 922 4504 per
941 4451 1128 4504 aquas,
1167 4443 1330 4487 tecum
1356 4449 1464 4498 ero,
1483 4443 1529 4486 et
1551 4434 1772 4504 ﬂumina

166 4544 284 4582 non
314 4526 544 4596 operient
568 4517 636 4579 te.
667 4522 799 4578 Cum
821 4523 1169 4603 ambulaveris
1191 4524 1250 4605 in
1272 4524 1411 4594 igne,
1436 4541 1536 4577 non
1560 4524 1772 4577 combu-
1795 4509 1850 4567 Ῑ)

168 4619 312 4674 reris
340 4626 386 4670 et
413 4616 628 4687 ﬂamma
657 4631 760 4668 non
805 4598 1008 4669 ardebit
1053 4614 1108 4669 in
1153 4600 1222 4669 te.
1257 4613 1410 4680 Quod
1452 4621 1632 4668 autem
1685 4628 1772 4668 se-

166 4711 387 4781 quitur,
410 4717 457 4765 et
487 4724 596 4779 pra:
645 4695 828 4778 timore
875 4706 1252 4770 clamauerunt,
1282 4705 1540 4760 confusus
1567 4705 1772 4762 clamor

167 4811 231 4858 et
257 4802 468 4856 incerta
498 4814 602 4854 vos
629 4797 807 4869 magni
844 4798 1057 4852 timoris
1098 4797 1356 4853 indicium
1407 4807 1506 4852 est.
1541 4796 1646 4853 Sed
1676 4813 1769 4854 ve-

169 4909 302 4950 rum
337 4901 421 4947 est
446 4890 748 4947 Psalmistre
769 4891 1138 4953 testimonium
1163 4932 1176 4954 ,
1223 4892 1345 4961 quia
1374 4907 1532 4962 prope
1560 4902 1635 4946 est
1664 4892 1771 4948 Do-

165 4986 356 5042 minus
388 4983 687 5038 timentibus
722 4999 776 5037 se
800 5022 815 5047 ,
861 4992 908 5037 et
944 4987 1053 5036 non
1107 4982 1414 5054 derelinquit
1461 5001 1638 5039 omnes
1677 4986 1766 5056 qui

164 5087 391 5150 sperant
419 5077 471 5128 in
499 5091 638 5129 eum.
669 5071 823 5130 Unde
856 5084 904 5128 et
939 5073 1188 5129 subditur
1216 5088 1232 5137 ς

251 5213 546 5284 Statimque
568 5213 953 5268 Jesusloctttus'
979 5224 1051 5268 est
1083 5216 1155 5269 eis
1191 5216 1368 5269 dicens
1401 5229 1418 5267 :
1451 5217 1654 5272 liabete
1703 5219 1767 5288 ﬁ-

161 5305 417 5366 duciam,
445 5319 536 5373 ego
565 5319 702 5368 sum,
734 5304 890 5357 nolite
920 5305 1118 5358 timere.
1172 5305 1324 5371 Quod
1373 5308 1606 5375 primum
1649 5325 1766 5361 ver-

163 5396 406 5450 sabatur
448 5393 500 5446 in
543 5407 725 5455 causa,
754 5393 855 5447 hoc
884 5400 1053 5455 curat,
1083 5402 1135 5446 et
1167 5397 1479 5450 timentibus
1527 5398 1769 5467 praecipit

157 5488 388 5549 dicens,
423 5485 602 5538 habete
641 5483 915 5551 ﬁduciam.
951 5483 1127 5539 Nolire
1173 5487 1351 5540 timere
1377 5528 1388 5548 ,
1423 5497 1474 5540 et
1503 5488 1643 5557 quod
1687 5504 1770 5542 se-

159 5581 384 5649 quitur,
409 5593 502 5646 ego
529 5591 667 5637 sum,
694 5591 794 5630 nec
822 5575 1094 5648 subjjuugit
1123 5577 1242 5646 quis
1273 5577 1343 5630 sit
1377 5595 1389 5629 :
1432 5578 1515 5632 vel
1542 5593 1606 5631 ex
1641 5594 1770 5632 voce

161 5679 306 5726 nota
335 5669 588 5738 poterant.
615 5681 736 5719 eum
769 5665 1088 5735 intelligere.
1112 5668 1233 5736 quia
1264 5683 1357 5735 per
1392 5668 1647 5721 obscuras
1675 5685 1771 5720 nu-

157 5763 273 5821 (tis
303 5763 558 5814 tenebras
589 5756 926 5824 loquebatur,
959 5758 1036 5811 vel
1081 5761 1248 5827 ipsum
1283 5773 1401 5812 esse
1446 5760 1583 5812 scire
1619 5768 1770 5826 ;-«:‘.c-

1883 1903 1978 1957 tim
2006 1901 2373 1975 praecipitatur
2402 1901 2455 1954 in
2484 1901 2697 1956 ﬂuctus.
2727 1901 2932 1956 Eolem
2963 1902 3125 1973 igitur
3153 1903 3274 1958 ﬁdei
3305 1905 3467 1959 ardo-

1880 2009 1940 2048 re
1965 2008 2072 2063 quo
2097 2007 2310 2062 semper
2338 1999 2530 2047 caetera
2559 2007 2705 2053 nunc
2742 2008 2957 2063 quoque
3002 1993 3215 2049 czeteris
3243 1996 3470 2050 tacenti-

1879 2085 1979 2140 bus
2017 2084 2264 2148 credidit,
2293 2097 2351 2138 se
2391 2098 2550 2153 posse
2596 2083 2776 2140 facere
2822 2085 3151 2141 voluntatem
3200 2088 3470 2157 magistri,

1878 2177 2021 2247 quod
2051 2177 2139 2232 ille
2161 2192 2277 2232 non
2313 2186 2525 2247 poterat
2550 2193 2648 2254 per
2673 2187 2944 2245 naturam,
2967 2180 3097 2250 jube
3127 2199 3228 2246 me,
3257 2183 3470 2252 inquit,

1878 2269 2050 2322 venire
2074 2268 2143 2320 ad
2167 2277 2215 2321 te
2243 2284 2404 2337 supra
2427 2285 2611 2338 aquas.
2643 2269 2722 2325 Tu
2747 2271 2978 2340 prmcipe
3015 2281 3070 2326 et
3100 2273 3242 2327 illico
3267 2273 3471 2329 solida-

1877 2357 2031 2422 btutt,
2063 2357 2205 2412 unde
2232 2373 2296 2414 ac
2347 2357 2464 2413 leve
2505 2358 2596 2414 ﬁet
2642 2375 2840 2430 corpus
2889 2362 3032 2433 quod
3082 2378 3180 2432 per
3205 2378 3264 2418 se
3306 2378 3472 2434 grave

1877 2457 1980 2504 est.

1946 2539 2018 2603 Et
2044 2540 2362 2596 descendens
2391 2539 2581 2598 Petrus
2610 2544 2675 2599 de
2697 2543 2960 2609 navicula,
2993 2544 3296 2601 ambulabat
3317 2564 3474 2618 super

1877 2647 2069 2702 aquam
2097 2633 2369 2687 ut-veniret
2397 2633 2467 2686 ad
2495 2633 2699 2688 Iesum.
2733 2633 2831 2702 Qui
2873 2644 3064 2704 putant
3090 2635 3300 2693 Domini
3345 2654 3472 2694 cor-

1876 2740 1977 2794 pus
2005 2725 2126 2779 ideo
2158 2737 2265 2778 non
2297 2738 2418 2779 esse
2457 2739 2669 2791 verum,
2709 2726 2834 2795 quia
2862 2740 3027 2795 super
3063 2727 3252 2783 molles
3299 2743 3471 2799 aquas

1878 2813 2038 2869 molle
2066 2820 2123 2868 et
2165 2814 2376 2870 aerium
2422 2814 2737 2879 incesserit,
2792 2815 3154 2886 respondeant
3199 2819 3470 2887 quomodo

1875 2915 2234 2971 ambulaverit
2282 2914 2499 2982 Petrus,
2533 2931 2695 2986 quem
2744 2917 2928 2988 utique
2966 2933 3152 2973 verum
3194 2919 3468 2975 hominem

1874 3020 1981 3060 non
2005 3006 2302 3075 negabunt.

1959 3095 2147 3152 Videas
2176 3113 2297 3153 vero
2327 3096 2558 3152 validum
2581 3107 2811 3163 ventum,
2841 3099 3036 3165 timuit,
3070 3108 3119 3154 et
3142 3117 3258 3156 cum
3287 3103 3472 3172 carpis-

1873 3196 1947 3242 set
1973 3188 2155 3258 mergi,
2181 3187 2430 3242 clamavit
2475 3189 2690 3243 dicens:
2726 3189 2964 3256 Domine,
2993 3190 3196 3245 salvum
3243 3209 3324 3260 nte
3353 3193 3462 3263 fac.

1871 3280 2117 3335 Ardebat
2136 3280 2305 3334 animi
2331 3279 2481 3344 ﬁdes,
2507 3282 2603 3335 sed
2630 3282 2862 3336 humana
2885 3281 3150 3354 fragilitas
3171 3285 3223 3338 in
3245 3287 3471 3355 profun-

1874 3373 2000 3427 dum
2051 3366 2333 3438 trahebat;
2364 3371 2638 3441 paululum
2682 3387 2810 3444 ergo
2834 3375 3158 3444 relinquitur
3183 3379 3470 3434 tentationi

1873 3472 1933 3518 ut
1957 3475 2218 3532 augeatur
2239 3462 2393 3530 ﬁdes,
2415 3472 2470 3518 ct
2493 3464 2756 3534 intelligat
2776 3480 2834 3520 se
2859 3481 2966 3520 non
2998 3467 3255 3524 facilitate
3279 3479 3467 3539 postu-

1874 3555 2110 3620 lationis,
2135 3555 2228 3609 sed
2251 3555 2492 3624 potentia
2517 3553 2728 3611 Domini
2752 3566 3149 3612 conservatum.

1945 3647 2016 3702 Et
2035 3648 2282 3701 continua
2292 3646 2572 3701 extendens
2595 3664 2807 3701 manum
2833 3648 3168 3718 apprehendit
3189 3666 3330 3705 eum.
3349 3651 3467 3708 Nisi

1873 3755 2002 3810 ergo
2025 3739 2283 3793 Dominus
2309 3739 2641 3793 extendisset
2679 3755 2918 3806 manum,
2945 3741 3035 3810 qui
3081 3741 3208 3797 alibi
3256 3758 3461 3814 negan-

1874 3849 1982 3890 tem
2021 3834 2258 3902 respexit
2282 3832 2524 3898 Pctrum,
2558 3835 2672 3902 ipse
2697 3833 2889 3889 Petrus
2913 3836 3157 3903 protinus
3188 3853 3464 3908 mergere-

1873 3933 1961 3978 tur
2006 3925 2056 3978 in
2100 3923 2426 3994 profundum
2454 3964 2469 3990 ,
2526 3940 2627 3979 nec
2661 3925 2826 3980 etiam
2869 3927 3122 3981 evaderet
3168 3917 3460 3986 infernum.

1877 4015 2130 4083 Respexit
2157 4014 2414 4069 Dominus
2437 4023 2492 4070 et
2531 4017 2598 4070 ad
2627 4017 3000 4084 ptenitentiam
3031 4021 3318 4086 convertit,
3343 4038 3462 4076 tua-

1875 4120 2004 4158 num
2040 4105 2283 4159 extendit
2308 4113 2372 4159 et
2395 4104 2779 4173 indulgentiam
2810 4107 3022 4173 tribuit,
3044 4117 3098 4163 et
3128 4110 3206 4164 sic
3233 4111 3461 4167 salutem

1874 4194 2172 4265 perfectam
2211 4195 2503 4266 discipulus
2526 4197 2748 4251 invenit.
2775 4197 2907 4266 Quia
2923 4199 3078 4268 juxta
3103 4201 3251 4256 Pauli
3275 4219 3459 4260 vocem

1876 4307 1978 4343 non
2004 4297 2078 4342 est
2102 4287 2314 4342 volentis
2342 4304 2506 4359 neque
2531 4289 2785 4343 currentis
2808 4331 2822 4356 ,
2878 4290 2968 4344 sed
2998 4293 3291 4347 nti.erant’s
3340 4294 3458 4350 Dei.

1877 4379 1986 4434 Nec
2016 4379 2158 4434 enim
2191 4386 2377 4434 nostro
2402 4379 2734 4434 salvabimur
2759 4382 2970 4446 merito,
3001 4383 3094 4438 sed
3126 4382 3266 4438 illius
3295 4383 3457 4441 dono.

1949 4471 2016 4526 Et
2039 4474 2112 4526 ait
2136 4472 2256 4526 illi:
2286 4471 2515 4527 Modica;
2537 4473 2684 4541 ﬁdei,
2715 4490 2878 4545 quare
2904 4473 3199 4529 dubitasti?
3238 4477 3296 4531 Si
3325 4493 3460 4547 apo-

1874 4558 2013 4616 stolo
2057 4559 2218 4616 Petro
2245 4563 2311 4617 de
2333 4562 2486 4631 cujus
2525 4561 2629 4616 ﬁde
2654 4571 2709 4617 et
2737 4564 2932 4618 ardore
2961 4567 3156 4620 mentis
3190 4581 3352 4636 supra
3383 4569 3463 4624 di-

1874 4651 2097 4715 ximus,
2139 4650 2643 4720 quod-conﬁdenter
2690 4653 2964 4723 rogaverit
3012 4653 3349 4712 Salvatorem
3378 4659 3462 4713 di-

1872 4760 2022 4809 ccas,
2050 4743 2303 4807 Domine,
2335 4744 2380 4797 si
2409 4752 2466 4796 tu
2502 4759 2580 4810 es,
2625 4743 2753 4813 jube
2783 4760 2864 4799 me
2902 4749 3071 4801 venire
3109 4748 3179 4800 ad
3204 4759 3252 4802 te
3294 4765 3458 4820 supra

1872 4853 2060 4906 aquas,
2083 4837 2208 4904 quia
2229 4833 2504 4904 paululum
2527 4836 2727 4900 timuit,
2754 4836 2951 4891 dicitur
2971 4853 3043 4902 et,
3069 4839 3288 4894 modica:
3305 4842 3453 4910 ﬁdei,

1872 4945 2031 4999 quare
2060 4927 2350 4982 dubitasti?
2372 4927 2685 4998 quidnobis
2711 4929 2995 4985 dicendum
3045 4940 3146 4997 est,
3179 4935 3269 5002 qui
3289 4935 3458 5005 hujus

1876 5019 2250 5075 modicaetidei
2295 5035 2394 5075 nec
2424 5020 2701 5075 minimam
2753 5022 2970 5090 quidem
3014 5023 3277 5081 habemus
3322 5042 3456 5097 por-

1873 5109 2438 5180 tiunculamHlystice
2489 5121 2670 5165 autem
2704 5113 2849 5180 quod
2903 5112 3094 5168 Petrus
3150 5130 3180 5167 a
3229 5115 3456 5173 Domino

1866 5203 2050 5272 jussus
2078 5203 2280 5266 venire,
2310 5202 2517 5258 ﬁuctus—
2535 5204 2699 5258 maris
2720 5205 2893 5259 calcat
2926 5221 3032 5274 quo
3062 5208 3242 5260 veniat
3269 5211 3334 5263 ad
3360 5207 3453 5263 Je-

1874 5309 2012 5353 sum,
2041 5291 2306 5362 signiﬁcat
2337 5293 2628 5348 Ecclesium
2658 5294 2812 5363 cujus
2836 5297 2950 5365 ipse
2988 5307 3171 5367 pastor
3207 5307 3306 5365 est,
3337 5308 3455 5354 tene

1874 5386 2087 5439 dentem
2119 5386 2183 5440 ad
2216 5385 2488 5440 cmlestem
2544 5387 2794 5455 patriam,
2828 5388 3022 5443 ﬂuctus
3071 5390 3227 5459 hujus
3271 5391 3451 5445 saeculi

1875 5485 2100 5556 vestigio
2134 5496 2292 5541 rectae
2336 5484 2459 5539 ﬁdei
2516 5495 2567 5538 et
2600 5486 2874 5553 gressibus
2903 5486 3165 5540 bonorum
3205 5501 3449 5556 operum.

1874 5579 2176 5646 superando
2206 5578 2438 5634 calcare.
2463 5587 2516 5630 et
2546 5578 2686 5645 quod
2714 5577 2905 5632 Petrus
2935 5587 3250 5648 tempestate
3297 5578 3453 5630 terri-

1877 5681 1960 5722 tus
1987 5669 2039 5721 in
2066 5668 2310 5722 ﬂuctibus
2353 5669 2522 5737 mergi
2550 5670 2733 5737 ccepit,
2767 5669 3089 5723 inﬁrmiores
3121 5682 3362 5737 quosque
3398 5670 3451 5723 in

1878 5759 2110 5813 Ecclesia
2140 5773 2272 5825 quos
2300 5758 2530 5827 procella
2558 5759 2988 5828 persecutionum
3027 5775 3116 5811 seu
3154 5759 3306 5814 tmbo
3332 5770 3440 5814 teu-
