3960 6360
457 370 560 425 567

1082 367 1143 422 Β.
1186 364 1439 422 RADANI
1480 365 1695 422 MAURI
1736 364 2053 422 ARClllEP.
2096 363 2400 421 MOGUNT.
2442 364 2723 421 OPERUM
2765 365 2941 422 PARS
2980 366 3041 421 ll.

3632 367 3739 425 368

460 486 718 540 tationum
751 490 935 546 terret,
964 490 1017 537 et
1044 496 1074 536 a
1102 489 1291 538 tenore
1322 480 1445 537 lldei
1485 481 1599 537 sive
1632 495 1661 535 a
1689 488 1832 536 statu
1865 479 2035 535 bono-
2066 485 2113 541 Α
2144 486 2295 534 ratus
2323 478 2485 533 fuerit
2512 494 2858 535 murmurans
2896 482 3166 535 recidetur
3190 520 3204 545 ,
3254 489 3310 536 et
3358 482 3495 552 perit
3528 497 3741 539 merces

458 592 577 632 rum
607 584 823 631 actuum
855 573 1126 644 paululum
1155 572 1385 629 reﬂectit
1405 612 1419 636 ,
1468 571 1741 642 exprimit.
1771 571 1919 638 Quos
1958 576 2043 623 ta-

455 680 580 721 men
607 680 675 718 ne
700 663 938 717 funditus
960 663 1011 716 in
1039 658 1319 733 perfidiam
1346 670 1402 716 et
1424 660 1479 715 in
1509 659 1819 729 voraginem
1847 673 2043 730 pecca-

456 768 633 821 torum
666 762 999 826 mergantur,
1020 760 1269 824 porrecta
1300 751 1493 807 divina:
1516 748 1893 820 propitationis
1918 749 2045 804 dex-

460 855 542 901 tra
568 845 825 900 extrahit.
854 844 921 900 Et
955 844 1096 898 sicut
1118 840 1338 896 Petrum
1390 850 1604 896 erutum
1632 838 1699 894 de
1729 838 1910 908 abyssi
1950 854 2046 909 pe-

457 938 599 1007 lago,
630 934 847 991 itaillos
874 941 1091 1002 ereptos
1115 932 1182 987 de
1223 940 1634 1002 persecutorem
1689 929 1944 984 seandalo
1990 928 2044 983 in

458 1028 617 1081 firmo
646 1025 844 1095 quietis
888 1036 1137 1092 supernae
1170 1020 1287 1077 solo
1309 1020 1463 1091 juxta
1492 1034 1550 1074 se
1578 1016 1882 1091 collocabit.
1908 1016 2045 1087 Quia

459 1114 791 1186 impossibile
828 1120 913 1167 est
938 1122 997 1166 ut
1012 1126 1199 1165 eorum
1224 1110 1420 1180 aliquis
1440 1114 1646 1179 pereat,
1664 1120 1799 1175 quos
1818 1119 2045 1161 censura

452 1205 587 1277 justi
620 1202 819 1272 judicis
844 1201 1257 1272 przedestinatos
1286 1198 1449 1257 habet
1475 1198 1542 1252 ad
1569 1200 1735 1250 vitam
1763 1206 2044 1250 teternam.

461 1292 615 1352 Unde
641 1293 756 1363 ipsa
776 1290 991 1346 Veritas
1020 1290 1115 1355 ait,
1143 1288 1308 1343 Omne
1328 1288 1469 1359 quod
1513 1286 1604 1341 dat
1635 1285 1760 1339 mihi
1792 1283 1955 1339 Pater
1978 1286 2047 1339 ad

458 1400 542 1437 me
566 1384 752 1448 veniet,
781 1389 828 1436 et
856 1396 972 1435 eum
998 1380 1087 1450 qui
1109 1378 1245 1433 venit
1273 1377 1343 1431 ad
1371 1393 1472 1442 me,
1494 1388 1597 1430 non
1621 1375 1829 1446 ejiciam
1878 1374 2042 1442 foras.

460 1470 620 1526 Novit
633 1471 776 1525 enim
796 1469 1056 1525 Dominus
1072 1468 1188 1537 pios
1201 1467 1269 1522 de
1282 1466 1578 1522 tentatione
1602 1467 1836 1537 eripere,
1862 1474 1916 1521 et
1942 1482 2049 1521 non

459 1569 545 1616 est
567 1561 831 1631 impotens
847 1560 989 1614 inter
1017 1559 1258 1633 turbines
1284 1566 1662 1628 tempestatum
1691 1558 1850 1628 hujus
1869 1558 2051 1613 sreculi

459 1666 589 1707 suos
616 1651 684 1705 ab
709 1650 856 1705 omni
905 1650 1144 1719 nequitia
1176 1663 1469 1719 pravorum
1514 1647 1712 1704 illaesos
1755 1649 2049 1704 custodire.

459 1738 569 1795 Sed
596 1738 876 1795 videamus
909 1739 1055 1809 quod
1085 1739 1333 1808 sequitur
1359 1756 1373 1792 :

2142 566 2279 637 ejus.
2315 566 2468 622 Sicut
2506 568 2673 623 etiam
2704 568 2963 624 Israelitze
3002 568 3157 638 quale
3195 568 3455 637 judicium
3488 586 3743 642 percepe—

2144 666 2273 714 runt
2300 668 2519 730 propter
2551 662 3057 724 murmurationem,
3087 672 3372 732 propterea
3416 664 3608 733 inquit,
3636 682 3745 720 non

2144 751 2499 805 murmuretis.
2531 748 2645 805 Non
2672 751 2815 805 enim
2850 750 3025 821 placet
3056 750 3163 805 Deo
3195 754 3409 821 quando
3440 770 3560 809 cum
3594 771 3747 807 inur-

2144 840 2448 894 muratione
2476 841 2731 916 servitur,
2754 851 2808 895 et
2834 856 2938 895 non
2966 841 3015 897 ei
3041 856 3140 911 pro
3162 842 3413 897 omnibus
3440 846 3632 914 gratiae
3656 845 3749 899 de—

2147 926 2413 995 feruntur,
2440 937 2495 984 et
2536 943 2637 1000 pro
2669 930 3099 995 tentationibus,
3148 939 3203 985 et
3247 946 3347 1000 pro
3387 933 3744 1002 spiritalibus.

2151 1018 2301 1073 Nihil
2330 1036 2451 1090 ergo
2476 1019 2723 1090 supinum
2770 1019 3071 1092 loquamur,
3109 1019 3241 1073 nihil
3286 1022 3562 1092 impudens
3587 1063 3600 1086 ,
3652 1022 3749 1079 sed

2148 1105 2517 1186 submittamus
2540 1124 2633 1163 nos
2654 1117 2709 1162 ut
2724 1108 3089 1164 venerabiliter
3109 1126 3171 1163 ac
3192 1123 3480 1167 reverenter
3501 1129 3611 1167 esse
3622 1130 3748 1184 pos-

2148 1200 2335 1264 simus,
2362 1200 2465 1254 hoc
2484 1206 2592 1264 est,
2623 1215 2747 1254 cum
2778 1201 3082 1255 reverentia
3111 1209 3165 1255 et
3191 1210 3335 1277 metu
3365 1203 3600 1257 Domini.

2220 1286 2463 1342 Charitas
2501 1289 2847 1357 fraternitatis
2879 1298 3113 1355 maneat,
3141 1298 3187 1344 et
3218 1291 3628 1360 hospitalitatem
3656 1309 3750 1348 no-

2152 1380 2240 1435 lite
2274 1380 2506 1435 obliscivi
2536 1393 2553 1431 :
2583 1397 2674 1452 per
2710 1380 2848 1435 hanc
2890 1381 3027 1435 enim
3054 1380 3364 1451 placuerunt
3394 1383 3610 1453 quidam
3645 1401 3750 1438 an-

2150 1468 2278 1540 gelis
2306 1470 2531 1541 hospitio
2566 1471 2799 1539 receptis.
2830 1470 3045 1526 Intuere
3070 1473 3341 1541 quomodo
3369 1487 3460 1527 eos
3504 1474 3753 1544 praecipit

2150 1570 2417 1632 praecepta
2446 1560 2731 1631 praesentia
2761 1560 3036 1615 custodire
3061 1578 3074 1614 :
3102 1576 3207 1615 non
3240 1562 3383 1616 enim
3410 1564 3490 1615 eis
3518 1562 3623 1616 alia
3652 1576 3751 1617 su-

2153 1653 2500 1725 perimponit,
2532 1668 2640 1707 non
2671 1652 2836 1708 dixit:
2854 1651 3471 1708 Eﬂiciamini'amatores
3493 1651 3751 1720 fratrum,

2155 1745 2248 1800 sed
2277 1752 2578 1815 permaneat
2627 1744 2858 1798 charitas
2914 1742 3284 1813 fraternitatis.
3315 1742 3383 1798 Et
3420 1743 3615 1798 iterum
3645 1759 3752 1799 non

537 1829 603 1885 Et
642 1846 759 1885 cum
788 1832 1101 1886 ascendisset
1135 1833 1189 1886 in
1238 1828 1555 1896 naviculam,
1584 1832 1806 1885 cessavit
1849 1839 2049 1886 ventus.
2082 1829 2128 1889 B
2157 1840 2293 1895 dixit
2317 1838 2612 1910 hospitales
2640 1836 2968 1902 ediciamini,
2997 1846 3255 1907 tanquam
3304 1835 3346 1891 si
3394 1852 3498 1891 non
3528 1845 3747 1900 essent,

460 1924 644 1980 Prima
682 1937 813 1995 ergo
849 1922 1231 1993 trepidantium
1269 1930 1325 1977 et
1358 1920 1778 1993 periclitantium
1822 1920 2053 1976 subven-

464 2014 539 2069 tio
566 2020 672 2077 est,
705 2011 981 2066 incussum
1028 2008 1283 2067 cordibus
1320 2011 1588 2082 expellere
1624 2010 1872 2065 timorem
1901 2050 1916 2075 ,
1970 2024 2054 2065 se-

460 2102 638 2159 cunda
691 2108 1075 2171 tempestatum
1121 2098 1290 2156 furias
1342 2116 1453 2155 sua:
1502 2100 1803 2171 praesentiae
1853 2100 2055 2155 virtute

462 2207 829 2263 compescere.
857 2192 968 2249 Nec
989 2193 1292 2249 mirandum
1328 2193 1373 2247 si
1402 2193 1725 2248 ascendente
1752 2192 1804 2246 in
1829 2192 2051 2247 navicu-

463 2290 571 2345 lam
600 2289 827 2344 Domino
873 2296 1068 2343 ventus
1113 2286 1366 2343 cessavit.
1422 2285 1479 2340 ln
1524 2300 1863 2356 quocumque
1900 2286 2052 2341 'enim

465 2380 627 2437 corde
654 2381 794 2436 Deus
817 2394 915 2451 per
936 2378 1165 2450 gratiam
1216 2378 1296 2434 sui
1324 2379 1479 2443 adest
1518 2377 1740 2443 amoris,
1773 2393 1898 2432 mox
1934 2378 2056 2432 uni-

466 2486 620 2527 versa
651 2471 903 2527 vitiorum
927 2479 983 2526 et
1009 2470 1347 2526 adversantis
1390 2469 1598 2533 mundi,
1624 2469 1738 2524 sive
1766 2469 2055 2540 spirituum

465 2560 822 2630 malignorum
850 2558 986 2615 bella
1013 2573 1318 2628 compressa
1344 2560 1644 2629 quiescunt.

536 2650 642 2718 Qui
674 2659 848 2704 autem
900 2650 954 2703 in
984 2649 1229 2703 navicula
1258 2659 1427 2713 erant,
1457 2658 1704 2703 venerunt
1732 2659 1779 2703 et
1805 2650 2056 2703 adorare-

465 2751 586 2794 runt
614 2753 732 2793 eum
787 2738 1052 2792 dicentes:
1096 2736 1224 2793 Vere
1265 2734 1444 2793 Filius
1480 2740 1577 2793 Dei
1620 2755 1694 2793 es.
1751 2738 1833 2793 Ad
1884 2754 2051 2793 unum

466 2831 679 2899 signum
710 2828 1096 2897 tranquillitate
1122 2828 1290 2883 maris
1315 2828 1543 2892 reddita,
1568 2842 1689 2899 quae
1714 2838 1838 2897 post
1858 2828 2055 2883 nimias

467 2921 732 2993 procellas
758 2920 1033 2976 interdum
1074 2928 1129 2975 et
1156 2934 1285 2975 casu
1330 2920 1449 2976 ﬁeri
1494 2920 1650 2986 solet,
1680 2920 1859 2975 nauta:
1893 2927 2056 2989 atque

468 3020 719 3067 vectores
746 3024 873 3066 vero
912 3009 1006 3065 Dei
1058 3008 1225 3064 lilium
1256 3008 1583 3065 conﬁtentur
1608 3049 1624 3074 ,
1679 3019 1734 3065 et
1782 3008 1944 3064 Arius
2000 3009 2053 3062 in

472 3104 710 3161 Ecclesia
737 3103 996 3175 praedicat
1024 3109 1350 3157 creaturam.
1398 3101 1513 3156 Non
1565 3115 1695 3171 ergo
1740 3100 1915 3170 ipsum
1946 3114 2053 3154 non

463 3195 617 3267 juxta
656 3169 1034 3250 hmreticorum
1058 3193 1381 3249 dementiam
1411 3169 1736 3257 creaturam,
1762 3169 1902 3246 inter
1935 3201 2053 3250 om-
2084 3169 2128 3231 C

468 3289 557 3343 nia
587 3295 843 3348 creatam,
875 3285 969 3340 sed
1016 3293 1317 3341 creatorem
1348 3292 1471 3339 ante
1517 3284 1699 3338 omnia
1732 3284 1893 3338 simul
1935 3297 2058 3337 cum

468 3376 631 3432 Patre
660 3383 715 3431 et
743 3374 947 3446 Spiritu
981 3382 1173 3429 sancto
1208 3371 1527 3427 existentem
1561 3378 1725 3439 atque
1750 3380 2059 3425 manentem

470 3466 760 3520 credamus
781 3474 837 3520 et
862 3463 1237 3529 conﬁteamur,
1261 3471 1313 3516 et
1349 3461 1401 3515 in
1451 3461 1565 3530 ipsa
1591 3459 1930 3514 confessione
1976 3460 2059 3514 di-

470 3557 592 3627 gnis
628 3556 891 3612 bonorum
934 3568 1157 3623 operum
1193 3552 1443 3607 laudibus
1475 3564 1799 3604 veneremur
1834 3563 1957 3617 eum
2006 3557 2062 3604 et

470 3648 826 3719 praedicemus
856 3647 910 3700 in
949 3652 1240 3715 conspectu
1290 3643 1521 3698 ﬁliorum
1574 3639 1855 3695 hominum
1885 3640 2059 3710 ipsum

469 3754 591 3795 csse
633 3738 798 3792 lilium
828 3737 922 3791 Dei
975 3736 1328 3806 unigenitum,
1361 3739 1647 3787 narrantes
1690 3729 1919 3784 virtutes
1947 3728 2061 3796 ejus

471 3837 526 3882 et
566 3827 832 3882 mirabilia
866 3827 1003 3897 ejus,
1034 3841 1153 3894 qua:
1186 3824 1311 3879 fecit
1350 3822 1440 3893 qui
1487 3836 1609 3877 cum
1656 3819 1817 3875 Patre
1854 3828 1908 3875 et
1942 3819 2062 3890 Spi-

474 3919 581 3973 ritu
613 3926 802 3974 sancto
836 3918 966 3971 vivit
1017 3925 1072 3971 et
1114 3923 1304 3985 regnat
1332 3915 1494 3979 Deus,
1527 3926 1624 3981 per
1654 3911 1835 3967 omnia
1865 3910 2060 3967 smcula

473 4007 811 4064 saeculorum.
854 4007 1045 4061 Amen.

1001 4136 1283 4192 llOlllLlA
1318 4134 1522 4191 CXVII.

1133 4263 1289 4302 FF.th
1329 4262 1403 4304 IV.

477 4360 661 4416 Lectio
708 4359 960 4431 Epistula:
1016 4359 1156 4413 beati
1191 4358 1342 4412 Pauli
1389 4356 1617 4427 apostoli
1668 4358 1737 4411 ad
1784 4355 2058 4415 llebrzeos.

552 4470 789 4536 Fratres,
815 4471 1062 4524 habemus
1084 4469 1329 4539 gratiam,
1352 4484 1444 4537 per
1456 4484 1610 4538 quam
1627 4468 1915 4520 serviamus
1942 4465 2062 4536 pla-

2154 1930 2247 1984 sed
2274 1928 2680 2001 hospitalitatem
2719 1928 2877 1983 nolite
2901 1928 3134 1982 oblivisci
3158 1944 3175 1983 ε
3206 1942 3273 1983 ex
3311 1926 3755 1984 tribulationibus

2153 2021 2296 2077 enim
2352 2028 2563 2090 poterat
2606 2020 2834 2075 fortasse
2882 2019 3219 2089 contingere.
3267 2015 3373 2073 Per
3422 2019 3558 2073 lianc
3591 2019 3753 2082 enim,

2154 2111 2344 2180 inquit.
2376 2109 2589 2180 quidam
2618 2108 2964 2174 placuerunt,
3010 2109 3223 2178 angelos
3244 2107 3469 2177 hospitio
3506 2106 3759 2177 recipien-

2153 2211 2248 2255 tes.
2278 2200 2528 2255 Attendis
2550 2208 2783 2269 quantus
2809 2199 3007 2265 honor,
3044 2208 3303 2267 quantum
3350 2197 3555 2253 lucrum
3576 2238 3589 2263 ,
3639 2196 3759 2253 sive

2154 2291 2448 2346 secundum
2478 2290 2638 2344 aliam
2687 2289 2984 2344 editionem
3033 2288 3253 2359 quidam
3286 2287 3595 2352 latuerunt,
3648 2288 3756 2344 hoc

2154 2388 2260 2445 est,
2281 2380 2613 2445 nescientes,
2646 2378 2700 2433 in
2754 2379 2988 2450 h05pitio
3018 2385 3361 2448 receperunt,
3387 2388 3672 2449 propterea
3701 2385 3758 2434 et

2154 2472 2326 2527 multa
2376 2485 2589 2543 merces
2613 2468 2752 2539 ejus,
2802 2472 2891 2540 qui
2928 2469 3177 2526 nesciens
3229 2485 3326 2525 eos
3368 2470 3587 2541 angelos
3632 2484 3758 2525 esse

2155 2563 2209 2619 in
2236 2564 2471 2635 hospitio
2516 2562 2739 2633 recepit.
2768 2562 2904 2616 Nam
2928 2563 2974 2617 si
3004 2562 3195 2626 sciret,
3244 2560 3378 2616 nihil
3431 2561 3633 2615 mirum
3669 2576 3759 2615 es-

2154 2664 2255 2710 set.
2283 2653 2513 2720 Quidam
2544 2653 2727 2709 dicunt
2759 2653 2903 2722 quod
2935 2654 2988 2708 in
3021 2652 3125 2707 hoc
3155 2652 3274 2708 loco
3310 2653 3473 2707 etiam
3502 2651 3645 2708 Loth
3682 2653 3756 2709 si-

2153 2745 2460 2815 gnilicatur.

2226 2835 2536 2890 Mementote
2562 2834 2868 2899 vinctorum,
2896 2842 3149 2906 tanquam
3175 2832 3333 2887 simul
3361 2834 3518 2888 vincti
3533 2851 3551 2898 ;
3597 2844 3645 2886 et
3679 2833 3761 2887 la-

2155 2928 2473 2991 borantium,
2499 2934 2750 2995 tanquam
2780 2935 2826 2979 et
2865 2926 2964 2995 ipsi
2996 2926 3049 2978 in
3092 2942 3307 2995 corpore
3332 2935 3616 2978 morantes.
3648 2923 3761 2978 llo-

2155 3018 2388 3073 norabile
2411 3018 2727 3071 connubium
2748 3018 2803 3070 in
2828 3017 3064 3070 omnibus
3087 3026 3133 3070 et
3159 3010 3347 3070 thera?
3364 3014 3762 3069 immaculatus.

2160 3109 2532 3164 Fornicatores
2587 3118 2633 3161 et
2686 3108 2953 3162 adulteros
3008 3107 3270 3177 judicabit
3313 3106 3472 3161 Deus.
3505 3106 3764 3162 Contem-

2162 3198 2311 3268 plare
2356 3206 2592 3267 quantus
2626 3191 2703 3251 illi
2750 3199 2815 3251 de
2861 3198 3119 3267 pudicitia
3168 3212 3348 3252 sermo
3392 3196 3763 3267 profunditur.

2166 3286 2381 3354 Pacem,
2412 3288 2609 3355 inquit,
2654 3304 2770 3341 cum
2804 3288 3041 3341 omnibus
3071 3284 3357 3342 sectamini
3379 3301 3425 3341 et
3452 3288 3765 3356 sancti/ica-

2163 3381 2390 3441 tionem,
2426 3394 2487 3431 ne
2516 3378 2633 3447 quis
2674 3377 2965 3445 fornicator
3008 3377 3087 3432 vel
3130 3378 3379 3447 pollutus.
3426 3378 3491 3432 Et
3533 3378 3761 3442 iterum,

2164 3468 2478 3536 fornicarios
2509 3477 2685 3520 autem
2725 3476 2771 3521 et
2808 3466 3074 3521 adulteros
3095 3468 3303 3537 jutlicat
3340 3467 3503 3522 Deus.
3544 3467 3653 3524 Sed
3682 3472 3767 3525 νίς

2162 3557 2384 3613 deamus
2434 3573 2578 3612 nunc
2606 3557 2839 3627 qualiter
2884 3557 3231 3613 honorabiles
3276 3574 3396 3615 esse
3448 3562 3666 3630 nuptias
3709 3562 3767 3617 in

2162 3649 2412 3704 omnibus
2460 3648 2606 3704 dicat
2633 3658 2687 3703 et
2716 3650 2965 3705 thronum
3015 3650 3459 3718 immaculatum,
3504 3654 3772 3724 quoniam

2162 3738 2411 3795 videlicet
2445 3740 2496 3794 in
2519 3742 2808 3800 sanctitate
2842 3741 3115 3811 pudicitia:
3142 3741 3598 3799 facitcouversari
3633 3745 3770 3801 lide-

2162 3832 2284 3886 lem.
2318 3831 2417 3886 llic
2445 3832 2610 3886 etiam
2638 3830 2852 3886 Iudaeos
2875 3831 3096 3901 pulsat,
3148 3834 3240 3902 qui
3291 3833 3554 3902 pollutum
3600 3846 3769 3903 puta-

2162 3923 2293 3978 bant
2331 3922 2666 3992 conjugalem
2702 3922 3069 3986 concubitum,
3102 3931 3152 3977 et
3200 3921 3452 3979 dicebant
3499 3940 3565 3979 ex
3624 3930 3773 3983 lecto

2166 4013 2408 4084 conjug's
2461 4022 2768 4085 surgentem
2811 4015 3068 4069 mundum
3117 4031 3223 4071 non
3274 4031 3432 4085 posse
3485 4030 3768 4077 constare.

2168 4104 2278 4159 Non
2303 4105 2466 4175 igitur
2487 4105 2745 4175 pollutum
2775 4114 2875 4169 est,
2911 4107 3055 4175 quod
3082 4123 3151 4162 ex
3192 4116 3385 4163 natura
3421 4112 3769 4176 conceditur,

2164 4213 2197 4252 o
2241 4197 2593 4268 ingratissimi
2624 4206 2677 4252 et
2714 4198 3128 4253 insensatissimi
3157 4196 3348 4263 Judaei,
3376 4201 3469 4255 sed
3514 4202 3663 4270 quod
3696 4218 3771 4258 ex

2165 4302 2330 4356 prava
2362 4286 2637 4341 voluntate
2665 4286 2961 4342 descendit.
2994 4286 3127 4341 Nam
3172 4288 3215 4341 si
3246 4287 3592 4345 honorabiles
3617 4307 3772 4360 qum-

2167 4377 2289 4430 dam
2326 4386 2453 4431 sunt
2476 4378 2697 4448 nuptiae,
2740 4379 2952 4432 munda:
2975 4379 3137 4431 etiam
3175 4387 3315 4433 sunt.
3344 4378 3454 4434 Cur
3483 4380 3666 4450 itaque
3698 4396 3769 4436 ex

2168 4466 2253 4520 his
2292 4466 2638 4535 pollutionem
2686 4466 2801 4521 ﬁeri
2838 4468 3163 4522 existimatis
3188 4509 3202 4533 ,
3235 4480 3289 4523 et
3328 4470 3503 4538 primo
3552 4484 3773 4538 ponens

477 4571 644 4615 centes
670 4560 776 4614 Deo
800 4575 920 4614 cum
953 4568 1107 4612 metu
1137 4567 1185 4611 et
1229 4557 1545 4622 reverentia;
1582 4556 1770 4610 etenim
1800 4554 1943 4609 Deus
1966 4571 2062 4608 uo—
2090 4535 2143 4594 Ῑ)
2171 4558 2481 4613 honorabile
2510 4558 2835 4613 connubium
2872 4560 2924 4613 in
2952 4560 3203 4614 omnibus
3230 4569 3282 4615 et
3323 4561 3538 4614 thorum
3569 4561 3772 4616 imma-

478 4663 583 4707 ster
604 4651 736 4722 ignis
767 4664 1076 4719 consumens
1104 4657 1199 4703 est.

549 4742 829 4810 Quomodo
878 4741 1002 4795 alibi
1059 4740 1213 4805 dixit,
1270 4754 1390 4809 quze
1445 4738 1697 4793 videntur
1749 4738 2063 4807 temporalia

480 4843 627 4898 sunt,
659 4849 779 4903 qua:
821 4848 952 4888 vero
981 4847 1087 4887 non
1130 4832 1382 4887 videntur
1421 4839 1642 4897 aeterna,
1678 4840 1733 4886 et
1761 4832 1885 4887 inde
1913 4847 2064 4887 sum—

480 4926 588 4995 psit
612 4925 1005 4981 exhortationis
1040 4932 1095 4978 et
1118 4922 1506 4978 consolationis
1533 4933 1932 4994 argumentum,
1963 4940 2061 4993 pro

482 5015 638 5069 malis
658 5030 777 5085 qua:
807 5015 859 5067 in
888 5014 1140 5084 praesenti
1185 5020 1426 5082 tempore
1455 5012 1764 5078 toleramus,
1797 5014 1877 5068 sic
1898 5014 2063 5069 etiam

482 5106 571 5159 hic.
596 5104 741 5167 facit,
758 5119 822 5157 ac
838 5103 988 5167 dicit,
1018 5102 1158 5156 tirmi
1174 5103 1427 5157 debemus
1445 5103 1679 5157 existere
1691 5110 1750 5156 ut
1769 5103 2067 5158 habeamus

482 5201 735 5270 gratiam,
761 5202 862 5254 hoc
887 5206 969 5252 est
997 5198 1199 5268 gratias
1230 5211 1455 5268 agamus
1478 5198 1609 5262 Deo,
1641 5212 1748 5251 non
1771 5196 1944 5251 solum
1975 5197 2066 5250 de-

483 5292 676 5345 bemus
692 5290 1068 5359 aequanimiter
1096 5287 1240 5344 ferre
1266 5289 1549 5359 praesentia
1581 5288 1741 5352 mala,
1774 5290 1868 5343 sed
1898 5290 2062 5343 etiam

484 5381 687 5452 gratias
713 5380 790 5435 illi
818 5396 917 5450 pro
943 5378 1138 5433 futuris
1180 5378 1336 5433 bonis
1371 5375 1583 5434 oll‘erre.
1621 5374 1721 5431 Per
1745 5394 1936 5449 quam,
1984 5378 2067 5432 in-

485 5470 639 5538 quit,
688 5470 973 5522 serviamus
1013 5468 1138 5522 bene
1168 5468 1427 5536 placentes
1465 5466 1593 5522 Deo.
1645 5466 1760 5522 Hoc
1817 5477 1939 5533 est,
1989 5468 2069 5524 sic

486 5556 686 5627 quippe
720 5555 1018 5625 placentes,
1042 5556 1152 5611 Deo
1198 5558 1467 5613 servimus
1518 5571 1640 5612 cum
1672 5557 1721 5611 ei
1758 5571 1854 5626 per
1886 5559 2068 5613 omnia

489 5646 674 5713 gratim
695 5646 1023 5701 delerentur.
1066 5643 1277 5711 Omnia,
1312 5647 1504 5716 inquit,
1537 5644 1693 5714 facite
1718 5685 1732 5712 ,
1787 5647 1899 5699 sine
1928 5663 2071 5699 mur-

491 5735 782 5790 muratione
808 5746 855 5791 st
880 5736 989 5791 sine
1021 5736 1366 5803 ltwsitatione,
1392 5736 1533 5805 quod
1572 5737 1767 5806 quippe
1798 5738 1918 5806 quis
1940 5751 2067 5806 0pc-

2170 4650 2430 4715 culatum,
2454 4649 2690 4704 ostendit
2729 4650 2853 4718 quia
2895 4648 3042 4717 juste
3071 4650 3247 4723 intulit
3270 4664 3388 4718 qua:
3436 4658 3769 4717 sequuntur.

2173 4740 2230 4796 Si
2251 4741 2395 4795 enim
2424 4740 2751 4796 connubium
2778 4750 2862 4795 est
2887 4756 3203 4795 concessum
3226 4780 3240 4803 ,
3288 4738 3432 4808 juste
3464 4738 3773 4795 fornicator

2172 4830 2447 4899 suppliciis
2477 4829 2705 4883 allicitur
2733 4869 2747 4893 ,
2783 4828 2926 4897 juste
2953 4829 3244 4898 punientur
3266 4828 3514 4882 adulteri.
3549 4825 3650 4882 Hic
3673 4830 3775 4883 ad-

2171 4937 2360 4977 versus
2388 4922 2671 4975 hazreticos
2700 4920 2939 4983 dimicat,
2962 4928 3019 4974 et
3042 4921 3162 4974 vide
3185 4935 3349 4989 quam
3374 4920 3510 4975 bene
3545 4933 3656 4973 non
3684 4921 3773 4975 di-

2170 5014 2271 5076 xit,
2310 5011 2505 5066 iterum
2546 5009 2723 5064 nullus
2748 5010 2816 5063 sit
2837 5024 3050 5073 avarus,
3079 5011 3173 5064 sed
3194 5010 3354 5064 simul
3374 5010 3577 5064 dicens.
3606 5008 3774 5067 Tunc

2173 5105 2351 5160 intulit
2377 5104 2539 5158 veluti
2573 5118 2857 5158 commune
2878 5102 3181 5167 consilium,
3206 5118 3312 5157 non
3332 5102 3479 5157 velut
3515 5102 3582 5156 ad
3612 5104 3774 5172 ipsos

2172 5195 2315 5250 solos
2341 5209 2619 5250 sermones
2645 5194 2900 5264 dirigens.

2242 5286 2358 5343 Sint
2386 5303 2555 5341 mores
2578 5288 2691 5341 sine
2714 5288 2957 5351 avaritia,
2976 5288 3200 5343 contenti
3219 5285 3585 5356 prcesentibus.
3610 5282 3771 5353 Sint,

2122 5416 2127 5423 .
2173 5376 2370 5448 inquit,
2392 5392 2564 5430 mores
2584 5377 2696 5431 sine
2717 5378 2967 5441 avaritia,
2985 5392 3090 5432 non
3115 5378 3249 5431 dixit
3271 5377 3434 5431 nolite
3458 5375 3770 5444 possidere,

2175 5466 2269 5521 sed
2294 5465 2397 5519 sint
2428 5480 2595 5535 mores
2632 5466 2744 5518 sine
2771 5466 2996 5518 avaritia
3020 5505 3034 5530 ,
3072 5464 3310 5519 ostendit
3359 5463 3771 5533 philosophiam

2177 5553 2438 5623 cujusque
2473 5549 2782 5608 volunti'tis.
2833 5554 3046 5608 Etenim
3090 5568 3253 5623 supra
3282 5553 3514 5615 dixerat,
3543 5560 3593 5605 et
3622 5552 3775 5619 rapi-

2178 5662 2297 5699 nam
2320 5645 2732 5699 substantiarum
2755 5653 3041 5700 vestrarum
3074 5662 3189 5699 cum
3216 5645 3410 5716 gaudio
3435 5644 3769 5714 suscepistis,

2180 5739 2321 5796 unde
2368 5738 2604 5799 ostendit
2636 5751 2727 5792 eos
2760 5752 2864 5793 non
2895 5752 3015 5795 esse
3060 5736 3300 5793 avaritia:
3328 5733 3563 5799 deditos.
3608 5731 3771 5789 Iuste
