3960 6344
227 377 324 433 569

216 584 576 653 prtrsentium,
608 586 752 655 quod
787 587 1003 657 plurimi
1045 598 1167 658 post
1209 591 1630 645 exinanitionem
1676 594 1800 648 sub-

217 676 541 729 stantiarum
571 692 814 743 suarum,
844 689 1027 747 postea
1054 679 1274 749 cupiunt
1297 680 1396 735 sub
1422 679 1645 735 obtentu
1665 681 1804 737 elee—

219 778 461 835 mosyna:
499 764 694 820 iterum
743 781 1069 839 congregare
1111 768 1348 835 divitias,
1392 779 1675 840 propterea
1722 773 1803 827 in-

215 856 357 925 quit,
385 856 493 910 sint
522 873 691 913 mores
719 859 833 913 sine
853 854 1101 927 avaritia,
1124 862 1226 918 hoc
1251 872 1351 926 est,
1378 871 1437 918 ut
1455 862 1579 918 illud
1611 879 1802 935 exspe-

218 938 433 1002 ctemus
474 950 616 1019 quod
668 951 789 1006 usui
827 967 963 1022 opus
1000 951 1164 1008 fuerit
1188 997 1203 1022 ,
1249 963 1303 1011 et
1345 971 1443 1025 pro
1478 957 1801 1012 necessariis

216 1046 429 1092 tantum
471 1055 655 1096 curam
694 1057 962 1111 geramus.
1018 1043 1171 1111 Quod
1220 1060 1349 1118 ergo
1394 1046 1523 1102 dicit
1565 1047 1796 1118 aliquis,

215 1130 333 1185 sive
375 1131 611 1202 ipsorum
644 1136 1073 1191 necessariorum
1103 1140 1258 1193 nobis
1290 1141 1566 1211 contingat
1604 1142 1801 1203 habere

214 1219 494 1292 suﬁragia,
520 1237 624 1277 non
654 1231 735 1277 est
760 1224 881 1287 hoc,
914 1225 1074 1280 crede
1101 1227 1253 1292 mihi,
1286 1244 1393 1283 non
1414 1239 1514 1284 est.

286 1310 410 1380 Ipse
439 1312 638 1382 quippe
666 1312 797 1367 dixit
820 1327 838 1365 :
861 1313 984 1368 Non
1023 1324 1072 1368 te
1104 1316 1363 1380 deseram,
1392 1336 1554 1389 neque
1582 1319 1801 1377 derelin-

210 1415 409 1467 quam;
437 1400 510 1453 ita
544 1410 599 1454 ut
622 1403 940 1470 conﬁdenter
962 1404 1201 1459 dicamus
1225 1422 1244 1460 :
1266 1406 1521 1463 Dominus
1556 1410 1683 1463 mihi
1708 1411 1800 1465 ad—

203 1488 359 1558 iutor
382 1497 489 1555 est,
517 1507 618 1546 non
640 1492 825 1547 timebo
846 1495 973 1564 quid
1002 1495 1165 1564 faciat
1197 1498 1325 1552 mihi
1353 1500 1526 1555 homo.
1575 1502 1794 1569 lterum,

209 1576 266 1632 in
305 1581 689 1636 tentationibus
715 1584 1011 1640 consolatio
1036 1605 1048 1640 :
1077 1587 1190 1656 ipse
1212 1590 1406 1660 quippe
1432 1592 1565 1646 dixit
1592 1602 1646 1648 et
1672 1610 1798 1665 pro-

209 1668 359 1723 tinus
389 1670 531 1725 nulla
574 1673 783 1727 ratione
824 1676 1101 1741 mentitus,
1133 1680 1388 1747 quoniam
1429 1690 1477 1736 te
1516 1700 1618 1737 non
1656 1685 1800 1739 dere-

205 1759 463 1830 linquam,
496 1763 719 1830 proinde
759 1781 877 1819 cum
909 1766 1231 1837 conﬁdentia
1270 1786 1369 1826 nos
1398 1772 1575 1828 dicere
1602 1789 1795 1844 possu-

1311 385 1613 444 IlOMlleE
1654 386 1718 443 IN
1758 387 2011 448 EVANC.
2055 390 2143 448 ET
2180 394 2399 452 EPIST.

218 508 347 563 ergo
379 509 477 548 eos
512 493 803 561 admonet,
854 497 1245 567 suﬁicieutiam,
1293 500 1496 569 inquit,
1562 501 1807 557 habentes
1832 506 1885 563 Α

2417 506 2694 565 ﬂOMlLlA
2742 511 2966 570 CXVHI.

2470 612 2598 658 ιτειι
2649 616 2804 657 FERIA
2844 619 2917 660 ιν.

2023 699 2205 757 Lectio
2243 702 2413 758 sancti
2452 704 2727 776 Evangelii
2764 713 3057 769 secundum
3096 714 3356 774 Marcum.

1973 812 2038 866 In
2088 812 2178 867 ille
2208 824 2452 897 tempore,
2480 834 2597 871 cum
2630 835 2864 897 egressas
2888 834 3017 878 esset
3048 824 3202 882 Iesus
3234 829 3287 883 in
3320 832 3482 897 viam,

1897 884 2463 968 procurtensoquidum
2498 903 2631 957 genu
2657 884 2802 968 Ἀεξο
2826 904 2959 968 ante
2997 912 3117 968 eum
3156 899 3369 968 rogabat
3405 884 3483 953 di:

1900 950 2341 1029 cens_:‘lltaqis'ter
2376 950 2536 1022 bone',
2580 950 2705 1028 quid
2732 960 2925 1029 faciam
2958 973 3013 1017 ut
3041 950 3198 1021 vitam
3214 950 3481 1025 “tritinia.

1897 1021 2175 1090 percipiunt
2194 1022 2229 1075 Ϋ

1966 1128 2245 1194 Audierat,
2277 1133 2460 1198 credo,
2492 1133 2597 1189 iste
2622 1136 2879 1205 qutesitor
2917 1140 3043 1195 vita:
3078 1150 3290 1198 interna:
3319 1160 3345 1198 a
3377 1146 3481 1201 Do-

1898 1217 2065 1281 mino,
2101 1227 2307 1275 tantum
2336 1235 2430 1276 eos
2455 1222 2554 1292 qui
2579 1226 2933 1293 parvulorum
2959 1229 3125 1284 velint
3168 1247 3290 1285 esse
3328 1233 3478 1287 simi-

1897 1305 1994 1373 les,
2031 1308 2221 1377 dignos
2257 1324 2379 1365 esse
2409 1312 2625 1367 introitu
2668 1317 2818 1384 regni
2856 1318 3113 1384 cmlesﬁs,
3164 1328 3323 1390 atque
3362 1324 3481 1379 ideo

1911 1412 2099 1453 curam
2136 1413 2333 1469 gerens
2372 1409 2639 1457 tractatus
2671 1404 2944 1473 certioris,
2982 1406 3084 1462 sibi
3114 1423 3221 1462 non
3256 1424 3352 1467 oer
3377 1424 3470 1479 pa-

1905 1491 2145 1557 rabolas,
2206 1494 2299 1548 sed
2335 1505 2522 1564 aperte
2555 1496 2758 1563 quibus
2786 1514 3012 1568 operum
3064 1502 3274 1557 meritis
3304 1502 3466 1561 vitam

1895 1594 2154 1639 aeternam
2174 1589 2434 1657 consequi
2457 1594 2655 1656 possit,
2678 1592 2923 1655 extumit.

1965 1670 2121 1726 Jesus
2175 1682 2348 1725 autem
2408 1673 2543 1727 dixit
2597 1675 2694 1728 ei:
2730 1674 2872 1741 Quid
2926 1694 3006 1734 me
3060 1680 3191 1735 dicis
3246 1682 3481 1739 bonum!

1900 1759 2069 1817 Nemo
2092 1761 2256 1814 bonus
2283 1761 2384 1814 nisi
2404 1778 2538 1815 unus
2563 1762 2719 1818 Deus.
2755 1765 2890 1831 Quia
2912 1768 3225 1838 magistrum
3250 1786 3479 1829 vocave-

207 1864 355 1912 mus,
386 1849 640 1905 Dominus
667 1854 795 1907 mihi
820 1855 1038 1924 adjutor
1066 1867 1165 1921 est,
1206 1874 1307 1913 non
1347 1860 1533 1916 timebo
1560 1863 1684 1933 quid
1715 1865 1789 1933 fa-

1901 1858 1983 1904 rat
2022 1851 2220 1905 bonum
2260 1860 2315 1906 et
2352 1866 2459 1907 non
2510 1853 2676 1908 Deum
2723 1855 2809 1908 vel
2850 1857 2946 1911 Dei
2989 1858 3157 1914 ﬁlium
3203 1861 3481 1919 confessus

206 1942 312 2001 ciat
338 1941 464 1993 mihi
488 1943 661 1997 homo.
708 1943 1041 2000 Promissum
1071 1948 1259 2013 habes,
1286 1965 1389 2004 non
1427 1952 1591 2007 debes
1633 1954 1795 2010 haesi—

208 2040 347 2084 tare.
398 2030 518 2101 ipse
543 2034 791 2103 promisit
817 2050 926 2089 non
959 2037 1222 2108 ambigas,
1251 2040 1392 2109 quod
1415 2052 1594 2095 autem
1622 2044 1752 2100 dicit
1779 2085 1795 2111 ,

205 2137 312 2175 non
355 2131 404 2175 te
437 2123 793 2193 derelinquam
822 2143 841 2180 :
870 2142 974 2179 non
1006 2128 1071 2181 de
1109 2130 1349 2197 pecuniis
1395 2139 1601 2187 tantum
1644 2134 1796 2202 dicit,

204 2211 304 2266 sed
335 2213 499 2267 etiam
526 2212 592 2268 de
614 2215 731 2269 aliis
764 2218 994 2272 cunctis.
1028 2218 1303 2284 Dominus,
1333 2220 1525 2291 inquit,
1548 2225 1676 2278 mihi
1696 2227 1796 2280 ad-

197 2303 355 2374 jutor
379 2314 479 2370 est,
506 2320 613 2359 non
641 2308 826 2362 timebo
850 2309 977 2381 quid
1006 2310 1163 2379 faciat
1194 2312 1320 2365 mihi
1347 2315 1522 2380 homo,
1552 2324 1607 2370 et
1629 2328 1793 2384 recte,

206 2393 311 2449 hoc
352 2396 517 2464 igitur
548 2399 709 2452 etiam
751 2416 848 2455 nos
878 2400 929 2454 in
966 2402 1235 2457 universis
1278 2406 1661 2463 tentationibus
1698 2422 1795 2463 ex-

204 2484 543 2551 cla‘memus,
590 2496 644 2543 et
688 2488 857 2543 Deum
903 2492 1164 2547 habentes
1216 2495 1507 2569 propitium
1561 2498 1797 2554 humana

201 2574 389 2627 omnia
420 2575 758 2633 irrideamus.
804 2578 954 2635 Sicut
988 2582 1131 2635 enim
1173 2582 1284 2639 Deo
1325 2585 1637 2655 indignante
1666 2588 1797 2643 nihil

202 2666 367 2719 nobis
416 2666 677 2735 proderit,
732 2685 796 2725 ac
844 2671 888 2725 si
944 2672 1121 2727 cuncti
1160 2670 1321 2730 amici
1362 2676 1679 2743 consistant,
1718 2679 1798 2733 sic

199 2756 370 2810 etiam
417 2756 529 2812 Deo
566 2773 665 2813 nos
705 2760 960 2831 diligente
1000 2762 1143 2817 nulla
1170 2765 1323 2819 nobis
1350 2766 1454 2820 erit
1482 2769 1794 2833 necessitas,

202 2843 353 2898 nulla
402 2845 572 2913 laesio,
618 2862 682 2902 ac
712 2848 757 2903 si
798 2865 894 2904 nos
926 2852 1107 2905 cuncti
1131 2853 1401 2908 hostiliter
1424 2849 1793 2926 insequantur.

202 2930 334 2988 Non
362 2936 570 3002 timebo,
597 2937 791 3008 inquit,
820 2942 945 3011 quid
970 2942 1138 3012 faciat
1165 2944 1293 2998 mihi
1316 2946 1489 3001 homo.

276 3023 592 3082 Mementote
612 3032 1010 3099 prmpositorum
1044 3042 1326 3088 vestrorum
1352 3038 1445 3107 qui
1471 3039 1609 3094 vobis
1632 3039 1795 3096 locuti

197 3125 328 3168 sunt
367 3116 575 3171 verbum
612 3118 735 3184 Dei;
766 3137 986 3189 quorum
1020 3124 1276 3179 intuentes
1301 3128 1495 3182 exitum
1521 3146 1791 3187 conversa-

196 3203 383 3269 tionis,
408 3194 687 3261 imitamini
708 3209 888 3276 ﬁdem.
937 3211 994 3265 In
1026 3213 1128 3269 hoc
1150 3213 1268 3271 loco
1297 3217 1459 3272 etiam
1487 3220 1562 3274 de
1577 3222 1790 3292 adjuto-

197 3294 285 3348 rio
323 3295 376 3348 in
413 3295 609 3351 fratres
652 3296 774 3353 eum
815 3300 1066 3358 existimo
1107 3304 1289 3362 dicere
1326 3324 1338 3361 :
1374 3310 1476 3364 hoc
1520 3318 1603 3365 est
1649 3312 1791 3367 enim

196 3386 348 3455 quod
380 3388 530 3451 dicit,
569 3391 657 3460 qui
686 3392 823 3445 vobis
847 3392 1006 3447 locuti
1036 3405 1156 3450 sunt
1186 3399 1393 3452 verbum
1420 3401 1543 3467 Dei,
1567 3419 1791 3473 quorum

194 3476 608 3545 contemplantes
636 3480 828 3551 exitum
870 3487 1274 3539 conversationis
1305 3483 1583 3544 imitamini
1607 3490 1787 3559 ﬁdem.

193 3563 343 3632 Quid
362 3575 446 3620 est
473 3569 936 3638 contemplantes?
964 3575 1158 3643 saepius
1198 3577 1378 3632 animo
1408 3590 1707 3647 versantes,
1736 3591 1791 3638 et

193 3656 344 3723 apud
371 3659 726 3729 nosmetipsos
746 3662 1139 3729 examinantes,
1173 3667 1597 3735 considerantes,
1619 3672 1791 3726 subti—

192 3744 327 3799 liter
365 3746 738 3813 discutientcs,
782 3750 974 3820 inquit,
1011 3753 1209 3806 exitum
1237 3758 1659 3823 conversationis,
1689 3760 1790 3816 hoc

191 3844 302 3900 est,
334 3841 791 3905 perseverantiam
819 3857 988 3911 usque
1032 3843 1083 3897 in
1114 3843 1295 3912 ﬁnem,
1334 3848 1586 3917 quoniam
1625 3852 1787 3907 linem

191 3925 391 3981 habuit
412 3929 611 3983 bonum
633 3945 821 3985 eorum
841 3935 1198 4001 conversatio,
1223 3933 1487 4007 Optimam
1506 3940 1785 4008 intuentes,

194 4014 396 4083 inquit,
420 4032 599 4071 eorum
622 4019 1078 4094 uitam,imitamini
1097 4022 1274 4091 ﬁdem.
1322 4024 1399 4079 Ex
1426 4025 1534 4080 vita
1562 4030 1782 4095 munda,

190 4105 363 4161 Idem
394 4107 659 4163 ﬁrmatam
702 4110 867 4175 dicit;
902 4112 1216 4180 quomodo?
1264 4116 1516 4184 quoniam
1558 4119 1785 4174 credunt

192 4196 267 4249 de
298 4195 515 4251 futuris.
563 4196 679 4253 Non
709 4199 852 4254 enim
884 4202 1230 4258 ostenderent
1259 4205 1423 4260 vitam
1454 4209 1709 4264 mundam
1738 4211 1785 4266 si

192 4286 521 4343 haesitarent
539 4290 605 4343 de
632 4289 850 4346 futuris.

265 4376 425 4430 Jesus
464 4376 701 4434 Christus
738 4380 851 4435 heri
887 4391 934 4434 et
972 4382 1147 4449 hodie,
1186 4384 1293 4455 ipse
1320 4388 1375 4441 in
1400 4388 1592 4443 swcula
1616 4407 1783 4446 sa'cu-

186 4465 391 4520 lorum.
424 4466 553 4522 Heri
578 4483 735 4524 omne
762 4472 1093 4540 praeteritum
1122 4476 1389 4545 signiﬁcat
1422 4486 1652 4549 tempus,
1688 4483 1781 4536 ho-

187 4558 283 4612 die
308 4570 549 4626 praesens
574 4566 631 4614 et
672 4563 867 4616 saecula
893 4563 1232 4631 surculorum,
1265 4566 1500 4624 futurum
1524 4571 1639 4626 sine
1666 4580 1777 4627 ter-

188 4647 369 4700 mino.
408 4645 687 4717 Tanquam
726 4650 771 4703 si
803 4651 1028 4718 diceret,
1064 4653 1303 4713 Audistis
1333 4661 1657 4728 pontiﬁcem,
1687 4665 1780 4720 sed

186 4753 306 4793 non
350 4738 655 4806 pontificem
693 4740 784 4810 qui
826 4742 1039 4798 desinat
1065 4760 1207 4811 esse,
1249 4764 1460 4819 semper
1500 4752 1638 4808 idem
1666 4755 1781 4826 ipse

184 4837 301 4884 est.
364 4828 538 4884 Veluti
566 4831 613 4885 si
636 4841 819 4886 essent
842 4833 1059 4902 quidam
1084 4837 1173 4905 qui
1200 4838 1458 4903 dicerent,
1492 4844 1633 4909 quod
1672 4860 1779 4900 non

184 4930 298 4983 est,
350 4923 440 4977 sed
478 4922 614 4978 alter
640 4930 902 4978 venturus
927 4932 1027 4978 est.
1061 4925 1141 4980 Ad
1166 4927 1273 5001 hoc
1310 4932 1605 4998 respondit,
1636 4935 1779 5002 quod

186 5012 289 5083 qui
334 5010 434 5065 fuit
479 5013 598 5067 heri
637 5014 750 5084 ipse
772 5014 938 5069 hodie
967 5024 1022 5070 et
1053 5017 1105 5071 in
1134 5019 1409 5085 saeculum,
1441 5038 1565 5076 nam
1595 5024 1778 5079 hodie-

180 5114 303 5170 que
356 5099 522 5155 Judaei
569 5102 753 5156 dicunt
799 5102 962 5156 alium
1008 5118 1130 5159 esse
1183 5115 1469 5164 venturum
1530 5120 1778 5181 expertes

181 5192 550 5261 metipsos,
588 5193 657 5248 ab
695 5193 1063 5251 eo‘I:edientes
1097 5197 1188 5265 qui
1222 5214 1384 5253 verus
1421 5209 1506 5254 est
1536 5202 1777 5271 pontifex

177 5281 600 5337 declinaverunt
638 5284 695 5338 in
736 5299 998 5350 errorem,
1045 5295 1105 5341 ut
1151 5286 1542 5345 Antichristum
1586 5301 1776 5362 putent

174 5387 314 5427 esse
366 5382 691 5440 venturum;
742 5390 904 5445 quem
956 5393 1196 5433 errorem
1254 5380 1558 5451 quicunque
1608 5399 1769 5440 secuo

174 5474 277 5520 sus
323 5464 507 5530 fuerit,
551 5466 596 5521 si
646 5482 753 5522 non
790 5482 852 5524 se
897 5471 1214 5536 correxerit,
1253 5488 1353 5528 nec
1396 5475 1767 5543 ptenitentiam

165 5557 507 5629 condignam
536 5558 660 5613 inde
688 5561 879 5633 egerit,
911 5560 1104 5618 inferni
1126 5566 1424 5621 cruciatum
1445 5568 1591 5623 nullo
1612 5569 1769 5625 modo

165 5647 414 5706 evadere
437 5649 655 5719 poterit.

1899 1949 2039 2006 erat,
2088 1942 2247 1997 discit
2292 1944 2536 2012 quamvis
2575 1953 2823 2000 sanctum
2861 1946 3156 2019 hominem,
3201 1967 3482 2024 compara-

1897 2032 2044 2086 tione
2067 2032 2162 2085 Dei
2191 2048 2293 2088 uon
2324 2047 2444 2088 esse
2476 2033 2697 2087 bonum.
2735 2034 2811 2090 De
2840 2050 2949 2105 quo
2986 2038 3185 2093 dicitur
3213 2039 3483 2112 :Conﬁte—

1896 2120 2028 2172 mini
2083 2119 2306 2174 Domino
2360 2123 2605 2192 quoniam
2650 2122 2832 2179 bonus.
2900 2126 3057 2182 Unus
3103 2138 3283 2185 autem
3339 2134 3488 2190 Dens

1894 2209 2067 2262 bonus
2099 2225 2201 2264 non
2231 2220 2383 2279 pater
2412 2212 2556 2267 solus
2581 2214 2966 2284 intelligendus
2981 2227 3085 2284 est,
3113 2220 3208 2276 sed
3246 2230 3301 2275 et
3342 2222 3481 2280 filius

1894 2299 1985 2367 qui
2036 2298 2202 2353 dicit:
2234 2300 2346 2370 Ego
2391 2318 2506 2354 sum
2552 2293 2972 2370 Pastor‘bonus,
3014 2309 3111 2363 sed
3153 2319 3207 2365 et
3245 2311 3500 2380 SpiritUS»

1896 2396 2136 2451 sanctus,
2159 2390 2283 2457 quia
2310 2387 2471 2443 Pater
2490 2390 2701 2445 decreto
2727 2391 2871 2447 dabit
2899 2396 3140 2464 spiritum
3173 2399 3363 2452 bonum
3396 2417 3493 2469 pe-~

1896 2477 2118 2530 tentibus
2164 2495 2237 2532 se.
2289 2478 2344 2532 id
2390 2489 2492 2545 est,
2534 2481 2648 2550 ipsa
2687 2498 2790 2536 una
2828 2494 2882 2539 et
2922 2484 3193 2541 individua
3224 2489 3482 2555 Trinitas,

1896 2564 2077 2633 Pater,
2106 2576 2160 2622 et
2210 2567 2400 2636 Filius,
2449 2579 2505 2626 et
2544 2571 2774 2641 Spiritus
2807 2584 3046 2642 sanctus,
3090 2578 3234 2633 solus
3260 2588 3317 2633 et
3342 2596 3495 2636 unus

1893 2657 2041 2714 Deus
2082 2662 2256 2716 bonus
2290 2670 2395 2716 est.
2455 2661 2569 2717 Non
2608 2664 2771 2731 igitur
2800 2664 3056 2723 Dominus
3080 2685 3136 2724 se
3163 2669 3360 2725 bonum
3387 2688 3494 2727 ηρ*

1894 2758 2017 2820 gat,
2049 2766 2108 2807 se
2137 2767 2257 2808 esse
2286 2754 2455 2810 Deum
2482 2756 2774 2827 signiﬁcat.
2816 2758 2930 2814 Non
2959 2775 3017 2815 se
3042 2763 3482 2833 magistrumibo-

1893 2856 2020 2894 num
2060 2857 2167 2897 non
2197 2838 2347 2909 esse,
2392 2846 2486 2900 sed
2522 2847 2843 2918 magistrum
2879 2851 3082 2923 absque
3120 2854 3230 2911 Deo
3271 2854 3493 2912 nulluur

1892 2931 2093 2987 bonum
2140 2948 2260 2990 esse
2304 2944 2555 2992 testatur.

1965 3020 2235 3095 Prtecepta
2262 3029 2398 3082 nosti
2419 3042 2438 3081 :
2463 3028 2545 3083 Ne
2564 3031 2848 3099 adnueres,
2874 3034 2956 3089 Ne
2978 3035 3204 3102 occidas,
3232 3037 3310 3092 Ne
3326 3039 3479 3109 fure-

1891 3112 1983 3177 ris,
2013 3112 2092 3166 Ne
2105 3116 2298 3185 falsum
2317 3121 2902 3187 testimoniumvdtxeris,
2924 3123 3006 3179 Ne
3018 3125 3255 3193 {tandem
3266 3127 3477 3197 feceris,

1818 3182 1863 3244 (ἶ
1897 3182 2115 3260 Honora
2146 3217 2347 3278 patrem
2371 3219 2525 3264 tuum
2546 3222 2592 3266 et
2626 3223 2863 3269 mat-rem.
2902 3215 3029 3272 Haec
3049 3226 3131 3272 est
3152 3220 3374 3288 puerilis
3397 3222 3478 3276 iu-

1894 3298 2157 3354 noeentize
2186 3302 2426 3366 castitas,
2457 3318 2578 3372 qua:
2604 3305 2761 3360 nobis
2789 3306 3046 3363 imitanda
3080 3311 3398 3381 proponitur
3431 3313 3483 3369 si

1894 3404 2119 3461 regnum
2148 3390 2241 3445 Dei
2280 3392 2525 3447 volmnus
2551 3394 2774 3450 intrare.
2828 3395 3131 3453 Notandum
3166 3414 3298 3455 sane
3335 3401 3481 3471 quod

1882 3475 2090 3545 iustitia
2121 3478 2253 3550 legis
2278 3495 2375 3535 suo
2400 3490 2643 3553 tempore
2668 3485 2960 3551 custodita,
3002 3502 3109 3542 non
3140 3487 3312 3544 solum
3340 3491 3488 3547 bona-

1891 3576 2069 3635 terra),
2112 3585 2299 3626 verum
2331 3572 2494 3627 etiam
2542 3573 2656 3631 suis
2696 3575 2992 3635 cultoribus
3028 3579 3195 3636 vitam
3234 3580 3481 3638 confere-

1889 3659 1985 3713 bat
2026 3668 2307 3716 aeternam.

1960 3750 2030 3805 Et
2088 3752 2179 3808 ille
2231 3756 2546 3823 respondens
2608 3758 2683 3813 ait
2726 3775 2747 3813 :
2789 3759 3041 3831 Magister
3074 3804 3089 3830 ,
3143 3766 3253 3820 ha'c
3301 3768 3479 3823 omnia

1886 3842 2146 3895 observavi
2206 3859 2239 3896 α
2291 3843 2564 3912 jurentute
2615 3864 2751 3902 mea.
2816 3849 2972 3905 Jesus
3028 3866 3200 3908 autem
3257 3857 3489 3913 intuitus

1884 3948 2021 3997 eum,
2070 3934 2254 3989 dilexit
2299 3953 2442 4002 eum,
2491 3948 2538 3992 et
2588 3940 2721 3994 dixit
2774 3941 2853 3995 illi
2895 3959 2913 3996 :
2951 3941 3126 3999 Unum
3172 3948 3264 4000 tibi
3313 3950 3474 4005 deest.

1885 4020 2002 4077 Non
2030 4033 2135 4078 est
2185 4028 2456 4095 putandus
2511 4030 2672 4085 homo
2732 4031 2836 4087 iste
2881 4033 2963 4088 vel
3022 4044 3144 4090 voto
3195 4042 3475 4106 tentantis,

1884 4121 1943 4167 ut
1993 4114 2210 4183 quidam
2275 4130 2573 4188 putavere,
2623 4120 2910 4178 Dominum
2960 4124 3365 4199 interrogasse,
3415 4139 3471 4188 et

1884 4204 1952 4259 de
1992 4219 2090 4259 sua
2142 4221 2262 4262 esse
2312 4209 2418 4261 vita
2456 4210 2712 4265 mentitus
2740 4252 2756 4276 ,
2793 4227 2917 4267 cum
2955 4230 3013 4269 se
3048 4216 3181 4287 legis
3225 4221 3471 4274 mandata

1882 4298 2183 4353 custodisse
2226 4299 2462 4366 dicebat,
2517 4303 2611 4356 sed
2655 4304 2972 4372 simpliciter
3017 4317 3076 4361 ut
3114 4309 3308 4363 vixerit
3354 4325 3469 4367 esse

1887 4388 2187 4455 confessus,
2216 4393 2342 4460 quia
2390 4393 2435 4447 si
2476 4394 2757 4449 mendacio
2796 4407 2886 4451 aut
2929 4398 3287 4456 simulationis
3330 4418 3471 4458 noxa

1884 4492 2009 4533 reus
2055 4487 2349 4548 teneretur,
2402 4497 2742 4553 nequaquam
2792 4486 3016 4543 intuitus
3055 4505 3250 4545 arcana
3293 4494 3473 4550 cordis

1882 4572 1999 4643 ejus
2029 4572 2253 4643 diligere
2292 4575 2563 4632 diceretur
2590 4576 2765 4631 Jesus.
2812 4580 2993 4651 Diligit
3032 4584 3176 4637 enim
3214 4584 3470 4643 Dominus

1882 4676 1975 4717 eos
2006 4663 2095 4731 qui
2134 4652 2390 4719 mandata
2416 4665 2569 4736 legis,
2602 4670 2849 4735 quamvis
2875 4671 3106 4738 minora,
3138 4677 3466 4749 custodiunt,

1883 4756 1976 4812 sed
2007 4755 2356 4812 nihilominus
2385 4758 2527 4826 quod
2562 4759 2616 4813 in
2657 4760 2773 4831 lege
2811 4762 2987 4819 minus
3027 4763 3223 4832 fuerat,
3264 4769 3345 4824 his
3374 4770 3477 4839 qui

1880 4846 2105 4917 perfecti
2149 4863 2271 4903 esse
2319 4848 2630 4905 desiderant
2673 4854 2907 4909 ostendit
2941 4874 2953 4908 :
2988 4858 3121 4925 quia
3162 4874 3267 4914 non
3319 4862 3467 4917 venit

1881 4939 2089 4993 solvere
2112 4938 2281 5011 legem
2307 4949 2397 4993 aut
2416 4942 2729 5011 prephetas,
2755 4945 2848 4998 sed
2871 4946 3182 5017 adimplere.
3200 4949 3283 5005 Ad
3301 4965 3477 5022 quam

1877 5030 2120 5101 profecto
2174 5032 2609 5101 adimpletionem
2650 5035 2919 5104 pertinet,
2953 5042 3101 5095 ouod
3140 5041 3229 5096 hic
3274 5056 3452 5102 conse‘

1876 5128 2106 5191 quenter
2142 5119 2400 5191 adiungit.

1956 5211 2120 5275 Vade,
2143 5230 2464 5284 qurecunque
2494 5214 2652 5269 habes
2680 5218 2839 5270 vende
2863 5226 2917 5271 et
2947 5219 3015 5271 dit
3043 5221 3379 5289 pauperibus,
3410 5230 3456 5277 et

1873 5299 2081 5353 habebis
2107 5300 2409 5355 thesaurum
2442 5303 2496 5357 in
2526 5303 2684 5368 coelo;
2711 5315 2758 5358 et
2786 5307 2919 5369 veni,
2948 5323 3159 5377 sequere
3182 5326 3279 5364 me.
3327 5311 3457 5378 Qui-

1875 5405 2085 5457 cunque
2128 5389 2403 5458 perfectus
2441 5408 2563 5448 esse
2610 5394 2841 5450 voluerit
2888 5397 3045 5451 debet
3080 5400 3312 5456 vendere
3341 5417 3461 5469 qute

1872 5480 2051 5544 habet,
2084 5490 2141 5535 et
2169 5497 2273 5536 non
2301 5497 2365 5537 ex
2397 5492 2552 5551 parte
2591 5486 2854 5551 vendere,
2891 5487 3031 5543 sicut
3058 5490 3294 5545 Ananias
3334 5491 3471 5549 fecit

1870 5581 1923 5624 et
1961 5570 2214 5639 Saphira,
2260 5574 2353 5628 sed
2382 5583 2550 5629 totum
2592 5577 2841 5641 vendere,
2873 5587 2945 5643 et,
2988 5595 3110 5633 cum
3133 5581 3455 5657 vendiderit,

1870 5662 1998 5716 dare
2028 5676 2189 5715 omne
2218 5664 2543 5732 pauperibus
2563 5706 2577 5729 ,
2601 5675 2655 5720 et
2675 5668 2752 5723 sie
2777 5668 2879 5723 sibi
2909 5685 3212 5740 praeparare
3239 5672 3457 5729 thesau-

1872 5768 1989 5807 rum
2030 5753 2083 5807 in
2121 5766 2286 5809 rezuo
2318 5756 2598 5813 caelorum.
2651 5759 2758 5817 Nec
2803 5760 2904 5816 hoc
2952 5762 3017 5816 ad
3062 5763 3460 5836 perfectionem
