3960 6400
491 434 586 489 571

1145 438 1203 493 Β.
1244 438 1496 494 RABANI
1536 439 1754 498 MAI-Ri
1786 440 2105 498 ARCillEP.
2149 441 2455 500 MOCUNT.
2495 446 2777 503 OPERUM
2813 448 2991 504 PARS
3028 451 3093 504 ll.

3660 452 3753 508 372

489 544 707 609 sullicit,
732 548 834 600 nisi
862 556 980 617 post
1010 558 1347 619 contemptas
1376 550 1593 605 divitias
1632 549 1967 607 Salvatorem
1990 567 2074 605 sc-
2101 557 2146 613 A
2177 554 2456 622 altissimi,
2488 574 2588 613 nec
2613 574 2670 614 se
2697 559 2897 629 aliquid
2928 576 3050 615 cum
3082 560 3170 616 illo
3202 560 3353 633 pacis
3377 570 3468 617 aut
3492 565 3757 620 societatis

488 645 710 706 quatur,
761 637 814 691 id
853 645 957 703 est,
998 637 1201 693 relictis
1238 638 1413 706 malis,
1451 640 1613 695 faciat
1642 642 1801 696 bona.
1841 641 2073 696 Facilius

487 727 632 781 enim
688 728 934 782 sacculus
986 729 1350 785 contemnitur
1389 746 1549 801 quam
1594 732 1861 786 voluntas.
1923 732 2073 787 Multi

488 821 703 875 divitias
733 821 1097 890 relinquentes
1136 822 1425 879 Dominum
1454 840 1560 880 non
1587 834 1906 895 sequuntur.
1969 824 2070 880 Se-

487 911 668 979 quitur
701 919 881 965 autem
904 912 1192 970 Dominum
1221 914 1311 982 qui
1340 914 1580 969 imitator
1607 916 1727 985 ejus
1758 923 1865 980 est,
1894 925 1949 970 et
1976 930 2073 985 per

469 1001 711 1072 vestigia
744 1002 883 1058 illius
904 1004 1165 1074 graditur.
1219 1005 1321 1073 Qui
1357 1008 1503 1061 enim
1530 1007 1659 1062 dicit
1683 1023 1741 1062 se
1766 1007 1819 1061 in
1852 1005 2075 1063 Christo

484 1093 727 1156 credere,
757 1092 916 1148 debet
942 1096 1213 1165 quomodo
1243 1096 1331 1151 ille
1361 1096 1658 1151 ambulavit
1704 1106 1758 1153 et
1803 1098 1917 1169 ipse
1956 1113 2073 1153 am-

483 1182 689 1248 bulare,
720 1183 905 1255 sicque
932 1190 1210 1256 perveniet
1247 1187 1314 1241 ad
1345 1201 1567 1257 regnum
1608 1188 1853 1245 caeleste.

1015 1297 1298 1355 IIOMILIA
1345 1298 1531 1355 CXIX.

1131 1408 1285 1447 FEBIA
1335 1408 1387 1448 Vt
1399 1436 1409 1446 .

607 1502 791 1561 Lectio
825 1505 1001 1559 sancti
1040 1504 1315 1567 Evangelii
1356 1507 1648 1561 secundum
1685 1506 1947 1565 Marcum.

483 1612 546 1668 In
586 1613 677 1666 illo
723 1622 950 1685 tempore
993 1615 1123 1669 venit
1171 1615 1326 1669 Jesus
1369 1618 1423 1670 in
1475 1617 1733 1685 regionem
1778 1618 2070 1673 Geraseno-

548 1700 684 1736 rum.
737 1682 807 1736 Et
828 1682 1061 1739 exeunti
1097 1687 1146 1739 ei
1181 1686 1246 1738 de
1275 1687 1391 1740 navi
1418 1682 1595 1739 statim
1621 1690 1847 1741 occurrit
1874 1690 1938 1741 de
1964 1706 2072 1742 mo-

550 1754 810 1807 numentis
834 1755 987 1808 homo
1013 1756 1067 1808 in
1091 1756 1277 1824 spiritu
1297 1757 1589 1810 immundo.
1618 1756 1719 1822 Qui
1744 1759 2068 1812 domicilium

546 1824 766 1876 habebat
794 1827 847 1878 in
869 1825 1232 1888 monumentis,
1258 1836 1363 1880 etc.

512 1911 518 1920 “
548 1915 720 1971 llomo
750 1916 851 1971 iste
879 1918 972 1987 qui
1009 1918 1199 1988 spiritu
1228 1919 1528 1973 vexabatur
1553 1919 1848 1983 immundo,
1882 1930 1938 1976 et
1964 1922 2069 1993 Do-
2098 1896 2143 1953 Β

480 2012 626 2066 mino
653 2025 887 2066 vesanus
924 2012 1019 2066 sed
1061 2027 1185 2066 mox
1229 2013 1503 2068 curandus
1541 2014 1800 2081 occurrit,
1842 2013 2071 2084 ﬁguram

478 2112 641 2167 habet
716 2112 900 2183 populi
924 2112 1158 2184 gentilis,
1200 2113 1291 2180 qui
1321 2126 1493 2181 usque
1520 2113 1587 2176 ad
1613 2120 1850 2183 tempora
1884 2112 2067 2166 Domi—

476 2204 610 2258 nica.-
654 2203 1046 2269 incarnatiOpis
1084 2203 1433 2259 dmntoniacis
1492 2203 1710 2259 delusus
1767 2204 2066 2271 doctrinis,

475 2293 615 2349 idola
650 2309 748 2364 pro
786 2294 895 2349 Deo
944 2294 1172 2348 colebat.
1222 2293 1327 2359 Qui
1378 2294 1701 2349 domicilium
1748 2296 1965 2349 habebat
2014 2298 2069 2352 in

474 2384 847 2449 monumentis,
896 2385 1020 2453 quia
1063 2384 1116 2438 in
1164 2383 1396 2438 mortuis
1439 2384 1717 2453 operibus,
1753 2385 1856 2440 hoc
1886 2394 1986 2449 est,
2016 2386 2097 2439 in.

473 2476 714 2545 peccatis
737 2475 1123 2531 delectabatur.
1178 2475 1317 2544 Quid
1344 2477 1488 2531 enim
1522 2485 1649 2532 sunt
1684 2493 1909 2548 corpora
1949 2495 2070 2549 per-

473 2570 740 2635 ﬁdorum,
803 2569 908 2624 nisi
953 2572 1199 2639 quzedam
1245 2568 1620 2624 defunctorum
1676 2570 1967 2640 sepulcra?
2015 2570 2069 2623 in

471 2660 670 2731 quibus
697 2674 808 2715 non
833 2660 927 2715 Dei
958 2660 1166 2715 habitat
1213 2673 1416 2723 sermo,
1464 2659 1562 2714 sed
1607 2659 1785 2713 anima
1830 2660 2072 2729 peccatis

472 2762 687 2807 ntortua
724 2751 1039 2807 recluditur.

547 2842 615 2897 Et
646 2859 809 2915 neque
830 2845 1025 2899 catenis
1043 2845 1161 2915 jam
1182 2844 1456 2915 quisquam
1485 2860 1602 2897 eum
1634 2853 1840 2914 poterat
1880 2843 2066 2914 ligare,

470 2938 720 3009 quoniam
743 2954 879 3008 stupe
900 2933 1228 3007 compedibus
1252 2947 1300 2992 et
1329 2938 1526 2991 catenis
1557 2937 1760 2991 vinctus
1788 2936 2069 3007 dirupisset

471 3044 705 3099 catenas,
758 3043 806 3088 et
849 3033 1554 3103 compedes-comminuisset,
1593 3041 1641 3086 et
1677 3047 1826 3085 nemo
1863 3039 2064 3100 poterat

471 3140 589 3178 eum
612 3123 846 3177 domare.
893 3121 1111 3177 Catenis
1134 3132 1187 3177 et
1213 3121 1590 3192 compedibus,
1615 3136 1805 3192 graves
1831 3129 1887 3175 et
1912 3121 2062 3175 durae

471 3216 619 3287 leges
657 3216 1033 3288 significantur
1061 3215 1321 3285 gentium,
1361 3215 1560 3285 quibus
1584 3223 1640 3269 et
1667 3214 1721 3269 in
1751 3229 1939 3269 eorum
1975 3228 2060 3269 re-
2088 3236 2136 3301 ρ

2179 644 2397 701 habere.

2186 728 2189 731 ’
2244 737 2449 807 Adjuro
2488 746 2536 792 te
2557 755 2651 810 per
2677 739 2866 805 Deum,
2891 758 2954 796 ne
2975 758 3054 796 me
3075 752 3338 813 torquens.
3378 741 3590 796 Dicebat
3630 744 3756 798 enim

2174 826 2293 880 illi:
2319 824 2442 911 Exi,
2489 830 2704 898 spiritus
2739 830 3021 895 immunde,
3061 832 3124 885 ab
3166 832 3391 886 homine.
3445 831 3627 888 Hostis
3665 832 3757 888 hu-

2173 932 2348 971 manae
2378 917 2563 973 salutis
2593 935 2698 974 non
2722 922 2976 990 exiguum
2996 923 3098 978 sibi
3123 923 3266 978 ducit
3288 939 3407 979 esse
3435 932 3755 980 tormentum

2173 1007 2242 1061 ab
2270 1007 2500 1063 hominis
2533 1009 2751 1065 Iresione
2785 1010 3017 1074 cessare,
3056 1021 3366 1082 quantoque
3396 1002 3538 1068 hunc
3566 1015 3760 1071 diutius

2172 1097 2449 1167 possidere
2488 1098 2715 1164 solebat,
2754 1108 2904 1157 tanto
2934 1099 3201 1169 difﬁcilius
3231 1101 3505 1157 dimittere
3532 1119 3759 1158 consen-

2173 1190 2257 1244 tit.
2316 1189 2471 1246 Unde
2491 1192 2815 1247 studendum
2850 1207 3192 1263 summOpere
3213 1201 3318 1258 est,
3340 1202 3398 1248 ut
3419 1194 3680 1263 siquando
3704 1206 3759 1252 ut

2173 1277 2421 1333 homines
2442 1272 2475 1332 a
2498 1278 2712 1335 diabolo
2742 1295 3080 1350 superemur,
3109 1296 3234 1336 mox
3262 1280 3379 1349 ejus
3403 1282 3626 1352 laqueos
3651 1286 3758 1339 evi-

2173 1376 2288 1422 tare
2309 1377 2639 1439 satagamus,
2661 1385 2729 1424 ne
2747 1369 2792 1425 si
2814 1370 3087 1440 aliquanto
3109 1372 3315 1427 tardius
3340 1373 3437 1444 ipsi
3462 1374 3761 1440 resistatur,

2170 1458 2497 1516 laboriosius
2525 1461 2848 1531 quandoque
2879 1461 3131 1532 pellatur.

2240 1549 2311 1604 Et
2339 1550 2692 1620 interrogabat
2720 1543 3009 1623 cumquod
3039 1553 3133 1607 tibi
3162 1570 3347 1609 nomen
3375 1565 3448 1623 est
3473 1555 3497 1608 ?
3534 1553 3604 1609 Et
3640 1554 3760 1609 dicit

2170 1643 2240 1708 ei,
2264 1640 2418 1713 Legio
2441 1659 2627 1697 nomen
2648 1644 2775 1697 mihi
2805 1653 2903 1709 est,
2929 1645 3052 1715 quia
3084 1647 3235 1700 multi
3256 1664 3456 1703 sumus.
3486 1647 3601 1703 Non
3625 1648 3762 1703 velut

2170 1735 2373 1791 inscius
2408 1751 2600 1791 nomen
2629 1737 2872 1805 inquirit,
2904 1738 2997 1791 sed
3020 1745 3080 1790 ut
3109 1736 3353 1792 confessa
3382 1720 3592 1808 publice
3620 1748 3761 1807 peste

2172 1841 2333 1895 quam
2371 1826 2557 1881 furens
2595 1827 2882 1890 tolerabat,
2923 1827 3097 1880 virtus
3127 1827 3367 1881 curantis
3403 1827 3606 1898 gratior
3635 1828 3763 1881 emi-

2174 1926 2341 1972 caret.
2393 1915 2497 1972 Sed
2547 1926 2603 1972 et
2645 1918 2815 1973 nostri
2850 1917 3106 1987 temporis
3148 1917 3474 1983 sacerdotes,
3525 1919 3618 1989 qui
3668 1936 3764 1990 per

2173 2005 2461 2060 exorcismi
2487 2007 2717 2076 gratiam
2747 2007 3017 2061 daemones
3041 2006 3235 2077 ejicere
3265 2015 3460 2061 norunt
3489 2008 3663 2063 solent
3686 2010 3759 2063 di—

2172 2110 2320 2161 cere,
2358 2097 2624 2166 patientes
2660 2112 2765 2151 non
2806 2097 2960 2151 aliter
2994 2097 3174 2152 valere
3210 2100 3409 2161 curari,
3448 2100 3551 2155 nisi
3588 2116 3755 2170 quau-

2173 2193 2283 2237 tum
2316 2199 2505 2254 sapere
2534 2194 2778 2254 possunt,
2808 2199 2967 2240 omne
2998 2187 3142 2255 quod
3172 2186 3239 2240 ab
3272 2187 3563 2243 immundis
3602 2190 3760 2263 spirie

2171 2276 2330 2339 tibus,
2363 2276 2503 2341 visu,
2532 2278 2734 2340 auditu,
2768 2286 2946 2347 gustu,
2976 2286 3117 2333 tactu
3145 2288 3199 2334 et
3227 2279 3331 2335 alio
3366 2278 3608 2350 quolibet
3644 2298 3763 2337 cor-

2169 2371 2318 2438 poris
2343 2379 2437 2424 aut
2458 2371 2622 2425 animi
2646 2386 2805 2426 sensu
2830 2371 3135 2441 vigilantes,
3162 2373 3558 2430 dormientesve
3578 2385 3767 2445 pertu-

2170 2458 2347 2513 lerunt
2372 2458 2677 2514 conﬁtendo
2700 2467 2944 2529 patenter
2964 2468 3251 2530 exponant.
3290 2458 3442 2528 Qubd
3468 2477 3599 2517 vero
3621 2464 3766 2519 dice-

2169 2551 2263 2605 bat
2288 2550 2543 2619 spiritus:
2569 2549 2727 2620 Legio
2760 2550 2886 2603 mihi
2911 2568 3098 2605 nomen
3119 2560 3213 2615 est,
3235 2554 3358 2623 quia
3380 2554 3531 2608 multi
3551 2572 3761 2622 sumus,

2170 2644 2438 2715 significat
2464 2644 2717 2714 populum
2750 2628 2989 2713 gentium
3021 2662 3126 2700 non
3155 2648 3245 2701 uni
3276 2648 3513 2715 cuilibet,
3545 2649 3639 2705 sed
3671 2651 3757 2705 in-

2170 2736 2408 2791 numeris
2424 2750 2488 2790 ac
2502 2736 2727 2790 diversis
2743 2735 3060 2791 idololatriae
3081 2738 3315 2795 cultibus
3342 2756 3461 2795 esse
3484 2742 3763 2812 mancipa-

2170 2836 2308 2891 tum,
2333 2825 2419 2881 cui
2452 2833 2641 2880 contra
2666 2825 2926 2896 scriptum
2954 2835 3054 2890 est,
3086 2827 3228 2896 quod
3250 2824 3600 2885 multitudinis
3628 2848 3767 2885 ere-

2168 2916 2403 2970 dentium
2430 2929 2541 2970 erat
2573 2934 2664 2971 cor
2694 2933 2854 2970 unum
2886 2926 2933 2970 et
2966 2918 3143 2971 anima
3170 2934 3294 2971 una.
3334 2919 3488 2975 Unde
3526 2921 3666 2978 bene
3706 2923 3767 2977 in

2168 3011 2454 3082 Babylonis
2480 3011 2881 3066 constructione
2914 3010 3219 3080 linguarum
3249 3011 3451 3074 unitas,
3475 3025 3574 3080 per
3601 3010 3768 3081 spiri-

2168 3113 2280 3157 tum
2305 3102 2568 3171 supcrbia:
2588 3102 2812 3157 inscissa
2837 3101 2889 3155 in
2914 3100 3279 3177 Hierosolyma
3302 3108 3406 3165 est,
3422 3116 3519 3170 per
3533 3102 3767 3172 gratiam

2170 3192 2340 3246 sancti
2374 3190 2607 3261 Spiritus
2632 3191 2939 3260 linguarum
2986 3190 3221 3244 varietas
3264 3189 3519 3245 adunata.
3562 3190 3631 3245 Et
3672 3190 3767 3245 illa

471 3282 681 3378 publica
705 3282 924 3377 peccata
946 3282 1286 3363 cohibentur.
1335 3282 1619 3377 Ruptisque
1639 3304 1854 3369 catenis,
1879 3313 1938 3359 ut
1959 3303 2064 3358 Lu-
2091 3282 2136 3301 ν
2167 3282 2430 3378 amnis“,
2459 3283 2575 3378 δτςο
2612 3282 2755 3378 vis“):
2788 3282 2938 3378 mgis
2974 3282 3382 3378 ί¹ξίθΓΡΓθι³ΨΪν
3415 3283 3540 3352 qm"
3566 3283 3766 3378 "meli‘

472 3415 566 3455 cas
613 3399 823 3464 scribit,
863 3399 1115 3468 agebatur
1161 3415 1193 3451 a
1239 3398 1499 3451 daemonio
1551 3396 1605 3450 in
1650 3395 1891 3453 deserto.
1937 3394 2061 3461 quia

471 3489 639 3545 etiam
669 3487 1021 3558 transgressis
1052 3486 1277 3557 legibus,
1317 3487 1385 3541 ad
1423 3501 1486 3540 ea
1529 3484 1733 3540 scelera
1770 3483 2065 3553 cupiditate

472 3580 796 3645 ducebatur,
826 3594 945 3648 qua:
966 3578 1081 3649 jam
1115 3578 1394 3650 vulgarem
1424 3576 1869 3632 consuetudinem
1905 3589 2063 3631 exce-

472 3670 684 3725 derent.

550 3762 617 3816 Et
644 3779 845 3833 semper
870 3773 1017 3817 nocte
1038 3780 1101 3816 ac
1130 3762 1214 3818 die
1242 3764 1297 3817 in
1321 3764 1667 3816 monumentis
1701 3772 1750 3816 et
1775 3763 1828 3816 in
1871 3762 2064 3815 monti-

474 3852 570 3905 bus
590 3861 722 3916 erat,
752 3850 985 3906 clamans
1022 3863 1070 3905 et
1112 3852 1387 3907 concidens
1424 3869 1478 3905 se
1515 3851 1796 3922 lapidibus.
1837 3850 2065 3921 Semper

475 3953 634 3999 nocte
672 3959 737 3999 ac
781 3944 868 3999 die
908 3946 1139 4001 furiebat
1174 3946 1535 4002 datmoniosus
1575 3947 1744 4015 :quia
1791 3946 2065 4018 gentilitas

475 4038 589 4092 sive
618 4038 863 4094 adversis
897 4054 1080 4094 rerum
1116 4039 1332 4094 casibus
1380 4038 1669 4101 laboraret,
1722 4054 1813 4094 seu
1861 4055 1966 4109 pax
2009 4049 2064 4095 et

474 4128 808 4198 prosperitas
856 4128 1035 4199 aliqua
1072 4127 1258 4183 mundi
1295 4128 1617 4183 blandientis
1647 4130 1931 4193 arrideret,
1971 4144 2065 4184 nc-

474 4231 747 4286 quaquam
790 4231 822 4271 a
868 4217 1089 4271 servitio
1133 4216 1490 4287 malignorum
1535 4218 1819 4288 spirituum
1864 4219 2061 4274 collum

478 4306 675 4360 mentis
700 4316 953 4362 excutere
983 4315 1228 4371 noverat,
1264 4307 1355 4361 sed
1383 4322 1479 4375 per
1508 4322 1731 4377 operum
1760 4307 2060 4363 foeditatem

474 4396 629 4464 quasi
660 4397 713 4451 in
753 4397 1119 4451 monumentis
1142 4395 1373 4475 jacebat.
1416 4397 1520 4452 Per
1558 4398 1755 4453 fastum
1798 4400 2064 4470 superbia:

478 4487 530 4540 in
556 4488 817 4541 montium
837 4488 982 4559 jugis
1009 4488 1249 4551 errabat,
1287 4502 1384 4557 per
1416 4490 1579 4544 verba
1613 4490 1915 4546 durissima:
1938 4490 2060 4546 infi-

2166 3383 2253 3431 cet
2282 3376 2482 3430 electos
2515 3375 2566 3428 in
2597 3374 2843 3445 pluribus
2867 3374 3065 3444 linguis
3092 3382 3147 3428 et
3179 3375 3450 3445 gentibus,
3489 3391 3597 3430 una
3629 3376 3770 3432 tldes

2165 3481 2228 3522 ac
2255 3465 2427 3536 pietas
2452 3472 2563 3520 toto
2588 3465 2720 3519 orbe
2742 3464 3103 3535 paeiﬁcandos
3123 3463 3476 3532 conﬁrmant,
3501 3467 3773 3536 reprobos

2164 3567 2344 3613 autem
2376 3558 2559 3629 plures
2606 3567 2766 3612 seetse
2808 3571 2971 3627 quam
3019 3555 3214 3628 linguae
3255 3556 3600 3614 dissociando
3628 3572 3771 3615 con-

2163 3646 2415 3702 fundunt.

2236 3745 2303 3799 Et
2341 3745 2653 3815 precabatur
2685 3761 2802 3799 eum
2838 3744 3079 3809 multum,
3109 3762 3171 3800 ne
3201 3762 3254 3799 se
3290 3744 3571 3815 expelleret
3610 3755 3771 3801 extra

2167 3836 2446 3906 regionem.
2489 3835 2545 3889 lu
2572 3834 2859 3905 Evangelio
2885 3835 3041 3891 Luem
3071 3836 3144 3890 ita
3170 3837 3428 3905 scriptum
3456 3846 3560 3901 est,
3589 3848 3640 3891 et
3677 3854 3774 3892 τοι

2162 3924 2354 3996 gabant
2397 3942 2516 3980 eum
2558 3942 2620 3980 ne
2660 3925 2936 3995 imperaret
2984 3924 3111 3989 illis,
3154 3936 3207 3978 ut
3237 3927 3291 3980 in
3326 3925 3569 3995 abyssum
3600 3927 3768 3981 irent.

2166 4016 2419 4072 Sciebant
2456 4032 2585 4088 ergo
2633 4017 2903 4087 daemones
2946 4016 3234 4086 aliquando
3278 4016 3521 4074 futurum
3566 4026 3625 4071 ut
3667 4032 3776 4086 per

2164 4110 2452 4165 adventum
2490 4110 2699 4165 Domini
2733 4109 3076 4162 mitterentur
3115 4107 3166 4161 in
3204 4108 3481 4178 abyssum,
3515 4123 3622 4162 non
3659 4110 3770 4178 ipsi

2166 4201 2342 4255 futura
2385 4201 2822 4270 prmdivinantcs,
2866 4200 2958 4254 sed
3000 4200 3390 4270 Prophetarum
3426 4201 3491 4258 de
3524 4216 3582 4256 se
3616 4202 3772 4257 dicta

2166 4293 2481 4355 recolentes,
2516 4291 2742 4360 ideoque
2765 4288 2988 4359 gloriam
3015 4289 3277 4345 Dominici
3304 4291 3568 4347 adventus
3592 4307 3771 4361 quam

2162 4382 2517 4444 mirabantur,
2543 4380 2609 4434 ad
2636 4394 2787 4434 suam
2816 4379 3270 4447 pertimescebant
3297 4379 3519 4435 tendere
3535 4380 3772 4435 damna-

2165 4472 2386 4525 tionem.

476 4579 734 4643 delitatis,
768 4580 920 4650 quasi
961 4580 1196 4649 arreptis
1228 4579 1514 4635 furibunda
1547 4584 1794 4638 cautibus
1829 4584 2058 4653 seipsam
2090 4587 2140 4646 ο
2238 4582 2367 4636 Erat
2391 4591 2565 4634 autem
2590 4580 2658 4634 ibi
2683 4581 2821 4634 circa
2847 4588 3069 4634 montem
3091 4595 3216 4649 grex
3231 4594 3509 4648 porcorum
3536 4595 3776 4648 magnus

476 4672 816 4727 concidebat.
859 4670 965 4727 Sed
1012 4680 1306 4728 attestaute
1345 4670 1553 4728 Joanne
1588 4672 1847 4743 Baptista,
1875 4675 2061 4730 Domi-

479 4779 580 4817 nus
600 4763 666 4817 de
696 4762 960 4833 lapidibus
985 4764 1267 4818 suscitavit
1296 4763 1433 4819 lilios
1468 4764 1718 4831 Abrabm,
1763 4780 1886 4821 cum
1930 4767 2064 4822 dura

480 4856 768 4911 infidelium
795 4856 957 4911 corda
985 4857 1051 4910 ad
1078 4856 1303 4927 gratiam
1328 4858 1542 4927 pietatis
1563 4860 1846 4914 convertit.

564 4947 750 5004 Videns
780 4958 953 5003 autent
983 4949 1164 5003 Iesum
1190 4965 1222 5002 a
1252 4948 1420 5019 longe,
1448 4951 1702 5015 cucurrit,
1742 4960 1789 5006 et
1826 4953 2064 5006 adoravit

475 5057 613 5105 eum,
648 5049 696 5093 et
719 5039 952 5093 clamans
982 5056 1101 5094 voce
1122 5055 1334 5108 magna,
1359 5040 1492 5095 dixit
1521 5054 1539 5093 .'
1569 5040 1707 5104 Quid
1738 5042 1864 5095 mihi
1884 5053 1929 5095 et
1950 5042 2062 5106 tibi,

475 5128 603 5183 Jcsu
638 5126 741 5181 Fili
779 5127 876 5182 Dei
904 5128 1188 5182 altissimi?
1229 5127 1439 5195 Quanta
1470 5129 1584 5183 Arii
1618 5131 1859 5195 vesania,
1883 5129 2063 5185 Iesum

478 5226 783 5272 creaturam
823 5228 879 5272 et
920 5234 1025 5272 non
1069 5216 1236 5271 Deum
1269 5219 1510 5279 credere,
1544 5234 1704 5288 quem
1746 5219 1942 5273 Filium
1970 5220 2065 5275 Dei

476 5310 725 5364 altissimi
764 5309 1037 5365 dtemoues
1074 5311 1300 5365 credunt
1346 5320 1401 5365 et
1439 5311 1895 5367 contremiscunt!
1945 5326 2066 5380 qua:

480 5402 728 5471 impietas
764 5399 1072 5457 Juda‘orum
1113 5417 1235 5457 eum
1288 5403 1466 5457 dicere
1504 5403 1558 5457 in
1597 5403 1839 5472 principe
1868 5404 2066 5459 daemo-

481 5495 691 5549 niorum
722 5492 944 5562 eiecisse
967 5494 1250 5558 dzemonia,
1277 5509 1437 5564 quem
1466 5495 1577 5563 ipsa
1605 5495 1865 5550 daemonia
1893 5494 2065 5549 faten-

482 5594 567 5639 tur
610 5584 743 5639 nihil
786 5600 969 5640 secum
1014 5586 1211 5641 habere
1260 5601 1567 5652 commune,
1613 5587 1703 5657 qui
1752 5588 1853 5642 hoc
1891 5588 2064 5656 ipsum

476 5676 621 5743 qum!
658 5684 787 5731 tunc
815 5690 912 5746 per
951 5676 1265 5731 daemoniaci
1296 5677 1597 5732 clamavere
1628 5676 1884 5741 furorem,
1916 5687 2066 5748 post-

478 5765 696 5821 modum
729 5765 782 5820 iu
808 5765 1048 5822 delubris
1079 5764 1341 5821 idolorum
1368 5767 1547 5822 dicere
1580 5776 1635 5821 et
1671 5767 1916 5823 conﬁteri
1958 5783 2063 5822 non

476 5867 779 5925 cessarunt,
808 5857 990 5918 Jesum
1022 5859 1269 5917 videlicet
1303 5873 1420 5915 esse
1451 5859 1721 5915 Christum
1751 5861 1942 5917 Filium
1972 5861 2060 5916 Dei

2165 4693 2401 4747 pascens.
2458 4675 2523 4728 Et
2572 4673 2983 4745 deprecabantur
3018 4686 3135 4724 eum
3178 4672 3431 4742 spiritus,
3482 4671 3723 4725 dicentes
3750 4688 3773 4725 :

2166 4767 2318 4821 Mitte
2350 4782 2441 4819 nos
2466 4766 2520 4818 in
2541 4782 2725 4834 porcos
2752 4774 2805 4816 ut
2836 4764 2888 4816 in
2919 4779 3005 4817 eos
3030 4763 3369 4815 introeamus.
3406 4758 3473 4813 Et
3506 4762 3772 4815 concessit

2165 4860 2237 4913 eis
2267 4861 2442 4914 statim
2478 4858 2652 4911 Jesus.
2698 4856 2822 4911 Ideo
2849 4854 3092 4925 permisit
3120 4854 3199 4907 eis
3223 4853 3365 4923 quod
3389 4852 3670 4922 petebant,
3706 4863 3775 4907 ut

2166 4964 2262 5019 per
2299 4947 2729 5004 interfectionem
2768 4960 3052 5015 porcorum
3092 4944 3403 4999 hominibus
3433 4943 3628 4998 salutis
3668 4959 3773 4999 oe—

2165 5042 2311 5096 casio
2336 5042 2687 5109 praeberetur,
2714 5046 2961 5107 pastores
2990 5037 3141 5091 enim
3174 5037 3276 5091 ista
3318 5046 3608 5091 cernentes
3650 5046 3778 5092 sta-

2168 5138 2260 5190 tim
2290 5136 2540 5189 nuntiant
2566 5133 2792 5187 civitati.
2817 5132 3115 5187 Erubescat
3137 5131 3462 5187 Manichzeus
3484 5132 3529 5186 si
3552 5133 3773 5204 qnippo

2166 5228 2232 5280 de
2259 5226 2445 5278 eadem
2474 5224 2793 5288 substantia,
2828 5231 2884 5278 et
2911 5239 2975 5276 ex
3007 5224 3195 5277 eodem
3224 5231 3446 5277 auctore
3470 5223 3771 5278 hominum

2165 5317 2568 5384 bestiarumque
2598 5322 2722 5369 sunt
2750 5314 2960 5378 aninue,
2992 5312 3261 5382 quomodo
3291 5312 3359 5365 ob
3386 5313 3546 5367 unius
3572 5312 3772 5366 homi-

2166 5408 2250 5463 nis
2299 5407 2526 5461 salutem
2571 5407 2677 5461 duo
2722 5405 2885 5459 millia
2935 5420 3221 5474 porcorum
3265 5403 3643 5459 suffocantur?
3704 5403 3773 5458 In

2166 5511 2395 5565 quorum
2426 5506 2601 5550 tamen
2633 5496 2849 5549 interitu
2879 5493 3175 5564 ﬁguraliter
3193 5494 3443 5549 homines
3466 5494 3775 5560 immundi,

2166 5586 2313 5640 vocis
2346 5594 2400 5640 et
2425 5585 2685 5639 orationis
2709 5594 2959 5654 expertes
2990 5583 3320 5648 indicantur,
3362 5584 3454 5653 qui
3490 5584 3544 5637 in
3574 5593 3781 5639 monte

2166 5677 2428 5745 superbiae
2450 5683 2731 5744 pascentes
2762 5674 3037 5728 lutulentis
3067 5673 3403 5727 oblectautur
3433 5673 3485 5725 in
3519 5674 3777 5739 actibus,

2169 5769 2365 5822 talibus
2391 5768 2533 5822 enim
2570 5782 2664 5836 per
2696 5766 2871 5821 cultus
2911 5764 3171 5842 idolorum
3214 5772 3440 5834 possunt
3486 5763 3777 5822 daemonia

2168 5860 2452 5916 dominari.
2482 5858 2614 5913 Nam
2659 5859 2757 5913 nisi
2801 5859 2921 5928 quis
2957 5857 3101 5927 porci
3136 5871 3283 5912 more
3309 5856 3530 5923 vixerit,
3565 5874 3684 5913 non
3719 5857 3783 5913 in
