3960 6334
220 339 325 397 δη

1313 330 1628 393 ’ΠΟΜΙῌᾸΞ
1661 331 1728 388 1N
1769 333 2020 389 EVANG.
2060 332 2149 387 ET
2188 329 2395 388 EPIST.

3398 326 3502 390 871

218 467 347 511 cum
405 449 653 506 diabolus
726 449 955 522 accipiet
1024 455 1341 519 potestatem
1397 448 1464 502 ad
1515 450 1816 519 approban-
1843 460 1889 519 Α
1922 455 2069 502 recte
2092 456 2314 514 possunt
2345 444 2566 516 intelligi
2596 458 2716 498 cum
2744 443 2850 509 ait,
2880 438 3036 513 cupio
3054 439 3270 499 dissolui
3302 452 3352 498 et
3394 450 3502 499 esse

219 545 352 598 dum
400 550 635 605 tantum,
690 555 798 595 non
848 548 1026 594 autem
1073 537 1139 592 ad
1183 537 1513 606 perdendum
1562 537 1809 607 accipiet.

294 633 363 687 Et
384 640 630 687 exeuntes
652 632 866 702 spiritus
892 630 1145 685 immundi
1166 629 1482 683 introierunt
1506 628 1560 682 in
1585 644 1769 700 porcos
1794 646 1812 684 :

219 737 269 780 et
290 741 480 795 magno
504 724 695 793 impetu
717 739 844 793 great
870 722 1225 793 praecipitatus
1258 732 1330 775 est
1363 721 1417 774 in
1446 736 1589 774 mare
1614 720 1683 774 ad
1710 721 1813 776 duo

221 810 390 865 millia
419 852 435 876 ,
472 821 524 865 et
571 812 816 878 su/I‘ocati
852 822 970 864 sunt
1007 812 1063 864 in
1099 810 1255 864 mari.
1309 808 1592 881 Signiﬁcat
1634 821 1810 865 autem

221 905 347 969 hoc,
378 904 523 975 quod
550 903 663 971 jam
691 903 985 960 clariﬁcata
1011 904 1255 968 Ecclesia
1281 912 1336 959 et
1361 904 1591 960 liberato
1617 905 1814 974 populo

217 998 459 1067 gentium
483 1011 513 1050 a
536 996 902 1052 dominatione
922 995 1331 1059 daemoniorum,
1354 996 1407 1050 in
1430 995 1629 1051 abditis
1648 1004 1815 1067 agunt

215 1088 513 1157 sacrilegos
540 1088 674 1142 ritus
699 1102 847 1153 suos,
886 1088 975 1157 qui
1014 1086 1229 1153 Christo
1261 1088 1485 1143 credere
1530 1086 1813 1141 noluerunt

214 1194 363 1233 caeca
387 1188 438 1231 et
469 1178 731 1247 profunda
755 1179 1069 1234 curiositate
1087 1178 1373 1233 submersi.
1429 1178 1491 1231 Et
1514 1179 1810 1233 notandum

212 1268 363 1337 quod
399 1267 621 1337 spiritus”
654 1268 913 1323 immundi
944 1284 1043 1324 nec
1076 1268 1125 1322 in
1155 1283 1347 1337 porcos
1391 1269 1549 1333 irent,
1580 1269 1679 1323 nisi
1712 1270 1813 1325 hoc

212 1357 323 1412 illis
354 1357 619 1427 benignus
641 1356 755 1426 ipse
777 1356 1031 1413 Salvator
1059 1356 1383 1427 petentibus,
1419 1354 1556 1427 quos
1585 1365 1730 1412 certe
1759 1358 1811 1413 in

211 1447 471 1518 abyssum
494 1455 674 1516 posset
706 1446 969 1517 relegare,
1002 1447 1345 1501 concederet.
1398 1446 1532 1501 Rem
1564 1461 1813 1502 necessa-

211 1537 355 1591 riam
393 1538 590 1592 docere
627 1552 726 1591 nos
765 1537 973 1603 volens,
1014 1546 1072 1590 ut
1119 1536 1326 1592 scilicet
1368 1537 1681 1592 noverimus
1717 1551 1812 1592 eos

209 1628 386 1682 tnulto
427 1629 604 1683 minus
638 1642 797 1697 posse
831 1644 925 1683 sua
966 1637 1231 1698 potestate
1256 1642 1452 1683 nocere
1481 1628 1809 1695 hominibus,

208 1719 305 1788 qui
342 1734 443 1774 nec
475 1720 760 1789 pecoribus
794 1719 1259 1788 qualibuscunque
1298 1726 1607 1788 potuerunt.
1657 1710 1811 1773 lianc

206 1819 395 1864 autem
420 1818 744 1879 potestatem
776 1808 920 1863 Dens
951 1808 1125 1863 bonus
1162 1807 1371 1862 occulta
1400 1806 1619 1876 Justitia
1654 1808 1811 1863 nobis

206 1900 344 1957 dare
370 1908 566 1971 potest,
603 1899 800 1969 injusta
833 1915 939 1954 non
968 1906 1163 1968 potest.

264 1990 393 2057 Qui
430 2002 602 2044 autem
636 1989 915 2058 pascebant
944 2005 1052 2049 eos,
1085 1988 1329 2059 fugerunt
1360 1998 1406 2041 et
1445 1989 1813 2044 nuntiaverunt

207 2084 266 2137 in
288 2084 550 2137 civitatem
581 2092 627 2136 et
656 2084 710 2137 in
734 2099 910 2153 agros.
961 2080 1113 2149 Quod
1144 2090 1387 2151 pastores
1416 2096 1703 2151 porcorum
1730 2081 1813 2135 fu-

208 2179 430 2246 gientes
458 2175 559 2230 ista
592 2176 863 2240 nuntiant,
894 2174 1164 2248 signiﬁcat
1187 2174 1446 2244 quosdam
1493 2174 1655 2229 etiam
1703 2175 1813 2245 pri-

207 2280 389 2326 mates
462 2269 747 2339 impiorum
779 2276 1087 2339 quanquam
1118 2267 1480 2321 Christianam
1508 2266 1683 2337 legem
1724 2267 1809 2321 fu-

206 2358 381 2428 giant,
414 2361 705 2428 potentiam
746 2369 923 2413 tamen
963 2357 1079 2426 ejus
1120 2366 1406 2428 pergentes
1452 2358 1715 2428 stupendo
1760 2366 1814 2411 et

207 2450 466 2504 mirando
486 2451 807 2520 praedicare.

282 2543 357 2597 Et
408 2546 601 2614 egressi
649 2554 769 2598 sunt
810 2546 979 2600 videre
1015 2544 1140 2615 quid
1178 2553 1307 2599 esset
1348 2544 1549 2613 factum
1589 2562 1608 2599 :
1644 2554 1690 2600 et
1731 2563 1815 2600 ve-

206 2647 363 2688 niunt
404 2636 474 2688 ad
509 2635 724 2699 Iesum,
761 2646 809 2690 et
848 2636 1019 2690 vident
1055 2634 1206 2690 illum
1244 2636 1334 2705 qui
1372 2654 1403 2689 a
1438 2636 1699 2691 daemonio
1736 2652 1817 2692 ve-

207 2727 466 2792 xabarur,
504 2728 795 2793 sedentem,
837 2728 961 2781 vesti
974 2740 1109 2797 ‘um,
1149 2737 1196 2781 et
1233 2744 1378 2782 sana:
1413 2730 1630 2792 mentis,
1672 2738 1718 2783 et
1757 2731 1818 2783 ti-

206 2826 459 2869 muerunt
483 2857 497 2881 ,
525 2811 659 2871 'etc.
699 2817 754 2870 ln
804 2817 1094 2887 Evangelio
1132 2818 1291 2873 Luca:
1328 2818 1587 2888 scriptum
1625 2819 1814 2873 seden-

204 2906 315 2959 tem
361 2906 432 2959 ad
464 2906 617 2977 pedes
663 2907 797 2976 ejus.
856 2906 1138 2977 Signiﬁcat
1190 2916 1368 2963 autem
1420 2907 1815 2962 multitudinem

202 3006 428 3050 vetusta
478 2996 743 3051 suavitate
788 2997 1109 3051 delectatam
1148 2998 1414 3052 honorare
1460 2997 1816 3067 quidem,sed

205 3086 359 3141 nolle
396 3087 503 3156 pati
535 3086 900 3141 Christianam
932 3087 1127 3156 legem,
1160 3087 1286 3141 dum
1317 3087 1501 3141 dicunt
1524 3086 1667 3156 quod
1692 3100 1812 3139 eam

204 3146 443 3243 implere
480 3188 585 3228 non
623 3182 873 3243 possunt,
911 3146 1239 3228 admirantes
1266 3181 1445 3228 tamen
1476 3146 1688 3228 ﬁdelem
1724 3188 1820 3242 po-
1845 3146 1896 3207 θ

202 3268 399 3337 pulum
453 3283 483 3321 a
540 3267 768 3337 pristina
822 3266 1027 3335 perdita
1087 3268 1501 3321 conversatione
1546 3274 1815 3320 sanatum.

204 3360 423 3415 Sedere
451 3374 684 3430 namque
715 3360 781 3415 ad
810 3359 977 3429 pedes
1006 3360 1217 3413 Domini
1244 3368 1327 3414 est
1354 3374 1478 3414 eum
1514 3375 1543 3413 a
1579 3374 1685 3428 quo
1712 3360 1821 3414 dac-

204 3452 398 3505 monia
431 3453 703 3516 exierant,
735 3466 829 3506 eos
858 3451 949 3519 qui
992 3466 1022 3504 a
1052 3450 1292 3519 peccatis
1323 3450 1554 3506 correcti
1592 3449 1812 3513 fuerint,

204 3544 316 3599 lixa
347 3542 544 3596 mentis
568 3542 866 3597 intentione
889 3542 1115 3612 vestigia
1139 3543 1221 3596 sui
1246 3541 1561 3605 Salvatoris,
1593 3556 1711 3611 quae
1733 3557 1818 3596 se-

203 3641 452 3705 q-zantur
480 3633 703 3697 intueri,
730 3634 987 3688 vestitum
1015 3647 1233 3689 sumere
1268 3640 1373 3697 est,
1407 3634 1666 3687 virtutum
1708 3641 1818 3687 stu-

202 3725 295 3778 dia
321 3737 446 3792 qua:
469 3722 655 3777 vesani
677 3723 1023 3791 perdiderant
1044 3722 1155 3791 jam
1187 3740 1319 3779 sana
1346 3732 1526 3779 mente
1549 3725 1811 3794 recipere.

203 3814 311 3867 Cui
347 3814 531 3884 figurae
570 3822 695 3882 apte
734 3814 982 3885 congruit
1029 3815 1117 3869 ilia
1171 3814 1387 3869 Domini
1434 3814 1712 3886 parabola,
1761 3816 1814 3868 in

205 3923 319 3977 qua
354 3905 567 3959 rediens
601 3904 667 3958 ad
703 3894 913 3973 patrem
943 3904 1086 3960 filius
1122 3906 1429 3961 luxuriosus
1460 3912 1516 3959 et
1536 3905 1814 3975 prodigus,

208 4010 341 4049 niox
376 3992 512 4047 stola
550 3994 725 4062 prima
757 4008 878 4047 cum
912 3993 1113 4049 annulo
1139 3994 1397 4059 induitur,
1426 3993 1711 4048 manifeste
1737 3995 1817 4047 iu-

205 4089 462 4154 sinuans,
486 4087 613 4157 quia
643 4088 889 4157 quisquis
918 4102 1045 4143 vero
1074 4089 1236 4144 corde
1258 4090 1324 4144 de
1353 4087 1603 4143 admissis
1637 4087 1813 4157 pumi-

206 4180 383 4233 tuerit
406 4215 422 4241 ,
473 4186 649 4248 potest
685 4178 921 4233 donante
958 4178 1160 4235 Christi
1193 4180 1365 4247 gratia
1398 4179 1572 4248 prima
1596 4178 1817 4245 iustitiae

205 4283 383 4337 opera
415 4268 481 4322 de
508 4268 705 4337 quibus
729 4268 1001 4323 ceciderat
1070 4282 1195 4322 cum
1225 4269 1422 4323 annulo
1454 4268 1721 4323 inviolatae
1756 4266 1815 4321 ft-

207 4364 300 4419 dei
328 4379 675 4435 recuperare.

289 4455 363 4509 Et
393 4471 577 4525 rogare
606 4472 723 4509 eum
759 4464 1020 4522 coeperunt
1043 4463 1098 4509 ut
1123 4454 1405 4510 discederet
1435 4472 1465 4509 a
1502 4454 1694 4524 ﬁnibus
1730 4474 1816 4511 eo-

211 4567 360 4604 rum.
418 4549 629 4604 Conscii
670 4549 979 4621 fragilitatis
1028 4564 1139 4603 suae
1183 4548 1475 4613 Gerazeni,
1529 4552 1815 4621 praesentia

213 4645 433 4698 Domini
463 4660 520 4699 sc
536 4644 849 4712 judicabant
871 4644 1139 4715 indignos,
1166 4659 1269 4697 non
1296 4644 1572 4715 cupientes
1596 4644 1815 4697 verbum

214 4738 315 4793 Dei
350 4751 445 4790 nec
477 4736 688 4790 inﬁrma
722 4736 897 4790 adlme
929 4743 1109 4789 mente
1146 4736 1357 4803 pondus
1397 4734 1675 4804 sapientiw
1697 4750 1819 4789 sus-

213 4830 399 4882 tinere
447 4826 712 4881 valentes.
771 4824 924 4893 Quod
979 4835 1035 4881 et
1092 4826 1252 4881 Petro
1289 4828 1387 4896 ipsi
1434 4828 1549 4903 viso
1592 4827 1818 4895 piscium

216 4917 484 4974 miraculo
524 4917 814 4988 οοιιιῑείτεο
854 4916 1065 4987 legitur,
1106 4925 1160 4971 et
1194 4918 1351 4971 vidua
1385 4918 1725 4987 Sarepthana
1759 4918 1823 4971 Β.

218 5011 393 5065 llclim
422 5010 573 5078 cujus
606 5010 776 5065 sensit
805 5010 1037 5079 hospitio
1075 5009 1347 5073 benedici,
1379 5010 1729 5064 nihilominus
1758 5024 1816 5063 se

218 5104 437 5173 ιιιιιωιι
474 5102 757 5172 pnnscntia
796 5101 1032 5170 gravari.
1075 5098 1215 5165 Quid
1247 5100 1373 5153 mihi
1402 5112 1447 5154 et
1475 5101 1587 5166 tibi,
1622 5100 1813 5167 inquit,

217 5194 299 5248 τίν
329 5191 735 5261 Dei?iugressus
762 5207 815 5244 es
846 5188 915 5243 ad
944 5206 1023 5242 me
1052 5199 1103 5242 ut
1135 5198 1605 5243 rememorareutur
1634 5188 1820 5259 iniqui-

218 5294 360 5337 tates
390 5300 514 5337 metr
540 5291 586 5335 et
615 5283 875 5336 occideres
902 5281 1071 5349 ﬁlium
1104 5296 1297 5336 meum.

296 5371 533 5442 Cumque
566 5372 865 5425 ascenderet
904 5370 1075 5424 uarim
1106 5410 1121 5435 ,
1160 5374 1308 5440 erepit
1346 5369 1493 5422 illuni
1530 5366 1819 5437 deprecari,

212 5468 313 5536 qui
348 5482 377 5517 a
408 5464 668 5518 dazmonio
699 5472 911 5517 vexatus
954 5462 1145 5531 fuerat,
1190 5470 1244 5515 ut
1280 5472 1409 5515 esset
1452 5478 1569 5514 cum
1613 5460 1702 5513 illo
1734 5469 1823 5512 :et

219 5572 332 5613 non
364 5556 574 5610 admisit
603 5570 747 5619 eum,
774 5555 862 5607 sed
890 5556 963 5607 ait
988 5554 1065 5607 illi
1090 5568 1107 5605 :
1145 5551 1284 5607 Vade
1326 5554 1377 5605 in
1419 5554 1629 5606 domum
1679 5563 1824 5604 tuam

213 5649 292 5705 ad
327 5655 465 5704 tuos.
491 5656 541 5699 et
566 5643 821 5698 anmtnlia
850 5642 955 5696 illis
983 5652 1177 5712 quanta
1215 5641 1304 5695 tibi
1341 5641 1594 5694 Dominus
1624 5639 1821 5708 fecerit,

208 5752 265 5798 et
318 5739 566 5807 misertus
610 5736 677 5792 sit
715 5734 811 5787 tui.
865 5734 985 5787 ":00
1027 5751 1090 5788 ex
1137 5733 1222 5787 illa
1273 5731 1512 5804 Apustoli
1562 5730 1823 5786 sententia

1844 4498 1895 4557 D

1912 553 2033 594 cum
2058 535 2294 599 Christo,
2333 536 2501 591 multo
2532 536 2704 606 magis
2740 536 3024 607 optimum,
3057 549 3273 590 manere
3318 545 3500 591 autem

1915 630 1969 684 in
1999 643 2163 684 carne
2187 630 2553 684 necessarium
2578 638 2797 699 preptcr
2831 643 2942 693 vos,
2969 637 3029 683 ut
3052 627 3391 699 siclquisque
3422 628 3503 683 in—

1914 720 2118 793 telligat
2159 730 2282 790 post
2338 720 2707 775 remissidnem
2756 719 3085 776 redeundum
3134 720 3239 774 sibi
3283 720 3335 774 in
3376 734 3503 774 con-

1915 810 2199 867 scientiam
2232 810 2452 875 bonam,
2487 821 2541 864 et
2569 810 2917 865 serviendum
2957 810 3249 881 Evangelia
3284 818 3505 879 propter

1915 901 2143 955 aliorum
2173 900 2336 956 etiam
2362 901 2609 966 salutem,
2653 910 2713 955 ιιι
2749 890 2941 956 deinde
2979 917 3101 957 cum
3146 902 3364 957 Christo
3410 913 3501 957 ro-

1913 992 2178 1061 quiescat,
2198 1004 2269 1045 ne
2296 1006 2418 1045 cum
2448 1006 2787 1062 praepropere
2805 991 2915 1062 jam
2938 991 3054 1045 vult
3076 1007 3195 1047 esse
3213 991 3505 1048 cumChri-

1914 1086 2021 1144 sto,
2054 1068 2289 1149 negligat
2318 1080 2675 1135 ministerium
2704 1079 3105 1149 praedicationis
3138 1078 3390 1135 fraternae
3426 1096 3507 1136 re.

1913 1169 2207 1238 demptioni
2270 1170 2754 1225 accommodatum.
2826 1170 2965 1238 Quid
3030 1184 3160 1226 vero
3219 1170 3502 1229 Matthaeus

1912 1257 2048 1312 duos
2096 1259 2229 1313 dicit
2276 1273 2306 1312 a
2358 1258 2661 1313 dzcmonum
2709 1259 2923 1331 legione
2971 1270 3190 1316 curatos
3223 1300 3239 1326 ,
3286 1261 3503 1320 Marcus

1914 1358 2094 1402 autem
2143 1355 2198 1402 et
2254 1348 2429 1404 Lucas
2483 1364 2647 1404 tinum
2706 1358 3191 1413 commemorant,
3242 1350 3507 1423 intelligas

1912 1455 2077 1493 unum
2133 1454 2319 1495 eorum
2368 1441 2530 1495 fuisse
2586 1455 2835 1509 persona:
2893 1438 3120 1507 alicujus
3160 1440 3404 1497 clarioris
3450 1451 3507 1498 ct

1914 1528 2220 1585 famosioris
2262 1545 2420 1600 quem
2468 1532 2615 1602 regio
2660 1531 2748 1585 illa
2798 1532 3032 1586 maxime
3063 1531 3295 1597 dolebat,
3325 1540 3381 1587 et
3408 1548 3508 1603 pro

1912 1618 2065 1689 cujus
2123 1620 2296 1675 salute
2370 1621 2659 1689 plurimum
2718 1622 3049 1692 satagebat:
3098 1623 3201 1678 hoc
3264 1624 3507 1679 volentes

1912 1711 2217 1782 significare
2273 1711 2377 1765 duo
2431 1711 2803 1781 Evangelistte.
2843 1713 3018 1766 solum
3078 1728 3507 1768 commemorau-

1842 1794 1884 1853 B
1913 1802 2039 1856 dum
2070 1802 2406 1870 ju.!icarunt,
2451 1803 2516 1856 de
2550 1816 2655 1871 quo
2688 1800 2813 1855 facti
2843 1800 2997 1869 hujus
3020 1800 3160 1856 fama
3188 1802 3346 1857 latius
3367 1817 3505 1872 prte-

1913 1893 2220 1963 clariusqne
2252 1894 2588 1963 lbgraverat.
2639 1892 2745 1948 Sed
2765 1901 2821 1947 et
2851 1892 3117 1964 allegoriae
3145 1908 3350 1948 summa
3382 1907 3510 1947 cono

1914 1986 2104 2041 cordat
2151 1985 2277 2054 quia
2331 1984 2470 2039 sicut
2530 1999 2666 2039 unus
2708 1998 2740 2037 a
2778 1983 3043 2039 darmonio
3076 1998 3376 2054 possessus,
3429 1982 3509 2038 sic

1913 2086 1969 2130 et
2014 2076 2120 2129 duo
2170 2075 2351 2146 populi
2406 2074 2621 2145 gentilis
2676 2083 2858 2146 typum
2902 2089 3008 2129 non
3062 2074 3509 2132 inconvenienter

1911 2167 2242 2236 exprimunt.
2276 2165 2407 2219 Nam
2453 2180 2578 2219 cum
2631 2174 2739 2219 tres
2795 2163 2933 2219 lilios
2982 2164 3096 2220 Noe
3134 2164 3503 2236 generaverit,

1916 2256 2074 2311 unius
2112 2255 2282 2311 solum
2315 2253 2514 2309 familia
2553 2255 2605 2308 in
2648 2256 3042 2325 possessionem
3081 2255 3249 2310 ascita
3279 2263 3362 2310 est
3388 2254 3506 2318 Dei,

1915 2362 1981 2399 ex
2012 2346 2220 2401 duobus
2271 2346 2493 2416 reliquis
2543 2346 2878 2400 diversarum
2923 2346 3361 2415 nationumque:
3399 2345 3512 2399 ido-

1918 2439 1982 2492 lis
2037 2437 2476 2508 manciparentur
2519 2437 2789 2507 procreati
2840 2446 2964 2493 sunt
3016 2427 3231 2507 populi,
3277 2436 3345 2492 de
3404 2436 3510 2491 illis

1919 2538 2099 2583 tamen
2154 2528 2482 2598 quicumque
2532 2528 2599 2581 ad
2651 2526 2810 2582 ﬁdem
2868 2527 3068 2583 Christi
3123 2526 3505 2597 pervenerint,

1918 2628 1971 2671 et
2027 2619 2352 2688 baptismate
2402 2618 2572 2688 ipsius
2627 2632 2658 2671 a
2719 2619 2958 2687 peccatis
3002 2617 3171 2685 abluti
3235 2624 3360 2671 sunt
3420 2630 3507 2670 re-

1917 2709 2009 2777 gni
2046 2706 2138 2762 Dei
2176 2719 2454 2763 consortes
2500 2722 2619 2762 esse
2661 2716 3001 2772 meruerunt,
3044 2707 3167 2775 quia
3198 2705 3350 2777 juxta
3390 2703 3509 2759 Sal-

1920 2798 2123 2853 vatoris
2162 2798 2505 2861 sententiam,
2557 2795 2661 2863 Qui
2687 2796 2963 2851 crediderit
2998 2806 3043 2850 et
3072 2795 3362 2867 baptizatus
3394 2794 3511 2863 fue—

1920 2894 1986 2946 rit
2012 2892 2185 2947 salvus
2205 2892 2324 2957 erit,
2354 2892 2442 2962 qui
2473 2906 2590 2945 vero
2619 2907 2722 2945 non
2757 2890 3031 2944 crediderit
3056 2886 3509 2945 condemnabitur.

1920 2981 2023 3036 Per
2055 2982 2308 3038 eundem.

2464 3069 2749 3126 liOMlLlA
2784 3069 2946 3126 CXX.

2190 3177 2507 3217 llEBDOHA-DA
2543 3177 2637 3216 \‘lll
2679 3176 2807 3217 POST
2846 3176 3239 3218 PENTECOSTEN»

2135 3255 2321 3311 Lectio
2350 3254 2601 3324 Epistolze
2632 3252 2693 3307 Β.
2725 3253 2875 3308 Pauli
2908 3253 2974 3307 ad
2999 3253 3289 3309 Romanos.

1992 3366 2230 3433 Fratres,
2258 3367 2542 3420 humanum
2563 3365 2680 3420 dico
2708 3374 2919 3436 propter
2945 3366 3299 3434 infirmitatem
3332 3370 3509 3421 carnis

1919 3466 2119 3511 vestrae.
2158 3455 2307 3511 Sicut
2346 3455 2487 3509 enim
2514 3455 2819 3509 exhibuistis
2850 3454 3079 3509 membra
3114 3446 3283 3509 vestra
3316 3458 3509 3510 servire

1920 3546 2266 3599 immunditia:
2295 3553 2341 3598 et
2378 3542 2643 3615 iniquitati
2671 3542 2741 3605 ad
2767 3543 3116 3614 iniquitatem,
3148 3544 3221 3597 ita
3258 3560 3393 3597 nunc
3419 3559 3511 3596 eaa-

1921 3638 2088 3691 Itibete
2117 3636 2345 3691 membra
2369 3645 2537 3690 vestra
2576 3635 2769 3688 servire
2797 3633 3020 3700 justitia’
3044 3633 3100 3687 in
3126 3633 3502 3702 sanetiﬁca:io-

1921 3744 2056 3793 nent,
2082 3737 2189 3783 etc.

1994 3819 2182 3890 Magna
2213 3816 2516 3874 sollicitudo
2543 3824 2597 3870 et
2626 3829 2755 3871 cura
2776 3814 2965 3869 salutis
2994 3820 3186 3869 vestrae
3208 3827 3271 3868 ac
3295 3812 3510 3867 devotio

1923 3910 2110 3963 teterui
2140 3906 2418 3979 profectus
2449 3906 2613 3960 vestri
2642 3920 2827 3960 coram
2876 3904 2986 3959 Deo
3016 3920 3113 3959 nos
3144 3904 3398 3957 admonet
3439 3919 3506 3957 ex

1920 3999 2227 4068 Apostolica
2280 3997 2511 4053 lectione
2537 3995 2931 4067 aliquantulum
2958 4003 3193 4050 tractare
3222 3994 3503 4049 vobiscum

1921 4105 2082 4161 quam
2111 4089 2358 4143 audistis.
2394 4086 2721 4150 Humanum,
2752 4086 2946 4154 inquit,
2975 4084 3094 4138 dico
3122 4093 3330 4154 proliter
3354 4083 3506 4151 iit/ir-

1922 4183 2150 4237 mitatem
2177 4180 2351 4235 carnis
2377 4190 2583 4243 vestrm,
2610 4179 2731 4247 quia
2761 4177 3000 4231 nondum
3027 4176 3251 4245 potestis
3281 4174 3531 4243 pleniter‘

1924 4272 2111 4327 audire
2158 4270 2421 4324 divinum.
2470 4269 2594 4323 Sive
2635 4268 2707 4322 ita
2757 4268 2994 4321 humana
3032 4265 3241 4319 ratione
3288 4265 3505 4335 dignum

1922 4362 2113 4433 loquor
2138 4361 2282 4430 quod
2323 4374 2512 4415 omnes
2557 4372 2765 4413 mecum
2811 4358 3013 4413 sentire
3054 4363 3307 4427 possunt,
3343 4363 3508 4409 etne

1922 4453 2063 4507 ullus
2092 4454 2347 4506 abnuere.
2391 4450 2539 4505 Sicut
2567 4449 2724 4509 enim,
2774 4447 2965 4517 inquit,
2999 4446 3310 4501 eahibuistis-
3347 4460 3511 4499 utent-

1924 4547 2014 4599 bra
2039 4553 2205 4598 vestra
2246 4543 2436 4597 servire
2477 4542 2821 4595 inmunditia:
2854 4550 2901 4593 et
2928 4540 3189 4610 iniquitati
3218 4539 3287 4592 ad
3316 4539 3509 4607 iniqui-

1926 4645 2106 4699 tatem,
2138 4634 2212 4685 ita
2242 4648 2377 4686 nunc
2407 4630 2638 4685 exhibete
2667 4630 2895 4683 membra
2929 4640 3093 4684 vestra
3127 4630 3321 4683 servire
3341 4628 3506 4701 justi-

1927 4728 2013 4780 tite
2044 4726 2098 4778 in
2124 4723 2609 4791 saneti/icationent.
2639 4721 2927 4792 lnglorium
2954 4720 3168 4789 quidem
3208 4729 3311 4785 est,
3341 4728 3399 4773 ut
3433 4720 3509 4773 ita

1929 4817 2049 4885 quis
2085 4814 2373 4868 virtutibus
2402 4813 2544 4868 sicut
2569 4812 2712 4867 vitiis
2744 4812 2981 4875 serviat;
3013 4810 3183 4864 multo
3220 4810 3362 4864 enim
3393 4826 3515 4863 atnn

1930 4907 2068 4978 plius
2099 4914 2153 4959 ct
2199 4904 2365 4959 multo
2411 4904 2668 4959 intentius
2709 4912 2794 4958 est
2835 4903 3146 4957 honoranda
3176 4900 3409 4969 justitia,
3453 4911 3510 4955 et

1925 5000 2045 5053 ideo
2086 4997 2217 5052 dicit
2252 4998 2483 5051 humane
2507 5010 2565 5050 se
2591 4994 2754 5065 loqui.
2789 4992 2843 5049 Si
2874 5010 3001 5065 ergo
3036 4994 3289 5057 immane,
3314 4992 3506 5061 inquit,

1925 5100 1980 5145 et
2007 5090 2369 5144 cmnnmniter
2403 5103 2524 5158 ago,
2550 5086 2739 5142 eadem
2765 5084 2996 5155 postulo,
3030 5084 3225 5138 similia
3267 5082 3506 5153 requiro.

1927 5182 2135 5235 Dudum
2179 5194 2307 5249 ergo
2341 5186 2553 5247 patrum
2582 5186 2888 5231 nostrorum
2920 5174 3083 5244 pedes
3111 5173 3400 5229 currebant
3432 5171 3513 5225 ad

1931 5272 2235 5325 dzemonum
2282 5266 2511 5336 templa;
2554 5265 2725 5320 nostri
2770 5279 2913 5319 nunc
2964 5271 3181 5317 currant
3226 5263 3292 5317 ad
3321 5260 3504 5315 Eccle-

1926 5362 2061 5415 siam
2093 5359 2205 5414 Dei.
2260 5358 2430 5413 Pedes
2461 5357 2551 5427 qui
2580 5357 2728 5427 prius
2760 5356 2989 5410 libenter
3017 5353 3305 5409 currebant
3332 5352 3399 5406 ad
3426 5349 3505 5406 ei-

1928 5450 2255 5505 fundendum
2293 5448 2527 5518 proximi
2552 5447 2893 5518 sanguinem,
2934 5460 3076 5499 nunc
3119 5442 3286 5498 multo
3331 5441 3497 5496 liber.-

1928 5544 2035 5597 tius
2073 5544 2138 5597 ad
2170 5542 2503 5596 liberandum
2538 5539 2839 5611 proximum
2879 5546 3118 5592 currant.
3163 5535 3348 5589 Manus
3387 5546 3513 5601 quae

1926 5634 2074 5704 prius
2115 5632 2325 5687 veloces
2354 5641 2508 5687 erant
2532 5631 2704 5685 aliena
2734 5630 2989 5697 diripere,
3038 5641 3180 5680 nunc
3206 5624 3311 5678 sint
3340 5620 3507 5675 multo

1929 5726 2221 5781 velociores
2255 5726 2318 5779 ad
2364 5725 2577 5795 propria
2613 5722 2903 5793 largiendo.
2937 5719 3087 5776 Oculi
3117 5717 3204 5787 qui
3246 5715 3392 5785 prius
3419 5712 3502 5766 ἱιιρ
