3960 6386
515 372 621 430 375

1177 373 1239 429 Β.
1281 374 1537 433 BABANl
1577 376 1794 434 MAURl
1829 377 2145 435 ARClllEP.
2190 378 2502 440 MOGUNT.
2542 383 2826 441 OPEBUM
2868 386 3049 442 PARS
3088 385 3150 442 ll.

3678 386 3778 446 378

514 487 809 548 tondebant
831 486 898 542 ad
919 485 1375 559 pulchritudinem
1401 490 1706 556 mulierum,
1737 490 1822 546 vel
1859 491 2094 547 alienum
2123 498 2175 558 Α
2200 493 2329 550 bent
2353 496 2521 551 vitam
2548 506 2804 554 mternam
2845 500 2898 554 in
2929 499 3146 556 Christo
3173 499 3299 555 Josu
3325 499 3550 557 Domino
3576 508 3784 570 nostt'o,

512 577 719 651 aliquid
764 576 832 632 ad
869 577 1386 648 concupiscendum,
1435 597 1578 638 nunc
1627 582 1796 642 multo
1843 582 2105 638 intentius
2202 585 2363 640 simul
2389 602 2511 640 cum
2539 587 2630 642 illo
2670 597 2873 645 aeterna
2902 591 3095 661 gaudia
3126 591 3490 662 possidentes,
3533 603 3634 664 per
3669 600 3785 645 omo

511 667 950 738 circumspiciant
987 683 1280 740 pauperes,
1327 672 1550 738 debiles,
1589 687 1791 743 egenos
1823 673 1891 727 ad
1935 673 2103 728 mise-

510 759 764 816 randum.
817 758 992 815 Aures
1047 775 1167 830 qua:
1228 762 1639 820 delectabantur
1689 764 1873 819 auditu
1927 779 2102 829 vano,

511 867 658 908 nunc
703 861 1087 908 convertantur
1127 853 1200 909 ad
1245 855 1572 911 audiendum
1603 855 1830 910 verbum
1882 854 2001 920 Dei,
2035 856 2100 910 ad

512 944 848 1015 explananda
878 944 1060 999 divina
1106 955 1412 1017 pmicepta,
1451 955 1508 1002 et
1552 946 1620 1002 ad
1667 946 1983 1015 capiendam
2013 961 2102 1002 sa-

510 1035 731 1104 pientia":
759 1035 1133 1105 disciplinam;
1178 1038 1357 1107 lingua
1405 1051 1526 1106 quae
1559 1037 1818 1092 conviciis
1854 1044 1908 1089 et
1938 1035 2102 1092 male-

509 1125 838 1184 dictionibus
862 1133 954 1180 aut
986 1127 1330 1197 turpiloquiis
1365 1134 1482 1181 erat
1526 1110 1765 1190 assueta,
1800 1141 1942 1180 nunc
1972 1141 2101 1180 cun-

509 1227 756 1276 vertatur
784 1218 850 1274 ad
883 1218 1310 1273 benedicendum
1352 1218 1546 1284 Deum,
1588 1217 1643 1272 in
1679 1218 1827 1272 omni
1858 1218 2098 1286 tempore

508 1323 816 1367 sermonem
838 1324 1028 1364 sanum
1054 1307 1317 1377 proferat,
1350 1318 1406 1364 et
1444 1309 1750 1374 honestum,
1773 1317 1829 1362 et
1850 1309 1941 1377 qui
1971 1307 2100 1362 redi-

511 1399 637 1455 licet
656 1399 959 1464 audientes,
990 1399 1334 1454 mendacium
1364 1400 1598 1462 deserat,
1627 1407 1683 1452 et
1705 1398 1991 1452 veritatem
2022 1396 2099 1450 lo-

509 1500 708 1561 quatur
751 1507 873 1550 cum
917 1492 1328 1561 proximo,suo.
1385 1491 1491 1545 Sed
1519 1490 1647 1559 quid
1695 1504 1834 1559 opus
1859 1498 1943 1543 est
1984 1489 2100 1543 lwec

509 1584 722 1655 singula
752 1586 1042 1653 prosequi,
1093 1599 1214 1638 cum
1252 1592 1433 1654 pateat
1461 1585 1714 1638 omnibus
1749 1584 2093 1654 uniuscujus-

507 1690 614 1745 que
660 1675 888 1728 membri
936 1676 1321 1742 ministerium,
1378 1686 1432 1731 et
1474 1679 1548 1732 ita
1594 1677 1736 1746 quod
1780 1686 1940 1731 antea
1976 1677 2099 1746 quis

506 1766 750 1820 exhibuit
778 1766 942 1831 vitiis,
979 1783 1121 1822 nunc
1145 1768 1211 1821 ad
1234 1769 1463 1823 virtutes
1499 1776 1554 1822 et
1579 1769 1645 1822 ad
1671 1783 1839 1839 opera
1865 1767 2095 1837 iustitia:

508 1867 700 1927 aptare
719 1861 1038 1914 contendat.‘
1076 1860 1142 1913 Et
1167 1868 1345 1914 actum
1377 1875 1538 1929 quem
1567 1862 1816 1916 exhibuit
1843 1862 1910 1916 ad
1939 1862 2095 1915 adul-
2127 1840 2169 1898 Β

510 1949 728 2011 terium,
773 1947 840 2002 ad
862 1949 1166 2003 castitatem
1197 1965 1340 2004 nunc
1363 1959 1419 2004 et
1462 1949 1944 2005 sanctiﬁcationem
1973 1966 2092 2005 om-

509 2038 640 2092 nino
666 2046 965 2094 convertat.
1016 2039 1080 2097 Et
1108 2040 1180 2093 ita
1216 2039 1397 2093 omnia
1423 2041 1663 2094 membra
1695 2055 1815 2109 qua:
1842 2048 1966 2093 ante
1995 2039 2096 2093 ini-

511 2130 708 2200 quitati
747 2130 955 2185 servire
990 2129 1382 2199 dependebant,
1428 2129 1541 2184 base
1568 2130 1853 2184 conversio
1893 2130 1946 2182 in
1985 2144 2096 2183 mc-

510 2221 618 2276 lius
645 2222 922 2292 proposita
959 2221 1027 2275 ad
1067 2221 1410 2275 serviendum
1443 2219 1670 2289 iustitia:
1712 2220 2097 2276 sanctiﬁcatio-

510 2313 676 2383 nique
695 2311 982 2382 dependat.
1017 2311 1276 2379 Sequitur
1307 2330 1320 2364 :

580 2401 715 2456 Cum
741 2403 877 2455 enim
898 2402 1030 2455 servi
1050 2403 1228 2455 essetis
1251 2402 1467 2471 peccati,
1489 2400 1638 2455 liberi
1659 2401 1833 2470 fuistis
1846 2401 2090 2471 justitiec.

511 2491 626 2548 lloc
648 2500 756 2557 est,
785 2493 853 2548 ab
879 2491 1025 2546 onmi
1061 2491 1273 2561 iustitia
1305 2491 1486 2555 alieni,
1520 2491 1643 2560 quia
1686 2507 1793 2545 non
1823 2501 1907 2545 est
1942 2506 2097 2545 acce-

513 2593 663 2654 ptum
702 2584 815 2638 Deo
852 2581 1012 2638 simul
1045 2579 1270 2649 justitia:
1317 2590 1647 2651 peccatoque
1683 2581 1909 2637 servire.
1945 2580 2098 2637 Unde

509 2675 755 2745 sequitur
778 2693 791 2728 :

586 2768 752 2835 Quem
776 2785 898 2839 ergo
928 2767 1156 2836 fructum
1185 2768 1438 2823 habuistis
1471 2776 1593 2822 tunc
1620 2769 1677 2822 in
1703 2768 1806 2821 illis
1833 2768 1888 2822 in
1910 2769 2097 2838 quibus

514 2876 654 2914 nunc
694 2860 1035 2914 erubescitis?
1081 2859 1138 2914 ln
1183 2874 1411 2928 quorum
1454 2859 1828 2914 recordatione
1865 2859 2097 2912 mxima

509 2960 594 3007 cst
622 2951 947 3006 verecundia
987 2951 1074 3005 his
1110 2951 1201 3019 qui
1231 2951 1462 3021 diligunt
1505 2949 1770 3019 justitiam
1797 2956 1852 3002 et
1892 2950 2098 3003 verita-

513 3049 621 3094 tem
675 3038 810 3093 Ouia
837 3039 1015 3094 omnis
1036 3038 1128 3109 qui
1160 3039 1440 3110 cognoscit
1469 3047 1560 3092 aut
1587 3037 1760 3109 diligit
1798 3038 2096 3093 bonitatem

512 3130 566 3184 in
602 3129 755 3184 malis
785 3131 994 3186 actibus
1022 3131 1136 3184 suis
1159 3129 1454 3185 erubescit.

2202 677 2291 729 nia
2316 677 2510 732 secula
2533 679 2876 735 saeculorum.
2900 683 3091 736 Amen.

2743 768 3024 826 HOMlLlA
3064 771 3250 829 CXXI.

2760 874 2891 914 ῐτΕΙ
2931 877 3000 916 υτ
3039 878 3227 918 δυΡῐιΑ.

2341 947 2526 1004 Lectio
2548 949 2723 1006 sancti
2745 950 3020 1021 Evangelii
3053 952 3351 1009 secundum
3379 952 3640 1008 Marcum.

2269 1037 2336 1091 In
2364 1038 2456 1092 illo
2483 1049 2730 1109 tempore,
2766 1057 2884 1094 cum
2922 1041 3088 1094 multa
3119 1043 3271 1096 turba
3311 1053 3444 1098 esset
3473 1061 3593 1097 cum
3633 1042 3786 1109 Iesu,

2202 1144 2295 1182 nec
2324 1129 2569 1202 haberent
2595 1131 2735 1201 quod
2765 1131 3162 1198 manducarent,
3192 1135 3485 1188 convocatis
3517 1133 3786 1204 discipulis

2199 1220 2328 1283 suis,
2366 1221 2438 1272 ait
2469 1220 2573 1274 illis
2599 1235 2617 1272 :
2647 1220 2899 1276 Misereor
2923 1238 3078 1292 super
3106 1222 3337 1288 turbam,
3367 1224 3492 1295 quia
3531 1240 3646 1278 ecce
3669 1223 3787 1293 jaut

2201 1309 2378 1361 triduo
2408 1311 2665 1364 sustinent
2697 1327 2798 1376 me,
2821 1327 2915 1366 nec
2938 1311 3126 1366 habent
3147 1314 3286 1383 quod
3310 1313 3645 1378 manducent,
3673 1323 3718 1366 et
3741 1311 3788 1368 si

2198 1397 2446 1455 dimisero
2478 1418 2564 1455 eos
2578 1403 2818 1472 jejunae,
2842 1400 3080 1472 deﬁcient
3103 1405 3156 1457 in
3182 1405 3288 1469 via,
3318 1413 3422 1460 etc.

2268 1492 2325 1546 lu
2354 1492 2456 1547 hac
2486 1494 2714 1548 lectione
2739 1494 3130 1549 consideranda
3158 1503 3242 1550 est
3270 1495 3324 1549 in
3349 1510 3458 1551 uno
3485 1494 3786 1566 eodemque

2199 1586 2539 1655 redemptore
2590 1599 2777 1643 nostro
2813 1587 3066 1642 distincta
3107 1588 3351 1659 operatio
3397 1589 3700 1645 divinitatis
3726 1597 3783 1644 et

2199 1678 2574 1732 humanitatis.
2603 1679 2734 1745 Quis
2770 1681 2912 1733 enim
2946 1697 3050 1734 non
3078 1681 3259 1736 videat
3297 1682 3397 1738 hoc
3437 1683 3582 1753 quod
3626 1697 3788 1753 super

2202 1769 2415 1823 turbam
2456 1770 2746 1824 miseretur
2795 1770 3078 1836 Dominus,
3120 1787 3188 1827 ne
3224 1772 3310 1827 vel
3353 1773 3531 1829 inedia
3569 1773 3651 1828 vel
3689 1773 3786 1831 vite

2200 1858 2457 1931 longioris
2507 1861 2721 1915 deﬁciat
2764 1861 2968 1927 labore,
2999 1861 3251 1917 allectum
3296 1878 3419 1918 esse
3451 1871 3506 1918 et
3537 1877 3787 1934 compas-

2199 1952 2407 2007 sionem
2451 1951 2700 2006 humanae
2750 1951 3098 2022 fragilitatis?
3123 1953 3276 2019 Quod
3316 1967 3450 2009 vero
3478 1954 3545 2008 de
3575 1963 3781 2024 septem

2199 2041 2424 2112 panibus
2449 2049 2503 2096 et
2531 2041 2804 2112 pisciculis
2830 2043 3018 2111 paucis
3047 2051 3278 2111 quatuor
3307 2043 3473 2098 millia
3502 2043 3784 2100 hominum

2200 2132 2486 2196 saturavit,
2522 2133 2716 2187 divina:
2747 2147 2883 2201 opus
2911 2147 3032 2187 esse
3059 2133 3274 2188 virtutis
3308 2132 3651 2189 manifestum
3679 2141 3784 2190 est.

2199 2222 2423 2294 Mystice
2453 2231 2633 2277 autem
2661 2223 2761 2277 hoc
2784 2222 3044 2278 miraculo
3072 2223 3418 2294 designatur,
3453 2224 3597 2295 quod
3639 2224 3784 2280 viam

2199 2313 2380 2368 saeculi
2425 2313 2711 2383 praesentis
2759 2313 2917 2368 aliter
2964 2313 3262 2368 incolumes
3312 2314 3544 2370 transire
3593 2315 3788 2385 nequi-

2200 2420 2342 2469 mus,
2397 2406 2501 2459 nisi
2549 2419 2646 2458 nos
2685 2405 2858 2475 gratia
2913 2404 3272 2472 redemptoris
3314 2406 3487 2460 nostri
3525 2405 3786 2463 alimento

2199 2497 2281 2550 sui
2311 2495 2459 2550 verbi
2492 2495 2717 2549 reﬁciat.
2753 2494 2868 2548 Hoc
2892 2508 3019 2549 vero
3061 2494 3236 2564 typice
3279 2495 3421 2549 inter
3463 2494 3603 2550 hanc
3644 2491 3789 2550 refe-

2200 2585 2457 2650 ctionem,
2486 2593 2540 2639 et
2569 2583 2712 2638 illam
2731 2583 2970 2652 quinque
2989 2597 3186 2653 panum
3210 2597 3277 2637 ac
3297 2583 3526 2642 duorum
3555 2584 3787 2654 piscium

2208 2678 2380 2742 distat,
2421 2677 2564 2747 quod
2601 2676 2671 2730 ibi
2701 2675 2892 2730 litteris
2920 2674 3119 2730 veteris
3151 2675 3494 2732 instrumenti
3523 2675 3788 2744 sp'ritalis

2200 2764 2374 2835 gratia
2403 2762 2561 2832 plena
2586 2777 2707 2818 esse
2734 2763 2940 2833 signata
2970 2770 3073 2827 est,
3100 2762 3188 2817 hic
3217 2771 3401 2818 autem
3429 2767 3554 2818 novi
3584 2765 3790 2819 veritas

2201 2873 2265 2910 ac
2294 2856 2467 2927 gratia
2491 2855 2797 2910 testamenti
2832 2853 3076 2909 ﬁdelibus
3101 2853 3457 2910 ministrantia
3485 2862 3788 2911 monstrata

2201 2956 2302 3005 est.
2337 2948 2480 3002 Sane
2506 2955 2733 3016 utraque
2757 2945 2980 3001 refectio
3010 2946 3063 3000 in
3087 2954 3271 3002 monte
3297 2945 3565 3001 celebrata
3591 2954 3702 3012 est,
3727 2955 3791 3002 ut

2201 3040 2429 3094 aliorum
2489 3036 2956 3108 Evangelistarum
3010 3036 3249 3091 narratio
3311 3035 3590 3102 declarat,
3658 3037 3788 3106 quia

2204 3134 2486 3202 utriusque
2514 3131 2780 3201 scriptura
2821 3130 3160 3194 testamenti,
3189 3137 3336 3184 recte
3363 3126 3660 3195 intellecta,
3710 3127 3791 3183 al-

584 3221 726 3275 Nam
753 3221 876 3291 ﬁnis
905 3221 1118 3275 illorum
1150 3237 1290 3275 mors
1317 3231 1413 3274 est.
1443 3219 1502 3275 id
1523 3227 1633 3285 est,
1662 3219 1948 3275 retributio
1974 3217 2092 3275 illo-
2122 3208 2166 3268 C
2201 3224 2429 3280 iiiudine
2475 3222 2633 3277 nobis
2680 3206 2982 3276 caelestium
3020 3228 3077 3276 et
3101 3228 3494 3290 praeceptorum
3526 3218 3788 3284 mandat,

514 3329 652 3377 rum,
685 3327 842 3382 poma
865 3319 1146 3382 perpetua.

584 3402 742 3456 Nunc
765 3419 882 3456 vero
905 3402 1109 3456 liberati
1129 3419 1160 3454 a
1185 3410 1417 3471 peccato,
1446 3417 1576 3455 servi
1613 3409 1787 3455 autem
1816 3399 1942 3469 facti
1961 3398 2090 3466 Deo,

510 3494 710 3548 habetis
758 3494 989 3564 fructum
1038 3503 1292 3549 (eternqu
1343 3494 1398 3546 in
1445 3493 1889 3561 sanctiﬁcatione,
1935 3491 2093 3561 ﬁnem

511 3602 628 3640 vero
659 3586 814 3639 vitam
840 3595 1106 3639 cateruam.
1147 3584 1451 3642 Notandum
1486 3599 1614 3639 vero
1653 3591 1738 3639 est
1764 3598 1884 3639 esse
1923 3583 2092 3638 liber-

515 3684 680 3731 tatem
704 3674 1024 3744 culpabilem
1054 3675 1287 3731 alienum
1317 3689 1438 3732 esse
1480 3674 1548 3728 ab
1573 3676 1827 3744 operibus
1864 3673 2093 3744 iustitiae

511 3776 566 3823 et
594 3767 914 3822 laudabilem
947 3767 1260 3822 servitutem
1290 3782 1409 3823 esse
1437 3767 1660 3835 iustitiae
1698 3767 1751 3821 in
1788 3768 2095 3823 sanctiﬁca-

515 3859 678 3913 tione.
710 3857 965 3928 Quisquis
995 3865 1178 3913 autem
1218 3873 1406 3914 servus
1435 3858 1539 3913 erit
1569 3858 1812 3928 iustitiae,
1845 3858 1983 3913 liber
2010 3866 2095 3912 est

513 3968 543 4005 a
573 3960 817 4022 peccato,
848 3959 903 4008 et
946 3965 1134 4006 servus
1163 3958 1249 4006 est
1275 3950 1434 4005 simul
1465 3950 1743 4020 sapientiae
1768 3959 1825 4004 et
1850 3949 2093 4019 pietatis,

513 4042 785 4112 pudicitia:
826 4050 882 4096 et
913 4042 1210 4108 castitatis,
1257 4049 1312 4095 et
1361 4040 1605 4095 omnium
1649 4055 1756 4094 una
1799 4041 2093 4104 virtutum,

516 4149 746 4203 quorum
793 4132 937 4197 ﬁnis,
985 4133 1039 4188 id
1092 4141 1176 4189 est
1228 4132 1534 4194 retributio,
1585 4131 1697 4187 vita
1739 4141 1942 4187 (eterna
1983 4139 2084 4187 est.

521 4225 670 4282 Unde
715 4223 912 4279 fratres
947 4225 1306 4294 nosmetipsos
1335 4223 1674 4293 incessanter
1703 4223 1975 4277 discutere
2001 4223 2095 4277 de-

517 4318 706 4371 bemus
738 4331 833 4384 per
861 4315 1068 4385 singula
1094 4329 1214 4384 quas
1239 4315 1503 4385 gessimus
1530 4321 1624 4368 aut
1649 4313 1888 4385 gerimus
1908 4353 1922 4378 ,
1954 4321 2009 4368 et
2039 4313 2091 4367 in

517 4421 839 4474 unoquoque
868 4414 993 4460 actu
1021 4405 1365 4460 considerare
1390 4405 1477 4460 cui
1506 4405 1833 4469 serviamus,
1868 4418 1934 4456 an
1969 4417 2093 4472 pec-

515 4503 636 4549 cato
664 4495 732 4549 ad
775 4494 1113 4565 iniquitatem
1155 4502 1208 4548 et
1247 4493 1314 4546 ad
1341 4493 1618 4547 interitum
1668 4492 2089 4562 nobismetipsis,

516 4586 620 4640 nisi
644 4599 765 4639 eam
786 4585 949 4639 citius
971 4585 1304 4647 deseramus,
1347 4599 1414 4637 an
1441 4583 1666 4654 justiti-.e
1699 4583 1751 4637 in
1784 4584 2090 4638 samtillca—
2120 4566 2172 4626 Ῐ)

521 4676 721 4729 tionem
760 4674 828 4728 ad
865 4673 1225 4743 promcrenda
1263 4672 1418 4727 nobis
1459 4681 1675 4727 aeternae
1723 4672 1843 4726 vita:
1880 4672 2094 4742 gaudia.

518 4768 632 4823 Nisi
677 4767 819 4822 enim
864 4766 1016 4836 prius
1060 4779 1155 4836 per
1202 4765 1573 4835 paenitentiam
1629 4774 1852 4836 peccato
1895 4765 2096 4819 moria-

519 4873 660 4920 mur,
692 4871 797 4911 non
829 4870 1117 4926 possumus
1143 4869 1239 4923 per
1265 4852 1531 4922 justitiam
1556 4854 1739 4908 vivere
1771 4854 1901 4910 Deo.

589 4946 860 5017 Stipendia
887 4949 1026 5001 enim
1057 4948 1250 5016 peccati
1290 4962 1450 5000 mors.
1485 4944 1772 5000 Peccatum
1810 4945 1957 5001 cnim
1993 4944 2094 5000 nisi

519 5055 617 5110 per
651 5037 1044 5094 confessionem
1085 5046 1141 5092 et
1187 5038 1559 5107 pmnitcntiam
1598 5046 1759 5105 atque
1796 5038 2089 5108 eleemosy-

521 5146 710 5186 narum
749 5130 1048 5198 largitatem
1093 5128 1424 5194 destruatur,
1471 5128 1668 5198 accipit
1707 5129 2097 5184 remuneratio—

521 5235 643 5275 nem
676 5234 889 5288 pinnam
915 5228 1190 5272 aeternam.

591 5307 773 5362 Gratia
800 5318 970 5362 autem
995 5308 1092 5362 Dei
1126 5309 1231 5363 vita
1260 5319 1453 5363 (eterna
1494 5310 1546 5363 in
1574 5308 1778 5364 Christo
1811 5309 1941 5364 Iesu
1979 5310 2090 5364 Do-

521 5400 662 5452 mino
700 5406 898 5452 nostra.
935 5389 1080 5452 Bene
1124 5397 1269 5452 enim
1313 5399 1553 5453 additum
1593 5409 1712 5465 est,
1758 5402 1861 5455 rita
1897 5409 2093 5455 (eterna

519 5489 574 5541 in
600 5487 805 5541 Christo
828 5485 979 5552 Iesu,
1008 5487 1134 5557 quia
1170 5488 1268 5554 illi,
1306 5490 1398 5558 qui
1429 5499 1715 5562 resurgunt
1745 5493 1797 5545 in
1829 5491 2095 5546 confusio-

522 5593 644 5631 nem
665 5586 720 5632 et
741 5577 1088 5648 opprobrium
1115 5579 1522 5648 sempiternum,
1549 5581 1749 5635 habent
1774 5581 1992 5651 quidem
2021 5583 2102 5636 vi-

525 5674 634 5719 tam
677 5675 958 5732 aeternam,
1008 5665 1102 5722 sed
1133 5667 1186 5720 in
1236 5667 1548 5723 confusione
1577 5677 1630 5722 et
1655 5684 1813 5738 paena
1858 5679 2093 5736 aeterna;

517 5753 652 5826 iusti
672 5771 799 5814 vero
827 5755 920 5829 qui
963 5770 1267 5829 resurgunt,
1311 5758 1377 5813 ad
1403 5759 1598 5830 gaulia
1633 5761 1957 5831 sempiterna
1994 5767 2093 5826 ha-

2199 3321 2256 3369 et
2281 3312 2622 3383 praemiorum
2652 3319 2884 3378 utraque
2913 3309 3254 3364 altitudinem
3297 3308 3524 3374 Christi,
3561 3309 3658 3380 qui
3703 3317 3793 3367 est

2200 3415 2379 3464 mons,
2423 3399 2616 3454 domus
2655 3397 2869 3455 Domini
2905 3399 2957 3452 in
2998 3398 3198 3455 vertice
3227 3396 3510 3463 montium,
3548 3411 3787 3454 consona

2200 3505 2332 3547 voce
2369 3490 2644 3561 przedicat.
2675 3489 2776 3555 Qui
2800 3489 2947 3543 enim
2968 3488 3288 3544 mdiﬁcatam
3315 3503 3479 3557 super
3511 3501 3571 3542 se
3594 3487 3793 3544 civita-

2203 3591 2312 3638 tem
2341 3582 2453 3637 sive
2477 3581 2694 3635 domum
2742 3579 2974 3645 Domini,
3022 3579 3075 3634 id
3102 3585 3210 3644 est,
3239 3577 3536 3633 Ecclesiam
3574 3577 3629 3632 in
3677 3575 3791 3634 alto

2200 3675 2466 3730 bonorum
2511 3671 2724 3728 extollit
2771 3685 3029 3741 operum,
3082 3679 3138 3726 et
3181 3669 3394 3726 cunctis
3443 3669 3790 3726 manifestam

2201 3767 2450 3838 gentibus
2485 3766 2734 3831 exhibet;
2783 3764 2899 3834 ipse
2940 3763 3080 3818 hanc
3126 3763 3195 3818 ab
3230 3761 3430 3818 inﬁmis
3472 3762 3792 3819 delectatio-

2203 3857 2362 3911 nibus
2389 3857 2720 3911 abstractam
2751 3870 2888 3925 pane
2914 3854 3038 3910 ρωιὶ
3074 3854 3249 3910 reﬁcit
3272 3895 3288 3920 ,
3335 3860 3498 3923 atque
3525 3855 3592 3908 ad
3623 3868 3794 3926 appe-

2203 3945 2360 4000 titum
2387 3958 2632 4013 supernae
2659 3942 2964 4007 suavitatis,
2997 3942 3124 3997 dato
3152 3942 3376 4013 pignore
3397 3940 3501 3995 cibi
3527 3941 3794 4012 spiritalis

2203 4033 2466 4090 accendit.
2502 4032 2754 4087 Misereor
2795 4048 2951 4102 super
2976 4032 3203 4095 turbam,
3242 4031 3367 4102 quia
3402 4047 3516 4086 ecce
3543 4032 3663 4102 jam
3690 4032 3793 4086 tri-

2203 4124 2306 4178 duo
2344 4124 2599 4177 sustinent
2622 4138 2723 4186 me,
2749 4139 2840 4176 nec
2861 4120 3049 4175 habent
3076 4119 3214 4190 quod
3238 4120 3573 4176 manducent.
3603 4121 3793 4179 Turba

2203 4223 2382 4270 autem
2413 4213 2590 4270 triduo
2611 4214 2898 4269 Dominum
2928 4221 3147 4284 propter
3176 4199 3514 4269 sanationem
3541 4213 3795 4272 inﬁrmo-

2203 4323 2320 4361 rum
2351 4322 2568 4362 suorum
2600 4306 2849 4369 sustinet,
2884 4320 3004 4359 cum
3033 4304 3190 4360 electi
3218 4304 3419 4374 quique
3448 4305 3551 4361 ﬁde
3583 4289 3796 4364 sancta:

2203 4397 2482 4453 Trinitatis
2513 4398 2695 4462 lucidi,
2740 4396 2968 4452 Domino
3006 4411 3106 4466 pro
3146 4397 3258 4451 suis
3300 4411 3631 4468 suorumque
3654 4415 3793 4470 pec-

2202 4490 2340 4547 catis
2387 4489 2580 4544 anima:
2628 4488 2876 4545 videlicet
2927 4489 3278 4561 languoribus
3306 4494 3674 4560 perseveranti
3706 4493 3796 4549 in—

2199 4580 2397 4634 stantia
2445 4578 2783 4649 supplicant;
2810 4579 2938 4634 item
2969 4581 3125 4634 turba
3156 4581 3334 4635 triduo
3361 4581 3648 4636 Dominum
3695 4596 3793 4637 su-

2201 4669 2383 4731 stinet,
2411 4669 2625 4738 quando
2655 4668 2942 4722 multitudo
2977 4666 3213 4722 ﬁdelium
3243 4675 3481 4738 peccata.
3517 4684 3638 4739 qua!
3663 4683 3796 4739 per-

2200 4760 2432 4828 petravit
2461 4772 2556 4828 per
2582 4758 2954 4827 pcenitentiam
2985 4757 3264 4813 declinans
3291 4759 3358 4812 ad
3393 4757 3701 4821 Dominum,
3730 4775 3794 4816 se

2201 4851 2253 4904 in
2284 4866 2468 4919 opere,
2518 4850 2573 4904 in
2614 4849 2880 4905 locutione
2905 4858 3066 4918 atque
3097 4848 3151 4902 in
3194 4849 3520 4920 cogitatione
3557 4864 3796 4905 conver-

2202 4943 2284 4997 tit.
2320 4943 2388 4997 Et
2431 4943 2474 4996 si
2505 4943 2751 4995 dimisero
2779 4957 2866 4994 eos
2877 4940 3093 5010 jejunos
3120 4941 3177 4994 in
3202 4941 3414 4994 domum
3453 4956 3604 4993 suam
3649 4939 3791 5008 deﬁ-

2198 5035 2330 5087 cient
2359 5035 2411 5088 in
2445 5033 2550 5086 via.
2597 5032 2877 5086 Dimittere
2900 5029 3114 5098 jejunus
3141 5031 3195 5085 in
3225 5031 3440 5086 domum
3484 5046 3640 5086 suam
3682 5030 3796 5088 Do-

2198 5125 2379 5180 minus
2423 5138 2526 5178 non
2583 5124 2697 5178 vult
2741 5140 2808 5179 ne
2848 5124 3102 5178 deﬁciant
3138 5124 3192 5177 in
3220 5125 3327 5177 via.
3361 5123 3496 5191 Quia
3533 5125 3796 5181 videlicet

2201 5214 2444 5269 conversi
2487 5223 2799 5284 peccatores
2825 5213 2878 5268 in
2924 5212 3206 5282 praesentis
3233 5213 3356 5268 vita:
3389 5213 3471 5267 via
3504 5212 3789 5280 deﬁciunt,

2197 5308 2243 5362 si
2273 5308 2327 5360 in
2369 5322 2464 5361 sua
2514 5305 2843 5361 conscientia
2885 5305 3004 5359 sine
3052 5305 3312 5360 doctrina:
3359 5314 3545 5360 sancto
3584 5305 3792 5375 pabulo

2200 5397 2561 5452 dimittantur.
2595 5394 2671 5449 Ne
2699 5410 2829 5465 ergo
2870 5395 3143 5450 lassentur
3185 5395 3344 5464 hujus
3391 5396 3793 5466 peregrinatio-

2199 5487 2284 5540 nis
2313 5487 2523 5549 itinere,
2557 5485 2809 5554 pascendi
2841 5493 2965 5540 sunt
2994 5500 3148 5540 sacra
3183 5485 3564 5539 admonitione.

2272 5577 2502 5643 Quidam
2548 5579 2684 5631 enim
2707 5593 2780 5634 ea;
2795 5577 2869 5631 eis
2896 5576 2958 5631 de
2999 5576 3148 5646 longe
3178 5585 3439 5630 venerunt.
3472 5575 3570 5630 Est
3600 5583 3790 5634 autem

2199 5673 2292 5743 qui
2323 5672 2398 5727 nil
2437 5671 2643 5726 fraudis
2676 5678 2731 5725 et
2762 5669 2892 5724 nihil
2922 5667 3153 5722 carnalis
3181 5667 3545 5736 corruptionis
3586 5684 3794 5741 asper-

2203 5769 2310 5830 tus,
2334 5761 2399 5817 ad
2425 5757 2806 5830 omnipotentis
2836 5757 2928 5814 Dei
2955 5757 3232 5813 servitium
3264 5754 3560 5812 festinavit.
3588 5756 3697 5815 istc
3722 5757 3796 5815 de
