3960 6332
232 349 336 409 δτι

1333 353 1637 411 HOMlLlE
1664 354 1744 411 »ια
1781 353 2035 413 EVANG.
2072 354 2164 411 ET
2202 354 2417 413 EPIST.

3388 357 3496 414 578

232 462 527 537 longinquo
566 477 675 519 non
720 464 899 530 venit,
946 464 1073 535 quia
1122 481 1218 537 per
1271 468 1726 537 incorruptionem
1761 475 1891 530 etA
1919 468 2197 539 discipulis
2226 470 2400 535 daret,
2448 468 2782 538 apertionem
2830 467 3077 537 designat
3120 480 3494 527 sacramento-

231 554 597 613 lnnoeentlam
627 557 907 625 proximus
932 557 1048 612 fuit.
1079 559 1250 623 Alius,
1279 558 1420 614 nulla
1458 561 1809 631 impudicitia,

231 645 398 703 nullis
440 645 656 717 ﬂagitiis
694 646 1023 717 inquinatus,
1070 648 1184 704 sola
1223 659 1402 705 autem
1434 652 1679 723 conjugia
1721 668 1816 707 ex-

231 744 438 808 pertus,
471 737 540 791 ad
584 737 942 793 ministerium
981 740 1223 809 spiritale
1259 756 1553 797 conversus
1580 751 1686 806 est,
1722 758 1816 797 ne-

231 842 339 897 que
372 827 477 882 iste
504 827 650 883 venit
683 842 715 881 e
739 828 1047 900 longinquo,
1095 832 1221 900 quia
1259 848 1389 886 usus
1436 833 1816 903 conjunctione

229 932 491 974 concessa
514 933 613 988 per
637 919 823 974 illicita
860 936 965 975 non
992 923 1214 976 erravit.
1250 922 1525 977 Alii'vcro
1552 934 1675 993 post
1696 939 1817 979 car—

229 1007 319 1063 nis
352 1007 579 1079 ﬂagitia,
601 1009 690 1065 alii
722 1019 844 1082 post
865 1010 995 1067 falsa
1026 1014 1329 1069 testimonia
1357 1054 1372 1079 ,
1417 1015 1506 1069 alii
1528 1026 1652 1084 post
1673 1015 1815 1075 facta

227 1096 399 1163 furta,
426 1099 517 1152 alii
540 1109 659 1170 post
694 1100 870 1157 illatas
894 1102 1195 1171 violentias,
1232 1104 1322 1177 alii
1356 1114 1480 1175 post
1505 1114 1815 1175 perpetrata

230 1190 525 1246 homicidia
552 1192 620 1246 ad
651 1193 1022 1261 ptenitentiam
1064 1195 1310 1260 redeunt,
1341 1204 1506 1265 atque
1541 1196 1609 1249 ad
1643 1197 1817 1251 omni-

228 1283 469 1353 patentis
500 1282 593 1338 Dei
594 1285 895 1346 servitium
938 1284 1347 1351 convertuntur,
1387 1288 1444 1341 bi
1467 1287 1717 1343 videlicet
1747 1289 1815 1343 ad

230 1372 520 1429 Dominum
578 1374 644 1429 de
698 1374 989 1446 longinquo
1046 1375 1288 1429 veniunt.
1350 1376 1565 1442 Quanto
1612 1378 1813 1433 etenim

227 1464 461 1534 quisque
489 1463 607 1534 plus
635 1464 688 1518 in
724 1480 891 1535 pravo
918 1478 1080 1534 opere
1110 1467 1334 1531 erravit,
1365 1475 1515 1522 tanto
1546 1469 1614 1522 ab
1647 1469 1818 1523 omni-

230 1566 465 1627 potente
496 1557 725 1613 Domino
752 1557 962 1630 longius
1001 1562 1248 1616 recessit.
1281 1561 1487 1617 Dentur
1515 1563 1680 1633 igitur
1717 1565 1816 1619 ali-

227 1658 413 1704 menta
461 1649 539 1703 eis
567 1649 748 1723 etiam,
815 1650 904 1720 qui
938 1651 1005 1717 de
1049 1651 1343 1723 longinquo
1391 1654 1636 1719 veniunt,
1685 1654 1812 1724 quia

225 1742 507 1799 conversis
553 1743 929 1813 peccatoribus
976 1746 1235 1801 doctrinae
1282 1757 1481 1802 sancta:
1525 1749 1629 1803 cibi
1669 1764 1810 1819 prae-

1917 574 2059 625 rum,
2094 562 2289 630 quibus
2312 561 2380 615 ad
2418 569 2730 631 perpetuam
2763 560 2993 615 salutem
3033 561 3351 619 nutriendus
3376 570 3498 620 erat

1915 653 2165 706 mundus.
2191 650 2327 705 Cum
2358 651 2501 706 enim
2528 651 2605 705 ait
2630 651 2887 707 Dominus
2915 652 3028 722 ipse
3054 671 3067 707 :
3092 651 3160 707 Et
3186 668 3335 707 nemo
3354 654 3496 709 nouit

1913 740 2084 809 [ilium
2107 742 2210 797 nisi
2261 741 2441 805 Pater,
2483 757 2645 811 neque
2671 750 2871 811 patrem
2893 744 3011 812 quis
3047 743 3184 797 nouit
3206 743 3308 796 nisi
3328 743 3495 812 ﬁlius,

1916 841 1962 883 et
2000 831 2086 883 cui
2116 830 2334 884 voluerit
2374 830 2517 899 ﬁlius
2549 829 2773 883 reuelare
2793 834 2816 887 ?
2839 831 2982 899 quod
3017 832 3119 885 nisi
3146 846 3343 902 panem
3371 833 3494 889 vita

1916 917 2076 973 nobis
2095 932 2192 987 per
2217 934 2275 973 se
2300 918 2647 989 aperiendum
2680 918 3089 984 demonstravit,
3123 921 3191 974 ad
3231 919 3383 991 cujus
3411 920 3496 979 in-

1918 1009 2119 1065 teriora
2144 1010 2415 1064 cernenda
2443 1024 2540 1077 per
2564 1024 2665 1063 nos
2688 1008 2838 1079 ipsos
2866 1020 3151 1078 penetrare
3184 1011 3493 1079 nequimus,

1917 1100 2004 1155 cui
2045 1109 2231 1155 contra
2272 1099 2537 1169 Propheta
2584 1101 2887 1155 mirabilem
2913 1102 3269 1169 quorumdam
3297 1102 3494 1159 famem

1910 1189 2203 1259 deplorans
2247 1190 2445 1254 aiebat,
2485 1190 2692 1259 parvuli
2728 1192 2987 1260 petierunt
3009 1206 3220 1261 panem,
3256 1208 3346 1245 nec
3384 1204 3497 1247 erat

1915 1281 2006 1347 qui
2038 1281 2300 1351 frangeret
2344 1278 2630 1346 εἰαρινοά
2669 1288 2754 1336 est
2797 1280 2919 1336 aliis
2952 1281 3135 1336 verbis
3170 1282 3372 1347 dicere,
3414 1282 3499 1336 in—

1916 1373 2059 1427 docti
2109 1372 2441 1442 quaesierunt
2462 1372 2718 1442 pabulum
2752 1371 2905 1427 verbi
2936 1372 3051 1437 Dei,
3094 1386 3203 1441 quo
3231 1372 3299 1427 ad
3323 1372 3496 1427 virtu-

1919 1475 2027 1519 tem
2054 1463 2208 1518 bonae
2233 1462 2565 1533 operationis
2587 1463 3029 1519 cauvalescerent
3053 1462 3221 1523 reﬁci.
3251 1478 3353 1517 nec
3376 1469 3496 1517 erat

1918 1555 2190 1624 magistris
2235 1551 2606 1609 deﬁcientibus
2631 1554 2722 1623 qui
2748 1553 2829 1608 eis
2857 1551 3150 1621 Scriptum
3178 1568 3375 1607 arcana
3401 1568 3498 1623 pa-

1921 1647 2198 1710 tetaceret,
2252 1660 2453 1714 eosque
2479 1646 2546 1699 ad
2588 1646 2726 1698 riam
2756 1643 3001 1698 veritatis
3039 1644 3352 1698 instrueret.
3384 1645 3494 1697 Ae-

1920 1737 2092 1807 ceptis
2117 1744 2297 1790 autem
2326 1738 2392 1789 ad
2423 1736 2780 1806 frangendum
2816 1735 3045 1806 panibus
3075 1736 3333 1791 Dominus
3371 1751 3497 1807 gra-

226 1831 390 1886 bendi
420 1841 565 1897 sunt,
606 1841 667 1886 ut
695 1832 749 1885 in
778 1833 942 1886 Deum
974 1834 1116 1888 vires
1142 1843 1395 1903 raperent
1422 1851 1557 1905 quas
1584 1837 1638 1890 in
1663 1813 1814 1906 nagi-
1842 1813 1888 1871 Β
1920 1829 2020 1882 tias
2042 1828 2172 1898 agit.
2204 1835 2263 1881 ut
2292 1834 2345 1881 et
2383 1828 2495 1897 ipse
2522 1836 2783 1897 quantum
2832 1828 2897 1882 de
2939 1827 3110 1881 salute
3148 1828 3493 1897 generishu-

226 1922 319 1976 tiis
351 1921 666 1977 amiserunt.
723 1922 857 1977 Item
895 1922 1064 1977 Judaei
1121 1924 1448 1995 quicumque
1498 1927 1551 1979 in
1597 1925 1813 1981 Christo

226 2013 595 2078 crediderunt,
628 2013 694 2068 de
733 2028 900 2083 prope
928 2015 995 2068 ad
1027 2013 1173 2067 illum
1218 2024 1500 2080 venerunt,
1528 2017 1653 2086 quia
1678 2016 1812 2086 legis

224 2110 283 2157 et
313 2102 703 2172 Prophetarum
728 2116 885 2161 erant
910 2106 1105 2163 litteris
1135 2109 1311 2163 edocti
1348 2110 1414 2165 de
1445 2110 1555 2175 illo,
1588 2112 1811 2169 creden-

226 2198 311 2247 tes
344 2207 474 2249 vero
501 2208 567 2247 ex
611 2196 861 2265 gentibus
895 2196 963 2252 de
1000 2195 1158 2268 longe
1194 2198 1384 2268 utique
1436 2210 1698 2255 venerunt
1744 2203 1811 2257 ad

223 2280 525 2347 Christum,
563 2284 689 2353 quia
737 2269 897 2340 nullis
935 2286 1250 2355 paginarum
1303 2304 1580 2344 sacrarum
1625 2307 1813 2347 monu-

223 2373 426 2427 mentis
454 2373 519 2427 de
554 2372 670 2441 ejus
691 2383 847 2429 erant
876 2375 980 2430 lide
1007 2378 1332 2445 przemoniti.

295 2463 369 2518 Et
398 2466 774 2534 responderunt
804 2467 852 2520 ei
872 2466 1118 2537 discipuli
1141 2468 1224 2523 sui
1256 2488 1269 2524 :
1301 2467 1452 2524 Unde
1472 2475 1600 2525 istos
1623 2472 1811 2543 poterit

221 2556 339 2639 quis
368 2555 453 2609 hic
479 2565 721 2615 saturare
738 2557 958 2639 panibus
982 2559 1043 2613 in
1066 2559 1351 2615 solitudine
1367 2562 1393 2615 ?
1418 2562 1485 2616 Et
1509 2564 1810 2634 interroga-

223 2634 296 2699 t:in
327 2661 416 2699 eos
440 2661 457 2700 :
482 2654 607 2717 quot
635 2634 797 2717 panes
844 2647 1087 2702 habetis?
1128 2649 1231 2715 Qui
1265 2652 1510 2706 dixerunt
1540 2668 1557 2705 :
1582 2651 1809 2723 Septem.

224 2736 372 2793 Bene
415 2745 824 2807 septem,panes
870 2738 929 2793 in
980 2740 1282 2796 ministerio
1328 2741 1450 2796 novi
1504 2744 1810 2799 testamenti

224 2838 540 2900 ponuntur,
584 2829 636 2883 in
672 2843 778 2899 quo
800 2829 1133 2899 septiformis
1160 2832 1335 2902 gratia
1371 2832 1605 2901 Spiritus
1630 2834 1806 2889 sancti

222 2918 436 2989 plenius
484 2917 732 2973 ﬁdelibus
766 2914 1005 2985 cunctis,
1043 2928 1097 2976 et
1129 2920 1397 2975 credenda
1443 2921 1715 2975 reveletur
1757 2931 1812 2976 et

226 3006 577 3062 credentibus
625 3006 805 3061 datur.
836 3006 1019 3077 Neque
1055 3008 1343 3064 hordeacei
1372 3009 1539 3065 fuisse
1566 3011 1808 3080 produn-

226 3110 335 3164 tur,
366 3098 509 3153 sicut
532 3097 609 3152 illi
636 3098 871 3168 quinque
897 3098 964 3152 de
989 3099 1184 3167 quibus
1208 3100 1448 3170 quinque
1478 3110 1605 3155 sunt
1636 3101 1811 3155 homi-

224 3161 355 3247 num
385 3190 555 3246 millia
584 3201 858 3258 saturata,
894 3206 961 3247 ne
998 3193 1194 3248 iterum
1229 3195 1371 3248 sicut
1416 3194 1468 3248 in
1500 3194 1617 3265 lege
1645 3194 1809 3249 vitale
1838 3161 1881 3222 Ο

224 3284 422 3339 animm
481 3283 797 3338 alimentum
839 3286 1206 3355 corporalibus
1267 3289 1620 3343 sacramentis
1662 3289 1814 3344 obte-

225 3382 477 3447 geretur,
523 3375 715 3431 hordei
746 3377 948 3431 etenim
987 3377 1220 3433 medulla
1271 3379 1612 3435 tenacissima
1646 3380 1801 3450 palea

225 3466 449 3536 tegitur.

178 3626 203 3631 ἢ
298 3554 369 3609 Et
392 3558 637 3627 praecepit
673 3556 840 3611 turbas
866 3556 1189 3612 discumbere
1216 3575 1370 3629 super
1389 3566 1601 3612 terram.
1635 3555 1810 3627 Supra

224 3649 279 3704 in
310 3649 603 3705 refectione
623 3650 865 3721 quinque
889 3667 1085 3721 panum
1137 3651 1292 3706 turba
1324 3667 1485 3721 supra
1514 3650 1696 3706 fenum
1725 3651 1810 3706 vi-

224 3740 345 3795 ride
388 3741 798 3807 discumbebat,
844 3758 985 3797 nunc
1032 3743 1123 3797 ubi
1168 3752 1373 3813 septem
1418 3744 1645 3813 panibus
1688 3744 1813 3799 rell-

224 3831 419 3887 cienda
467 3839 588 3896 est,
634 3847 795 3902 supra
837 3829 1036 3888 te‘rram
1076 3834 1415 3890 discumbere
1468 3836 1808 3906 praecipitur,

223 3921 355 3991 quia
382 3935 481 3990 per
504 3921 831 3991 scripturam
863 3922 996 3993 legis
1023 3923 1204 3979 carnis
1233 3924 1499 3978 desideria
1526 3924 1736 3981 calcare
1758 3933 1814 3980 et

222 4014 588 4080 comprimere
623 4014 895 4084 jubemur.
947 4011 1130 4071 Omnis
1184 4017 1321 4071 enim
1365 4033 1490 4071 caro
1534 4016 1733 4087 fenum,
1764 4035 1815 4083 ει

224 4101 397 4155 omnis
425 4102 595 4171 gloria
623 4103 738 4173 ejus
768 4109 1017 4174 tangam
1058 4108 1156 4175 flos
1190 4107 1316 4177 feni.
1368 4106 1427 4161 in
1463 4123 1603 4162 novo
1632 4117 1812 4165 autem

226 4196 554 4245 testamento
584 4189 755 4259 ipsam
780 4204 994 4261 quoque
1030 4203 1233 4247 terram
1271 4210 1335 4250 ac
1357 4194 1639 4251 facultates
1672 4206 1810 4253 tem-

222 4277 446 4348 porales
504 4279 875 4350 derelinquere
917 4283 1281 4353 praecipimur,
1325 4285 1409 4339 vel
1458 4294 1631 4354 certe,
1684 4289 1811 4359 quia

224 4384 387 4425 mons
432 4369 486 4424 in
516 4386 623 4441 quo
654 4372 811 4427 turba
842 4372 1133 4429 Dominicis
1165 4375 1393 4443 panibus
1440 4376 1808 4443 reﬁciebatur,

224 4460 590 4525 altitudinem,
618 4468 679 4515 ut
705 4476 866 4531 supra
892 4461 1145 4529 diximus,
1163 4466 1518 4535 redemptoris
1543 4470 1711 4523 nostri
1735 4470 1809 4524 si-

224 4548 476 4623 gniﬁcat,
516 4550 591 4605 ibi
635 4565 798 4622 super
829 4551 1031 4619 fenum,
1074 4554 1162 4609 hic
1196 4570 1357 4624 super
1386 4565 1584 4612 terram
1623 4557 1801 4614 refici-

225 4655 345 4701 tur.
367 4643 441 4699 lbi
482 4644 628 4699 enim
664 4643 926 4699 celsitudo
948 4643 1148 4700 Christi
1186 4655 1409 4715 propter
1432 4648 1678 4703 carnales
1711 4651 1808 4703 ho-

224 4735 406 4791 mines
437 4742 492 4789 et
517 4731 813 4789 Jerusalem
851 4740 1119 4788 terrenam
1148 4736 1351 4790 carnali
1381 4752 1475 4807 spe
1502 4746 1558 4792 et
1596 4738 1805 4793 deside~

223 4825 313 4881 rio
342 4827 575 4895 tegitur;
610 4824 697 4879 hic
719 4832 899 4878 autem
938 4833 1143 4881 remota
1171 4826 1317 4880 omni
1355 4828 1650 4895 cupiditate
1682 4845 1808 4884 car-

222 4913 339 4970 nali
388 4914 645 4969 eonvivas
698 4913 821 4968 novi
880 4904 1229 4981 testamenti,
1279 4918 1391 4985 spei
1440 4921 1804 4986 permanentia

226 5006 631 5061 ﬁrmamentum
654 5011 908 5073 tanquam
935 5004 1105 5075 ipsius
1132 5006 1330 5061 montis
1360 5008 1623 5075 soliditas,
1656 5010 1804 5065 nullo

225 5096 357 5153 leno
386 5094 703 5165 interposito
727 5096 1057 5151 continebat.

300 5186 371 5240 Et
401 5187 659 5257 accipiens
681 5196 871 5256 septem
892 5201 1072 5256 panes,
1116 5186 1314 5256 gratias
1352 5204 1509 5256 agens
1553 5188 1727 5259 fregit,
1760 5198 1808 5245 et

224 5278 391 5335 dabat
428 5277 697 5347 discipulis
730 5277 858 5341 suis,
906 5285 961 5329 ut
991 5285 1323 5345 opponerent,
1371 5286 1418 5329 et
1459 5288 1810 5345 opposuerunt

227 5368 419 5424 turba.
470 5366 728 5422 Dominus
774 5366 1046 5435 accipiens
1091 5381 1259 5435 panes
1312 5365 1475 5419 dabat
1532 5366 1809 5435 discipulis

228 5458 366 5522 suis,
394 5464 455 5511 nt
484 5456 587 5526 ipsi
617 5466 865 5525 acceptos
891 5458 1061 5511 turba:
1088 5464 1438 5525 apponerent,
1491 5457 1618 5525 quia
1646 5456 1811 5526 spiri-

230 5545 363 5603 talis
407 5546 548 5600 dona
587 5546 825 5600 scientiae
876 5546 1119 5601 tribuens
1162 5546 1433 5616 Apostolis
1486 5562 1581 5615 per
1620 5562 1809 5603 eorum

227 5637 598 5698 ministerimn
639 5636 807 5691 voluit
851 5638 1102 5692 Ecclesiae
1143 5652 1253 5693 sum
1312 5652 1409 5707 per
1456 5638 1643 5693 orbem
1688 5638 1812 5693 vita:

235 5727 440 5785 rilaria
486 5728 755 5786 distribui.
812 5726 963 5795 Quod
1015 5736 1193 5785 autem
1236 5726 1401 5799 fregit
1437 5742 1625 5800 panes,
1676 5741 1815 5799 quos

1916 1916 2061 1971 mani
2090 1916 2425 1985 eongaudeat
2456 1916 2725 1980 ostendat,
2763 1923 2817 1968 ct
2844 1930 2943 1970 nos
2971 1917 3038 1971 ad
3068 1917 3304 1986 agendas
3346 1930 3493 1972 sern-

1914 2024 2012 2078 pcr
2039 2009 2150 2063 Deo
2178 2009 2381 2078 gratias
2406 2008 2682 2071 informet,
2712 2024 2834 2063 cum
2855 2008 2940 2063 vel
2971 2016 3187 2063 terreno
3214 2023 3353 2079 pane
3378 2023 3497 2062 car-

1914 2112 2060 2163 nem,
2099 2098 2185 2152 vel
2216 2098 2451 2152 animam
2504 2097 2714 2152 caelesti
2751 2111 2981 2167 superna
3016 2098 3188 2169 gratia
3238 2098 3500 2168 largiente

1913 2188 2208 2244 reficimus.

1982 2278 2051 2331 Et
2086 2278 2342 2334 habebant
2382 2278 2662 2349 pisciculos
2693 2296 2908 2349 paucos,
2947 2288 2995 2333 et
3032 2280 3170 2349 ipsos
3216 2279 3496 2345 benedixit,

1913 2374 1961 2418 et
1978 2364 2136 2435 jussit
2164 2368 2371 2435 apponi.
2416 2366 2475 2420 Si
2503 2369 2557 2420 in
2587 2368 2816 2437 panibus
2835 2377 3038 2437 septem
3069 2369 3335 2438 scriptura
3371 2369 3497 2423 novi

1914 2458 2223 2513 testamenti
2255 2457 2588 2529 designatur,
2615 2460 2668 2513 in
2700 2458 2853 2527 cujus
2885 2459 3118 2514 lectione
3143 2475 3237 2530 per
3265 2461 3497 2535 gratiam

1914 2547 2084 2601 sancti
2117 2545 2353 2616 Spiritus
2385 2548 2623 2603 internas
2649 2549 2908 2603 mentium
2938 2549 3124 2621 epulas
3171 2550 3496 2617 invenimus,

1913 2638 2041 2707 quid
2072 2638 2123 2692 in
2168 2638 2431 2707 piscibus,
2460 2652 2596 2707 quos
2640 2638 2962 2693 benedicens
3002 2640 3203 2709 pariter
3235 2640 3497 2695 Dominus

1915 2731 2086 2787 turbae
2116 2728 2285 2799 jussit
2317 2730 2535 2800 apponi,
2587 2729 2691 2784 nisi
2734 2738 2953 2787 sanctos
3006 2730 3300 2800 accipimus
3351 2730 3497 2787 illius

1915 2818 2173 2888 temporis
2208 2834 2315 2888 quo
2354 2819 2542 2873 eadem
2570 2828 2657 2873 est
2682 2820 2894 2873 condita
2924 2821 3217 2890 scriptura,
3246 2820 3329 2874 vel
3355 2835 3495 2889 quo-

1912 2924 2030 2965 rum
2069 2910 2184 2979 ipsa
2217 2910 2483 2979 scriptura
2514 2910 2695 2975 ﬁdem,
2755 2911 2919 2964 vitam
2961 2917 3018 2963 ct
3058 2910 3337 2979 passiones
3364 2926 3495 2966 con-

1910 3001 2067 3066 tinet,
2094 3001 2185 3070 qui
2217 3000 2282 3055 de
2306 2999 2625 3055 turbulentis
2663 3000 2823 3070 hujus
2863 3000 3045 3054 steculi
3080 2998 3331 3055 ﬂuctibus
3369 3015 3492 3070 ere-

1912 3092 2012 3161 pti,
2064 3107 2131 3148 ac
2176 3092 2356 3146 divina
2382 3091 2755 3147 benedictione
2793 3091 3092 3146 consecrati
3138 3089 3488 3148 refectionem

1912 3182 2068 3238 nobis
2108 3183 2396 3247 internam,
2438 3198 2506 3237 ne
2532 3183 2585 3236 in
2611 3182 2771 3251 hujus
2812 3181 3363 3259 mtmdi'transenntia
3394 3198 3493 3239 ex-

1911 3292 2072 3332 cursu
2119 3276 2491 3341 deiiceremus,
2521 3274 2769 3344 exemplo
2805 3290 2918 3330 suae
2944 3272 3032 3329 vel
3061 3274 3183 3333 vitae
3208 3275 3491 3345 praebuere

1911 3365 1994 3421 vel
2023 3366 2253 3424 mortis?

1985 3454 2048 3509 Et
2074 3459 2538 3519 ntanducarerunt,
2568 3464 2616 3511 et
2646 3455 2875 3509 saturati
2901 3464 3040 3510 unt.
3074 3453 3397 3511 Maoducaot
3421 3454 3491 3511 do

1910 3545 2141 3615 panibus
2168 3545 2380 3601 Domini
2425 3544 2773 3614 ac'piscibus,
2823 3552 2877 3601 et
2920 3552 3235 3623 saturantur
3271 3545 3363 3614 qui
3401 3560 3496 3601 au-

1911 3635 2119 3690 dientes
2141 3634 2305 3690 verba
2353 3633 2449 3689 Dei
2475 3644 2531 3689 et
2569 3634 2811 3704 exempla
2852 3634 3145 3699 intuentes,
3196 3634 3264 3688 ad
3313 3633 3492 3704 profe-

1912 3735 2059 3781 ctum
2106 3726 2231 3779 vitae
2261 3725 2614 3782 correctionis
2653 3740 2750 3793 per
2783 3725 2900 3779 luce
2947 3724 3173 3779 excitari
3214 3732 3379 3794 atque
3405 3739 3496 3780 as-

1912 3826 2136 3881 surgere
2176 3812 2461 3873 festinaut,
2502 3811 2699 3881 quibus
2743 3820 2867 3880 apte
2895 3810 3146 3881 congruit
3172 3810 3300 3864 illud
3345 3810 3497 3867 Psal-

1913 3904 2109 3970 mistat,
2155 3903 2305 3958 edent
2331 3919 2581 3973 pauperes
2620 3914 2668 3957 et
2704 3903 3083 3961 saturabuntur
3114 3913 3166 3959 et
3198 3904 3491 3960 laudabunt

1913 3993 2219 4060 Dominum,
2248 4002 2355 4049 etc.

1984 4082 2055 4139 Et
2111 4083 2433 4149 susfulerunt
2486 4084 2625 4155 quod
2679 4092 3019 4154 superaverat
3067 4085 3132 4140 de
3186 4084 3494 4157 fragmentis

1912 4188 2105 4249 septem
2128 4187 2353 4249 sportas.
2388 4176 2541 4245 Quod
2566 4177 2744 4232 turbis
2773 4176 3028 4232 saturatis
3066 4186 3306 4246 superat,
3348 4181 3494 4249 Apo-

1912 4271 2045 4326 stoli.
2086 4269 2395 4335 sustollant,
2448 4277 2505 4324 et
2556 4277 2762 4338 septem
2804 4276 3018 4338 sportas
3072 4268 3314 4338 implent,
3363 4272 3491 4340 quia

1912 4376 2042 4417 vero
2076 4368 2204 4416 sunt
2254 4359 2445 4415 altiora
2487 4357 2833 4429 perfectionis
2881 4367 3148 4428 praecepta
3193 4359 3277 4414 vel
3314 4361 3492 4429 potius

1909 4452 2344 4513 exhortamenta,
2385 4455 2440 4503 et
2486 4447 2733 4513 mnsilia,
2785 4462 2905 4517 quae
2950 4448 3217 4519 generalis
3254 4449 3492 4508 ﬁdelium

1836 4525 1884 4585 Ι)
1914 4542 2201 4597 multitudo
2248 4540 2433 4609 nequit
2473 4539 2744 4593 servando
2777 4547 2832 4594 et
2880 4539 3150 4607 implendo
3200 4530 3488 4613 attingere,

1909 4651 2138 4707 quorum
2166 4634 2443 4690 exsecutio
2478 4631 2597 4686 illos
2627 4631 2841 4700 proprie
2883 4632 3127 4700 respicit,
3165 4633 3257 4702 qui
3300 4631 3493 4701 majori

1911 4726 2083 4781 sancti
2120 4723 2352 4793 Spiritus
2397 4722 2570 4793 gratia
2614 4722 2757 4790 pleni
2802 4722 3110 4792 generalem
3157 4722 3334 4792 populi
3371 4724 3488 4789 Dei,

1909 4816 2323 4873 conversatione
2360 4814 2557 4869 mentis
2582 4822 2742 4882 atque
2769 4814 2951 4883 operis
2979 4812 3308 4871 sublimitate
3344 4823 3493 4871 tran-

1906 4910 2185 4966 scendunt.
2206 4906 2465 4975 Qualibus
2484 4906 2681 4960 dicitur
2699 4922 2712 4958 :
2729 4903 2791 4959 Si
2816 4905 2889 4958 vis
2908 4904 3162 4974 perfectus
3187 4922 3320 4971 esse,
3343 4908 3493 4973 unde,

1908 5000 2068 5056 vende
2098 5000 2273 5053 omnia
2302 5013 2416 5067 qua:
2443 4996 2624 5059 habes,
2653 5002 2757 5049 etc.
2791 4993 2945 5049 Unde
2970 4994 3110 5051 bene
3142 5004 3337 5065 sporta
3374 4996 3494 5065 qui-

1911 5092 2011 5145 bus
2040 5088 2441 5144 Dominicorum
2482 5092 2608 5140 sunt
2650 5084 2865 5139 condita
2911 5082 3211 5154 fragmenta
3246 5084 3491 5141 ciborum

1912 5188 2133 5249 propter
2161 5176 2525 5246 septiformem
2548 5172 2783 5244 Spiritus
2811 5173 3063 5243 gratiam,
3091 5182 3297 5244 septem
3326 5172 3497 5231 [uuae

1914 5277 2305 5323 memorantur.
2349 5264 2485 5319 Nam
2523 5263 2649 5333 quia
2684 5268 2878 5331 sporta:
2901 5262 3069 5331 junco
3100 5270 3158 5316 et
3191 5261 3493 5331 palmarum

1914 5360 2059 5414 foliis
2078 5358 2253 5413 solent
2278 5355 2515 5418 contexi,
2565 5353 2759 5407 merito
2793 5352 2847 5406 in
2875 5362 3189 5406 sanctorum
3208 5350 3491 5421 signiﬁes-

1917 5452 2065 5506 tione
2110 5455 2403 5517 ponuntur.
2446 5442 2649 5501 Juncus
2697 5441 2896 5511 quippe
2932 5454 3094 5511 super
3133 5454 3303 5511 aquas
3339 5440 3491 5505 nasci

1914 5540 2214 5603 consuevit,
2260 5538 2437 5609 palma
2480 5549 2609 5589 vero
2648 5534 2929 5588 victricem
2961 5540 3123 5588 ornat
3155 5531 3498 5605 manumth

1911 5632 2123 5705 junceis
2149 5630 2296 5686 vasis
2342 5636 2489 5684 recte
2534 5634 2921 5695 comparantur
2953 5623 3141 5690 ,electi,
3178 5639 3299 5679 cum
3340 5623 3495 5679 radi-

1919 5738 2040 5782 cem
2068 5722 2265 5788 cordis,
2295 5736 2363 5779 ne
2411 5718 2551 5777 forte
2591 5718 2658 5775 ab
2690 5731 2876 5773 amore
2912 5716 3231 5774 aeternitatis
3258 5726 3496 5778 arescat.
