3960 6376
483 368 589 426 879

1127 369 1189 425 Β.
1228 368 1477 425 [MBAN]
1518 368 1739 427 MAURI
1781 371 2099 427 ARCHIEP.
2142 370 2450 428 MOGUNT.
2492 370 2775 428 OPERL‘M
2816 371 2997 428 PARS
3036 371 3095 427 ll.

3651 373 3762 433 389

479 484 696 556 in‘ipso
736 485 862 553 vittc
892 483 1049 540 lionte
1100 484 1389 539 collocant.
1444 484 1825 540 Assimilantur
1867 497 1922 540 et
1968 486 2069 551 eis,
2100 490 2146 546 Α
2175 499 2356 537 eorum
2414 492 2491 538 est
2533 485 2623 555 qui
2666 486 2951 539 secundum
2994 485 3236 551 spiritum
3284 485 3573 563 ambulant.
3630 489 3762 546 Hinc

472 582 602 650 quae
618 577 697 634 de
724 577 1024 648 palmarum
1072 586 1199 632 sunt
1238 578 1381 633 foliis
1410 576 1687 644 contexta,
1729 593 1851 634 cum
1888 580 1941 633 in
1972 579 2065 635 de-

482 666 623 723 fectu
664 667 777 738 jam
813 678 1031 722 aeterna:
1069 668 1439 723 retributionis
1481 669 1813 731 memoriam_
1830 684 1967 738 puro
2009 670 2063 724 in

479 756 643 812 corde
666 756 917 811 retinent.
942 758 1009 812 Et
1033 757 1169 813 bene
1196 759 1377 823 turba,
1405 758 1653 828 quamvis
1676 757 1935 828 reliquias
1962 759 2066 814 Do-

478 848 664 903 mmiei
698 848 911 918 prandii
953 863 1063 903 non
1096 859 1336 918 caperet,
1387 848 1746 905 manducasse
1795 858 1975 904 tamen
2010 857 2066 904 et

476 946 722 999 saturata
751 956 873 997 esse
897 949 1169 1003 narratur,
1203 943 1328 1013 quia
1365 952 1491 998 sunt
1529 943 1793 1009 nonnulli,
1837 944 1927 1014 qui
1959 945 2065 999 etsi

476 1029 663 1085 omnia
678 1044 780 1086 sua
806 1030 1114 1101 relinquere
1146 1042 1439 1102 nequeunt,
1470 1043 1647 1088 tamen
1671 1035 1972 1089 esurientes
2010 1042 2065 1089 et

467 1118 723 1175 sitientes
744 1118 1035 1188 justitiam,
1081 1129 1413 1187 saturantur,
1457 1138 1579 1178 cum
1609 1123 1877 1178 audiendo
1912 1139 2065 1178 man-

477 1207 601 1262 data
642 1208 775 1281 legis
803 1210 899 1265 Dei
928 1211 997 1266 ad
1035 1210 1201 1265 vitam
1245 1216 1568 1282 perveniunt
1596 1223 1875 1269 attentam.
1921 1215 2065 1269 Bene

484 1307 719 1369 quatuor
769 1300 972 1366 millia,
1028 1309 1090 1355 ut
1131 1302 1247 1372 ipso
1307 1303 1470 1358 etiam
1520 1318 1744 1359 numero
1806 1305 2065 1358 docerent

479 1387 822 1460 Evangeiicis
853 1408 913 1446 se
951 1399 1136 1460 pastos
1184 1406 1304 1447 esse
1343 1393 1596 1456 cibariis,
1643 1408 1742 1463 per
1774 1393 2061 1448 Dominum

479 1488 728 1535 rostrum
775 1478 1074 1546 Christum,
1122 1481 1212 1549 qui
1246 1497 1368 1538 cum
1408 1482 1568 1536 Patre
1600 1491 1654 1537 et
1700 1482 1904 1553 Spiritu
1935 1498 2062 1537 san-

477 1579 567 1625 cto
593 1571 723 1625 vivit
752 1581 805 1626 et
841 1580 1030 1643 regnat
1057 1570 1230 1635 Deus,
1262 1585 1364 1641 per
1397 1573 1579 1629 omnia
1615 1574 1808 1628 stecula
1840 1574 2066 1629 steculo-

480 1672 620 1715 rum.
649 1660 843 1716 Amen.

1002 1753 1285 1811 HOMlLlA
1322 1754 1532 1812 CXXII.

1129 1862 1288 1903 FERIA
1345 1863 1419 1901 IV.

512 1934 703 1992 Lectio
734 1938 987 2009 Epistolas
1019 1939 1161 1995 beati
1188 1939 1336 1994 Pauli
1368 1941 1593 2011 apostoli
1635 1943 1702 1998 ad
1730 1942 2023 1998 Romanos.

534 2018 790 2091 ‘Frntres,
820 2029 950 2083 nihil
977 2044 1114 2084 nunc
1138 2030 1492 2086 damnationis
1520 2043 1595 2087 est
1623 2033 1704 2088 his
1738 2036 1827 2103 qui
1854 2044 1973 2089 sunt
2010 2036 2064 2087 in

459 2115 685 2172 'Cltrt'sto
716 2117 863 2183 Iesu,
903 2126 1008 2174 etc.

556 2208 708 2264 Nihil
734 2227 873 2265 nunc
907 2212 1263 2268 damnationis
1291 2224 1365 2269 est
1387 2216 1467 2271 his
1495 2218 1585 2287 qui
1608 2227 1731 2274 sunt
1756 2218 1824 2273 in
1854 2217 2065 2274 Christo

476 2298 627 2355 Iesu.
661 2299 770 2356 Lex
790 2302 927 2357 enim
956 2302 1186 2373 Spiritus
1214 2305 1331 2359 vitae
1356 2306 1411 2360 in
1435 2303 1643 2361 Christo
1671 2306 1802 2362 Iesu
1827 2309 2065 2363 liberavit

476 2407 558 2445 me
585 2408 616 2445 a
643 2391 754 2463 lege
775 2392 973 2463 peccati
995 2400 1045 2447 et
1071 2397 1274 2449 mortis.
1318 2395 1399 2450 Ex
1433 2411 1542 2467 quo
1571 2398 1886 2470 intelligitur
1926 2414 2065 2469 quo-

480 2480 684 2535 tidiana
729 2482 905 2551 gratia
953 2481 1155 2538 Christi
1199 2498 1388 2539 omnes
1433 2496 1651 2542 sanctos
1696 2487 1766 2541 ab
1805 2489 1908 2543 hac
1934 2484 2065 2561 ‘lege

476 2572 682 2642 pc‘ccati
713 2580 769 2628 et
803 2575 1013 2639 mortis,
1058 2574 1113 2629 iu
1150 2591 1310 2646 quam
1334 2574 1536 2649 jugiter
1572 2578 1657 2634 vel
1688 2579 1932 2635 nolentes
1970 2595 2065 2636 co-

475 2670 699 2731 guntur,
729 2663 1028 2729 incurrere,
1054 2678 1176 2719 cum
1202 2666 1575 2722 remissionem
1605 2668 1908 2723 debitorum
1940 2684 2066 2725 suo-

478 2767 599 2805 sum
619 2768 650 2807 a
683 2753 910 2810 Domino
937 2763 1231 2824 precantur
1259 2757 1483 2812 absolvi.
1514 2758 1739 2814 Videtur
1763 2773 1908 2830 ergo,
1957 2776 2061 2815 non

478 2856 545 2897 ex
572 2857 824 2913 persona
868 2856 1237 2915 peccatorum,
1288 2848 1382 2902 sed
1427 2863 1494 2902 ex
1535 2848 1748 2903 illorum
1802 2851 1893 2920 qui
1938 2864 2064 2905 vere

478 2936 651 2990 sancti
679 2944 838 3007 atque
866 2936 1091 3007 perfecti
1117 2947 1240 2993 sunt
1268 2979 1282 3002 ,
1333 2940 1476 2994 hanc
1500 2938 1717 2994 beatum
1746 2940 2063 3011 Apostolum

476 3026 807 3096 prompsisse
856 3028 1199 3095 sententiam,
1237 3026 1360 3083 Non
1403 3030 1539 3084 enim
1582 3033 1724 3101 quod
1769 3030 1879 3085 volo
1924 3032 2064 3102 facio

474 3116 693 3183 bonum,
728 3116 820 3171 sed
842 3118 981 3189 quod
1012 3118 1099 3172 odi
1130 3121 1326 3174 malum
1365 3122 1461 3175 hoc
1486 3137 1605 3192 ago,
1637 3131 1683 3175 et
1725 3123 1871 3177 video
1897 3124 2060 3178 aliam

2168 573 2314 627 enim
2346 574 2413 628 ad
2436 574 2667 644 gratiam
2707 575 2979 645 pertinent
3029 573 3264 645 Spiritus
3301 576 3497 643 sancti,
3544 580 3760 648 quando

2166 665 2310 717 enim
2348 679 2458 720 non
2483 674 2605 719 erat
2647 666 2890 720 charitas
2920 664 3148 733 iustitia:
3189 666 3283 721 sed
3320 667 3504 732 timor,
3534 668 3618 724 lex
3649 685 3760 726 non

2167 756 2515 829 implebatur.
2567 759 2693 814 Ideo
2733 759 2900 827 igitur
2937 760 3250 814 damnatum
3291 759 3423 815 dicit
3450 768 3758 830 peccatum,

2166 857 2226 902 ut
2279 848 2593 919 impleretur
2648 849 2704 903 in
2757 849 2917 905 nobis
2965 848 3283 919 iustiﬁcatio
3342 849 3497 920 legis,
3535 851 3676 905 datas
3726 867 3759 906 a

2166 937 2366 1009 Moyse.
2392 936 2602 994 Sublati
2630 939 2770 994 unm
2802 939 2872 993 de
2897 941 3198 994 conditione
3240 938 3390 1011 legis,
3419 940 3547 1010 {acti
3573 958 3761 996 sums

2165 1029 2329 1082 amici
2370 1027 2647 1099 ejusdem,
2688 1028 2966 1099 iustiﬁcati
3009 1030 3156 1086 enim
3206 1031 3397 1086 amici“
3425 1039 3554 1087 sunt
3599 1031 3759 1102 legis.

2166 1118 2447 1185 Quomodo
2487 1128 2668 1177 autem
2707 1120 3049 1191 impletur-in
3091 1121 3247 1178 nobis
3276 1122 3619 1192 justiticatio,
3656 1125 3761 1181 nisi

2167 1226 2309 1266 cum
2337 1212 2499 1268 datur
2542 1214 2793 1269 remissio
2837 1215 3079 1269 omnium
3117 1223 3463 1284 peccatorum
3492 1217 3520 1271 ἲ
3566 1225 3627 1271 ιιι
3668 1232 3761 1271 su-

2167 1304 2331 1359 blatis
2353 1304 2592 1374 peccatis
2623 1304 2954 1374 justiﬁcatus
3000 1314 3261 1376 appareat
3304 1315 3483 1362 mente
3511 1308 3761 1364 serviens

2160 1392 2269 1464 legi
2306 1394 2423 1457 Dei,
2460 1394 2563 1451 hoc
2602 1403 2688 1449 est
2720 1410 2826 1449 non
2866 1396 3159 1449 secundum
3190 1410 3410 1450 carnem
3452 1396 3757 1459 ambulans.

2127 1495 2130 1498 ‘
2167 1482 2259 1536 sed
2285 1482 2576 1537 secundum
2593 1482 2871 1553 spiritum,
2891 1490 2951 1536 ut
2973 1482 3188 1537 devotio
3208 1483 3395 1549 animi,
3422 1486 3519 1554 qui
3540 1495 3624 1541 est
3654 1486 3767 1554 spi-

2166 1571 2319 1634 ritus,
2338 1586 2443 1626 non
2460 1571 2762 1626 consentiat
2776 1571 3043 1626 desiderio
3058 1572 3413 1641 peccati,quia
3429 1587 3526 1641 per
3538 1588 3761 1628 carnem

2164 1664 2464 1718 seminatur
2482 1662 2919 1733 concupiscentia
2942 1661 3160 1725 animm,
3176 1661 3319 1731 quod
3344 1673 3425 1717 est
3452 1673 3765 1733 peccaturo.

2238 1754 2341 1821 Qui
2366 1756 2500 1810 enim
2526 1755 2811 1809 secundum
2833 1771 3043 1809 carnem
3058 1766 3200 1821 sunt,
3218 1771 3333 1826 (μιαν
3350 1756 3524 1810 carnis
3538 1767 3661 1811 sunt
3676 1773 3766 1809 sa-

2095 1863 2143 1923 Β
2170 1848 2352 1918 piunt;
2378 1848 2467 1918 qui
2499 1863 2615 1902 vero
2643 1846 2926 1901 secundum
2952 1845 3192 1915 spiritum
3210 1886 3224 1911 ,
3264 1862 3382 1915 quae
3402 1858 3521 1900 sunt
3546 1848 3764 1916 spiritus

2167 1939 2419 1995 sentiunt.
2457 1937 2556 1992 Hic
2578 1938 2692 2007 jam
2716 1936 2896 2007 aptius
2918 1935 3073 2005 quasi
3104 1935 3247 1990 inter
3277 1951 3375 1990 nos
3404 1945 3459 1989 ct
3479 1934 3767 1991 Jutlteosin

2168 2028 2347 2083 medio
2378 2034 2622 2082 statuens
2656 2023 2833 2096 legem
2874 2023 3070 2095 Moysi,
3106 2023 3237 2079 dicit
3275 2041 3291 2079 :
3335 2022 3440 2089 Qui
3474 2023 3765 2078 secundant

2166 2134 2377 2173 carnem
2408 2128 2550 2182 sunt,
2575 2133 2692 2189 qua:
2723 2115 2899 2169 carnis
2919 2123 3039 2169 sunt
3062 2116 3294 2185 sapiunt,
3326 2115 3431 2169 hoc
3457 2123 3560 2180 est,
3589 2112 3765 2170 Iudaei

2166 2227 2304 2282 quos
2340 2210 2474 2266 dicit
2497 2210 2795 2265 secundum
2824 2222 3044 2263 carnem
3067 2206 3255 2273 Israel,
3286 2207 3376 2277 qui
3401 2223 3465 2262 ca
3495 2222 3615 2277 quae
3635 2221 3765 2262 car—

2166 2303 2251 2356 nis
2280 2310 2425 2365 sunt,
2448 2299 2663 2368 sapiunt
2691 2298 2743 2352 in
2766 2312 2832 2351 eo
2857 2296 3001 2366 quod
3028 2296 3325 2352 secundum
3345 2311 3566 2355 carnem
3588 2296 3768 2366 legem

2168 2389 2473 2461 intelligunt
2493 2406 2506 2443 :
2526 2387 2629 2454 Qui
2649 2404 2767 2442 vero
2782 2386 3069 2441 secundam
3091 2387 3353 2456 spiritum,
3371 2388 3443 2443 de
3456 2387 3539 2443 his
3552 2387 3768 2453 dicens,

2166 2495 2303 2550 quos
2335 2479 2551 2535 Judaeos
2588 2477 2721 2533 dicit
2750 2476 2945 2546 spiritu
2975 2491 3083 2532 non
3110 2476 3291 2533 littera
3314 2518 3329 2544 ,
3360 2493 3481 2548 qua:
3505 2486 3629 2532 sunt
3655 2478 3773 2549 spi-

2168 2572 2299 2625 ritus
2333 2568 2584 2625 sentiunt.

2240 2658 2383 2714 Nam
2417 2658 2697 2729 prudentia
2730 2659 2905 2712 carnis
2948 2674 3092 2712 mors
3123 2667 3199 2713 est
3224 2674 3244 2713 :
3274 2656 3555 2729 prudentia
3584 2666 3770 2713 autem

2165 2751 2382 2818 spiritus
2421 2748 2529 2805 vita
2572 2758 2618 2802 et
2650 2765 2757 2818 pas;
2792 2748 2847 2802 in
2885 2746 3094 2802 Christo
3130 2748 3259 2803 Iesu
3295 2747 3517 2802 Domino
3558 2758 3765 2802 nostro.

2167 2840 2417 2912 Nunquid
2474 2855 2581 2895 non
2627 2855 2795 2894 unum
2848 2847 3012 2909 atque
3048 2840 3188 2895 idem
3233 2847 3349 2903 est,
3411 2838 3557 2907 quod
3604 2838 3768 2905 dicit,

2164 2934 2442 3006 prudentia
2466 2932 2639 2987 carnis
2666 2949 2806 2986 mors
2828 2942 2901 2986 est
2929 2944 2948 2983 :
2974 2931 3063 2987 cui
3085 2945 3235 2987 mors
3258 2931 3379 2986 est?
3400 2930 3617 2996 animae,
3646 2932 3773 2986 sine

2167 3029 2367 3095 dubio;
2400 3028 2491 3098 qui
2532 3028 2675 3082 enim
2708 3026 2881 3097 legem
2922 3026 3219 3081 secundum
3260 3039 3504 3090 carnem,
3551 3024 3607 3078 id
3653 3036 3764 3088 est,

2166 3121 2459 3175 secundum
2480 3119 2715 3174 litteram
2730 3117 3077 3182 intellexerit,
3096 3132 3203 3172 non
3222 3116 3369 3171 venit
3390 3118 3458 3170 ad
3479 3110 3765 3171 Christum

477 3215 639 3280 legem
670 3211 725 3265 in
752 3211 995 3264 membris
1020 3212 1149 3265 meis
1173 3224 1543 3283 repugnantem
1570 3212 1668 3285 legi
1694 3217 1877 3270 utentis
1910 3233 2056 3284 mete,
2090 3214 2133 3276 C
2166 3212 2255 3282 qui
2287 3220 2371 3265 est
2399 3210 2508 3265 vita
2528 3249 2544 3275 ,
2574 3218 2629 3265 et
2658 3209 2781 3265 ideo
2812 3207 3090 3278 prudentia
3126 3207 3303 3262 carnis
3333 3222 3473 3260 mors
3499 3216 3599 3271 est,
3633 3223 3765 3275 pru-

466 3312 524 3358 ἐι
554 3302 818 3371 captivum
858 3319 940 3357 me
977 3303 1248 3358 ducentem
1281 3304 1337 3359 in
1361 3304 1470 3374 lege
1501 3307 1714 3374 peccati.
1750 3322 1868 3375 qute
1893 3318 1967 3360 est
2011 3308 2064 3362 in

476 3392 717 3446 membris
749 3386 897 3446 meis:
938 3391 1043 3447 Lex
1074 3393 1231 3459 enim,
1256 3393 1352 3459 ait,
1382 3391 1611 3464 Spiritus
1634 3396 1750 3449 vitm
1773 3396 1827 3449 in
1858 3394 2063 3451 Christo

474 3477 603 3536 Iesu
622 3482 865 3537 liberavit
905 3500 988 3538 me
1016 3501 1047 3538 a
1073 3484 1180 3555 lege
1199 3484 1394 3554 peccati
1422 3494 1469 3539 et
1498 3486 1701 3540 mortis.
1734 3486 1981 3557 Magnam
2011 3487 2063 3540 in

478 3573 581 3627 hoc
620 3572 769 3628 dedit
795 3574 1162 3638 securitatem,
1185 3576 1310 3645 quia
1342 3575 1480 3647 quod
1506 3576 1820 3646 impossibile
1845 3587 1955 3649 erat
1987 3578 2065 3631 le-

475 3664 575 3732 gis,
594 3664 649 3717 in
666 3680 767 3732 quo
782 3664 1151 3734 infirmabatur
1162 3682 1253 3737 per
1270 3682 1501 3729 carnem,
1521 3666 1660 3722 Deus
1689 3665 1886 3722 Filium
1910 3687 2064 3725 suum

476 3754 682 3808 mittens
714 3754 771 3809 in
812 3754 1212 3810 similitudinem
1256 3759 1431 3810 carnis
1471 3759 1709 3827 peccati,
1747 3760 1811 3813 de
1854 3771 2063 3830 peccato

477 3844 744 3900 damnavit
771 3857 1038 3917 peccatum
1065 3847 1117 3900 in
1149 3862 1327 3902 carne.
1360 3848 1481 3903 Hmc
1514 3849 1642 3905 dicit
1668 3860 1727 3905 ut
1761 3852 2065 3923 baptizatos

463 3940 696 3992 securos
720 3938 910 3993 reddat
938 3939 1029 4009 qui
1070 3938 1284 3994 liberati
1322 3955 1350 3992 a
1384 3949 1607 4008 peccato
1638 3950 1784 4007 sunt,
1815 3945 2064 4014 quoniam

473 4031 612 4100 quod
640 4030 955 4101 impossibile
975 4041 1106 4095 erat,
1148 4031 1341 4101 inquit,
1389 4031 1536 4103 legis,
1568 4035 1653 4088 cui
1700 4035 2065 4105 impossibile?

477 4119 873 4177 nobisscilicet
912 4122 1240 4191 impossibile
1281 4132 1400 4177 erat
1437 4126 1751 4181 mandatum
1789 4128 1923 4196 legis
1954 4127 2062 4182 im-

474 4210 646 4282 plere,
674 4210 799 4279 quia
815 4209 1041 4280 subjecti
1062 4224 1277 4265 eramus
1290 4220 1514 4281 peccato
1526 4212 1913 4283 utjustiﬁcatio
1928 4217 2061 4289 legis

474 4301 790 4372 impleretur
819 4302 873 4357 in
900 4303 1074 4367 nobis,
1089 4303 1180 4375 qui
1209 4320 1312 4357 non
1335 4304 1623 4358 secundum
1650 4321 1860 4361 carnem
1882 4309 2064 4363 ambu-

472 4392 668 4459 lamus,
700 4394 791 4448 sed
820 4394 1104 4449 secundum
1127 4396 1391 4461 spiritum.
1422 4395 1527 4450 Per
1555 4397 1693 4452 hanc
1727 4398 1926 4453 etenim
1959 4399 2058 4456 bo-

473 4482 634 4537 stiam
664 4485 866 4549 carnis,
904 4498 1028 4553 qute
1057 4484 1235 4538 oblata
1264 4493 1347 4539 est
1372 4500 1471 4555 pro
1502 4495 1747 4554 peccato,
1780 4488 2059 4544 damnavit

2165 3303 2342 3356 dentia
2372 3318 2489 3355 vero
2515 3300 2730 3371 spiritus
2753 3300 2860 3353 vita
2886 3308 2932 3351 et
2959 3314 3087 3369 pax,
3114 3299 3282 3353 vitam
3318 3313 3554 3368 namque
3585 3305 3641 3353 et
3660 3313 3766 3367 pa-

2166 3409 2284 3449 cein
2314 3408 2433 3464 quae
2462 3400 2545 3448 est
2571 3391 2821 3447 Christus
2846 3390 3015 3445 habet
3040 3390 3133 3460 qui
3163 3388 3480 3460 spiritaliter
3508 3388 3768 3461 intelligit

2166 3485 2357 3556 legem,
2392 3493 2447 3539 et
2471 3484 2628 3540 bonis
2662 3482 2919 3553 operibus
2953 3482 3139 3553 implet
3165 3482 3310 3553 quod
3341 3490 3488 3537 recte
3520 3481 3575 3536 in
3602 3498 3765 3536 man-

2167 3577 2309 3633 datis
2339 3576 2430 3631 Dei
2458 3576 2562 3631 sihi
2598 3584 2925 3646 praeceptum
2960 3575 3239 3646 intelligit;
3273 3574 3364 3630 hic
3388 3590 3512 3630 cum
3543 3574 3767 3630 Christo

2166 3667 2281 3737 ipso
2306 3675 2599 3738 praestante
2622 3668 2672 3720 in
2696 3667 2803 3721 vita
2831 3668 3073 3738 regnabit
3094 3667 3425 3736 mterna,qui
3449 3682 3578 3721 cum
3596 3666 3771 3722 Patre

2164 3767 2219 3812 et
2243 3756 2448 3829 Spiritu
2475 3765 2685 3823 sancto,
2708 3756 2842 3811 vivit
2861 3766 2915 3812 et
2938 3766 3125 3828 regnat
3149 3757 3316 3823 Deus,
3338 3771 3435 3822 per
3456 3758 3641 3813 omnia
3667 3772 3774 3814 sac-

2166 3849 2288 3906 cula
2320 3848 2660 3906 saeculorum.
2693 3848 2885 3903 Amen.

2681 3955 2960 4012 HOMlLlA
2999 3955 3234 4013 CXXIII.

2753 4042 2885 4083 l'l‘EIl
2906 4042 3062 4085 FERIA
3086 4044 3159 4083 ιν.

2262 4119 2446 4175 Lectio
2477 4117 2650 4179 sancti
2682 4117 2960 4189 Evangelii
2992 4119 3292 4174 secundum
3322 4117 3657 4175 Matthteum.

2234 4209 2303 4262 In
2342 4208 2431 4262 illo
2471 4218 2698 4278 tempore
2733 4216 3062 4269 accesserunt
3092 4208 3162 4261 ad
3196 4207 3382 4263 Iesum
3411 4208 3679 4269 Pharistei
3712 4224 3766 4267 et

2167 4299 2452 4354 Sadducwi
2486 4307 2764 4363 tentantes,
2800 4307 2846 4352 et
2884 4307 3195 4368 rogaverunt
3220 4314 3338 4354 eum
3364 4308 3419 4352 ut
3454 4302 3667 4370 signum
3690 4302 3765 4357 de

2164 4388 2289 4444 cwlo
2320 4389 2608 4443 ostenderet
2633 4389 2729 4453 eis,
2758 4396 2866 4443 etc.

2236 4477 2461 4549 Signum
2493 4478 2558 4531 de
2588 4477 2726 4532 cmlo
2752 4484 3001 4548 quaerunt
3032 4486 3089 4533 et
3124 4478 3247 4549 quia
3275 4478 3445 4534 multa
3473 4480 3763 4538 hominum

471 4581 776 4640 peccatum,
810 4572 913 4627 hoc
941 4576 1026 4626 est
1059 4570 1262 4640 fugavit
1303 4582 1603 4643 peccatum,
1644 4582 1699 4629 et
1723 4576 1965 4644 abstulit,
1999 4588 2058 4634 υι
2090 4561 2136 4619 D
2166 4570 2327 4623 millia
2358 4569 2594 4623 secundo
2625 4570 2812 4638 paucis
2856 4569 2923 4625 de
2957 4570 3187 4640 panibus
3218 4571 3469 4636 satiavit,
3513 4588 3663 4628 nunc
3704 4575 3763 4629 in

465 4659 784 4730 jnstiﬁcatio
814 4660 947 4732 legis
978 4662 1293 4733 impleretur
1338 4664 1391 4717 in
1427 4666 1602 4731 nobis,
1645 4667 1736 4737 qui
1769 4667 1939 4740 legem
1969 4685 2057 4726 se-

472 4750 709 4806 cundum
764 4753 1011 4821 spiritum
1067 4757 1438 4823 custodimus,
1495 4766 1552 4812 et
1602 4774 1708 4813 non
1762 4762 2057 4817 secundum

472 4857 716 4898 carnem.
748 4841 805 4898 In
848 4859 955 4914 qua
999 4852 1151 4913 parte
1195 4847 1489 4901 secundum
1520 4863 1583 4903 ea
1613 4856 1735 4919 quae
1778 4867 1939 4922 supra
1967 4867 2061 4907 ex-

471 4932 750 5004 posuimus
779 4933 1126 5003 impossibilis
1163 4946 1282 4990 erat
1313 4936 1419 5003 lex,
1458 4946 1512 4992 et
1540 4938 1777 4995 inﬁrma.
1812 4942 1869 4998 Id
1912 4944 2056 4999 enim

472 5022 582 5093 egit
612 5037 760 5077 mors
790 5020 1022 5088 Domini,
1053 5041 1119 5079 ne
1153 5040 1297 5080 mors
1321 5027 1633 5094 timeretur,
1676 5039 1730 5084 et
1762 5046 1827 5085 ex
1855 5047 1920 5086 eo
1944 5033 2056 5101 jam

473 5123 858 5186 appeterentur
912 5117 1229 5185 temporalia
1290 5120 1471 5186 bona,
1535 5134 1635 5175 nec
1687 5131 2059 5180 metuerentur

473 5208 792 5279 temporalia
834 5208 996 5275 mala,
1045 5210 1098 5263 in
1138 5210 1333 5279 quibus
1368 5213 1600 5268 carnalis
1640 5226 1759 5270 erat
1794 5217 1880 5271 illa
1922 5233 2054 5287 pru-

471 5300 653 5355 dentia
682 5300 736 5354 in
776 5315 879 5369 qua
917 5300 1126 5370 impleri
1157 5302 1288 5371 legis
1326 5312 1592 5372 prtecepta
1623 5321 1727 5361 non
1769 5315 2051 5375 petcrant;

475 5391 589 5444 lace
618 5397 799 5444 autem
827 5389 1113 5458 prudentia
1146 5391 1198 5445 in
1224 5391 1443 5446 homine
1474 5393 1755 5449 Dominico
1784 5397 2051 5451 exstincta

470 5492 528 5535 et
555 5480 731 5535 ablata
748 5479 965 5549 .justitia
996 5479 1129 5551 legis
1163 5481 1415 5552 impletur
1440 5497 1561 5537 cum
1601 5487 1897 5541 secundum
1928 5503 2052 5544 car-

476 5583 597 5625 nem
623 5585 729 5625 non
765 5570 1088 5635 ambulatur,
1124 5573 1218 5626 sed
1257 5572 1552 5627 secundum
1585 5574 1872 5645 Spiritum.
1907 5579 2057 5636 Unde

473 5662 754 5715 verissime
803 5661 1004 5716 dictum
1033 5667 1144 5728 cst,
1175 5662 1297 5718 Non
1340 5666 1450 5718 veni
1500 5664 1695 5721 softere
1734 5667 1929 5737 legem,
1966 5672 2057 5725 sed

465 5754 751 5816 adimut'rre
815 5752 1091 5809 Plenitudo
1132 5770 1253 5825 ergo
1294 5754 1419 5825 legis
1462 5756 1713 5823 Charitas,
1741 5770 1785 5813 et
1824 5761 2054 5815 Charitas

2162 4660 2465 4729 exct‘nplum
2495 4659 2663 4730 Moysi
2699 4674 2898 4715 manna
2924 4660 3139 4716 etelitus
3169 4662 3337 4718 misso
3362 4671 3421 4718 et
3445 4677 3544 4732 per
3572 4666 3764 4719 omnia

2160 4754 2361 4823 passim
2411 4753 2655 4822 disperso
2704 4753 2959 4823 populum
3009 4768 3225 4810 onmem
3273 4753 3445 4809 multo
3510 4762 3764 4825 tempore

2163 4847 2391 4902 reﬁciat.
2444 4845 2597 4911 Quod
2648 4846 2705 4899 in
2756 4844 3046 4914 Evangelia
3081 4843 3307 4901 Ioannis
3342 4856 3466 4917 post
3518 4847 3763 4903 edulium

2161 4953 2359 5006 panum
2418 4937 2605 4991 turbas
2650 4937 2721 4989 ab
2768 4950 2835 4990 eo
2881 4935 3142 5004 quassisse
3186 4935 3417 5007 legimus
3462 4937 3758 4994 dicentes:

2173 5021 2327 5089 Quod
2354 5036 2476 5089 ergo
2511 5029 2564 5071 tu
2601 5021 2730 5090 facis
2757 5020 2986 5089 signum.
3011 5028 3066 5072 ut
3103 5020 3372 5074 videamus
3397 5028 3445 5073 et
3471 5022 3758 5075 credamus

2165 5118 2306 5172 tibi?
2341 5115 2469 5186 quid
2493 5114 2729 5175 operaris
2756 5114 2781 5165 ?
2826 5124 3004 5183 patres
3066 5114 3236 5167 nostri
3292 5116 3755 5168 manducavernnt

2172 5229 2369 5266 mamm
2396 5213 2447 5263 in
2477 5212 2706 5269 deserto,
2731 5210 2870 5263 sicut
2904 5209 3156 5278 scriptum
3182 5216 3276 5272 est,
3314 5223 3505 5277 panem
3533 5210 3596 5261 de
3624 5210 3756 5263 ccelo

2164 5304 2302 5356 dedit
2330 5303 2393 5356 iis
2432 5302 2776 5367 manducare.

2235 5396 2298 5449 At
2329 5395 2419 5448 ille
2451 5395 2765 5459 respondens
2801 5392 2877 5446 ait
2920 5394 2993 5446 eis
3023 5409 3038 5446 :
3087 5391 3255 5445 Facto
3284 5409 3493 5459 vespere
3528 5395 3706 5449 dicitis
3737 5412 3755 5449 :

2163 5489 2421 5542 Serenum
2457 5487 2575 5545 erit,
2601 5486 2955 5539 rubicundum
2989 5497 3060 5537 est
3083 5485 3220 5538 enim
3240 5485 3425 5538 (telum
3445 5503 3464 5550 ;
3488 5494 3537 5538 et
3563 5503 3755 5543 mane:

2165 5581 2337 5633 Ilodie
2369 5588 2672 5643 tempestas,
2712 5578 3057 5632 rutilatenim
3095 5580 3241 5633 triste
3275 5580 3486 5635 ctelum.
3528 5578 3757 5635 Faciem

2162 5688 2286 5740 ergo
2330 5672 2446 5725 caeli
2480 5673 2777 5741 dijudicare
2825 5672 3004 5732 nostis,
3057 5672 3211 5741 signa
3240 5682 3417 5725 autem
3451 5681 3756 5741 temperans

2164 5783 2265 5819 non
2292 5766 2507 5831 potestis
2531 5768 2552 5821 ?
2576 5764 2887 5822 Secundum
2919 5763 3205 5820 historiam
3226 5773 3405 5821 autem
3434 5766 3760 5824 scnsusiste
