3960 6368
264 381 360 438 381

1367 385 1670 442 llOMlLlAS
1714 383 1780 438 IN
1820 383 2069 442 EVANC.
2112 385 2199 440 ET
2240 385 2456 445 EPIST.

3423 390 3525 449 582

267 496 587 553 manifestus
626 506 728 561 est,
762 498 903 569 quod
940 515 1003 556 ex
1031 498 1417 554 elementorum
1451 500 1638 553 ordine
1678 506 1841 568 atque
1870 501 1915 561 Α
1947 497 2078 569 legis
2123 498 2314 553 divina:
2347 499 2735 564 traditionibus
2757 497 3030 571 hominum
3059 511 3397 574 postponere.
3436 508 3516 558 vel

266 590 622 645 consonantia
646 590 855 659 possint
882 599 935 645 et
959 590 1136 645 sereni
1158 598 1211 643 et
1231 590 1397 655 pluvii
1422 590 1538 645 dies
1563 587 1843 658 praenosci,

264 679 455 733 scriba:
486 688 666 735 autem
702 687 756 734 et
791 678 1049 734 Pharisaei
1080 681 1171 751 qui
1204 679 1527 734 videbantur
1561 692 1681 733 esse
1716 677 1847 749 legis

265 768 517 823 doctores
538 784 604 823 ex
624 768 1016 840 Prophetarum
1040 771 1443 834 vaticinatione,
1470 786 1574 823 non
1600 778 1847 838 poterant

263 859 576 930 intelligere
614 856 909 915 Salvatbris
938 861 1224 914 adventum
1258 879 1271 914 :
1313 860 1625 929 spiritaliter
1665 868 1843 913 autem

262 952 406 1021 quod
452 952 589 1007 dixit
616 952 896 1017 Dominus,
926 953 1066 1021 [acto
1104 968 1311 1021 vespere
1348 952 1561 1013 dicitis:
1590 950 1844 1006 Serenum

259 1045 383 1107 erit,
420 1042 766 1097 rubicundum
811 1052 883 1095 est
927 1044 1063 1096 enim
1107 1042 1323 1107 emtum,
1384 1042 1655 1113 signiﬁcat
1702 1044 1843 1110 quod

258 1146 361 1201 per
402 1132 718 1204 sanguinem
748 1134 1016 1204 passionis
1055 1133 1255 1188 Christi
1297 1134 1349 1189 in
1392 1134 1567 1203 primo
1610 1133 1843 1187 adventu

259 1223 591 1294 indulgentia
624 1234 967 1293 peccatorum
997 1224 1174 1279 datur.
1213 1224 1275 1278 Et
1306 1239 1489 1278 mane:
1520 1223 1689 1276 Hodie
1715 1235 1843 1276 tem-

257 1314 455 1383 pestas,
502 1314 649 1367 rubet
702 1315 838 1367 enim
883 1330 999 1367 cum
1047 1315 1258 1368 tristitia
1291 1312 1476 1368 ctutum
1521 1332 1533 1365 :
1576 1311 1844 1381 significat

256 1406 404 1474 quod
439 1406 489 1459 in
528 1405 769 1460 secundo
807 1404 1037 1459 adventu
1064 1404 1184 1475 igne
1220 1402 1557 1474 praecedente
1584 1410 1841 1455 venturus

255 1507 362 1553 est.
379 1494 594 1551 Faciem
611 1513 731 1567 ergo
748 1496 859 1550 εωιί
872 1496 1164 1565 dijudicare
1180 1494 1515 1564 nos'tis,signa
1532 1503 1701 1547 autent
1719 1502 1840 1545 tent-

253 1607 443 1657 porum
466 1607 567 1643 non
583 1592 814 1660 potestis.
846 1588 1008 1658 Signa
1031 1597 1329 1659 temporum
1351 1588 1484 1642 dixit
1514 1588 1579 1642 de
1609 1589 1837 1641 adventu

255 1694 376 1742 suo,
419 1679 503 1734 vel
549 1680 793 1747 passione
820 1680 905 1733 cui
940 1679 1115 1733 simile
1151 1690 1237 1734 est
1279 1693 1494 1733 roseum
1522 1677 1717 1733 cmlum
1754 1692 1840 1731 ve-

252 1783 437 1838 spere,
470 1779 525 1823 et
558 1769 688 1823 item
721 1770 785 1823 de
819 1769 1167 1824 tribulatione
1206 1778 1329 1823 ante
1358 1771 1646 1823 adventum
1680 1784 1835 1823 suum

1947 599 2095 646 certe
2142 590 2312 661 legem
2368 590 2545 645 verbis
2598 592 2910 660 praedicare,
2972 592 3127 650 factis
3179 597 3518 666 impugnare;

1946 678 2269 733 fermentum
2317 688 2403 734 est
2462 678 2883 734 Sadducaeorum
2940 682 3223 738 Dominum
3279 694 3521 741 tentare.

1945 784 2046 826 nec
2071 770 2329 824 doctrina:
2355 771 2471 839 ejus
2501 780 2592 824 aut
2630 771 2885 840 operibus
2913 772 3133 828 credere
3167 791 3179 827 :
3213 775 3306 829 sed
3347 775 3517 830 insul-

1946 862 2111 915 tando
2145 861 2249 915 alia
2290 862 2484 931 quibus
2521 863 2740 916 credere
2766 863 2997 917 debeant
3024 873 3224 933 petere.
3270 865 3523 921 Fermen-

1947 960 2059 1005 tum
2113 950 2342 1006 Herodis
2398 962 2481 1007 est
2529 953 2887 1016 adulterium,
2938 954 3309 1019 homicidium,
3359 946 3525 1010 teme-

1944 1042 2079 1096 ritas
2098 1039 2316 1109 jurandi
2340 1081 2353 1104 ,
2379 1042 2655 1096 simulatio
2684 1030 2959 1111 religionis
2978 1083 2992 1105 ,
3020 1052 3075 1095 et
3110 1043 3249 1110 quod
3283 1045 3521 1098 omnium

1942 1140 2025 1184 est
2061 1141 2224 1200 caput
2251 1140 2305 1185 et
2332 1132 2483 1201 origo
2514 1132 2781 1186 scelerum
2815 1132 2998 1185 odium
3029 1134 3092 1186 ac
3135 1132 3437 1201 persecutio
3468 1134 3520 1187 in

1942 1220 2234 1285 Christum,
2250 1230 2304 1275 et
2317 1226 2492 1291 praicu
2503 1238 2704 1277 rsorem
2720 1213 3269 1293 ej'tts,pr.ecouemqne
3287 1223 3520 1293 primum

1943 1312 2092 1382 regni
2126 1312 2381 1367 cmlestis.
2411 1311 2457 1366 A
2480 1328 2586 1382 quo
2627 1324 2977 1381 utrorumque
3022 1311 3306 1376 fermento,
3354 1313 3519 1367 etiam

1939 1402 2229 1471 Apos:olus
2259 1418 2356 1457 nos
2394 1403 2687 1474 prohibens
2729 1405 2805 1457 ait
2842 1419 2856 1457 :
2887 1404 3075 1473 Itaque
3119 1404 3390 1472 epulamur
3417 1421 3520 1457 non

1940 1495 1995 1547 in
2038 1495 2289 1564 fermento
2329 1497 2547 1550 malitia:
2582 1506 2628 1549 et
2676 1497 2939 1567 nequitiae,
2975 1496 3064 1551 sed
3097 1498 3152 1551 in
3186 1516 3385 1570 azymis
3409 1500 3520 1554 sin-

1940 1585 2171 1638 caritatis
2200 1594 2248 1638 et
2275 1586 2525 1639 veritatis.

2008 1674 2075 1727 At
2097 1674 2175 1727 illi
2194 1675 2486 1744 cogitabant
2512 1676 2647 1729 inter
2669 1692 2723 1729 se
2749 1676 2978 1731 dicentes
3008 1693 3025 1731 :
3062 1677 3200 1751 Quia
3224 1697 3385 1749 panes
3414 1697 3518 1735 non

1939 1768 2247 1835 accepimus.
2281 1766 2461 1821 Sciens
2491 1754 2661 1820 autem
2691 1766 2865 1833 Jesus,
2897 1770 3028 1823 dixit
3058 1784 3075 1821 :
3104 1770 3242 1835 Quid
3278 1760 3520 1842 cogitatis

233 1851 521 1923 laturum,
569 1860 655 1915 cui
686 1860 862 1915 simile
896 1869 979 1914 est
1021 1876 1177 1915 mane
1203 1874 1419 1915 roseum
1451 1874 1575 1914 cum
1609 1860 1829 1913 tristitia
1864 1848 1904 1905 Β
1934 1856 2067 1908 inter
2089 1856 2431 1919 v08.modicw
2453 1856 2595 1924 Ιῖάϐἱι
2625 1858 2745 1926 quia
2769 1874 2927 1926 ραηεε
2964 1876 3066 1913 non
3095 1861 3330 1914 habetis?
3364 1861 3518 1915 Non-

251 1952 475 2007 curlum.

325 2040 602 2095 Generatio
640 2049 781 2096 mala
809 2051 857 2095 et
906 2040 1146 2095 adultera
1188 2042 1393 2110 signum
1432 2040 1639 2111 qumrit,
1676 2052 1723 2095 et
1767 2043 1839 2095 si-

250 2149 417 2202 guunt
448 2149 550 2185 non
594 2133 809 2191 dabitur
846 2135 911 2195 ei,
962 2133 1066 2186 nisi
1112 2133 1317 2203 signum
1344 2131 1518 2186 Jonte.
1552 2131 1666 2186 Non
1708 2148 1836 2200 ergo

250 2225 414 2276 datur
438 2223 651 2293 signum
684 2223 1020 2294 generationi
1048 2222 1145 2286 illi,
1178 2224 1229 2276 id
1262 2232 1353 2277 est‘
1374 2223 1694 2295 tentantinm
1729 2222 1833 2277 Do-

248 2311 458 2365 minum
498 2322 552 2367 et
592 2313 961 2367 insultantium
1000 2313 1178 2367 verbis
1212 2311 1348 2381 ejus,
1396 2313 1498 2366 tale
1542 2314 1724 2382 utique
1758 2314 1833 2367 si-

246 2418 438 2474 gnum,
465 2404 625 2473 quale
665 2412 936 2459 tentantes
970 2405 1307 2473 quaerebant,
1334 2406 1437 2459 hoc
1466 2414 1569 2469 est,
1588 2406 1654 2460 de
1674 2406 1830 2472 caelo,

246 2495 448 2567 quibus
480 2504 657 2551 tamen
702 2497 866 2550 multa
895 2497 1134 2551 coelestia
1178 2498 1330 2567 signa
1370 2498 1533 2553 dabat
1563 2484 1625 2550 in
1667 2505 1832 2553 terra.

246 2588 518 2642 ϐαδιεῖ-ειη]
559 2589 895 2658 generationi
936 2588 1289 2663 qumrentium
1311 2587 1618 2651 Dominum,
1653 2589 1834 2657 requi-

246 2679 487 2733 rentium
514 2677 706 2734 faciem
739 2678 830 2733 Dei
860 2677 1050 2743 Iacob,
1079 2680 1289 2749 signum
1319 2679 1382 2731 de
1412 2676 1550 2731 cmlo
1578 2678 1831 2731 ostende-

244 2770 365 2834 bat,
388 2770 601 2838 quando
619 2769 965 2823 cernentibus
994 2768 1266 2838 Apostolis
1289 2767 1594 2822 ascenditin
1613 2767 1828 2831 coelum,

243 2860 465 2929 quando
496 2860 660 2913 misso
689 2857 754 2913 de
785 2852 985 2927 Spiritu
1010 2858 1345 2928 primitivam
1371 2856 1613 2926 implevit
1644 2855 1830 2911 Eccle-

242 2949 385 3002 siam
418 2968 430 3001 :
460 2950 676 3017 quando
702 2949 768 3001 ad
799 2948 1199 3017 intpositionem
1228 2963 1419 3002 manus
1448 2946 1829 3016 Apostolorum

242 3040 300 3093 in
340 3037 615 3104 Samaria,
646 3038 912 3103 Caesarea,
952 3039 1201 3109 Epheso,
1239 3038 1467 3108 aliisque
1510 3039 1736 3092 urbibus
1767 3053 1831 3092 ac

242 3132 385 3187 locis
414 3131 689 3202 plurimis,
717 3121 943 3202 gratiam
969 3132 1032 3185 de
1062 3131 1199 3187 C(Elu
1225 3129 1449 3201 Spiritui
1479 3138 1669 3184 saneto
1705 3145 1822 3184 cre-

1938 1944 2061 1998 dum
2082 1944 2368 2015 intelligitis
2395 1963 2556 2016 neque
2582 1948 2931 2002 recordamini
2952 1950 3176 2019 quinque
3198 1967 3389 2018 panum
3417 1949 3520 2023 [in]

1936 2038 2166 2107 quinque
2186 2037 2351 2091 millia
2377 2038 2665 2101 hominum,
2700 2048 2746 2093 et
2773 2051 2897 2110 quot
2922 2043 3167 2111 cophinos
3189 2043 3524 2112 sumpsistis?

1939 2126 2121 2199 Neque
2149 2140 2340 2195 septem
2382 2146 2576 2198 panum
2620 2128 2719 2202 [in]
2764 2140 2991 2200 quatuor
3019 2130 3189 2185 millia
3227 2132 3519 2199 hominum,

1934 2227 1981 2272 et
2006 2230 2127 2289 quot
2157 2230 2361 2289 sportas
2392 2220 2684 2289 sumpsisti:
2701 2223 2726 2274 7
2755 2219 2929 2285 Quare
2953 2238 3057 2275 non
3083 2220 3370 2291 intelligitis
3395 2224 3519 2293 quia

1936 2310 2123 2363 nonde
2152 2327 2283 2379 pane
2307 2311 2417 2364 dixi
2440 2311 2578 2365 vobis
2609 2327 2627 2364 :
2658 2308 2845 2366 Cavete
2873 2330 2904 2365 a
2927 2312 3179 2381 fermento
3215 2311 3519 2369 Pharist-

1936 2416 2053 2452 rutn
2079 2408 2127 2453 et
2161 2400 2596 2454 Sudductcorum.
2630 2401 2735 2455 Per
2756 2403 3097 2458 occasionem
3126 2405 3379 2475 prtecepti
3410 2421 3518 2474 quo

1937 2489 2183 2544 Salvator
2233 2490 2469 2560 jusserat
2500 2492 2685 2546 dicens
2719 2509 2733 2545 :
2768 2488 2954 2546 Cavete
2978 2512 3008 2545 a
3037 2490 3287 2562 fermento
3320 2492 3517 2548 Phari-

1934 2598 2157 2634 sa’orum
2186 2590 2233 2634 et
2264 2580 2515 2647 fermento
2540 2580 2766 2635 Herodis
2792 2595 2811 2633 .'
2844 2582 3000 2638 docet
3031 2597 3125 2638 eos
3156 2584 3281 2653 quid
3315 2582 3520 2654 signiti-

1935 2682 2058 2725 cent
2107 2671 2347 2740 quinque
2387 2687 2550 2741 panes
2585 2680 2640 2727 et
2683 2682 2889 2742 septem
2945 2673 3060 2727 sive
3105 2674 3371 2743 pisciculi,
3426 2683 3520 2731 aut

1934 2762 2169 2830 quinque
2192 2762 2354 2816 millia
2381 2762 2657 2817 hominum
2686 2772 2742 2817 et
2762 2772 2995 2833 quatuor
3030 2764 3189 2819 millia
3217 2782 3337 2836 quae
3365 2776 3518 2837 pasta

1933 2861 2057 2907 sunt
2088 2854 2140 2907 in
2170 2869 2370 2919 eremo,
2395 2869 2500 2923 quo
2527 2854 2649 2910 licet
2675 2855 2948 2926 signorum
2977 2857 3289 2928 magnitudo
3310 2859 3489 2929 perspi

1936 2960 2034 2998 cna
2059 2945 2145 3007 sit,
2180 2954 2356 2999 tamen
2382 2946 2524 2999 aliud
2555 2947 2780 3015 Spiritali
2815 2946 3167 3017 intelligentia
3185 2950 3519 3006 demonstre-
3580 3010 3584 3013 γ

1932 3043 2038 3089 tur.
2073 3036 2128 3090 Si
2160 3038 2300 3091 enim
2328 3036 2650 3091 fermentum
2683 3026 3079 3093 Pharisaeorum
3110 3049 3166 3096 et
3196 3040 3511 3098 Sadducteo-

1934 3144 2051 3180 rum
2085 3135 2139 3181 et
2172 3127 2494 3183 fermentum
2539 3127 2765 3185 Herodis
2792 3146 2896 3205 llOl
2928 3130 3262 3200 corporalem
3293 3147 3510 3202 panem,

241 3187 504 3276 dentibus
529 3187 871 3275 ministravit.
908 3220 1047 3285 Quid
1074 3187 1495 3288 autemlsignum
1528 3217 1679 3272 Jona:
1724 3218 1827 3273 sibi
1858 3187 1901 3249 Ο
1937 3219 2033 3273 sed
2090 3220 2410 3273 traditiones
2472 3234 2757 3289 perversas
2814 3202 2872 3274 et
2930 3187 3183 3279 haeretica
3248 3187 3518 3292 significat

242 3312 410 3376 velit,
437 3311 548 3380 jam
580 3326 742 3380 supra
772 3310 974 3364 dictum
1004 3317 1106 3372 est,
1138 3302 1395 3377 Sequitur
1424 3324 1438 3362 :

320 3402 413 3466 Et,
447 3402 638 3455 relictis
669 3400 795 3461 illis,
829 3400 974 3453 abiit.
1004 3399 1223 3455 Relictis
1250 3401 1445 3454 scribis
1467 3410 1520 3455 et
1542 3401 1832 3457 Pliarisa'is

239 3492 447 3559 quibus
483 3492 725 3555 dixerat,
757 3490 1037 3544 Ceneratio
1082 3490 1221 3543 mala
1250 3500 1294 3544 et
1334 3478 1575 3545 adultera
1621 3494 1829 3563 signum

235 3583 433 3652 quwrit
466 3597 484 3635 :
514 3591 559 3634 et
589 3575 795 3657 signum
832 3598 935 3633 non
960 3580 1171 3634 dabitur
1196 3581 1245 3634 ei
1284 3581 1380 3635 nisi
1418 3583 1625 3650 signant
1651 3584 1826 3653 Jontv,

238 3680 397 3724 recte
422 3668 555 3722 abiit
584 3678 734 3723 trans
772 3668 967 3723 fretum
1012 3678 1067 3723 et
1097 3671 1339 3741 gentium
1369 3683 1589 3727 secutus
1622 3686 1708 3729 est
1733 3691 1829 3745 po-

234 3763 427 3834 putus.

317 3854 385 3907 Et
414 3871 532 3907 cum
569 3856 822 3908 venissent
852 3853 1097 3923 discipuli
1129 3856 1246 3924 ejus
1275 3869 1421 3909 trans
1444 3858 1656 3924 fretum,
1681 3856 1827 3910 obliti

234 3956 369 3998 sunt
409 3930 580 4013 panes.
606 3945 856 4015 accipere.
898 3944 1115 4012 Qua-rat
1146 3946 1375 4014 aliquis,
1410 3958 1464 4000 et
1495 3947 1656 4011 dicat,
1690 3963 1825 4015 quo-

236 4036 407 4090 modo
428 4050 590 4103 panes
612 4052 715 4089 non
742 4024 1008 4089 habebant
1032 4037 1121 4105 qui
1146 4038 1329 4107 statim
1359 4036 1593 4104 impletis
1623 4047 1828 4107 septem

235 4126 444 4195 sportis
472 4126 828 4181 ascenderunt
873 4126 925 4179 in
959 4126 1262 4181 naviculam
1291 4135 1344 4181 et
1380 4137 1645 4181 venerunt
1681 4131 1732 4180 in
1771 4127 1825 4180 fi-

234 4232 347 4271 nes
377 4216 662 4286 Magedan,
706 4218 883 4286 ibique
921 4218 1147 4295 audiunt
1176 4218 1524 4287 navigantes,
1563 4221 1702 4289 quod
1735 4238 1824 4275 ca-

235 4322 373 4362 vere
402 4307 630 4362 debeant
657 4308 980 4379 afermento
1004 4309 1402 4365 Pharismorum
1427 4321 1481 4365 et
1506 4311 1825 4367 Sadduczeo-

240 4415 395 4471 rum,
425 4397 517 4452 sed
555 4395 835 4467 Scriptura
876 4408 1105 4455 testatur
1130 4400 1274 4468 quod
1299 4398 1451 4453 obliti
1484 4400 1594 4454 sint
1622 4416 1714 4454 eos
1742 4416 1807 4455 se

233 4501 365 4540 cum
407 4485 609 4541 tollere.
646 4486 798 4554 Quod
848 4496 1027 4542 autem
1074 4488 1381 4558 navigaturi
1431 4496 1580 4543 trans
1624 4487 1817 4543 fretum

232 4580 395 4635 obliti
442 4589 566 4635 sunt
608 4580 862 4634 viaticum
911 4576 1123 4635 sumere
1171 4596 1375 4645 secum,
1436 4581 1691 4635 indicium
1739 4591 1823 4635 est

232 4688 407 4743 quam
441 4673 707 4727 modicam
729 4672 914 4727 carnis
949 4688 1135 4726 curam
1170 4674 1433 4727 haberent
1472 4674 1525 4727 in
1557 4673 1818 4742 reliquiis,

233 4761 438 4831 quibus
466 4762 578 4832 ipsa
617 4761 889 4816 reficiendi
918 4763 1161 4832 corporis
1198 4764 1493 4817 necessitas
1519 4778 1637 4832 qua:
1666 4774 1819 4817 natu-

233 4852 429 4907 raliter
456 4852 665 4907 cunctis
704 4851 1016 4906 mortalibus
1036 4854 1191 4908 .inest
1221 4855 1522 4909 intentione
1552 4854 1816 4911 Dominici

233 4941 530 4997 comitatus
572 4950 750 4995 mente
774 4952 1102 4996 excesserat.
1139 4943 1287 4997 Unus
1315 4960 1440 4998 vero
1473 4946 1629 5015 panis
1658 4962 1816 5019 quem

234 5048 424 5089 secum
457 5032 729 5088 habebant
761 5034 813 5087 in
856 5034 978 5087 navi
1012 5035 1238 5104 mystice
1274 5036 1445 5104 ipsum
1474 5051 1665 5104 panem
1699 5037 1820 5090 vitae

236 5126 529 5181 Dominum
586 5124 837 5179 videlicet
902 5122 1237 5179 Salvatorem
1302 5127 1550 5195 designat
1599 5144 1612 5180 :
1669 5128 1819 5197 cujus

237 5236 428 5279 amore
469 5220 596 5287 quia
647 5235 861 5289 semper
914 5222 1059 5273 intus
1114 5219 1497 5273 reficiebantur
1552 5219 1603 5273 in
1658 5220 1820 5273 corde

233 5314 419 5367 minus
446 5311 513 5364 de
547 5317 762 5366 terreno
789 5327 927 5381 pane
956 5325 1061 5380 quo
1091 5326 1287 5380 corpus
1314 5312 1467 5380 pasci
1496 5310 1633 5365 solet
1660 5326 1819 5365 cura-

231 5404 364 5459 bant
401 5419 414 5454 :

313 5492 416 5559 Qui
444 5492 577 5552 dixit
604 5490 709 5545 illis
744 5506 764 5545 :
812 5490 1137 5558 Intuemini,
1188 5500 1237 5545 et
1281 5500 1450 5564 cavete
1490 5508 1523 5543 a
1566 5490 1817 5560 fermento

232 5584 634 5639 Phart‘strorutn
659 5593 705 5635 et
721 5579 1157 5659 Sadducteorum.
1178 5582 1232 5635 ln
1254 5582 1434 5636 Marco
1454 5584 1527 5635 ita
1556 5584 1817 5650 scriptum

226 5683 354 5730 est:
391 5673 568 5725 Videte
595 5682 643 5725 et
666 5684 841 5726 cavete
880 5691 909 5726 a
940 5674 1190 5741 fermento
1217 5673 1608 5727 Pharisworum
1638 5683 1684 5725 et
1716 5671 1818 5740 fer-

234 5774 413 5821 mento
433 5761 679 5817 Herodis.
711 5762 1057 5817 Fcrmentum
1072 5764 1470 5819 Pitarismorum
1495 5774 1579 5820 est
1599 5765 1816 5820 decreta

1936 3308 2211 3377 dogmata,
2244 3323 2413 3377 quare
2447 3317 2501 3361 et
2531 3307 2654 3370 cibi,
2684 3308 2879 3376 quibus
2916 3311 3151 3365 nutritus
3180 3320 3263 3365 est
3286 3312 3516 3385 populus

1932 3397 2061 3461 Dei,
2096 3414 2199 3451 non
2232 3414 2412 3453 veram
2444 3397 2742 3453 doctrinam
2780 3400 3151 3471 integramque
3179 3402 3517 3474 significent?

1933 3488 2237 3543 istiusmodi
2267 3488 2587 3543 fermentum
2608 3530 2621 3553 ,
2657 3490 2795 3559 quod
2825 3493 2971 3545 omni
3004 3494 3211 3549 ratione
3233 3496 3512 3552 vitandum

1931 3586 2029 3639 est,
2066 3580 2282 3643 habuit,
2318 3579 2552 3634 Marcion
2587 3590 2641 3634 et
2675 3582 3007 3647 Valentinus,
3040 3592 3093 3642 et
3118 3600 3307 3641 omnes
3336 3588 3511 3643 haere-

1936 3673 2055 3738 tici;
2089 3672 2408 3726 fermentum
2433 3672 2570 3726 hanc
2600 3672 2704 3726 vim
2732 3674 2891 3745 habet
2918 3685 2975 3729 ut
3000 3676 3043 3730 si
3075 3677 3262 3732 farinae
3290 3678 3509 3734 mistum

1932 3764 2092 3818 fuerit
2116 3804 2131 3827 ,
2169 3763 2309 3833 quod
2340 3779 2562 3833 parvum
2596 3765 2877 3820 videbatur
2900 3808 2913 3829 ,
2952 3775 3161 3821 crescat
3208 3750 3258 3821 in
3290 3767 3465 3837 majus
3492 3809 3509 3835 ,

1929 3864 1984 3908 et
2050 3855 2115 3908 ad
2176 3870 2420 3922 saporem
2484 3870 2639 3908 suum
2702 3856 3012 3911 universam
3070 3859 3510 3931 conspersioncm

1932 3944 2126 3997 trahat.
2160 3943 2234 3997 Ita
2256 3952 2310 3997 et
2331 3941 2572 3995 doctrina
2596 3942 2869 4007 hazretica,
2898 3943 2940 3998 si
2963 3944 3045 3997 vel
3071 3943 3336 4001 modicam
3364 3945 3509 4002 scin-4

1928 4035 2093 4088 tillam
2122 4034 2173 4087 in
2204 4043 2350 4087 tuum
2380 4031 2792 4101 pectnsjecerit,
2814 4034 2863 4109 in
2902 4034 3048 4088 brevi
3081 4035 3268 4105 ingens
3292 4033 3509 4093 ﬂamma

1928 4134 2344 4190 suucrescet,et
2387 4134 2552 4179 totam
2596 4126 2829 4181 hominis
2880 4128 3277 4196 possessionem
3334 4133 3400 4188 ad
3448 4145 3508 4185 se

1930 4218 2124 4271 trahet.
2163 4217 2274 4271 Hoc
2302 4202 2384 4271 est
2412 4216 2475 4271 de
2504 4233 2610 4285 quo
2641 4226 2695 4271 et
2716 4215 3005 4285 Apostolus
3031 4218 3295 4288 loquitur,
3314 4210 3502 4275 Modi-

1926 4324 2043 4359 cum
2072 4308 2378 4376 fermentum
2403 4316 2562 4359 totam
2591 4324 2817 4361 massam
2846 4293 3146 4377 corrumpit.

2000 4396 2143 4450 Tunc
2189 4396 2551 4451 intellexerunt
2591 4398 2730 4469 quod
2774 4402 2878 4452 nbn
2928 4400 3120 4459 dixerit
3160 4414 3444 4453 cavendum
3474 4418 3509 4455 a

1928 4485 2178 4555 femtento
2199 4502 2412 4557 panum,
2438 4485 2529 4540 sed
2555 4504 2586 4540 a
2613 4488 2851 4542 doctrina
2880 4485 3274 4542 Pharisworum
3298 4498 3345 4542 et
3369 4488 3510 4545 Sad-

1925 4578 2245 4631 duca'orum.
2271 4576 2424 4643 Quod
2449 4577 2528 4631 eis
2556 4577 2685 4631 utile
2715 4587 2835 4632 erat
2862 4579 3149 4650 persuasit,
3181 4579 3321 4647 quod
3356 4578 3506 4631 noci-

1924 4684 2048 4721 vum
2094 4668 2266 4722 vitare
2306 4667 2498 4737 jussit;
2547 4668 2792 4722 doctrina
2842 4668 2983 4722 enim
3031 4667 3402 4737 superstltiosa
3451 4676 3508 4722 et

1925 4761 2175 4817 haeretica
2204 4770 2395 4831 gravat
2424 4763 2594 4831 magis
2622 4777 2781 4831 quam
2811 4762 3046 4833 adjuvat,
3080 4762 3273 4831 mergit
3300 4769 3355 4814 et
3396 4775 3503 4814 non

1922 4853 2101 4925 erigit.
2132 4854 2176 4906 A
2208 4854 2346 4908 bono
2372 4868 2502 4924 ergo
2524 4854 2781 4924 magistro
2808 4852 3053 4922 discipuli
3085 4853 3329 4907 instructi
3356 4852 3508 4907 intel-

1925 4942 2173 4997 lexerunt
2214 4944 2266 4996 in
2311 4942 2576 4997 fermento
2617 4942 2983 4997 seductioncm
3022 4941 3416 4997 Pharisaeorum
3448 4950 3503 4996 et

1924 5032 2372 5097 Sadducaaorum,
2418 5033 2525 5086 imo
2558 5032 2796 5086 omnium
2836 5032 3209 5087 haereticorum
3250 5032 3339 5101 qui
3367 5044 3501 5087 con-

1923 5123 2089 5175 traria
2138 5121 2353 5191 sapiunt
2404 5120 2619 5175 veritati
2671 5134 2985 5189 expressam
3037 5120 3303 5175 vitandam
3358 5133 3500 5185 esse,

1922 5231 2081 5286 quam
2112 5225 2164 5269 et
2195 5214 2416 5269 omnino
2450 5206 2549 5283 ipsi
2577 5213 2881 5266 vitaverunt
2917 5221 2971 5267 et
3004 5212 3159 5268 nobis
3195 5210 3500 5282 fugiendam

1922 5324 2045 5362 esse
2073 5314 2421 5370 οεηευθτυῐιῑ,
2450 5312 2714 5373 quatenus
2738 5319 2950 5358 omnem
2974 5318 3215 5358 errorem
3245 5316 3504 5372 spernen-

1927 5408 2005 5453 tes
2035 5407 2089 5451 et
2126 5398 2265 5449 viam
2308 5395 2551 5449 veritatis
2582 5410 2679 5464 per
2712 5396 2891 5450 omnia
2928 5402 3249 5463 sequentes,
3286 5406 3502 5462 puniant

1923 5500 2179 5544 aeternam
2217 5487 2445 5543 evadere
2473 5494 2525 5541 et
2554 5488 2717 5540 vitam
2747 5494 3001 5540 aeternam
3025 5484 3320 5554 promereri
3354 5480 3501 5537 festi-

1925 5594 2135 5642 nemus,
2175 5586 2465 5646 pncstante
2499 5576 2726 5631 Domino
2764 5587 2954 5631 nostro
2980 5574 3105 5629 Jesu
3144 5573 3379 5635 Christo,
3410 5569 3501 5640 qui

1926 5684 2048 5722 cum
2092 5667 2255 5721 Patre
2296 5675 2351 5721 et
2394 5666 2596 5736 Spiritu
2630 5675 2820 5722 sancto
2859 5665 2991 5719 vivit
3021 5674 3073 5719 et
3111 5672 3300 5734 regnat
3334 5661 3499 5729 Deus,

1926 5775 2023 5831 per
2048 5758 2226 5813 Omnia
2258 5759 2451 5816 saecula
2484 5759 2820 5815 sreculorum.
2856 5757 3043 5812 Amen.
