3960 6330
177 355 283 418 ω
1284 354 1588 414 ΠΟΜΙιῙιΕ
1628 354 1697 410 ΙΝ
1737 356 1767 411 E

1881 356 1993 413 NG.
2037 358 2123 415 ΕΤ
2160 358 2384 417 EPIST.
3355 371 3463 429 386

171 477 463 542 operatur,
490 466 676 523 carnis
702 474 788 523 est
814 474 971 523 actus
988 506 1004 531 ,
1031 464 1149 523 haec
1174 481 1305 539 ergo
1326 468 1694 539 exstinguitur
1720 469 1766 524 si
1800 474 1845 532 Α
1948 469 2005 526 Si
2026 481 2200 526 autem
2229 472 2330 539 ﬁlii
2360 483 2407 527 et
2446 473 2677 531 heredes
2698 490 2719 530 :
2740 477 2973 534 heredes
2997 478 3208 551 quidem
3230 481 3348 549 Dei,
3372 500 3461 539 co-

167 561 479 634 perfectnm
510 561 565 616 in
594 561 749 616 nobis
778 569 860 615 est
883 560 1137 631 gaudium
1174 560 1226 615 in
1254 560 1387 615 Deo.
1424 560 1537 615 Pax
1560 560 1770 616 fructus
1869 561 2103 617 heredes
2147 574 2323 618 autem
2376 563 2590 621 Christi.
2648 567 2948 625 Mercedem
2997 587 3231 642 namque
3277 590 3469 633 servus

168 665 259 713 est
286 655 542 726 spiritus,
574 652 843 709 dissensio
870 660 926 706 et
963 652 1231 708 discordia
1261 651 1446 707 carnis
1474 662 1619 707 sunt.
1660 650 1768 707 Sed

171 757 383 804 certum
411 756 497 803 est
521 746 849 801 discordiam
882 744 1203 800 mortificari
1229 758 1387 814 posse
1419 759 1520 814 per
1550 760 1763 816 pacem.

171 839 415 898 Castitas
434 846 490 893 et
511 838 846 894 continentia
878 836 1092 893 fructus
1127 838 1351 908 spiritus
1378 846 1527 902 sunt,
1558 839 1769 894 adulte-

169 933 315 988 rium
366 940 422 986 et
468 928 756 987 fornicatio
804 932 989 985 carnis
1034 938 1181 986 sunt.
1239 931 1440 986 Verum
1490 939 1574 987 est
1622 932 1767 987 enim

166 1020 492 1077 mortiﬁcari
538 1032 701 1092 posse
750 1018 1035 1075 libidinem
1092 1034 1192 1089 per
1242 1022 1658 1087 continentiam,
1715 1026 1772 1082 et

166 1111 459 1167 emundari
484 1110 625 1165 mala
648 1119 795 1175 acta,
822 1108 1091 1168 adulteria
1120 1120 1174 1165 et
1199 1110 1607 1177 fornicationes,
1623 1112 1703 1167 sic
1715 1120 1771 1166 et

166 1204 495 1278 paenitentia
530 1201 653 1277 [F.,
693 1202 982 1275 patientia]
1015 1204 1408 1274 impatientiam
1448 1204 1767 1273 exstinguit,

167 1306 229 1353 et
266 1297 487 1354 bonitas
537 1297 796 1351 malitiam
842 1297 1085 1365 perimit,
1132 1305 1185 1353 et
1225 1298 1585 1353 mansuetudo
1629 1297 1771 1353 fero—

167 1390 339 1456 ciam,
368 1400 424 1445 et
451 1390 678 1446 castitas
700 1387 1097 1460 impudicitiam
1131 1399 1309 1454 necat,
1345 1390 1546 1461 talique
1580 1390 1771 1447 ordine

167 1483 265 1551 qui
298 1498 399 1552 per
420 1482 670 1551 spiritum
704 1489 859 1537 actus
908 1482 1090 1537 carnis
1118 1483 1530 1538 mortibcaverit
1553 1523 1569 1548 ,
1602 1483 1766 1538 vivet.

168 1571 437 1643 Sequitur
468 1590 482 1625 :

245 1664 559 1735 Quicunque
593 1664 727 1718 enim
759 1664 959 1734 Spiritu
992 1664 1090 1719 Dei
1121 1673 1386 1735 aguntur,
1426 1664 1483 1717 Iri
1511 1664 1610 1733 lilii
1649 1674 1767 1718 sunt

167 1755 293 1811 Dei.
337 1755 471 1811 Nam
496 1756 589 1825 qui
620 1756 674 1809 in
700 1757 942 1826 peccatis
972 1764 1101 1811 sunt
1129 1756 1321 1827 spiritu
1364 1755 1571 1811 Diaboli
1600 1769 1767 1826 agun-

167 1858 284 1914 tur,
325 1848 417 1917 qui
457 1824 639 1902 autem
682 1824 888 1916 Spiritu
916 1857 1107 1902 sancto
1150 1824 1441 1917 gubernari
1466 1824 1761 1908 merentur,
1797 1824 1843 1883 Β

166 1950 229 1997 ct
260 1941 354 2013 qui
395 1940 693 1995 secundum
725 1940 1030 1996 doctrinam
1061 1939 1301 2010 Spiritus
1344 1938 1521 1993 sancti
1557 1938 1765 2002 vivunt,

168 2032 277 2104 ipsi
311 2032 518 2103 Spiritu
542 2031 638 2086 Dei
671 2042 926 2102 aguntur.

246 2120 374 2175 Non
413 2122 552 2175 enim
596 2122 866 2190 accepistis
908 2122 1151 2191 spiritum
1196 2118 1457 2175 servitutis
1492 2120 1679 2174 iterum
1713 2120 1767 2173 in

167 2213 382 2275 timore,
432 2226 540 2265 non
587 2212 836 2280 spiritum
880 2210 1029 2265 illum
1078 2211 1132 2265 in
1179 2226 1289 2280 quo
1327 2211 1521 2265 timore
1558 2218 1766 2263 tantum

169 2302 406 2357 Domino
430 2302 633 2357 servire
662 2301 924 2366 debeatis,
952 2301 1044 2357 sed
1071 2317 1191 2357 eam
1218 2302 1390 2370 legem
1422 2315 1525 2369 qua
1556 2315 1653 2370 per
1689 2298 1772 2355 di-

170 2394 462 2449 lectionem
505 2394 687 2465 potius
736 2393 846 2449 Deo
886 2394 1138 2450 servietis
1174 2410 1188 2446 :
1232 2393 1325 2451 sed
1372 2407 1469 2462 per
1508 2385 1768 2461 'spiritum

170 2488 453 2543 servitutis
501 2488 553 2541 in
597 2488 826 2551 timore,
867 2488 959 2557 qui
1002 2496 1088 2543 est
1131 2488 1345 2541 initium
1391 2486 1670 2555 sapientia!
1717 2493 1772 2540 et

168 2578 416 2632 scientiae
463 2576 580 2641 Dei,
612 2592 735 2633 cum
774 2577 951 2648 primo
989 2577 1278 2631 Dominum
1310 2576 1537 2646 cmperit
1578 2576 1773 2632 timere

170 2676 234 2724 et
259 2668 472 2723 diabolo
500 2683 802 2739 repugnare
831 2668 881 2723 in
921 2683 1031 2737 quo
1073 2668 1263 2738 spiritu
1305 2667 1527 2722 timoris
1560 2667 1769 2722 Domini

169 2758 409 2827 quisque
440 2757 669 2813 Domino
694 2758 902 2812 servire
926 2757 1087 2812 debet
1124 2756 1277 2811 initio
1298 2756 1453 2811 bona:
1485 2770 1773 2809 conversa-

176 2846 367 2910 tionis,
412 2846 567 2916 quasi
596 2861 731 2916 puer
770 2846 871 2901 sub
905 2845 1233 2917 paedagogis,
1280 2854 1341 2899 ut
1378 2845 1551 2900 diseat
1583 2844 1774 2898 timere

170 2938 487 3001 Dominum,
524 2944 579 2991 et
610 2935 863 2990 mandata
893 2936 1010 3006 ejus
1040 2935 1334 2999 custodire,
1364 2948 1472 3004 quo
1507 2948 1677 3002 usque
1706 2932 1772 2987 ad

1870 662 2168 727 exspectat,
2199 657 2567 714 btereditatem
2595 658 2734 715 ﬁlius
2761 670 2963 732 sperat.
2999 663 3230 735 ideoque
3258 674 3467 737 satage-

1868 761 1992 802 mus
2016 753 2073 801 ut
2096 762 2204 801 non
2219 747 2333 817 jam
2351 748 2490 803 servi
2511 764 2608 820 per
2632 750 2877 807 timorem
2900 752 3128 810 Domino
3149 756 3321 812 simus
3348 772 3465 812 ser-

1866 837 2096 901 vientes,
2116 837 2212 891 sed
2238 850 2335 905 per
2357 851 2597 893 amorem
2622 839 2796 895 Patris
2816 843 2996 897 omnia
3020 844 3158 898 bona
3179 843 3462 906 iacientes.

1868 938 1928 983 ut
1965 942 2273 983 mereamur
2304 929 2674 985 [nereditatem
2716 932 3135 1004 incorruptionis
3160 945 3217 992 et
3244 937 3457 995 immor-

1869 1017 2116 1081 talitatis,
2160 1026 2379 1074 azternae
2425 1020 2586 1074 simul
2630 1020 2815 1092 gloriae
2860 1024 3172 1092 possidere,
3231 1034 3285 1082 et
3333 1027 3465 1083 illud

1868 1109 2033 1163 etiam
2064 1107 2288 1177 adipisci
2315 1108 2455 1177 quod
2497 1109 2613 1179 ipse
2652 1109 2809 1165 nobis
2851 1110 3099 1167 Salvator
3132 1102 3407 1185 adoptavit
3430 1131 3461 1171 a

1868 1197 2047 1264 Patre,
2078 1198 2264 1252 dicens
2290 1215 2303 1250 :
2332 1195 2513 1262 Pater,
2540 1198 2653 1252 voto
2677 1208 2732 1252 ut
2760 1200 2849 1253 ubi
2870 1217 2986 1255 sum
3009 1218 3123 1271 ego,
3140 1202 3249 1258 illic
3277 1205 3381 1261 sint
3415 1214 3465 1259 et

1870 1290 2095 1344 ministri
2145 1288 2265 1342 mei.
2308 1288 2423 1344 Hoc
2473 1290 2629 1345 modo
2676 1291 2988 1347 cobaeredes
3036 1308 3165 1348 suos
3216 1292 3483 1351 Christus.

1871 1396 1979 1436 non
2032 1379 2208 1435 solum
2261 1380 2315 1433 in
2372 1389 2581 1448 partem
2635 1381 2994 1447 barreditatis,
3050 1383 3144 1438 sed
3198 1383 3362 1440 etiam
3408 1384 3463 1439 in

1871 1474 2211 1529 consortium
2238 1472 2591 1529 beatitudinis
2619 1481 2839 1529 :eternre
2864 1474 3133 1544 perducit,
3157 1476 3241 1530 cui
3276 1476 3346 1531 sit
3369 1477 3465 1531 be-

1870 1579 1991 1629 nor,
2016 1564 2136 1618 laus
2164 1572 2218 1618 et
2246 1563 2543 1634 gratiarum
2571 1563 2734 1627 actio,
2778 1579 2883 1618 una
2920 1579 3043 1618 cum
3074 1564 3233 1620 Patre
3260 1574 3315 1621 et
3345 1565 3465 1636 Spi-

1872 1654 1977 1710 ritu
2001 1662 2209 1719 sancto,
2244 1668 2340 1723 per
2361 1652 2568 1707 inﬁnita
2603 1654 2799 1709 saecula
2825 1652 3165 1710 saeculorum.
3196 1655 3391 1711 Amen.

2316 1763 2667 1821 HOMILIA
2726 1764 2985 1823 CXXVI

2440 1852 2571 1890 ITEI
2614 1852 2682 1890 UT
2724 1852 2911 1891 SUPBA.

1964 1925 2151 1981 Lectio
2181 1924 2352 1981 sancti
2394 1924 2668 1994 Evangelii
2707 1925 3004 1980 secundum
3035 1923 3367 1981 Mattbaeum.

1941 2016 2008 2070 In
2032 2016 2123 2071 illa
2147 2027 2374 2087 tempore
2394 2017 2527 2071 dixit
2547 2017 2703 2072 Iesus
2733 2016 3005 2089 discipulis
3030 2018 3141 2073 suis
3158 2032 3178 2072 :
3201 2018 3467 2077 Attendits

1871 2124 1902 2161 α
1938 2107 2087 2178 falsis
2128 2110 2414 2179 prophetis,
2460 2109 2550 2180 qui
2588 2109 2796 2162 veniunt
2838 2108 2909 2162 ad
2946 2126 3034 2164 vos
3070 2110 3125 2165 in
3168 2111 3466 2167 uestimento

1870 2199 2068 2264 ovium,
2104 2199 2246 2252 intus
2275 2207 2452 2251 autem
2481 2207 2602 2252 sunt
2634 2197 2743 2268 lupi
2778 2214 3011 2268 rapaces,
3040 2207 3144 2254 etc.

1944 2289 2011 2344 Et
2047 2290 2113 2344 de
2146 2289 2397 2343 omnibus
2425 2288 2641 2357 quidem
2685 2288 2910 2359 intelligi
2959 2297 3156 2358 potest,
3188 2288 3279 2359 qui
3324 2287 3469 2345 aliud

1876 2380 2064 2437 habitu
2109 2394 2174 2436 ac
2218 2393 2469 2435 sermone
2506 2378 2847 2449 promittunt,
2879 2378 3023 2434 aliud
3056 2394 3218 2450 opere
3248 2380 3471 2435 demoni-

1875 2483 2073 2531 strant.
2111 2472 2219 2529 Sed
2263 2471 2573 2543 specialiter
2613 2472 2679 2527 de
2720 2470 2989 2527 haereticis
3037 2471 3465 2541 intelligendum,

1874 2566 1966 2636 qui
2007 2564 2260 2647 videntur
2308 2564 2640 2619 continentia
2668 2603 2683 2628 ,
2731 2559 3015 2626 castitate,
3056 2561 3261 2633 jejunio
3308 2564 3466 2635 quasi

1873 2655 2107 2726 quadam
2152 2654 2371 2724 pietatis
2420 2668 2481 2709 se
2528 2660 2678 2707 veste
2730 2653 3088 2719 circumdare,
3139 2654 3469 2711 intrinsecus

1872 2761 2003 2802 vero
2033 2747 2296 2815 habentes
2321 2742 2577 2799 animum
2601 2753 2923 2800 venenatum
2947 2744 3329 2816 simpliciorum
3358 2744 3469 2800 fra-

1876 2847 2018 2892 trum
2044 2838 2207 2892 corda
2232 2836 2527 2907 decipiunt.
2571 2835 2647 2889 Ex
2679 2834 2944 2891 fructibus
2969 2851 3097 2907 ergo
3130 2837 3321 2891 anima:
3344 2835 3467 2907 qui—

1874 2928 1975 2983 bus
2003 2926 2320 2981 innocentes
2362 2924 2428 2979 ad
2471 2925 2684 2980 ruinam
2716 2925 2953 2991 trahunt,
3004 2925 3145 2995 lupis
3180 2927 3469 2998 rapacibus

167 3025 565 3098 perfectionem
612 3026 874 3080 bonorum
932 3040 1155 3095 operum
1216 3032 1347 3079 tetas
1394 3024 1676 3092 perveniat
1720 3030 1777 3077 et
1877 3026 2283 3088 comparantur.

170 3127 456 3173 mereatur
484 3116 788 3184 adoptionis
817 3115 1065 3185 Spiritum
1096 3113 1392 3183 percipere,
1437 3121 1491 3166 et
1518 3126 1639 3166 esse
1660 3111 1770 3181 jam

1952 3108 2075 3163 Non
2097 3118 2259 3180 potest
2290 3110 2450 3164 arbor
2488 3110 2623 3164 bona
2648 3110 2849 3179 fructus
2883 3108 3049 3163 malos
3080 3109 3274 3179 facere,
3305 3128 3469 3182 neque

168 3207 219 3262 F
225 3207 353 3262 ilius
374 3206 468 3262 Dei
496 3171 1005 3276 per|assueta.bona
1034 3171 1221 3274 opera,
1246 3171 1386 3257 sicut
1412 3202 1468 3257 in
1491 3171 1768 3271 sequenti-
1799 3171 1842 3232 Ο
1874 3200 2034 3253 arbor
2066 3171 2207 3253 mala
2236 3199 2439 3269 fructus
2469 3200 2627 3253 bonos
2653 3201 2844 3269 facere.
2898 3198 3215 3266 Quaeramus
3260 3202 3327 3257 ab

170 3300 281 3355 bus
308 3299 439 3353 dicit
464 3298 605 3352 idem
630 3295 920 3365 Apostolus
946 3313 960 3348 :

252 3390 359 3445 Sed
384 3389 655 3461 accepistis
687 3386 948 3456 Spiritum
974 3386 1270 3463 adoptionis
1294 3383 1525 3455 filiorum
1552 3383 1668 3437 Dei.
1700 3382 1773 3439 Ut

171 3496 288 3535 non
310 3478 420 3549 jam
453 3480 644 3535 timore
667 3490 841 3548 pmua:
865 3478 974 3531 Deo
1003 3476 1328 3540 serviamus,
1355 3475 1449 3529 sed
1486 3490 1621 3542 pura
1648 3488 1772 3543 per-

172 3569 429 3638 fectaque
454 3567 743 3623 dilectione
763 3580 883 3635 quae
905 3564 1219 3634 przedictum
1253 3564 1319 3617 ab
1346 3562 1566 3617 homine
1588 3561 1773 3631 expet-

174 3659 242 3715 ιῑι
273 3660 521 3714 timorem
548 3675 563 3719 ;
595 3673 719 3712 cum
757 3671 886 3727 ergo
925 3655 1160 3726 peccatis
1189 3655 1385 3708 mortui
1428 3653 1631 3709 erimus
1676 3667 1772 3722 per

170 3750 551 3821 penitentiam
602 3757 657 3803 et
705 3746 1135 3811 confessionem,
1186 3755 1242 3801 et
1284 3745 1603 3801 desierimus
1650 3758 1772 3799 esse

170 3844 325 3914 quod
350 3841 549 3897 fuimus
574 3842 714 3898 servi
760 3840 986 3911 peccati,
1017 3839 1091 3894 illi
1116 3840 1401 3895 serviendo
1432 3855 1532 3910 per
1558 3850 1769 3894 assueta

169 3948 345 4003 Opera
379 3932 597 4002 pietatis
627 3941 681 3986 et
699 3930 946 4000 justitiaa,
976 3946 1037 3985 ac
1056 3946 1153 3999 per
1184 3930 1418 3999 Spiritus
1442 3929 1615 3985 sancti
1641 3944 1767 4000 gra-

174 4025 311 4080 tiam
341 4033 396 4077 et
420 4023 600 4079 vocari
630 4031 686 4077 et
710 4036 829 4077 esse
846 4019 960 4090 jam
991 4020 1114 4075 Filii
1146 4020 1241 4077 Dei
1276 4035 1601 4076 mereamur.

251 4114 323 4168 In
350 4131 450 4184 quo
470 4113 759 4168 clamamus
782 4130 800 4167 :
830 4112 973 4166 Abba
1006 4109 1183 4166 Pater.
1210 4112 1341 4179 Quia
1372 4110 1486 4179 jam
1514 4127 1611 4182 per
1641 4126 1769 4167 san-

170 4203 567 4259 ctificationem
591 4202 763 4259 sancti
801 4202 1056 4273 Spiritus,
1097 4216 1256 4271 quem
1288 4201 1443 4257 bonis
1469 4210 1526 4255 et
1568 4202 1770 4257 sanctis

170 4295 423 4351 moribus
460 4310 731 4351 meremur
765 4295 819 4349 in
849 4291 1004 4350 nobis
1051 4308 1291 4359 manere,
1324 4293 1573 4348 ﬁduciam
1604 4294 1768 4349 babe-

171 4399 328 4449 mus,
374 4385 542 4439 Deum
588 4384 743 4440 nobis
788 4384 1001 4439 Patrem
1052 4384 1355 4449 nominare,
1395 4400 1516 4439 cum
1557 4399 1659 4438 nos
1705 4384 1768 4437 fi-

170 4473 285 4532 lios
326 4473 442 4544 ejus
468 4488 587 4530 esse
614 4474 994 4544 cognoscimus
1038 4474 1091 4529 in
1150 4474 1533 4545 adimpletione
1577 4475 1765 4529 volun-

174 4565 313 4619 tatis
340 4562 475 4633 ejus.
505 4563 631 4619 Ideo
672 4563 949 4618 voluntate
989 4563 1217 4633 simplici
1256 4578 1543 4633 operemur
1583 4566 1763 4619 omnia

174 4653 325 4709 bona
368 4669 487 4724 quae
521 4668 825 4724 possumus,
867 4662 927 4708 ut
978 4653 1116 4709 ﬁlios
1163 4669 1261 4709 nos
1314 4655 1410 4709 Dei
1451 4670 1572 4711 esse
1619 4670 1766 4711 com-

170 4744 490 4813 probemus,
532 4744 586 4798 in
623 4736 909 4800 dilectione
935 4753 988 4798 et
1018 4760 1125 4799 non
1166 4743 1279 4814 jam
1318 4746 1370 4799 in
1416 4746 1609 4801 timore
1649 4762 1766 4802 scr-

169 4836 409 4890 vientcs.
438 4835 571 4902 Quia
597 4836 688 4906 qui
714 4844 873 4890 vocat
913 4844 1143 4905 patrem,
1192 4836 1359 4891 filium
1398 4852 1458 4893 se
1498 4852 1619 4892 esse
1640 4852 1767 4907 pro-

173 4922 382 4981 litetur.
415 4924 577 4979 Debet
616 4941 746 4996 ergo
779 4934 993 4994 patrum
1033 4925 1275 4980 moribus
1309 4924 1584 4994 placabilis
1626 4924 1768 4982 filius

167 5012 432 5077 inveniri,
460 5029 527 5069 ne
553 5030 653 5084 pro
680 5014 896 5069 nomine
938 5028 1151 5084 quoque
1188 5013 1241 5068 in
1284 5029 1481 5069 vanum
1509 5024 1767 5084 usurpato

167 5103 370 5173 majori
400 5116 573 5175 paena:
598 5104 933 5173 subjiciatur.

243 5193 370 5263 Ipse
388 5196 530 5249 enim
546 5194 775 5263 Spiritus
794 5198 1144 5252 testimonium
1168 5198 1335 5253 reddit
1354 5198 1562 5269 spiritui
1586 5210 1764 5256 nostra

162 5283 315 5354 quod
341 5300 524 5339 sumus
549 5285 649 5354 ﬁlii
678 5285 793 5341 Dei.
837 5285 951 5357 Ipse
974 5288 1173 5358 quippe
1216 5287 1451 5359 Spiritus
1487 5291 1763 5348 servitutis

165 5386 272 5443 per
296 5388 457 5442 quem
486 5374 541 5429 in
569 5374 766 5432 timore
810 5382 1014 5431 tantum
1045 5376 1272 5431 Domino
1298 5378 1638 5444 servivimus,
1683 5387 1761 5435 te-

161 5462 486 5517 stimonium
516 5463 698 5518 reddit
722 5466 932 5535 spiritui
960 5465 1281 5534 adoptionis,
1311 5467 1365 5521 in
1389 5483 1497 5537 quo
1523 5467 1761 5537 perfecte

161 5566 271 5624 per
295 5542 618 5610 charitatem
644 5553 754 5610 Deo
773 5557 1141 5623 servierimus,
1167 5558 1308 5627 quod
1325 5572 1512 5614 sumus
1525 5558 1617 5613 ﬁlii
1641 5558 1755 5615 Dei.

166 5642 308 5711 Quia
344 5659 451 5700 non
480 5645 586 5702 nisi
626 5644 724 5700 filii
756 5643 849 5703 Dei
878 5648 1095 5703 arrham
1122 5648 1202 5704 sui
1232 5649 1453 5720 spiritus
1476 5650 1759 5724 percipere

163 5744 464 5790 merentur.

1876 3290 2075 3355 rcticis,
2107 3290 2199 3359 qui
2228 3290 2363 3344 duas
2392 3289 2535 3344 inter
2564 3304 2622 3343 se
2673 3290 2973 3346 contrarias
3002 3292 3186 3347 dicunt
3220 3307 3341 3350 esse
3371 3308 3469 3350 na-

1873 3389 2043 3447 turas,
2067 3362 2111 3435 si
2132 3380 2285 3451 juxta
2308 3380 2712 3452 intelligentiam
2733 3397 2920 3436 eorum
2944 3384 3107 3443 arbor
3125 3384 3266 3439 bona
3295 3384 3468 3442 malos

1873 3471 2077 3525 fructus
2130 3470 2311 3526 facere
2360 3486 2635 3540 nunquam
2685 3479 2895 3541 potest,
2938 3475 3208 3542 quomodo
3252 3474 3467 3546 Moyses

1870 3560 2034 3614 arbor
2060 3562 2197 3615 bona
2228 3560 2534 3630 peccaverit
2566 3560 2630 3613 ad
2669 3576 2867 3628 aquam
2896 3563 3379 3625 contradictionis:
3412 3572 3467 3621 et

1870 3652 2059 3719 David,
2090 3651 2218 3708 Uria
2255 3651 2559 3717 interfecto,
2588 3667 2712 3707 cum
2750 3652 3052 3709 Betiisabee
3079 3655 3460 3724 concubuerit;

1871 3744 2063 3799 Petrus
2097 3758 2311 3815 quoque
2337 3744 2390 3799 in
2421 3744 2672 3813 passione
2701 3741 2867 3800 Deum
2906 3747 3201 3816 negaverit,
3231 3746 3421 3805 dicens
3441 3790 3460 3815 ,

1871 3837 2043 3889 nescio
2068 3835 2325 3889 hominem
2353 3852 2367 3900 ;
2404 3844 2501 3901 aut,
2527 3850 2632 3904 qua
2663 3837 3047 3905 consequentia
3076 3835 3265 3893 Jethro
3306 3854 3463 3898 socer

1870 3925 2037 3997 Moysi
2066 3926 2227 3980 arbor
2256 3925 2419 3990 mala,
2464 3924 2556 3995 qui
2596 3926 2780 3994 utique
2824 3926 2877 3979 in
2926 3926 3094 3982 Deum
3142 3927 3309 3985 Israel
3350 3946 3462 3987 non

1869 4016 2145 4081 credebat,
2175 4016 2381 4071 delerit
2402 4016 2685 4071 consilium
2718 4016 2884 4087 Moysi
2910 4017 3145 4087 bonum;
3177 4032 3231 4074 et
3256 4020 3461 4078 Acbior

1871 4107 2197 4177 Holopberni
2242 4107 2446 4176 aliquid
2499 4108 2631 4162 utile
2689 4109 2760 4162 sit
2811 4109 3066 4182 locutus;
3108 4118 3162 4165 et
3217 4113 3461 4171 comicus

1870 4199 2083 4263 dixerit,
2113 4198 2253 4269 quod
2288 4199 2425 4253 bene
2475 4200 2675 4255 dictum
2726 4200 3013 4270 Apostolus
3063 4204 3459 4273 comprobavit,

1869 4298 2220 4361 corrumpunt
2266 4306 2445 4357 mores
2487 4290 2658 4346 bonos
2688 4291 3148 4348 confabulationes
3171 4296 3446 4363 pessimae;

1868 4388 1924 4435 et
1950 4396 2071 4435 cum
2099 4395 2204 4434 non
2230 4380 2551 4443 invenerint,
2576 4382 2705 4450 quid
2728 4383 3107 4452 respondeant,
3138 4399 3237 4439 nos
3257 4385 3461 4441 insere~

1868 4484 1990 4523 mus
2014 4478 2069 4523 et
2094 4467 2284 4523 ludam
2318 4470 2564 4523 arborem
2588 4469 2855 4540 quondam
2882 4472 3077 4527 bonam
3112 4472 3305 4529 fecisse
3346 4475 3458 4530 fru-

1867 4571 1989 4614 ctus
2016 4559 2204 4626 malos,
2223 4568 2504 4630 postquam
2531 4560 2825 4629 prodiderit
2852 4560 3210 4627 Salvatorem,
3238 4573 3293 4619 et
3316 4564 3457 4619 Pau-

1868 4648 1977 4704 lum
2004 4649 2250 4704 arborem
2274 4649 2467 4707 malam
2505 4665 2570 4705 eo
2614 4658 2854 4720 tempore
2884 4666 2991 4721 quo
3031 4654 3457 4723 persequebatur

1869 4740 2166 4797 Ecclesiam
2228 4741 2427 4797 Christi
2454 4782 2469 4807 ,
2520 4741 2711 4798 fecisse
2764 4752 2951 4814 postea
3016 4744 3225 4803 fructus
3283 4748 3457 4805 bonos

1868 4831 2082 4899 quando
2122 4831 2175 4884 in
2220 4846 2317 4885 vas
2342 4830 2620 4886 electionis
2664 4832 2729 4886 de
2772 4842 3120 4901 persecutore
3165 4836 3456 4895 translatus

1867 4930 1970 4976 est.
1995 4921 2201 4976 Tandiu
2245 4936 2373 4992 ergo
2400 4921 2560 4977 arbor
2589 4922 2730 4977 bona
2778 4921 2986 4980 fructus
3012 4941 3118 4979 non
3155 4926 3318 4982 faciet
3338 4943 3451 4983 ma-

1866 5010 1968 5075 los,
1997 5011 2232 5081 quandiu
2255 5011 2309 5067 in
2331 5012 2591 5068 bonitatis
2638 5014 2814 5069 studio
2857 5024 3190 5084 perseverat,
3217 5026 3273 5072 et
3306 5019 3450 5075 mala

1864 5104 2029 5158 arbor
2072 5110 2258 5157 manet
2300 5104 2356 5157 in
2401 5101 2664 5159 fructibus
2693 5114 3035 5173 peccatorum
3085 5108 3321 5177 quandiu
3378 5111 3447 5168 ad

1864 5193 2237 5264 paenitentiam
2257 5209 2363 5250 non
2389 5196 2741 5255 convertitur.
2768 5195 2937 5251 Nemo
2958 5198 3099 5252 enim
3124 5212 3448 5267 permanens

1863 5285 1919 5340 in
1942 5298 2007 5342 eo
2027 5283 2169 5354 quod
2196 5283 2320 5349 fuit,
2350 5284 2535 5356 incipit
2560 5285 2611 5339 id
2640 5300 2760 5341 esse
2779 5286 2921 5355 quod
2942 5288 3177 5342 nondum
3200 5292 3444 5358 omperit.

1938 5377 2121 5432 Omnis
2144 5375 2303 5430 ‘arbor
2326 5392 2443 5445 quis
2467 5392 2571 5431 non
2595 5374 2725 5447 facit
2749 5376 2982 5445 fructum
3003 5378 3213 5444 bonum,
3233 5380 3445 5435 excide-

1866 5478 1954 5523 tur
1975 5478 2023 5523 et
2043 5469 2097 5522 in
2120 5469 2290 5537 ignem
2314 5469 2562 5537 mittetur.
2596 5467 2731 5534 Quia
2769 5472 3133 5539 unusquisque
3159 5484 3446 5540 perversus

1865 5575 1963 5630 per
2003 5557 2232 5613 validam
2256 5556 2443 5625 iudicii
2489 5558 2811 5614 sententiam
2846 5560 2912 5615 de
2962 5570 3105 5618 terra
3150 5562 3443 5619 viventium

1864 5650 2172 5706 eradicatus
2209 5650 2264 5704 in
2311 5650 2569 5721 gehennrc
2600 5649 2779 5721 ignem
2820 5651 3051 5709 mittitur
3082 5653 3175 5726 qui
3203 5653 3290 5710 hic
3316 5649 3446 5712 boni

1864 5741 2045 5814 operis
2072 5740 2305 5797 fructum
2326 5740 2519 5799 iecisse
2542 5756 2649 5798 non
2676 5734 2972 5800 invenitur.
