3960 6404
471 405 577 463 ΖΒῚ

1106 404 1164 459 Β.
1205 403 1460 460 RABANI
1505 402 1727 462 MAUlll
1770 404 2093 463 ARCHIEP.
2136 405 2455 465 MOGUNT.
2488 406 2775 465 OPERUM
2812 408 2991 465 PARS
3033 406 3095 463 ll.

3654 409 3750 467 588

536 518 709 590 Igitur
734 532 800 571 ex
828 514 1085 591 fructibus
1117 533 1297 571 eorum
1323 519 1642 588 cognoscetis
1675 535 1781 573 eos.
1808 519 1909 586 Qui
1938 529 2064 575 sunt
2091 528 2139 585 Α
2171 537 2302 577 sane
2333 523 2475 590 quod
2506 523 2679 576 otiosa
2702 523 2775 577 sit
2807 525 2946 592 apud
2976 523 3199 580 Paulum
3231 524 3469 580 varietas
3497 527 3610 596 ipsa
3642 542 3753 582 ver-

462 625 598 684 ergo
627 608 855 672 fruetus,
884 609 1079 677 quibus
1118 608 1351 662 inventis
1393 624 1787 679 cognoscamus
1814 611 2065 666 arborem

467 702 699 758 malam:
725 701 854 756 dicit
879 699 1198 770 Apostolus:
1224 699 1508 767 Manifesta
1539 717 1695 770 opera
1720 702 1919 767 carnis,
1948 717 2066 772 quo:

464 804 585 849 sunt
628 792 1025 862 fornicationes,
1067 791 1446 853 immunditite,
1501 785 2063 855 litauiiw,‘idolornm

461 883 705 946 servitus,
729 881 999 949 veneﬁcia,
1030 881 1343 946 inimicitiw,
1371 881 1749 945 contentiones,
1768 880 2067 934 (emutatio-

464 989 576 1038 nes,
599 972 981 1035 animositates,
1001 970 1371 1036 dissensiones,
1390 971 1630 1033 ha’reses,
1659 970 1889 1036 invidiaz,
1906 970 2066 1025 ebrie-

461 1073 594 1117 tates
619 1103 634 1127 ,
676 1062 1098 1126 comessationes,
1120 1072 1165 1115 et
1196 1062 1275 1114 Itis
1313 1059 1509 1114 similia
1541 1076 1660 1131 qua:
1706 1061 1937 1129 prwdico
1979 1078 2064 1115 vo—

461 1152 561 1217 bis,
602 1153 735 1206 sicut
774 1151 1020 1223 pra‘dixi,
1047 1152 1295 1223 quoniam
1331 1150 1420 1221 qui
1466 1150 1596 1204 talia
1638 1159 1799 1220 agunt
1846 1156 2062 1221 regnum

460 1245 558 1300 Dei
600 1263 703 1300 non
738 1255 1136 1316 consequentur.
1184 1243 1247 1297 Et
1272 1244 1363 1313 qui
1402 1251 1531 1297 sunt
1564 1258 1664 1312 per
1702 1257 1838 1311 quos
1866 1257 2067 1313 cogno-

460 1339 662 1394 scimus
706 1330 959 1394 arborem
1002 1338 1227 1401 bonam,
1260 1338 1400 1392 idem
1438 1337 1553 1408 ipse
1602 1335 1893 1406 Apostolus
1935 1352 2064 1391 con-

460 1438 751 1498 sequenter
779 1430 946 1484 dicit:
981 1425 1213 1481 Fructus
1255 1438 1427 1481 autem
1463 1428 1681 1498 spiritus
1707 1436 1781 1480 est
1805 1427 2060 1492 charitas,

457 1522 732 1591 gaudium,
769 1538 896 1592 pax,
934 1519 1327 1592 longanimitas,
1371 1520 1685 1590 benignitas,
1726 1519 1950 1583 bonitas,
1989 1521 2060 1589 ﬁ-

458 1614 570 1679 des,
600 1612 972 1675 mansuetudo,
998 1612 1341 1675 continentia,
1374 1618 1484 1665 etc.

530 1703 656 1757 Non
685 1702 855 1757 omnis
881 1702 971 1772 qui
995 1700 1120 1753 dicit
1148 1699 1276 1752 milii
1301 1713 1321 1751 :
1356 1699 1597 1765 Domine,
1626 1699 1862 1763 Domine,
1888 1700 2059 1752 intra-

458 1797 529 1849 bit
556 1797 611 1849 in
636 1812 849 1865 regnum
876 1792 1156 1859 ccelorunt;
1193 1793 1285 1847 sed
1316 1794 1404 1864 qui
1447 1793 1571 1862 facit
1601 1792 1918 1847 voluntatem
1948 1789 2057 1844 Pa-

2170 615 2384 678 borum,
2418 615 2561 683 quod
2597 615 2888 684 aliquando
2926 614 3192 682 inﬁrmos,
3225 617 3516 687 aliquando
3548 619 3750 689 impios,

2169 704 2455 774 aliquando
2488 714 2801 774 peccatores
2830 706 3093 770 nominat,
3123 722 3221 777 pro
3257 707 3453 778 quibus
3487 707 3753 764 Christum

2169 804 2439 849 mortuum
2472 796 2624 859 dicit,
2651 805 2707 851 et
2734 799 2982 866 quamvis
3022 799 3329 868 imperitum
3360 815 3418 855 se
3444 798 3678 857 fateatur
3700 802 3751 856 in

2169 900 2439 951 sermone,
2486 904 2592 942 non
2622 898 2801 944 tamen
2830 890 3069 946 arbitror
3090 892 3232 961 quod
3276 893 3329 947 in
3367 892 3451 948 his
3479 893 3566 949 ille
3593 894 3755 964 impo-

2168 977 2335 1043 ritia,
2382 979 2476 1033 sed
2523 979 2702 1048 potius
2751 980 3073 1050 profundam
3125 983 3406 1039 scientiam
3448 987 3750 1043 variaverit.

2167 1066 2270 1122 Per
2298 1069 2415 1123 haec.
2441 1085 2674 1139 namque
2701 1072 2804 1125 tria
2833 1087 2991 1127 omne
3017 1075 3226 1143 peccati
3253 1076 3523 1146 colligitur
3549 1093 3750 1149 genus:

2167 1171 2259 1215 aut
2285 1162 2431 1216 enim
2454 1163 2710 1235 ignorans
2733 1164 2900 1219 Deum
2924 1166 3045 1235 quis
3071 1176 3127 1221 et
3150 1167 3337 1221 nolens
3360 1184 3579 1224 servare
3609 1186 3756 1225 man-

2167 1256 2384 1321 datum,
2406 1256 2641 1312 vincitur
2675 1256 2966 1329 fragilitate
3008 1262 3206 1324 carnis,
3240 1270 3293 1316 et
3326 1261 3590 1319 illecebris
3623 1281 3759 1336 pne-

2166 1346 2335 1400 sentis
2380 1346 2506 1400 vita:
2552 1347 2840 1417 decipitur,
2886 1359 2942 1404 et
2979 1350 3228 1406 inﬁrmus
3276 1353 3609 1422 appellatur;
3667 1366 3760 1411 aut

2166 1436 2344 1490 sciens
2370 1436 2661 1506 volensque
2702 1440 3003 1496 contemnit
3024 1442 3339 1496 mandatum
3380 1452 3434 1498 et
3456 1444 3576 1499 odit
3602 1445 3757 1501 disci~

2167 1525 2367 1594 plinam
2398 1526 2513 1590 Dei,
2541 1543 2602 1583 ac
2629 1526 2843 1597 projieit
2870 1545 3148 1586 sermones
3176 1530 3293 1600 ejus
3316 1544 3437 1603 post
3463 1550 3542 1599 se,
3566 1545 3621 1590 et
3639 1551 3760 1605 pec-

2169 1620 2318 1664 cator
2348 1612 2690 1678 nominatur;
2718 1622 2883 1684 atque
2901 1616 2980 1668 ita
3002 1616 3202 1671 Paulus
3231 1619 3319 1686 qui
3347 1634 3403 1673 se
3428 1620 3758 1690 imperitum,

2166 1709 2225 1753 ut
2248 1700 2503 1763 diximus,
2544 1704 2596 1757 in
2631 1717 2881 1757 sermone
2913 1704 3211 1773 proﬁtetur,
3256 1708 3308 1760 in
3352 1709 3526 1763 tribus
3562 1710 3644 1765 his
3674 1711 3760 1766 di-

2166 1792 2515 1848 versitatibus
2562 1795 2814 1849 universa
2863 1812 2962 1865 pro
2997 1798 3192 1867 quibus
3218 1798 3466 1855 Christus
3503 1802 3762 1871 praedica-

456 1889 551 1941 tris
575 1889 676 1941 mei
707 1886 795 1958 qui
818 1886 872 1940 in
908 1886 1051 1939 caelis
1072 1896 1172 1951 est,
1212 1886 1319 1956 ipse
1351 1884 1562 1939 intrabit
1587 1886 1642 1937 in
1668 1900 1878 1955 regnum
1909 1882 2061 1935 calo-
2096 1881 2135 1943 Β
2167 1892 2254 1937 tur
2283 1894 2530 1940 mortuus
2558 1901 2679 1941 esse
2727 1888 3040 1958 complexus
3077 1899 3180 1945 est.
3220 1894 3372 1959 Quod
3407 1895 3452 1949 si
3492 1895 3758 1951 interdum

457 1996 594 2033 rum.
641 1978 885 2049 Regnum
926 1977 1189 2032 etelorum
1234 1976 1348 2031 sola
1394 1976 1685 2031 verborum
1724 1973 1899 2029 otlicia
1952 1990 2057 2027 non

455 2071 721 2134 obtinent,
742 2083 915 2139 neque
929 2067 1021 2138 qui
1038 2066 1297 2132 dixerint,
1316 2066 1554 2130 Domine,
1570 2065 1813 2128 Domine,
1827 2063 2063 2118 cohtere-

456 2164 553 2217 des
574 2162 716 2216 illius
741 2170 922 2216 erunt.
942 2160 1081 2227 Quid
1110 2160 1255 2214 enim
1287 2157 1465 2213 meriti
1492 2166 1575 2211 est
1598 2156 1826 2210 Domino
1856 2155 2056 2218 dicere,

455 2256 721 2311 Domine?
751 2254 992 2324 nunquid
1018 2252 1281 2308 Dominus
1306 2266 1413 2305 non
1439 2250 1567 2315 erit,
1596 2249 1701 2304 nisi
1726 2249 1905 2303 dictus
1936 2245 2056 2302 fue-

456 2349 582 2402 rita
610 2346 802 2401 nobis?
835 2354 886 2400 et
912 2358 1033 2413 quae
1062 2342 1220 2399 oﬁicii
1253 2342 1513 2396 sanctitas
1542 2350 1626 2394 est
1662 2339 1898 2394 nominis
1922 2354 2059 2392 nun-

454 2440 691 2510 cupatio,
732 2452 858 2492 cum
902 2435 1138 2491 coalestis
1185 2434 1335 2504 regni
1374 2424 1476 2486 iier
1522 2431 1700 2500 potius
1748 2430 2056 2485 obedientia

453 2529 747 2585 voluntatis
777 2542 882 2581 non
926 2526 1020 2580 Dei
1062 2524 1395 2593 nuncupatio
1422 2531 1706 2592 repertura
1747 2521 1853 2575 sit?
1881 2521 2053 2591 Ergo,

454 2622 599 2676 sicut
620 2634 783 2688 supra
814 2618 1047 2680 dixerat,
1086 2607 1180 2670 eus
1218 2615 1309 2685 qui
1353 2614 1618 2668 haberent
1653 2620 1859 2667 vestem
1905 2612 2057 2665 honte

453 2715 578 2769 vitae
624 2728 730 2766 non
760 2711 1099 2780 recipiendos
1128 2718 1350 2779 propter
1378 2706 1690 2778 dogmatum
1732 2702 2054 2772 nequitiam,

453 2807 527 2862 ita
558 2818 703 2859 nunc
721 2818 752 2857 c
772 2803 1047 2857 contrario
1066 2800 1281 2866 asserit,
1315 2800 1482 2853 nobis
1508 2798 1722 2867 quidem
1750 2810 2057 2851 accommo~

452 2899 689 2953 dandam
735 2896 913 2959 ﬁdem,
964 2894 1055 2964 qui
1106 2909 1228 2948 cum
1272 2892 1510 2962 polleant
1564 2889 1878 2959 integritate
1930 2886 2056 2942 ﬁdei

452 2992 683 3061 turpiter
723 2990 925 3053 vivant,
956 2996 1012 3040 ct
1038 2986 1299 3041 doctrinm
1324 2984 1693 3055 integritatem
1735 2981 1894 3036 malis
1920 2994 2054 3051 ορεσ-

453 3084 605 3137 ribus
630 3083 930 3136 destruant:
968 3077 1270 3146 Utrumque
1303 3070 1449 3130 enim
1480 3073 1576 3128 Dei
1605 3072 1776 3128 servis
1796 3084 2052 3126 necessa-

452 3176 591 3228 rium
629 3180 731 3237 est,
770 3178 828 3225 ut
878 3178 934 3223 et
964 3183 1101 3238 opus
1143 3181 1415 3232 sermone,
1460 3174 1517 3221 et
1563 3179 1744 3219 sermo
1796 3161 2054 3232 Operibus

2165 1976 2328 2029 etiam
2356 1976 2408 2030 hi
2443 1979 2533 2046 qui
2557 1978 2658 2032 sub
2687 1977 2803 2048 lege
2826 1989 2972 2045 sunt,
2998 1989 3052 2035 et
3083 1980 3248 2036 Deum
3275 1983 3453 2038 colere
3476 1984 3758 2053 videntur,

2165 2068 2314 2139 impii
2354 2070 2407 2124 in
2459 2069 2750 2140 Scripturis
2793 2073 2991 2128 divinis
3037 2076 3410 2142 nominantur,
3459 2079 3660 2135 ideirco
3700 2080 3761 2136 ﬁt

2162 2160 2290 2228 quia
2334 2160 2699 2229 relinquentes
2734 2162 2903 2217 Deum
2948 2172 3164 2232 patrum
3203 2180 3446 2233 suorum,
3481 2169 3610 2224 deos
3637 2186 3761 2241 gen-

2162 2254 2304 2308 tiunt
2332 2254 2553 2312 colunt:
2586 2257 2730 2325 quod
2753 2271 2883 2312 vero
2917 2256 3120 2313 Paulus
3147 2272 3207 2312 se
3236 2274 3359 2313 cum
3385 2262 3761 2329 peccatoribus

2161 2354 2429 2409 numerat,
2458 2346 2548 2416 qui
2584 2345 2701 2401 aliis
2743 2346 2915 2402 dicit:
2951 2347 3065 2403 Nos
3112 2359 3304 2403 natura
3346 2346 3527 2407 Judaei
3571 2363 3619 2407 et
3654 2371 3760 2408 non

2158 2454 2225 2491 ea:
2270 2438 2509 2508 gentibus
2550 2449 2869 2508 peccatores,
2899 2441 3218 2497 humilitatis
3256 2441 3375 2512 ejus
3417 2453 3501 2499 est
3548 2445 3758 2507 virtus;

2159 2529 2405 2583 imitatur
2429 2529 2573 2584 enim
2604 2530 2751 2585 illum
2780 2532 2893 2601 qui,
2917 2547 3039 2586 cum
3068 2544 3349 2603 peccatum
3381 2551 3485 2590 non
3515 2535 3756 2601 fecisset,

2158 2629 2441 2689 peccatum
2485 2636 2586 2691 pro
2637 2624 2794 2679 nobis
2843 2623 3017 2680 factus
3052 2634 3154 2690 est,
3188 2637 3242 2681 et
3286 2644 3405 2682 cum
3435 2627 3577 2682 Deus
3613 2637 3763 2684 esset

2158 2712 2302 2767 inter
2360 2712 2606 2768 homines
2661 2724 3014 2772 conversatus
3070 2727 3173 2772 est.
3240 2718 3579 2773 Commendat
3634 2736 3762 2791 ergo

2155 2818 2308 2855 suam
2347 2803 2659 2857 citaritatem
2705 2805 2843 2860 Deus
2891 2809 2945 2861 in
2973 2808 3135 2862 'nobis
3163 2823 3182 2861 :
3210 2809 3299 2864 hic
3332 2812 3671 2865 commendat
3703 2822 3763 2868 et

2156 2892 2467 2957 conﬁrmat,“
2495 2902 2551 2947 et
2573 2893 2861 2949 amabilem
2890 2895 3018 2950 facit
3048 2911 3148 2965 pro
3174 2898 3449 2953 beneﬁciis
3473 2901 3758 2969 praestitis.

2160 2981 2311 3049 Quod
2342 2983 2488 3037 enim
2510 2981 2777 3050 Christus,
2810 3000 2933 3040 cum
2963 2987 3139 3042 adhuc
3167 2999 3481 3057 peceatores
3510 3004 3762 3046 essemus

2155 3088 2254 3143 pro
2296 3075 2451 3129 nobis
2494 3083 2739 3129 mortuus
2770 3084 2877 3141 est,
2909 3091 3059 3147 spem
3090 3078 3247 3131 nobis
3275 3076 3368 3131 dat
3410 3079 3554 3148 quod
3584 3081 3761 3153 multo

2157 3164 2331 3234 magls
2365 3179 2463 3218 nos
2497 3179 2527 3217 a
2558 3174 2781 3234 peccato
2806 3175 3061 3235 purgatos
3100 3175 3155 3221 et
3188 3165 3537 3235 justiﬁcatos,
3572 3168 3641 3222 ab
3674 3170 3757 3222 ira

451 3266 855 3334 comprobetur,
884 3261 1009 3315 huic
1035 3260 1318 3315 sententia:
1348 3265 1527 3327 potest
1559 3245 1691 3310 illud
1717 3253 1891 3309 videri
1927 3267 2057 3307 con-
2085 3245 2129 3307 C
2162 3268 2281 3323 quae
2312 3254 2560 3311 imminet
2584 3257 2961 3323 peccatoribus
2985 3255 3209 3311 salvavit
3232 3272 3329 3326 per
3358 3258 3553 3327 ipsum,
3584 3267 3639 3313 et
3660 3261 3756 3329 qui

454 3357 725 3409 trarium:
757 3352 925 3406 Nemo
954 3358 1121 3421 potest
1168 3348 1340 3403 dicere
1375 3346 1635 3401 Dominus
1667 3346 1822 3400 Iesus
1861 3343 1963 3398 nisi
1998 3345 2053 3396 in

453 3446 656 3516 Spiritu
680 3454 882 3498 sancto.
904 3441 1010 3496 Sed
1035 3442 1203 3495 moris
1236 3450 1316 3495 est
1348 3438 1751 3507 Scripturarum
1782 3437 1923 3491 dicta
1956 3449 2054 3505 pro

452 3535 608 3590 factis
654 3534 923 3604 accipere,
968 3538 1028 3584 ut
1059 3531 1243 3585 statim
1276 3529 1329 3582 in
1358 3527 1818 3596 consequentibus
1853 3539 2051 3595 appro-

451 3627 629 3690 batur,
676 3624 901 3679 refutari
944 3638 1040 3677 eos
1078 3621 1169 3692 qui
1193 3620 1401 3690 jactant
1425 3619 1546 3674 sine
1583 3616 1840 3687 operibus
1880 3617 2047 3670 scien-

452 3718 584 3773 tiam
618 3716 855 3781 Domini,
888 3723 941 3769 et
967 3714 1188 3768 audiant
1214 3728 1244 3765 a
1268 3710 1553 3765 Salvatore
1579 3725 1593 3761 :
1621 3706 1859 3760 Recedite
1883 3722 1915 3758 a
1948 3721 2052 3770 me,

451 3810 678 3882 operarii
728 3808 1039 3879 iniquitatis,
1092 3805 1265 3860 nescio
1305 3821 1415 3858 vos.
1462 3803 1529 3857 Et
1566 3799 1854 3871 Apostolus
1909 3800 2053 3853 hunc

451 3919 670 3960 sensum
692 3902 934 3971 loquitur
958 3918 970 3953 :
990 3897 1319 3968 Conﬁtentur
1340 3913 1393 3951 se
1416 3896 1697 3950 Dominum
1717 3893 1870 3957 scire,
1897 3891 2049 3960 factis

452 4005 629 4048 autem
676 4000 882 4063 negant.
935 3990 1202 4057 Quoniam
1250 3987 1545 4043 'sccundum
1590 3983 1887 4039 Salvatoris
1929 3996 2052 4036 sen-

453 4086 702 4148 tentiam,
728 4083 817 4154 qui
839 4081 1088 4137 mandata
1118 4079 1211 4135 Dei
1241 4088 1375 4134 recte
1401 4076 1614 4131 credens
1638 4075 1881 4146 operibus
1903 4074 2049 4127 bonis

450 4176 887 4232 consummaverit
930 4183 976 4228 et
1024 4172 1263 4226 docuerit
1298 4171 1373 4225 sic
1412 4168 1671 4233 homines,
1701 4167 1784 4219 hic
1828 4182 2048 4236 magnus

454 4270 724 4327 vocabitur
765 4270 821 4323 in
872 4282 1027 4337 regno
1071 4265 1351 4327 calorum;
1402 4263 1489 4334 qui
1522 4272 1697 4316 autem
1733 4262 1967 4313 docuerit
1999 4270 2047 4312 et

456 4380 561 4418 non
587 4361 789 4432 fecerit,
821 4361 1068 4414 minimus
1102 4357 1369 4411 vocabitur
1398 4356 1452 4408 in
1485 4370 1642 4425 regno
1674 4354 1941 4408 caelorum.

958 4468 1245 4525 llOMlLlA
1288 4467 1427 4524 CXX
1440 4466 1546 4521 Vll.

1110 4555 1267 4595 FERM
1307 4554 1381 4592 IV.

526 4637 708 4692 Lectio
736 4633 985 4706 Epistolas
1004 4632 1147 4687 beati
1173 4629 1321 4684 Pauli
1345 4629 1569 4699 apostoli
1594 4628 1661 4682 ad
1685 4627 1975 4683 Romanos.

528 4730 772 4795 Fratres,
795 4730 838 4783 si
868 4745 988 4782 rum
1008 4727 1181 4781 adhuc
1209 4735 1504 4796 peccatores
1529 4740 1776 4785 essemus,
1811 4722 2050 4777 Christus

456 4839 551 4893 pro
583 4820 728 4875 nobis
757 4828 994 4873 mortuus
1033 4825 1130 4882 est,
1164 4815 1327 4870 multo
1368 4815 1554 4884 magis,
1593 4813 1878 4884 jus:iﬁcati
1913 4830 2050 4867 nunc

457 4914 514 4968 in
541 4911 797 4982 sanguine
820 4910 1003 4980 ipsius,
1031 4909 1162 4963 salvi
1184 4909 1377 4962 erimus
1404 4906 1467 4959 ab
1497 4906 1578 4959 ira
1604 4922 1696 4976 per
1724 4907 1912 4975 ipsum,
1941 4915 2046 4960 etc.

531 5002 647 5058 Hoc
677 5001 824 5063 dicit,
857 4999 982 5069 quia
1027 4997 1071 5052 si
1112 5011 1213 5067 pro
1258 4995 1635 5064 peccatoribus
1675 4992 1845 5046 ﬁlium
1890 5007 2044 5046 suum

458 5092 604 5150 Deus
625 5091 794 5147 occidi
822 5088 1086 5160 permisit,
1114 5084 1241 5157 quid
1270 5085 1433 5139 faciat
1459 5100 1557 5154 pro
1580 5083 1909 5153 iustiﬁcatis,
1942 5083 2044 5136 nisi

461 5192 652 5240 servet
671 5196 763 5235 eos
792 5182 858 5233 ab
904 5180 1010 5241 ira,
1046 5177 1095 5231 id
1126 5185 1227 5241 est,
1262 5184 1404 5230 tutos
1432 5174 1551 5230 illos
1579 5181 1797 5242 praestet
1834 5173 1901 5225 ab
1926 5171 2048 5225 illzt-

463 5278 614 5331 sione
636 5271 866 5329 diaboli?
895 5278 951 5323 ut
973 5268 1151 5324 securi
1179 5268 1287 5321 sint
1311 5268 1361 5320 in
1396 5266 1481 5320 die
1509 5264 1694 5333 judicii
1719 5278 1839 5317 eum
1870 5264 2048 5330 coepe—

465 5369 531 5422 rit
563 5365 792 5435 perﬁdos
822 5363 953 5415 ultio
999 5360 1278 5415 devastare
1302 5399 1315 5422 ,
1348 5356 1603 5427 quoniam
1644 5355 1787 5409 enim
1836 5354 2050 5407 bonitas

465 5458 557 5511 Dei
591 5455 792 5509 nullum
822 5453 997 5521 perire
1035 5450 1168 5513 vult,
1210 5456 1438 5502 mortem
1477 5446 1844 5514 dignissimam
1877 5444 2045 5506 dedit,

466 5559 523 5603 ut
552 5547 973 5619 intelligentibns
1016 5543 1111 5623 Dei
1157 5542 1382 5611 gratiam
1431 5540 1573 5594 circa
1616 5554 1675 5593 se
1709 5537 1932 5590 adderet
1966 5534 2049 5588 di-

466 5640 721 5707 gnitatem
769 5647 821 5689 et
862 5635 1104 5705 gloriam.
1152 5632 1349 5701 Ingrati
1399 5632 1454 5685 bi
1503 5638 1639 5684 sunt
1671 5629 1780 5695 qui,
1818 5628 1927 5679 Deo
1955 5641 2046 5677 vo?
2080 5678 2081 5681 η

464 5737 639 5793 caute,
668 5726 1009 5787 dissentiunt,
1042 5722 1134 5775 Dei
1170 5720 1396 5790 gratiam
1425 5720 1721 5773 abnuentes
1758 5726 1817 5768 ut
1845 5716 1896 5767 in
1922 5728 2047 5781 pro-

466 5821 637 5889 posita
666 5818 866 5873 erroris
894 5826 947 5869 et
978 5812 1326 5883 malignitatis
1355 5819 1720 5880 permaneant.
1762 5807 1874 5860 Non
1913 5814 2046 5875 puto

2157 3344 2362 3400 alienos
2407 3354 2461 3399 et
2486 3346 2735 3401 inimicos
2773 3347 2847 3401 ita
2879 3346 3083 3409 dilexit,
3117 3356 3175 3400 ut
3207 3363 3304 3416 pro
3331 3345 3487 3403 nobis
3509 3350 3574 3403 ad
3609 3365 3756 3406 mor-

2158 3446 2267 3492 tem
2292 3438 2510 3492 unicum
2542 3453 2696 3492 suum
2739 3439 2909 3502 daret,
2950 3439 3119 3494 multo
3149 3440 3322 3510 magis
3362 3456 3488 3496 suos
3530 3441 3759 3499 effectos

2155 3538 2211 3584 et
2260 3530 2638 3584 reconciliatos
2686 3530 2788 3585 sibi
2834 3541 3036 3586 interna
3083 3531 3257 3587 salute
3293 3533 3534 3589 donabit.
3579 3534 3758 3590 Multo

2154 3636 2298 3689 ergo,
2330 3621 2525 3691 inquit,
2556 3623 2723 3691 magis
2742 3623 3025 3693 justiﬁcati
3060 3640 3197 3678 nunc
3223 3627 3278 3680 in
3305 3628 3558 3696 sanguine
3585 3630 3758 3697 ipsius

2152 3709 2340 3765 salvati
2366 3711 2562 3765 erimus
2598 3713 2663 3766 ab
2686 3714 2767 3766 ira
2795 3730 2887 3783 per
2908 3714 3097 3784 ipsum.
3129 3714 3186 3769 In
3216 3717 3586 3785 superioribus
3625 3721 3757 3787 qui-

2152 3802 2273 3856 dem
2305 3803 2552 3858 dixerat:
2586 3804 2875 3873 Justiﬁcati
2916 3807 3078 3876 igitur
3111 3824 3177 3862 ea:
3214 3808 3318 3876 ﬁde
3336 3826 3515 3877 pacem
3548 3811 3757 3865 habea-

2153 3912 2268 3950 mus
2312 3896 2381 3950 ad
2419 3895 2627 3962 Deum;
2654 3904 2709 3951 et
2735 3912 2877 3952 nuuc
2899 3898 3031 3953 dicit
3055 3916 3067 3951 :
3107 3898 3273 3953 Multo
3302 3900 3467 3971 magis
3495 3918 3633 3955 nunc
3652 3903 3760 3971 ju-

2151 3986 2364 4055 sti/irati
2409 3989 2465 4041 in
2511 3989 2765 4059 sanguine
2812 3989 2976 4059 ipsius
3022 3989 3153 4043 solvi
3206 3989 3401 4044 erimus
3440 3993 3504 4044 ab
3546 3994 3629 4046 ira
3656 4011 3760 4062 per

2152 4080 2341 4150 ipsum.
2366 4079 2444 4133 Ex
2473 4096 2579 4149 quo
2606 4082 2845 4136 ostendit
2865 4083 3009 4152 quod
3036 4097 3209 4151 neque
3236 4082 3367 4138 ﬁdes
3392 4092 3596 4149 nostra,
3631 4087 3761 4141 sine

2152 4169 2349 4225 Christi
2378 4171 2658 4240 sanguine,
2686 4187 2861 4242 neque
2892 4172 3115 4243 salignis
3142 4172 3345 4227 Christi
3373 4187 3471 4227 nos
3498 4174 3615 4227 sine
3642 4173 3759 4229 fide

2153 4271 2334 4315 nostra
2354 4260 2650 4329 justiﬁcat;
2676 4277 2740 4317 ex
2768 4272 2996 4332 utroque
3028 4271 3208 4317 tamen
3236 4263 3404 4317 multo
3428 4265 3600 4335 magis
3628 4281 3763 4320 san-

2150 4352 2269 4421 guis
2292 4351 2492 4407 Cbristi
2527 4368 2625 4408 nos
2650 4368 2811 4422 quam
2844 4352 2976 4409 ﬁdes
3016 4363 3202 4409 nostra
3228 4352 3509 4423 justiﬁcat,
3541 4366 3597 4410 et
3626 4358 3758 4412 idea

2152 4442 2283 4496 mihi
2311 4443 2527 4498 videtur
2554 4459 2677 4498 cum
2706 4444 2759 4497 in
2788 4443 3160 4511 superioribus
3185 4443 3500 4513 simpliciter
3522 4447 3756 4513 dixerit,

2143 4535 2425 4605 justiﬁcati
2460 4552 2524 4591 ea:
2564 4535 2685 4604 ﬁde,
2729 4535 2818 4590 hic
2858 4535 3150 4600 addidisse,
3198 4535 3363 4589 multo
3401 4538 3566 4608 magis
3620 4556 3759 4609 ergo

2077 4607 2128 4667 D
2155 4642 2290 4681 nunc
2308 4627 2589 4696 justiﬁcati
2624 4627 2677 4680 in
2714 4625 2965 4696 sanguine
3003 4626 3143 4695 ejus,
3180 4635 3239 4680 ut
3262 4626 3484 4683 doceret
3509 4628 3633 4698 quia
3679 4607 3758 4683 ab

2153 4717 2235 4771 ira
2263 4726 2511 4782 ventura,
2545 4716 2753 4770 etiamsi
2782 4715 2914 4770 ﬁdes
2940 4724 3126 4770 nostra
3162 4730 3261 4771 nos
3302 4716 3497 4782 salvet,
3528 4718 3759 4773 etiamsi

2152 4823 2314 4877 opera
2336 4808 2581 4877 justitize,
2611 4821 2772 4876 super
2800 4806 2916 4861 htec
2953 4816 3132 4862 tamen
3164 4807 3345 4862 omnia
3372 4808 3542 4862 multo
3567 4810 3760 4879 magis

2154 4900 2373 4971 sanguis
2398 4897 2599 4953 Christi
2642 4897 2818 4952 salvos
2853 4913 2953 4953 nos
2991 4897 3245 4954 faciatab
3283 4900 3361 4953 ira
3404 4908 3652 4954 ventura.
3689 4900 3757 4955 Si

2151 4994 2286 5046 enim
2306 5006 2423 5043 cum
2451 5005 2679 5042 essemus
2708 4987 3049 5053 reconciliati,
3072 5005 3255 5043 sumus
3288 4989 3390 5042 Deo
3411 5002 3493 5057 per
3521 5000 3756 5042 mortem

2148 5079 2277 5132 Filii
2301 5079 2438 5147 ejus,
2462 5078 2627 5131 multo
2647 5077 2812 5146 magis
2843 5077 3162 5130 reconciliati
3183 5076 3313 5131 salvi
3340 5078 3533 5130 erimus
3550 5078 3605 5129 in
3632 5078 3758 5131 vita

2148 5168 2329 5238 ipsius.
2368 5166 2707 5221 Manifestum
2748 5175 2832 5219 est
2868 5167 2991 5234 quia
3025 5168 3069 5221 si
3113 5175 3171 5221 ut
3216 5165 3595 5221 reconciliaret
3643 5182 3758 5220 nos

2150 5260 2250 5313 sibi
2279 5260 2439 5320 Dens,
2471 5258 2637 5311 ﬁlium
2668 5272 2822 5310 suum
2859 5257 3017 5311 morti
3046 5256 3301 5310 tradidit:
3337 5265 3538 5324 quanto
3566 5257 3755 5325 magis

2153 5346 2525 5401 reconciliatos
2574 5344 2752 5397 salvos
2795 5344 2955 5398 faciet
3002 5346 3053 5397 in
3095 5345 3202 5398 vita
3252 5340 3454 5414 ipsius!
3492 5341 3546 5397 Si
3591 5345 3757 5397 enim

2156 5452 2301 5492 mors
2342 5434 2639 5489 Salvatoris
2686 5434 2886 5502 profuit
2935 5434 3113 5499 nobis,
3160 5443 3362 5502 quanto
3410 5432 3584 5503 magis
3625 5432 3755 5485 vita

2156 5530 2324 5599 ipsius
2348 5542 2471 5582 cum
2497 5526 2727 5594 resurgit
2749 5541 2778 5578 a
2809 5527 3056 5590 mortuis,
3085 5526 3209 5594 quia
3254 5525 3394 5580 sicut
3433 5538 3583 5579 mors
3621 5524 3757 5593 ejus

2158 5638 2184 5675 a
2213 5620 2419 5674 diabolo
2446 5634 2543 5673 nos
2570 5621 2729 5683 eruit,
2759 5620 2830 5672 ita
2856 5629 2905 5673 et
2938 5621 3045 5671 vita
3068 5617 3185 5687 ejus
3213 5617 3280 5671 de
3314 5618 3399 5672 die
3418 5614 3611 5683 judicii
3644 5628 3759 5669 nos

2155 5713 2400 5767 liberabit
2434 5729 2445 5763 ι
2484 5726 2610 5779 ergo
2646 5710 2893 5765 Christus
2928 5726 3025 5778 pro
3063 5710 3245 5777 impiis
3273 5718 3517 5763 mortuus
3546 5718 3655 5769 est,
3696 5715 3757 5761 et

2154 5808 2399 5860 Christus
2434 5804 2572 5857 Deus
2599 5814 2709 5867 est;
2741 5804 3005 5871 quomodo
3052 5818 3157 5857 non
3200 5800 3442 5871 regnabit
3488 5799 3759 5854 inventu!

1898 6374 2467 6384 in,
