3960 6386
224 443 312 500 589

1288 438 1593 497 HOMllJ/F.
1633 440 1699 501 ΙΝ
1739 438 1989 498 EV’ANG.
2034 438 2122 497 ΕΤ
2164 436 2380 499 EPIST.

3365 442 3469 501 590

228 556 385 611 invita
414 554 498 607 Dei
516 551 719 621 justus,
749 553 962 621 quando
987 551 1298 620 ne-periret,
1323 568 1494 606 morte
1522 553 1615 606 Dei
1640 568 1783 621 quie-
1811 558 1856 612 A
1888 553 2138 620 micitias,
2173 564 2228 610 et
2271 570 2430 625 agere
2454 569 2515 610 ea
2547 570 2664 626 quso
2690 557 2802 611 odit
2840 556 2947 621 ille,
2991 572 3147 628 quem
3183 557 3338 613 nobis
3366 572 3473 615 non

224 647 343 699 situs
371 643 578 710 impius.
613 642 676 695 lu
699 642 807 697 vita
837 642 981 697 enim
1014 640 1107 695 Dei
1135 640 1265 695 salvi
1305 640 1535 715 erimus,
1566 641 1691 710 quia
1727 642 1780 695 in

224 739 320 791 vita
354 747 527 789 noett'a
570 736 923 804 perieramus.
959 732 1063 789 Sed
1093 748 1213 790 cum
1244 736 1493 792 audimus
1522 743 1589 790 et.
1615 734 1780 789 vitam

226 829 326 888 Det.
352 834 402 881 et
444 836 671 882 mortem
716 826 808 880 Dei
844 827 1213 882 discernamus
1241 827 1368 895 quid
1398 826 1543 881 unde
1579 827 1668 889 sit,
1705 827 1784 880 vi-

224 931 320 975 tam
346 919 535 994 quippe
560 917 737 971 attulit
775 917 947 980 nobis,
978 924 1205 971 mortem
1241 931 1368 994 vero
1395 916 1605 985 accepit
1629 932 1659 970 a
1692 931 1785 969 no-

220 1012 311 1075 bis,
340 1025 433 1063 nec
469 1019 648 1062 tamen
678 1024 777 1078 pro
811 1022 906 1062 suo
934 1007 1144 1070 merito,
1183 986 1276 1062 sed
1313 1022 1409 1075 pro
1444 1016 1650 1069 nostro,
1687 1005 1786 1075 [ui-

220 1120 343 1168 mus,
375 1101 565 1172 inquit,
615 1110 660 1154 et
701 1117 792 1154 nos
838 1109 1028 1154 natura
1074 1099 1173 1169 ﬁlii
1206 1101 1300 1154 ira:
1341 1099 1473 1153 sicut
1510 1108 1558 1151 et
1591 1097 1782 1155 ca'teri.

219 1193 271 1247 lu
303 1192 398 1245 hac
422 1191 497 1244 ira
530 1205 651 1244 cum
678 1197 859 1243 essent
886 1188 1131 1243 homines
1168 1203 1266 1258 per
1292 1187 1554 1258 originale
1598 1200 1785 1255 pecca-

222 1291 322 1335 tutn
350 1289 492 1334 tanto
521 1280 737 1351 gravius
758 1289 815 1333 et
828 1279 1211 1351 perniciosius,
1241 1288 1446 1347 quanto
1473 1276 1677 1347 majora
1703 1277 1787 1331 vel

216 1372 357 1443 plura
382 1372 598 1441 insuper
621 1370 972 1424 addiderunt:
1006 1368 1345 1422 Necessarias
1374 1377 1483 1422 erat
1510 1366 1784 1432 mediator,

218 1464 312 1519 hoc
335 1470 416 1516 est
450 1459 843 1523 reconciliator,
873 1461 962 1529 qui
995 1459 1129 1516 lianc
1164 1460 1300 1512 iram
1328 1456 1581 1526 sacriﬁcii
1610 1460 1791 1528 singu-

217 1553 363 1617 laris,
404 1552 556 1622 cujus
603 1560 751 1604 erant
799 1549 996 1605 umbra:
1044 1550 1220 1604 omnia
1257 1549 1519 1618 sacriﬁcia
1571 1548 1696 1620 legis
1740 1557 1787 1602 et

215 1646 590 1715 prophetarum,
633 1640 894 1695 oblatione
944 1638 1192 1709 placaret.
1243 1637 1377 1694 Cum
1422 1647 1601 1693 autem
1649 1638 1789 1692 Deus

218 1738 365 1793 irasci
386 1737 604 1800 dicitur,
634 1751 739 1789 non
768 1735 885 1805 ejus
912 1732 1246 1802 sign'ﬁcatur
1271 1732 1637 1803 perturbatio,
1657 1746 1791 1799 qua-

215 1830 275 1884 hs
300 1837 380 1883 est
407 1828 458 1882 in
484 1828 663 1881 animo
694 1824 980 1880 irascentis
1021 1822 1276 1887 hominis,
1323 1822 1416 1877 sed
1445 1834 1511 1877 ex
1540 1820 1789 1877 humanis

218 1921 438 1975 motibus
478 1917 741 1972 translato
782 1914 1065 1977 vocabulo,
1096 1914 1332 1969 vindicta
1355 1912 1492 1982 ejus,
1520 1926 1641 1980 quae
1680 1926 1786 1964 non
1820 1900 1864 1958 Β

215 2012 308 2065 nisi
334 2008 479 2077 justa
516 2014 621 2071 est,
667 2005 764 2059 iraa
803 2019 999 2058 nomen
1045 2003 1269 2071 accepit.
1330 2000 1483 2068 Quod
1524 2014 1651 2069 ergo
1695 2014 1792 2067 per

213 2102 556 2157 ntediatorem
606 2095 1024 2151 reconeiliamur
1052 2093 1162 2147 Deo
1199 2100 1254 2146 et
1284 2090 1579 2161 accipimus
1618 2087 1795 2159 Spiri-

215 2204 337 2257 tum,
363 2202 421 2245 ut
447 2206 515 2246 ex
543 2188 778 2244 inimicis
797 2185 1097 2241 elﬁeiamur
1120 2183 1211 2238 lilii
1238 2183 1355 2247 Dei,
1378 2192 1623 2253 quotquot
1655 2181 1791 2235 enim

211 2284 384 2354 spiritu
410 2282 507 2336 Dei
539 2292 790 2352 aguntur,
835 2278 890 2333 hi
928 2276 1027 2346 ﬁlii
1057 2285 1176 2330 sunt
1206 2274 1322 2339 Dei,
1365 2273 1475 2327 lucc
1503 2282 1576 2327 est
1621 2271 1791 2341 gratia

213 2374 301 2428 Dei
318 2391 407 2443 per
428 2371 616 2426 Jesum
642 2368 910 2424 Christum
942 2366 1220 2421 Dominum
1258 2373 1515 2419 nostrum.
1539 2360 1596 2416 Si
1631 2361 1787 2423 enim,

214 2464 395 2534 inquit,
424 2480 543 2517 cum
565 2461 765 2516 inimici
794 2475 1042 2524 essemus,
1096 2456 1417 2512 reconciliati
1462 2470 1642 2509 sumus
1683 2452 1794 2506 Deo

210 2573 293 2633 per
317 2565 533 2610 mortem
569 2554 668 2623 lilii
703 2552 838 2623 ejus,
891 2550 1055 2605 multo
1082 2551 1251 2619 magis
1290 2548 1631 2610 reconciliati,
1663 2545 1793 2600 salvi

210 2651 393 2702 erimus
414 2648 468 2701 in
496 2648 599 2702 vita
619 2647 802 2717 ipsius.
830 2646 897 2698 Et
923 2644 1148 2713 reliqua.
1178 2643 1465 2697 Evidenter
1493 2640 1796 2697 ostenditur

211 2756 308 2794 non
352 2754 475 2794 esse
524 2738 763 2809 aliquam
798 2737 1154 2792 substantiam
1196 2750 1335 2805 qtnc,
1382 2734 1677 2789 secundum
1708 2732 1795 2787 dev

211 2830 499 2884 finitionem
550 2828 839 2883 Marcionis
884 2837 941 2882 et
1000 2826 1300 2892 Valentini,
1351 2825 1671 2880 naturaliter
1722 2825 1793 2880 sit

210 2918 415 2972 inimica
448 2918 579 2973 Deo.
606 2917 857 2986 Alioquin
898 2916 943 2971 si
980 2917 1123 2986 quod
1148 2916 1425 2969 inimicum
1449 2921 1552 2979 est,
1586 2922 1792 2969 natura:

209 3020 341 3063 esset
362 3019 417 3063 et
440 3024 558 3063 .non
588 3008 897 3072 voluntatis,
925 3009 1017 3077 qui
1065 3006 1267 3062 inimici
1312 3016 1437 3061 sunt
1464 3009 1574 3063 Deo
1604 3021 1793 3062 recou-

206 3100 527 3157 ciliationem
557 3100 742 3170 utique
769 3115 876 3154 non
924 3099 1209 3164 haberent,
1251 3099 1343 3153 ubi
1373 3106 1553 3153 autem
1594 3113 1659 3154 ex
1692 3097 1793 3152 ini-

210 3194 339 3248 mico
360 3194 484 3263 quis
514 3193 721 3247 amicus
758 3190 1005 3257 etlicitnr,
1036 3200 1244 3245 certum
1285 3201 1367 3245 est
1406 3190 1546 3261 quod
1575 3190 1701 3245 dum
1727 3205 1789 3244 ea

208 3300 362 3357 opera
384 3286 521 3357 agit,
552 3302 672 3356 quae
702 3301 806 3339 non
849 3295 994 3339 amat
1019 3284 1184 3347 Deus,
1213 3283 1463 3339 inimicus
1486 3292 1569 3338 est
1590 3284 1706 3348 Dei,
1738 3292 1791 3337 et

208 3377 315 3445 ejus
336 3380 569 3449 quisque
605 3386 712 3431 tam
758 3376 938 3447 gravis
972 3385 1025 3431 et
1061 3384 1170 3429 tam
1194 3375 1409 3429 odibilis
1436 3373 1665 3430 eiiicitur
1694 3374 1795 3428 ini-

210 3472 390 3535 micus,
420 3485 583 3541 quam
616 3466 1056 3538 multiplicaverit
1090 3481 1253 3535 opera
1278 3465 1585 3520 inimicitiis
1611 3464 1789 3536 digna.

208 3562 335 3617 Sunt
357 3576 490 3632 ergo
529 3574 796 3615 mensura:
830 3567 885 3613 et
915 3557 1113 3629 gradus
1144 3558 1362 3628 quidam
1391 3558 1444 3611 in
1476 3558 1560 3612 his
1595 3573 1792 3626 pecca-

210 3663 373 3709 torum
419 3654 682 3723 qualitate
716 3661 771 3707 et
805 3652 1106 3722 quantitate
1137 3650 1399 3716 distincti,
1445 3650 1535 3719 qui
1587 3648 1789 3704 inimici

206 3760 320 3803 sunt
361 3748 494 3812 Deo,
538 3748 677 3803 unde
702 3756 757 3803 et
804 3746 892 3802 ille
916 3747 1005 3816 qui
1055 3760 1215 3816 supra
1252 3760 1441 3800 onnes
1475 3745 1718 3815 peccavit
1759 3761 1789 3799 a

206 3839 360 3897 Paulo
385 3840 612 3895 ultimus
633 3839 884 3893 inimicus
906 3837 1266 3892 destruendus
1292 3850 1412 3891 esse
1438 3844 1786 3889 memoratur.

205 3932 363 3985 \‘ersa
396 3941 579 3987 autem
622 3929 741 3982 vice
771 3934 825 3981 et
854 3926 1061 3988 ordine,
1092 3927 1254 3981 etiam
1290 3940 1383 3979 eos
1406 3925 1496 3994 qui
1546 3925 1789 3997 reconci-

207 4020 311 4075 liati
357 4004 624 4091 suntper
663 4026 890 4072 mortem
932 4015 1051 4070 Filii
1089 4015 1223 4085 ejus,
1274 4016 1326 4069 in
1366 4015 1556 4070 amicis
1599 4014 1789 4069 haberi

205 4120 402 4166 certum
447 4120 555 4176 est,
585 4117 641 4164 et
666 4123 787 4164 esse
822 4108 1054 4178 aliquem
1086 4107 1158 4161 ita
1187 4108 1441 4173 amicum,
1472 4108 1611 4162 sicut
1636 4106 1787 4174 Moy-

206 4217 285 4256 ses
325 4205 537 4257 amicus
578 4201 672 4257 Dei
709 4199 1005 4271 appellatus
1047 4208 1163 4263 est;
1215 4214 1333 4254 esse
1370 4215 1585 4270 quoque
1631 4200 1785 4266 alios,

204 4295 391 4363 quibus
423 4295 557 4349 dicit
597 4292 880 4350 Salvator:
910 4290 1035 4344 Jam
1065 4308 1167 4344 non
1202 4291 1319 4344 dico
1348 4308 1438 4345 vos
1472 4308 1662 4357 servos,
1699 4291 1789 4345 sed

205 4385 413 4438 amicos.
456 4383 633 4439 Credo
676 4390 853 4437 autem
898 4396 1019 4437 esse
1056 4382 1228 4436 adhuc
1277 4383 1449 4452 magis
1494 4381 1788 4437 familiares

205 4474 407 4543 aliquos
448 4474 504 4527 in
536 4472 848 4528 cmlestibus
892 4473 1097 4527 amicos
1144 4472 1283 4541 apud
1330 4473 1521 4537 Deum,
1556 4472 1635 4525 vel
1667 4472 1790 4527 illus

204 4566 287 4634 qui
328 4581 545 4637 semper
575 4566 755 4619 vident
794 4564 985 4619 faciem
1023 4564 1139 4629 Dei,
1182 4563 1266 4617 vel
1316 4579 1408 4618 eos
1446 4564 1534 4632 qui
1577 4579 1789 4637 semper

203 4664 376 4711 astant
411 4658 466 4711 in
499 4663 789 4723 conspectu
818 4653 1105 4719 Altissimi,
1130 4663 1191 4707 ut
1221 4669 1381 4723 supra
1406 4654 1641 4709 diximus
1667 4670 1785 4710 esse

204 4749 487 4817 quemdam
531 4745 883 4800 novissimum
970 4744 1221 4809 amicum,
1258 4744 1331 4797 ita
1364 4752 1423 4797 ut
1470 4753 1537 4797 et.
1568 4743 1639 4798 ibi
1686 4758 1785 4814 pro

203 4838 455 4894 virtutum
486 4836 695 4893 meritis
720 4836 1023 4891 habeantur
1047 4834 1209 4904 aliqui
1235 4835 1453 4900 summi,
1484 4834 1647 4904 aliqui
1684 4850 1785 4904 po-

203 4931 456 4986 steriores
482 4928 673 4995 amici;
702 4941 824 4984 cum
857 4928 973 4981 hinc
1002 4935 1182 4981 autem
1211 4927 1281 4981 ita
1312 4927 1420 4981 sint
1449 4926 1648 4989 nescio,
1668 4926 1713 4981 si
1739 4926 1786 4982 is

203 5021 285 5093 qui
310 5022 488 5078 adhuc
514 5027 797 5091 permanet
843 5018 897 5072 in
941 5018 1026 5072 bis
1052 5018 1305 5086 operibus
1333 5031 1451 5086 quae
1477 5016 1782 5078 odit.Deus,

202 5121 251 5168 et
281 5130 379 5182 pro
398 5113 599 5183 quibus
625 5110 916 5167 inimicitia:
951 5117 1077 5164 sunt
1103 5110 1245 5164 inter
1266 5109 1436 5165 Deum
1459 5118 1514 5164 et
1540 5108 1788 5163 homines

206 5203 581 5259 reconciliatus
608 5216 727 5258 esse
752 5203 862 5257 Deo
887 5215 983 5270 per
1009 5188 1326 5268 sanguinem
1366 5198 1566 5253 Christi
1592 5200 1786 5253 merito

206 5295 427 5348 dicatur.
457 5294 735 5359 Quomodo
764 5293 907 5347 enim
938 5288 1292 5346 reco'ncilatus
1320 5300 1422 5357 est,
1452 5292 1542 5362 qui
1575 5300 1658 5347 est
1685 5292 1785 5345 ini-

208 5386 406 5441 micus?
444 5385 646 5441 Paulus
692 5401 821 5457 ergo
856 5386 1049 5440 merito
1078 5394 1133 5439 et
1166 5387 1229 5440 de
1266 5401 1341 5450 se,
1377 5394 1431 5440 et
1471 5386 1573 5440 sibi
1597 5384 1785 5439 simili-

208 5479 301 5531 bus
332 5477 505 5531 dicit:
545 5474 649 5541 Qui
680 5492 798 5531 cum
836 5476 1031 5529 inimici
1072 5491 1316 5539 essemus,
1355 5474 1670 5527 reconciliati
1698 5490 1786 5526 su-

208 5585 316 5623 mus
336 5586 428 5640 per
446 5567 757 5638 sanguinem
784 5565 917 5619 Filii
940 5568 1073 5637 ejus.
1107 5565 1337 5622 Grandis
1375 5565 1546 5634 pudor
1570 5573 1671 5630 est,
1696 5564 1786 5619 ubi

208 5659 325 5714 talis
380 5657 749 5714 reconciliatio
795 5656 936 5712 facta
984 5664 1085 5718 est,
1140 5655 1229 5723 ubi
1285 5654 1593 5709 inimicitias
1646 5655 1787 5709 inter

210 5749 367 5804 Deum
398 5759 455 5805 et
481 5748 747 5814 homines,
774 5765 880 5805 non
910 5764 1085 5804 sermo
1117 5747 1431 5818 peccatoris,
1457 5749 1548 5802 sed
1574 5746 1787 5816 sanguis

208 5845 581 5905 intercessoris
613 5846 854 5909 absolvit,
906 5846 1096 5898 iterum
1140 5859 1243 5896 non
1291 5841 1528 5895 converti
1577 5840 1640 5893 ad
1689 5838 1787 5892 iui-

1881 645 1983 700 nisi
2010 645 2198 700 eti-‘usio
2227 647 2506 717 sanguinis
2536 648 2674 701 sacri
2711 650 3174 704 reconciliaverat.

1953 733 2076 789 Non
2105 735 2273 790 solum
2300 747 2473 790 autem
2502 736 2629 802 hoc,
2651 738 2740 792 sed
2781 750 2827 793 et
2855 740 3145 810 gloriamur
3169 741 3225 793 in
3250 740 3359 794 Deo
3379 752 3475 810 per

1881 827 2166 881 Dominum
2217 837 2449 881 nostrum
2480 826 2663 882 Jesum
2708 828 3108 901 Christum,per
3152 846 3305 901 quem
3335 845 3471 885 παρη

1884 916 2363 972 reconciliationem
2396 920 2709 988 accepimus.
2740 919 2853 987 Non
2885 930 3090 975 tantum
3127 938 3226 991 pro
3250 928 3473 990 accepta

1885 1006 2057 1062 salute
2084 1019 2138 1062 et
2162 1008 2452 1063 securitate
2478 1010 2586 1063 Deo
2608 1010 2810 1081 gratias
2835 1014 3068 1079 agendas
3094 1012 3269 1075 docet,
3301 1012 3395 1077 sed
3422 1018 3478 1064 et

1886 1095 2224 1168 gloriandum
2248 1112 2346 1168 per
2365 1097 2549 1154 Jesum
2581 1099 2856 1154 Christum
2889 1100 2941 1153 in
2970 1101 3077 1153 Deo
3098 1100 3192 1169 qui
3225 1101 3475 1169 dignatus

1885 1194 1969 1241 est
2010 1200 2078 1240 ex
2126 1186 2306 1257 impiis
2352 1197 2410 1242 et
2453 1188 2685 1243 inimicis
2724 1188 2827 1243 dici
2864 1203 2962 1242 nos
2998 1204 3123 1241 suos
3149 1190 3379 1253 “amicos,
3418 1197 3476 1240 ut

1887 1277 2069 1333 omnia
2116 1276 2376 1334 beneﬁcia
2418 1293 2516 1348 per
2561 1276 2835 1333 Christum
2873 1286 3321 1333 consecutos-nos
3345 1292 3477 1349 gau-

1889 1369 2131 1432 deamus,
2166 1365 2302 1423 etut
2334 1370 2461 1439 quia
2486 1383 2584 1440 per
2610 1370 2786 1440 ipsum
2814 1369 3164 1440 cognovimus
3195 1368 3477 1422 Dominum

1891 1460 2185 1529 gloriantes
2212 1460 2265 1514 in
2302 1475 2367 1515 eo
2397 1461 2683 1516 reddamus
2716 1461 2765 1515 ei
2803 1459 3271 1515 honoriﬁcentiam
3291 1474 3475 1529 parem

1891 1549 2002 1605 Deo
2028 1548 2173 1604 Patri
2206 1550 2321 1620 ipso
2348 1549 2446 1605 sibi
2485 1550 2675 1607 idoneo
2701 1559 2839 1606 teste
2864 1551 3216 1620 praedicante,
3248 1562 3297 1602 ut
3318 1550 3482 1603 hono-

1892 1640 2118 1716 riﬁcent,
2170 1641 2364 1710 inquit,
2400 1639 2631 1703 Filium,
2665 1641 2799 1695 sicut
2829 1640 3177 1709 honoriﬁcam
3222 1637 3480 1692 Patrem:

1893 1730 1984 1798 qui
2006 1745 2130 1784 cum
2152 1729 2313 1784 Patre
2344 1738 2395 1785 ct
2421 1728 2622 1799 Spiritu
2652 1738 2839 1785 sancto
2860 1730 2991 1784 vivit
3022 1738 3079 1785 et
3102 1739 3291 1801 regnat
3321 1728 3481 1798 Deus,

1895 1836 1990 1890 per
2018 1824 2199 1875 omnia
2232 1822 2426 1877 saecula
2456 1821 2796 1876 saeculorum.
2824 1820 3017 1875 Amen.

2393 1931 2675 1988 HOMILIA
2722 1930 2998 1986 CXXVIII.

2464 2036 2594 2077 ITEM
2634 2038 2788 2077 FF.th
2834 2036 2907 2075 IV.

2036 2113 2224 2170 Lectio
2254 2112 2428 2169 sancti
2452 2110 2721 2183 Evangelii
2755 2111 3049 2165 secundum
3074 2107 3334 2163 Marcum.

1967 2206 2033 2260 In
2056 2206 2145 2259 illo
2168 2214 2393 2275 tempore
2416 2204 2548 2258 dixit
2575 2203 2807 2257 Joann‘es
2848 2201 2915 2254 ad
2955 2200 3138 2255 Jesum
3186 2215 3200 2253 :
3246 2198 3486 2257 Vidimus

1893 2297 2171 2370 quemdam
2201 2298 2255 2350 in
2278 2296 2485 2350 nomine
2506 2305 2594 2347 tuo
2624 2293 2911 2362 ejicientem
2936 2292 3220 2358 dtemonia,
3253 2290 3343 2363 qui
3381 2308 3488 2349 non

1893 2392 2128 2461 sequitur
2148 2406 2262 2453 nos,
2291 2397 2338 2442 et
2356 2387 2716 2459 prohibuimus
2745 2401 2885 2451 eum,
2909 2394 3014 2439 etc.

1966 2478 2202 2534 Joannes
2252 2477 2523 2547 pracipua
2583 2476 2869 2531 devotione
2931 2474 3219 2529 Dominum
3270 2490 3486 2544 amans,

1900 2572 2124 2640 ideoque
2148 2569 2414 2624 r‘edamari
2442 2568 2655 2637 dignus,
2680 2567 3068 2621 excludendum
3098 2565 3356 2622 beneﬁcio
3376 2580 3486 2637 pu-

1899 2663 2035 2717 tavit
2064 2676 2186 2716 eum
2212 2659 2305 2729 qui
2334 2672 2439 2713 non
2468 2666 2653 2711 utatur
2693 2657 2887 2711 ollicio.
2920 2654 3024 2710 Sed
3049 2655 3307 2710 Dominus
3334 2654 3492 2711 docet

1900 2752 2169 2808 neminem
2200 2766 2231 2819 a
2259 2749 2400 2804 bono
2432 2748 2573 2819 quod
2597 2764 2662 2802 ex
2690 2757 2845 2818 parte
2870 2747 3031 2801 habet
3057 2745 3368 2813 arcendum,
3394 2750 3485 2804 sed

1898 2843 1965 2898 ad
1992 2842 2093 2895 hoc
2144 2840 2321 2910 potius
2360 2839 2501 2908 quod
2540 2839 2777 2892 nondum
2825 2836 2989 2891 habet
3033 2851 3154 2892 esse
3189 2851 3491 2908 provocan-

1898 2932 2046 2988 dum.
2079 2928 2213 2984 Nam
2243 2928 2487 2997 sequitur
2515 2945 2527 2981 :

1968 3022 2124 3077 Jesus
2155 3029 2327 3073 autem
2357 3018 2430 3072 ait
2461 3030 2479 3069 .'
2516 3015 2694 3071 Nolite
2729 3016 2997 3087 prohibere
3037 3032 3179 3082 eum,
3223 3032 3374 3071 nemo
3411 3026 3486 3071 est

1898 3115 2035 3170 enim
2064 3113 2152 3185 qui
2179 3110 2339 3181 faciat
2366 3112 2599 3165 virtutem
2632 3108 2684 3163 in
2726 3110 2932 3162 nomine
2957 3124 3090 3173 meo,
3127 3119 3172 3161 et
3198 3109 3358 3177 possit
3386 3110 3491 3164 cito

1900 3203 2037 3258 male
2058 3202 2199 3273 loqui
2224 3201 2287 3255 de
2312 3217 2413 3255 me.
2441 3199 2543 3266 Qui
2574 3200 2708 3253 enim
2734 3215 2837 3253 non
2864 3208 2937 3253 est
2962 3200 3236 3252 aduersum
3267 3216 3373 3264 vos,
3397 3215 3491 3271 pra

1898 3296 2036 3351 vobis
2060 3304 2154 3349 est.
2184 3293 2299 3349 Hac
2326 3294 2516 3349 doetus
2552 3292 2816 3347 sententia
2855 3290 2985 3345 dicit
3025 3290 3313 3360 Apostolus
3340 3307 3353 3345 :
3382 3291 3486 3347 Sed

1893 3391 2001 3444 sive
2024 3388 2314 3451 occasione,
2342 3387 2446 3440 sive
2468 3386 2678 3439 veritate
2703 3381 2940 3444 Christus
2970 3384 3330 3450 annuntietur,
3361 3393 3406 3436 et
3434 3387 3489 3437 in

1894 3482 1993 3535 hoc
2019 3482 2242 3551 gaudeo,
2285 3478 2374 3532 sed
2415 3487 2464 3530 et
2507 3476 2765 3547 gaudebo.
2792 3476 2896 3531 Sed
2944 3475 3069 3529 licet
3109 3474 3195 3529 ille
3227 3476 3480 3546 gaudeat,

1894 3573 2057 3627 etiam
2085 3571 2151 3626 de
2196 3570 2280 3625 his
2306 3569 2399 3638 qui
2437 3567 2711 3623 Christum
2741 3566 3061 3620 annuntiant
3104 3581 3209 3619 non
3251 3566 3485 3631 sincere,

1892 3672 1947 3719 et
1976 3663 2110 3718 tales
2139 3660 2428 3732 aliquando
2478 3659 2530 3712 in
2574 3658 2788 3712 nomine
2835 3655 3036 3711 Christi
3089 3656 3240 3727 signa
3284 3653 3489 3711 facien-

1895 3765 1997 3820 tes,
2030 3754 2098 3809 ab
2144 3754 2373 3809 aliorum
2415 3750 2586 3806 salute
2634 3750 2941 3804 sentiantur
2986 3763 3090 3803 non
3138 3763 3269 3803 esse
3297 3748 3499 3819 probi-‘

1892 3845 2094 3911 bendi,
2158 3859 2266 3899 non
2334 3851 2513 3896 tamen
2568 3840 2699 3910 ipsis
2747 3854 2843 3908 per
2901 3837 3024 3892 talia
3074 3838 3228 3909 signa
3290 3848 3484 3893 secura

1893 3952 1990 3990 sua
2013 3933 2343 3990 conscientia
2370 3930 2611 3986 redditur
2637 3929 2764 3998 quin
2792 3928 2971 3999 potius
3004 3927 3056 3981 in
3092 3927 3182 3981 illa
3212 3926 3323 3992 die,
3360 3940 3494 3982 cum

1892 4029 2163 4091 dixerunt,
2203 4025 2443 4089 Domine,
2487 4022 2730 4085 Domine,
2767 4024 2821 4075 in
2856 4021 3061 4075 nomine
3090 4029 3178 4073 tuo
3211 4021 3487 4091 propheta-

1891 4121 2080 4185 uimus,
2109 4128 2155 4172 et
2192 4119 2244 4171 in
2275 4126 2363 4169 tuo
2406 4116 2613 4169 nomine
2645 4114 2906 4168 dannonia
2936 4113 3205 4183 ejccimus,
3242 4123 3288 4167 et
3316 4114 3369 4167 in
3395 4122 3485 4168 tuo

1893 4210 2099 4264 nomine
2119 4210 2330 4263 uirtutes
2352 4204 2543 4260 multas
2566 4204 2812 4274 fecimus,
2850 4216 3169 4272 responsum
3195 4203 3481 4273 accipient,

1890 4302 2015 4372 quia
2043 4314 2307 4370 nunquam
2340 4297 2453 4350 ueri
2481 4312 2583 4360 vos,
2618 4295 2863 4348 discedite
2887 4312 2917 4347 α
2946 4311 3046 4358 me,
3077 4296 3166 4363 qui
3195 4294 3493 4360 operamini

1892 4390 2237 4461 iniquitatem.
2272 4387 2456 4455 Itaque
2502 4386 2557 4439 in
2599 4384 2867 4439 luereticis
2901 4392 2954 4436 et
2988 4382 3143 4436 malis
3196 4382 3503 4438 catholicis

1895 4494 2000 4533 non
2032 4486 2370 4532 sacramenta
2399 4474 2703 4529 communia
2736 4473 2789 4526 in
2820 4472 3014 4541 quibus
3045 4471 3324 4527 nobiscum
3356 4482 3482 4528 sunt

1814 4603 1865 4660 Β
1894 4578 1948 4624 et
1974 4569 2255 4623 adversum
2284 4581 2382 4621 nos
2422 4580 2526 4619 non
2563 4571 2706 4627 sunt,
2747 4563 2838 4617 sed
2875 4564 3195 4618 divisionem
3234 4563 3354 4632 paci
3386 4578 3475 4618 ve-

1892 4658 2143 4727 ritatique
2192 4655 2518 4711 contrariam
2550 4668 2653 4722 qua
2686 4653 2971 4707 adversum
3003 4667 3101 4707 nos
3127 4660 3251 4707 sunt
3288 4661 3336 4708 et
3373 4652 3481 4708 Do-

1889 4755 2093 4809 minum
2129 4767 2235 4806 non
2270 4759 2591 4820 sequuntur,
2648 4748 2927 4803 nobiscum
2967 4745 3223 4800 detestari
3264 4754 3319 4800 et
3354 4758 3485 4815 pro-

1889 4845 2079 4899 hibere
2106 4843 2382 4898 debemus.

1962 4931 2207 5003 Quisquis
2238 4930 2373 4985 enim
2402 4938 2577 4998 potum
2603 4926 2801 4981 dederit
2834 4926 2971 4980 vobis
2994 4922 3206 4977 calicem
3234 4941 3384 4995 aqua‘
3422 4926 3480 4980 in

1890 5024 2097 5077 nomine
2119 5037 2254 5085 meo,
2284 5019 2405 5090 quia
2430 5018 2626 5072 Christi
2668 5018 2787 5071 estis
2815 5032 2833 5070 :
2858 5034 3026 5079 amen,
3052 5016 3169 5069 dico
3192 5016 3351 5081 vobis,
3375 5035 3479 5073 non

1886 5113 2062 5184 perdet
2104 5110 2390 5165 mercedem
2418 5125 2591 5163 suam.
2625 5108 2874 5178 Legimus
2919 5106 2970 5183 in
3002 5107 3262 5176 propinata
3312 5108 3487 5164 David

1889 5202 1954 5254 ad
1982 5200 2320 5255 excusandas
2362 5196 2740 5252 excusationes
2768 5196 2819 5249 in
2864 5196 3123 5264 peccatis,
3152 5197 3287 5264 quia
3326 5196 3477 5251 multi

1888 5298 2232 5365 peccatorum
2278 5302 2497 5341 suorum
2529 5286 2682 5354 quasi
2705 5284 2880 5352 justas
2932 5286 3271 5355 praetendunt
3314 5302 3477 5342 occa-

1889 5375 2180 5447 siones,ut
2210 5378 2351 5447 quod
2383 5376 2662 5432 voluntate
2690 5376 3025 5445 delinquunt,
3060 5375 3346 5430 videantur
3384 5381 3464 5431 ne

1889 5475 2143 5531 cessitate
2158 5485 2383 5540 peccare
2410 5484 2423 5523 :
2446 5469 2705 5523 Dominus
2730 5475 2910 5522 autem
2933 5478 3203 5522 scrutator
3222 5465 3400 5522 cordis
3424 5477 3476 5524 et

1891 5579 2100 5629 renum,
2120 5571 2174 5615 et
2202 5562 2291 5631 qui
2314 5560 2521 5615 futuras
2544 5558 2896 5628 cogitationes
2928 5559 2981 5611 in
3009 5558 3233 5629 singulis
3256 5566 3477 5612 contue-

1894 5664 2001 5719 tur,
2027 5654 2237 5709 dixerat
2263 5671 2273 5705 :
2307 5651 2554 5721 Quisquis
2584 5666 2740 5703 unum
2762 5648 3034 5719 parvulum
3057 5649 3296 5710 receperit
3313 5648 3366 5701 in
3384 5665 3479 5702 no-

1892 5750 2029 5802 mine
2060 5763 2188 5809 meo,
2220 5761 2298 5798 me
2344 5744 2542 5811 recipit.
2570 5742 2791 5798 Poterat
2838 5740 3031 5810 aliquis
3076 5740 3285 5795 causari
3322 5748 3375 5794 et
3400 5738 3478 5794 di—

1894 5850 2040 5904 cere,
2073 5837 2391 5905 Paupertate
2422 5834 2732 5902 prohibeor,
2772 5832 3005 5887 tenuitas
3042 5846 3129 5887 me
3168 5832 3380 5893 retinet,
3422 5836 3479 5888 ut
