3960 6368
468 369 573 427 Sili

1103 364 1163 421 Β.
1207 365 1457 421 (MBAN!
1496 364 1714 421 MAUlll
1750 361 2065 419 ARClllEP.
2110 358 2416 414 MOCUNT.
2458 355 2740 415 OPERUM
2777 356 2954 413 PARS
2994 356 3058 413 ll.

3622 354 3730 416 392

468 475 754 545 hospitalis
781 488 902 529 esse
947 488 1055 529 non
1095 472 1321 542 possim,
1367 482 1423 527 et
1462 474 1605 527 banc
1650 473 2049 526 excusationem
2080 472 2127 529 Α
2156 469 2381 521 credunt
2411 467 2465 521 in
2501 481 2647 531 eum,
2675 482 2813 521 nunc
2838 478 3231 538 consequenter
3254 468 3524 536 admonet,
3554 486 3734 529 unan-

464 562 740 622 levissimo
779 572 1047 633 praecepto
1089 563 1266 631 diluit,
1296 572 1356 617 ut
1393 564 1615 618 calicem
1658 576 1811 632 aqua:
1848 570 1903 615 et
1942 560 2045 614 hoc

466 652 674 723 {rigid-.2
712 654 865 723 juxta
912 652 1217 707 Matthmum
1272 660 1383 707 toto
1427 652 1607 706 animo
1649 650 1988 720 porrigamus
2028 660 2043 702 :

406 796 411 803 .
468 745 699 815 frigidm,
747 744 937 813 inquit,
983 760 1154 813 aqum,
1199 759 1304 798 non
1337 743 1544 805 calidte,
1587 756 1655 795 ne
1696 748 1751 794 et
1788 739 1842 793 in
1873 737 2047 793 calida

468 838 803 907 paupertatis
822 845 873 890 et
898 835 1134 905 penuria:
1155 835 1419 903 lignorum
1457 832 1671 887 occasio
1694 836 2044 899 qinererctur.

472 925 599 979 Tale
626 924 754 994 quid
781 931 835 977 et
864 923 1150 993 Apostolus
1178 924 1244 977 ad
1270 921 1488 976 Galatas
1518 916 2051 990 praecipit,Commu~

469 1016 602 1068 uicet
635 1015 678 1067 is
707 1014 795 1083 qui
826 1014 1176 1066 catechisatur
1206 1012 1374 1076 verbo,
1398 1012 1442 1064 ei
1482 1011 1569 1080 qui
1593 1026 1646 1062 se
1683 1008 1967 1062 catechizat
1995 1007 2049 1059 in

470 1105 707 1160 ontnibus
748 1083 913 1157 bonis.
942 1105 1006 1157 Et
1046 1102 1336 1171 discipulos
1360 1102 1424 1154 ad
1464 1101 1846 1169 magistrorum
1888 1096 2050 1151 refri-

472 1195 617 1264 geria
660 1194 1018 1248 cohortatur;
1059 1201 1114 1245 et
1155 1192 1278 1261 quia
1316 1197 1530 1259 poterat
1564 1187 1804 1259 qualibet
1832 1185 2051 1240 tendere

474 1282 681 1355 [Forte,
711 1279 1065 1352 praetendere]
1097 1287 1468 1349 paupertatem
1497 1286 1553 1331 et
1584 1284 1911 1347 prmceptum
1939 1273 2053 1329 elu-

471 1375 621 1439 dere,
661 1374 974 1444 priusquam
1006 1371 1135 1425 illud
1176 1377 1438 1440 proponat
1479 1369 1845 1423 imminentem
1892 1365 2055 1421 solvit

472 1466 846 1535 qrnestionem,
878 1464 1064 1518 dicens
1091 1481 1104 1516 :
1134 1461 1313 1517 Nolite
1335 1476 1531 1523 errare,
1568 1458 1704 1513 Dens
1732 1475 1833 1511 non
1860 1456 2051 1511 irride-

469 1567 575 1609 tur.
604 1555 734 1621 Quae
756 1556 893 1608 enim
920 1554 1248 1607 seminaverit
1271 1555 1444 1615 homo,
1470 1552 1580 1603 hlL‘C
1610 1559 1655 1604 et
1682 1557 1856 1603 metet.

544 1646 610 1699 Et
633 1647 865 1717 quisquis
911 1644 1342 1700 scandalizavcrit
1398 1657 1561 1695 unum
1608 1656 1673 1693 ex
1718 1639 1799 1693 his
1849 1638 2053 1708 pusillis

469 1737 792 1791 credentibus
822 1737 875 1789 in
900 1752 1001 1799 me,
1033 1735 1221 1786 bonum
1253 1742 1325 1785 est
1354 1732 1402 1785 ei
1428 1731 1616 1799 magis,
1665 1730 1708 1784 si
1760 1726 2055 1781 circumda—

2154 570 2265 613 tum
2300 575 2491 616 cavere
2521 561 2809 616 debeamus
2834 575 2929 615 eos
2957 562 3048 629 qui
3094 561 3461 616 scandalizare
3503 579 3619 622 nos.
3677 564 3733 617 id

2149 658 2251 713 est,
2285 650 2449 705 verbo
2476 649 2561 705 vel
2588 649 2833 719 exemplo
2860 663 2959 704 suo
2981 649 3045 704 ad
3088 650 3300 704 ruinam
3353 652 3555 718 peccati
3607 666 3737 712 prn-

2148 741 2346 812 pellere
2393 749 2623 796 certant.
2675 740 2887 794 Manum
2939 741 3136 810 quippe
3186 750 3425 795 nostram
3477 743 3735 811 appellat,

2151 832 2517 886 necessarium
2544 831 2793 885 amicum.
2828 831 2990 901 Cujus
3014 844 3177 900 opere
3200 841 3359 899 atque
3380 832 3576 886 auxilio
3598 847 3738 901 quo-

2150 922 2354 976 tidiano
2382 937 2515 991 opus
2547 922 2826 977 habemus.
2878 921 2985 977 Sed
3033 920 3154 975 talis
3194 923 3239 975 si
3282 938 3381 978 nos
3425 923 3619 978 laedere
3674 925 3731 977 in

2151 1027 2315 1068 causa
2336 1012 2528 1066 anima:
2551 1011 2793 1073 voluerit,
2815 1012 3179 1067 excludendos
3204 1020 3285 1066 est
3304 1029 3335 1065 a
3359 1022 3538 1067 nostra
3563 1013 3740 1067 socie-

2155 1108 2291 1167 tate,
2322 1116 2389 1155 ne
2414 1101 2459 1154 si
2482 1115 2603 1156 cum
2617 1100 2828 1170 perdito
2846 1100 2900 1154 in
2927 1100 3027 1155 hac
3051 1101 3156 1154 vita
3184 1108 3393 1170 partem
3415 1103 3614 1157 habere
3638 1117 3739 1156 vo-

2152 1191 2353 1254 lumus,
2381 1188 2539 1243 simul
2562 1189 2615 1242 in
2641 1188 2822 1243 futuro
2837 1204 2962 1243 cum
2988 1189 3103 1259 ipso
3126 1204 3441 1258 pereamus;
3470 1191 3610 1260 quod
3637 1205 3738 1243 au—

2155 1288 2263 1335 tem
2292 1280 2633 1351 subiungitur
2659 1293 2675 1333 :

2225 1369 2327 1425 Ubi
2353 1371 2539 1424 vermis
2570 1384 2747 1423 eorum
2772 1386 2875 1424 non
2892 1371 3134 1435 moritur,
3168 1381 3215 1424 et
3248 1370 3380 1440 ignis
3410 1389 3512 1425 non
3536 1374 3736 1425 exstin-

2153 1462 2351 1532 guitur,
2375 1462 2429 1517 in
2465 1475 2648 1515 verme
2680 1461 3016 1530 putredinem
3048 1462 3327 1531 gehennze.
3360 1463 3500 1517 sicut
3531 1463 3582 1516 in
3610 1464 3737 1531 igno

2157 1554 2401 1609 ardorem
2434 1553 2697 1624 designat,
2738 1553 2851 1607 sive
2877 1568 3113 1608 vermcm
3147 1554 3314 1607 dicit:
3343 1569 3518 1608 seram
3566 1556 3737 1610 scele-

2157 1660 2275 1698 rum
2306 1643 2713 1713 pmnitudinem,
2748 1658 2867 1713 qua:
2891 1658 3162 1713 nunquam
3193 1644 3245 1697 in
3272 1645 3551 1699 tormentis
3598 1661 3735 1700 con-

2156 1734 2434 1789 scientiam
2462 1731 2777 1787 alilietorum
2810 1733 3055 1786 mordere
3080 1734 3333 1787 cessabit.
3378 1732 3446 1788 Ut
3477 1735 3614 1804 ignis
3662 1735 3737 1789 sit

473 1840 615 1882 retur
638 1826 775 1879 mola
803 1826 1035 1879 asinaria
1064 1822 1196 1877 collo
1218 1821 1351 1889 ejus,
1382 1831 1427 1873 et
1456 1821 1509 1873 in
1549 1834 1692 1873 mare
1739 1818 2047 1870 mitteretur.
2082 1817 2125 1875 B
2154 1840 2310 1893 paena
2338 1824 2675 1879 extrinsecus
2704 1825 2968 1890 serviens,
2998 1834 3052 1880 et
3098 1826 3298 1879 vermis
3331 1824 3484 1880 dolor
3505 1827 3737 1882 interius

471 1920 787 1986 Quanquam
823 1916 936 1969 haec
964 1912 1235 1984 generalis
1264 1911 1434 1981 possit
1482 1924 1601 1964 esse
1644 1905 1907 1962 sententia
1960 1904 2053 1957 ad—

474 2023 686 2062 versum
714 2020 901 2060 omnes
923 2004 1011 2072 qui
1032 2002 1263 2071 aliquem
1284 1998 1672 2063 scandalizant,
1700 2004 1877 2049 tamen
1897 1991 2053 2061 juxta

473 2096 912 2166 consequentiam
959 2092 1255 2155 sermonis,
1298 2091 1461 2144 etiam
1530 2096 1718 2143 contra
1768 2081 2053 2153 Apostolus

474 2191 673 2246 dictum
700 2185 918 2254 intelligi
951 2191 1145 2253 potest,
1176 2183 1265 2250 qui
1295 2181 1437 2233 inter
1459 2192 1517 2233 se
1552 2178 1906 2246 disputantes,
1936 2171 2056 2241 quis

475 2289 620 2335 esset
647 2276 857 2331 illorum
884 2274 1076 2344 major,
1126 2272 1446 2325 videbantur
1496 2268 1725 2321 invicem
1776 2264 1841 2318 de
1880 2261 2054 2331 digni-

476 2380 586 2425 tate
614 2365 952 2426 contendere,
981 2372 1036 2418 et
1064 2363 1107 2417 si
1136 2363 1189 2416 in
1214 2364 1316 2415 hoc
1340 2359 1469 2413 vitio
1492 2354 1933 2427 permansissent,
1963 2365 2059 2421 po-

478 2468 657 2516 terant
682 2474 797 2523 eos,
825 2471 960 2526 quos
989 2456 1055 2509 ad
1086 2453 1243 2508 ﬁdem
1269 2452 1548 2513 vocabant,
1579 2463 1676 2517 per
1704 2460 1860 2500 suum
1904 2458 2055 2498 scan-

476 2552 656 2611 dalum
687 2550 930 2617 perdere,
956 2548 1080 2601 dum
1106 2542 1389 2615 Apostolus
1414 2542 1595 2595 vident
1620 2540 1761 2594 inter
1793 2552 1851 2591 se
1877 2535 1942 2590 de
1964 2536 2060 2589 ho-

480 2656 611 2695 nore
639 2654 895 2709 pugnare.
928 2635 1082 2703 Quod
1106 2645 1285 2688 autem
1328 2633 1461 2687 dixit
1496 2647 1509 2684 :
1538 2630 1741 2684 Bonum
1777 2638 1850 2682 est
1876 2627 1921 2681 ei
1952 2642 2061 2679 ma-

480 2732 558 2800 gis
585 2730 630 2783 si
651 2728 1065 2783 circumdaretur
1087 2725 1226 2778 mola
1250 2723 1484 2777 asinaria
1518 2721 1649 2775 collo
1689 2720 1827 2789 ejus,
1871 2733 2063 2771 secun-

481 2823 606 2876 dum
635 2821 796 2874 ritum
825 2818 1117 2888 provincia:
1162 2815 1418 2884 loquitur,
1472 2812 1613 2881 quod
1646 2810 1909 2878 majorum
1955 2808 2062 2862 cri-

484 2912 687 2965 minum
712 2910 815 2963 ista
846 2910 985 2978 apud
1010 2917 1218 2961 veteres
1239 2904 1451 2959 Judteos
1475 2917 1633 2974 pmna
1660 2902 1841 2966 fuerit,
1896 2908 1952 2953 ut
2008 2899 2061 2953 in

486 3001 809 3072 profundum
859 2999 1023 3069 ligato
1080 3013 1211 3051 saxo
1260 2997 1705 3065 dimergerentur.
1758 2993 1825 3046 Et
1877 3006 2062 3045 revera

484 3092 675 3147 melius
698 3096 778 3145 est
824 3089 1124 3153 innoxium,
1174 3102 1353 3157 poena,
1406 3085 1655 3155 quamvis
1705 3084 2061 3148 atrocissima,

486 3181 766 3251 temporali
798 3189 996 3243 tamen,
1029 3179 1192 3232 vitam
1225 3177 1379 3230 linire
1402 3189 1736 3245 corpoream,
1761 3187 1922 3242 quam
1969 3174 2062 3227 lae—
2093 3167 2135 3228 C

486 3276 662 3331 dendo
690 3274 910 3328 fratrem
962 3280 1193 3327 mortem
1244 3270 1437 3323 animte
1486 3267 1681 3321 mereri
1728 3275 2061 3336 perpetuam.

488 3368 653 3422 Recte
680 3372 881 3427 autem,
912 3362 1000 3431 qui
1031 3360 1385 3416 scandalizari
1416 3366 1593 3429 potest
1626 3357 1848 3425 pusillus
1890 3355 2071 3425 appel-

488 3459 649 3511 latur.
690 3455 789 3523 Qui
838 3455 981 3508 enim
1035 3466 1259 3523 magnus
1316 3461 1400 3505 est
1452 3448 1807 3517 quodcunque
1852 3446 2064 3511 viderit,

487 3551 860 3620 quodcumque
898 3561 1087 3615 passus
1126 3544 1285 3597 fuerit
1334 3557 1439 3596 non
1493 3541 1777 3595 declinata
1805 3539 1942 3603 ﬁde;
1976 3540 2067 3607 qui

488 3650 666 3695 autem
691 3637 913 3708 pusillus
936 3644 1017 3688 est
1045 3635 1223 3688 aniu‘to
1252 3641 1305 3685 et
1334 3646 1534 3700 parvus
1563 3632 1873 3685 occasiones
1920 3644 2067 3696 qum-

490 3730 562 3785 rit
590 3726 854 3798 quomodo
881 3723 1289 3779 scandalizatur.
1335 3721 1626 3789 Propterea
1670 3720 1894 3786 denique
1914 3732 2072 3785 opor-

493 3827 570 3873 tet
595 3832 691 3871 nos
720 3814 951 3868 maxime
977 3812 1060 3866 his
1088 3810 1369 3866 consulere
1391 3810 1479 3879 qui
1506 3808 1659 3879 parvi
1687 3815 1809 3861 sunt
1842 3807 1893 3859 iu
1946 3806 2069 3868 tidc,

491 3925 559 3965 ne
580 3907 862 3963 occasione
896 3904 1062 3960 nostri
1088 3903 1425 3958 offendantur
1453 3910 1507 3957 et
1529 3902 1781 3955 recedant
1806 3915 1834 3952 a
1864 3900 1984 3964 tide,
2009 3915 2071 3955 ac

494 3997 743 4053 decidant
766 4012 795 4049 a
822 3996 1010 4050 salute.
1045 3993 1347 4047 Notandum
1402 4006 1549 4057 sane,
1608 3990 1747 4060 quod
1779 3988 1831 4041 in
1890 3999 2072 4044 nostro

492 4090 637 4143 bono
662 4100 822 4156 opere
855 4084 1141 4153 aliquando
1165 4082 1462 4137 cavendum
1494 4090 1574 4134 est
1610 4077 1922 4133 scandalum
1952 4094 2076 4147 pro-

496 4177 645 4238 ximi,
673 4174 957 4244 aliquando
984 4188 1112 4226 vero
1147 4186 1244 4241 pro
1272 4170 1438 4223 nihilo
1493 4168 1968 4223 contemnendum.
2020 4168 2073 4221 In

503 4275 762 4335 quantum
793 4262 933 4317 enim
962 4262 1076 4315 sine
1100 4268 1319 4330 peccato
1340 4274 1647 4328 possumus,
1671 4260 1849 4315 vitare
1892 4258 2077 4329 proxi-

508 4371 714 4411 morum
750 4352 1061 4409 scandalum
1092 4351 1369 4407 debemus.
1418 4349 1476 4405 Si
1519 4360 1695 4406 autem
1742 4353 1807 4405 de
1853 4352 2078 4403 veritate

504 4444 813 4500 scandalum
841 4443 1074 4512 ponitur,
1094 4440 1277 4495 utilius
1297 4442 1626 4509 permittitur
1650 4441 1960 4495 scandalum
1984 4457 2078 4493 na—

504 4538 603 4601 sci,
645 4549 804 4605 quam
831 4534 1032 4587 veritas
1070 4532 1419 4600 relinquatur.
1453 4530 1585 4584 Item
1614 4545 1709 4597 per
1732 4528 1927 4582 molam
1974 4529 2077 4581 asi-
2104 4511 2155 4569 Ῑ)

508 4630 715 4683 nariam
745 4624 1018 4679 smcularis
1043 4624 1161 4675 vita:
1186 4622 1444 4676 circuitus
1469 4637 1531 4675 ac
1557 4620 1709 4673 labor
1744 4619 2077 4688 exprimitur,

505 4728 560 4773 et
584 4733 680 4787 per
706 4715 1024 4785 profundum
1064 4713 1228 4766 maris
1257 4720 1497 4766 extrema
1528 4710 1802 4763 damnatio
1838 4709 2082 4778 designa-

510 4808 741 4877 turzqui
768 4815 945 4860 autem
982 4805 1048 4858 ad
1089 4803 1394 4858 sanctitatis
1422 4802 1652 4871 speciem
1688 4800 1964 4859 deductus,
2004 4796 2086 4850 vel

508 4900 673 4955 verbo
703 4906 927 4953 caeteros
954 4896 1182 4950 destruit
1212 4893 1297 4946 vel
1322 4889 1582 4959 exemplo,
1618 4889 1807 4943 melius
1842 4886 2083 4955 profecto

508 5006 646 5060 erat,
674 5001 733 5047 ut
761 4992 905 5046 hunc
952 4989 1017 5042 ad
1050 4995 1277 5043 mortem
1327 4983 1427 5038 Sub
1471 4980 1721 5036 exteriori
1752 4977 1935 5031 habitu
1974 4985 2082 5030 ter-

513 5103 640 5142 rena
666 5093 786 5140 acta
809 5082 1257 5148 constringerent,
1288 5089 1449 5144 quam
1474 5087 1625 5126 sacra
1651 5067 1822 5123 ollicia
1853 5070 1904 5122 in
1930 5066 2082 5137 culpa

515 5177 723 5232 caeteris
758 5170 1084 5229 invitabilem
1137 5167 1585 5225 demonstrarent,
1642 5160 1765 5227 quia
1830 5158 2086 5211 nimirum

517 5269 561 5321 si
590 5264 733 5321 solus
764 5262 995 5320 caderet,
1020 5265 1293 5327 utcunque
1334 5253 1477 5307 hunc
1524 5248 1853 5305 tolerabilior
1895 5247 2089 5301 inferni

517 5370 675 5427 paena
706 5353 993 5408 cruciaret.

590 5443 658 5496 Et
683 5442 727 5495 si
756 5435 1185 5493 scandalizaverit
1218 5443 1266 5488 te
1293 5448 1477 5487 manus
1506 5439 1615 5493 tua,
1648 5427 1892 5481 abscinde
1918 5427 2087 5491 illam,

520 5536 707 5588 bonum
734 5530 920 5599 quippe
942 5538 1014 5581 est
1043 5527 1132 5579 tibi
1159 5522 1374 5578 debilem
1395 5522 1605 5575 introire
1628 5519 1680 5571 in
1709 5520 1893 5583 vitam,
1934 5534 2089 5588 quant

524 5625 653 5677 duas
678 5636 861 5674 manus
898 5618 1163 5671 habentem
1208 5614 1283 5665 ire
1311 5613 1365 5664 in
1393 5610 1671 5679 gehennam
1700 5606 2093 5676 inexstinguibi-

525 5714 641 5768 lem.
684 5712 818 5779 Quia
841 5724 997 5779 supra
1031 5708 1282 5761 docuerat
1313 5716 1379 5755 ne
1417 5697 1839 5754 scandalizemus
1864 5712 1978 5761 eos,
2002 5698 2091 5767 qui

2141 1928 2432 1967 accusans.

2228 2000 2294 2055 Et
2324 2003 2370 2055 si
2385 2012 2608 2072 pestuus
2636 2012 2684 2055 te
2712 2002 3056 2065 scandalizat,
3086 2015 3302 2073 amputa
3322 2002 3472 2056 illum
3496 2016 3514 2056 .'
3542 2003 3734 2060 bonum

2155 2102 2230 2145 est
2252 2092 2344 2145 tibi
2360 2092 2605 2145 claudum
2631 2094 2846 2145 introire
2868 2092 2921 2145 in
2943 2094 3097 2147 vitam
3123 2103 3392 2159 (uernam,
3423 2111 3581 2164 quam
3600 2094 3735 2148 duos

2156 2184 2309 2252 pedes
2334 2182 2601 2236 habentem
2631 2184 2764 2236 mitti
2786 2185 2839 2236 in
2862 2183 3143 2254 gehennam
3180 2185 3313 2253 ignis
3335 2185 3735 2254 inexstinguibi-

2158 2274 2241 2328 lis.
2283 2272 2339 2327 lu
2385 2273 2518 2342 pede
2545 2272 2686 2327 sicut
2716 2281 2769 2327 et
2796 2274 2846 2327 in
2875 2288 3056 2338 manu,
3091 2273 3283 2327 charos
3312 2273 3740 2328 inemendabiles

2157 2362 2701 2418 docetalienandosa
2732 2364 2906 2426 nobis,
2951 2376 3018 2415 ne
3072 2378 3168 2431 per
3214 2362 3607 2416 immunditiam
3645 2377 3740 2416 eo-

2160 2469 2298 2518 rum,
2328 2469 2460 2523 quos
2483 2452 2749 2521 castigare
2800 2453 3103 2519 nequimus,
3137 2462 3189 2506 et
3226 2452 3325 2522 ipsi
3378 2452 3564 2522 polluti
3616 2467 3742 2522 pcr-

2159 2561 2362 2600 eamus.
2404 2542 2511 2598 Sed
2562 2557 2751 2597 manus
2798 2552 3018 2611 propter
3062 2558 3197 2612 opus
3235 2543 3600 2597 necessarium
3643 2558 3747 2597 no-

2159 2637 2275 2691 bis:
2304 2650 2422 2705 pes,
2446 2644 2571 2689 sunt
2602 2634 2728 2688 dicti
2747 2634 2884 2687 tales
2914 2642 3133 2703 propter
3156 2634 3511 2689 ministerium
3536 2632 3747 2688 discur-

2162 2727 2344 2795 sisque
2379 2724 2577 2778 nostris
2608 2723 2794 2777 usibus
2828 2724 3260 2778 accommodant.

2235 2815 2387 2880 Quod
2407 2814 2452 2867 si
2474 2812 2653 2868 oculus
2684 2823 2802 2867 tuus
2826 2812 3150 2866 scandalizat
3171 2824 3237 2877 te,
3277 2830 3398 2867 erue
3442 2831 3593 2879 eum;
3647 2816 3743 2868 bo-

2164 2922 2285 2959 num
2308 2914 2380 2957 est
2406 2904 2495 2957 tibi
2518 2903 2718 2957 luscum
2749 2903 2963 2957 introire
2984 2904 3035 2957 in
3068 2920 3278 2973 regnum
3300 2903 3417 2970 Dei,
3436 2922 3591 2974 quam
3609 2905 3747 2959 duos

2164 2998 2339 3053 oculos
2366 3000 2634 3051 habentem
2680 2998 2813 3049 mitti
2855 2997 2908 3051 in
2950 2997 3232 3066 gehennam
3280 2998 3431 3067 ignis.
3481 2998 3539 3052 ln
3587 2998 3748 3053 oculo

2165 3104 2378 3160 quoque
2401 3096 2619 3159 propter
2639 3086 2951 3141 scandalum
2978 3087 3235 3150 emendo,
3261 3087 3417 3142 iidem
3442 3088 3610 3143 nostri
3626 3104 3753 3142 car-

2169 3180 2359 3234 naliter
2374 3178 2882 3247 amici,spiritaliter
2908 3193 3038 3232 vero
3061 3179 3349 3232 adversarii
3373 3179 3749 3248 designantur.

2171 3270 2275 3325 Sed
2302 3286 2423 3324 cum
2449 3285 2545 3324 nos
2568 3284 2755 3323 eorum
2783 3268 3046 3324 consultis
3074 3284 3137 3322 ac
3157 3269 3463 3336 provisione
3485 3285 3621 3339 opus
3647 3271 3751 3323 ha-

2169 3365 2378 3427 bemus,
2404 3362 2479 3416 illi
2514 3377 2642 3417 vero
2662 3360 2886 3415 consilio
2934 3376 3032 3414 nos
3075 3376 3240 3430 pravo
3289 3362 3536 3431 decipere
3588 3370 3756 3431 atque

2172 3454 2223 3507 in
2254 3454 2357 3507 iter
2388 3453 2591 3507 erroris
2617 3450 2897 3507 deﬂectere
2921 3461 3195 3521 quaerunt;
3222 3452 3529 3506 scandalum
3553 3452 3758 3522 quippe

2172 3559 2349 3598 sermo
2378 3543 2615 3607 Grrecus,
2648 3542 2789 3611 quod
2819 3557 2916 3596 nos
2947 3540 3323 3595 oﬂ‘endiculum
3355 3550 3408 3595 et
3435 3542 3644 3595 ruinam
3697 3553 3761 3597 et

2173 3635 2549 3703 impactioncm
2575 3635 2725 3701 pedis
2744 3633 2928 3686 dicere
2950 3647 3256 3703 possumus,
3307 3630 3449 3701 quod
3490 3643 3759 3702 quantum

2172 3739 2475 3792 possumus,
2531 3723 2772 3777 devitarc
2812 3724 3069 3776 debemus
3096 3730 3359 3789 quatenus
3400 3735 3614 3788 pmnam
3662 3737 3763 3790 ge-

2173 3815 2361 3869 hennae
2380 3815 2670 3869 evadentes
2697 3814 2764 3867 ad
2787 3815 2949 3867 vitam
2980 3814 3251 3881 possimus
3294 3811 3577 3881 pervenire
3616 3827 3764 3865 sem-

2173 3909 2463 3978 piternam,
2515 3888 2803 3977 praestante
2858 3906 3080 3959 Domino
3121 3913 3306 3959 nostro
3352 3902 3477 3958 Jesu
3515 3903 3760 3969 Christo,

2182 3999 2272 4069 qui
2324 4013 2445 4053 cum
2492 3997 2651 4051 Patre
2701 4005 2755 4051 et
2805 3995 3003 4064 Spiritu
3050 4004 3237 4049 sancto
3297 3995 3427 4047 vivit
3466 4002 3523 4047 et
3568 4003 3765 4064 regnat

2177 4087 2316 4141 Deus
2339 4100 2434 4156 per
2459 4084 2637 4138 omnia
2664 4083 2851 4139 smcula
2884 4081 3219 4137 saeculorum.
3260 4080 3448 4134 Amen.

2682 4214 2960 4271 llOBllLlA
3007 4214 3241 4269 CXXIX.

2839 4320 2992 4359 FERIA
3030 4320 3102 4357 γι.

2285 4420 2469 4475 Lectio
2486 4418 2659 4474 sancti
2676 4417 2948 4486 Evangelii
2972 4414 3260 4470 secundum
3285 4413 3615 4468 Maltbazum.

2254 4529 2317 4583 In
2339 4530 2429 4584 illo
2454 4540 2680 4597 tempore
2701 4527 2831 4579 dixit
2853 4524 3008 4578 Iesus
3029 4526 3191 4577 turbis
3210 4522 3521 4577 Judteorum
3549 4533 3597 4577 et
3619 4524 3768 4594 prin-

2182 4623 2378 4693 cipibus
2404 4619 2765 4674 sacerdotum:
2802 4616 2891 4671 Va:
2915 4616 3073 4679 vobis,
3094 4614 3288 4669 Scriba!
3312 4626 3360 4669 et
3396 4615 3769 4685 Pharisaei/tg-

2185 4713 2417 4783 pocrittc,
2453 4711 2574 4779 quia
2598 4708 2839 4762 clauditis
2870 4723 3078 4776 regnum
3100 4706 3341 4758 cartorum
3364 4716 3481 4759 ante
3506 4706 3764 4761 homines.

2198 4800 2299 4854 Vos
2326 4800 2506 4871 quippe
2556 4814 2659 4849 non
2696 4797 2925 4862 intratis,
2973 4812 3061 4849 nec
3099 4796 3415 4848 intracuntes
3461 4795 3635 4849 sinitis
3686 4797 3770 4848 in-

2187 4902 2345 4952 trarc,
2374 4898 2481 4943 etc.

2258 4978 2468 5031 llabent
2497 4972 2701 5030 Scriba:
2726 4982 2779 5027 et
2813 4972 3069 5027 Pharisaei
3114 4971 3245 5043 legis
3270 4970 3770 5040 PrOpbetarumque

2188 5070 2455 5131 notitiam,
2486 5067 2664 5120 sciunt
2687 5080 2806 5118 esse
2834 5062 3105 5117 Christum
3133 5062 3299 5114 lilium
3323 5059 3441 5123 Dei,
3475 5074 3579 5113 non
3617 5061 3772 5130 igno-

2191 5167 2311 5213 rant
2338 5167 2519 5210 natum
2541 5168 2662 5209 esse
2683 5154 2749 5206 de
2776 5152 3003 5220 virgine,
3034 5151 3129 5205 sed
3158 5150 3283 5205 dum
3319 5150 3609 5204 adventum
3650 5148 3768 5215 ejus

2190 5258 2508 5315 corporeum
2550 5259 2581 5297 a
2628 5240 2911 5310 Prophetis
2958 5238 3324 5307 praedicatum,
3396 5238 3654 5291 doctrina:
3693 5238 3768 5290 si-

2192 5334 2485 5389 mulatione
2532 5330 2885 5392 abscondunt,
2906 5337 2959 5381 et
2989 5327 3223 5397 praedam
3268 5327 3333 5381 de
3378 5326 3623 5395 subjecta
3661 5326 3768 5379 sibi

2194 5426 2346 5493 plebe
2374 5430 2646 5494 appetunt,
2672 5435 2771 5474 nec
2798 5420 2897 5488 ipsi
2927 5421 3197 5473 introeunt
3220 5418 3271 5472 in
3300 5433 3459 5489 regna
3483 5417 3771 5479 caelorum,

2196 5531 2294 5571 nec
2315 5530 2408 5569 eos
2454 5512 2543 5581 qui
2592 5518 2839 5581 poterant
2880 5508 3086 5563 intrare
3133 5508 3469 5577 permittunt.
3528 5504 3639 5558 lloc
3680 5513 3772 5558 est

2196 5608 2335 5677 quod
2368 5606 2418 5659 in
2454 5603 2591 5658 Osee
2619 5602 2875 5672 propheta
2906 5599 3165 5655 Dominus
3191 5600 3362 5670 arguit
3386 5598 3571 5652 dicens
3598 5612 3609 5647 :
3636 5596 3776 5649 Abt-

2198 5697 2480 5752 conderunt
2505 5693 2797 5747 sacerdotes
2823 5692 2977 5756 riam,
3003 5688 3367 5759 interfecerunt
3405 5688 3658 5741 sicimam.
3702 5683 3771 5739 Ει
