3960 6334
134 410 234 468 593

1201 401 1508 461 HOMILIAS
1548 398 1617 453 IN
1656 394 1913 453 EVANG.
1954 393 2039 448 ΕΤ
2077 389 2295 447 EPIST.

3282 379 3392 440 5M

136 540 322 581 rursus
352 525 665 580 sacerdotes
687 537 789 576 non
818 520 1089 584 dixerunt,
1111 520 1201 573 ubi
1223 527 1305 573 est
1334 513 1715 579 Dominus,vcl
1744 518 1792 577 Α
1820 508 2079 563 Dominus
2113 506 2269 569 dixit,
2299 502 2422 573 quid
2449 502 2582 556 enim
2605 500 2778 572 majus
2799 508 2875 555 est
2915 515 3100 553 aurum
3152 516 3219 553 an
3265 498 3391 554 “m-

135 626 281 672 certe
303 616 484 670 omnis
514 613 768 683 magister
789 611 879 681 qui
909 611 1071 665 verbo
1099 608 1345 671 aediﬁcat,
1389 616 1443 661 et
1490 603 1717 659 scanda—

137 706 262 761 lizat
287 706 447 760 malis
470 702 723 773 operibus
748 701 1040 766 discipulos
1068 715 1214 764 suos,
1236 697 1438 755 claudit
1458 703 1583 751 ante
1625 709 1719 749 eos

138 813 360 867 regnum
380 795 662 851 emlorum.

216 885 306 940 Va:
337 885 499 950 vobis,
527 884 711 939 scriba!
735 891 783 936 et
822 879 1085 935 Pharisa'i
1114 879 1413 957 hypocrita,
1453 877 1577 947 quia
1612 875 1717 928 cir-

136 977 291 1029 cuitis
317 991 463 1028 mare
486 984 533 1027 et
574 972 780 1031 aridam
816 981 870 1025 ut
910 970 1119 1041 faciatis
1164 986 1323 1023 unum
1369 966 1719 1038 proselytum;

134 1075 184 1119 et
213 1081 333 1116 cum
364 1063 520 1131 fuerit
546 1063 737 1131 factus,
764 1048 937 1129 facitis
962 1076 1078 1113 eum
1105 1058 1273 1128 ﬁlium
1295 1057 1538 1128 gehennw
1561 1054 1719 1125 duplo

135 1174 296 1228 quant
326 1173 438 1210 vos.
468 1154 583 1210 Non
605 1170 670 1209 eo
695 1155 872 1210 studio
907 1169 1189 1208 servamus
1207 1153 1430 1222 quzesita
1451 1167 1557 1221 quo
1582 1165 1723 1220 quae-

138 1251 334 1305 rimus.
365 1247 567 1303 Scriba:
594 1255 647 1301 et
674 1247 930 1301 Pharisaei
974 1254 1143 1301 totum
1191 1244 1486 1299 lustrantes
1534 1243 1720 1297 orbem

135 1346 362 1409 propter
396 1337 786 1407 negotiationes
808 1343 862 1389 et
890 1335 1104 1390 diversa
1132 1333 1304 1397 lucra,
1358 1341 1467 1385 tam
1499 1347 1528 1385 a
1556 1330 1720 1386 disci-

136 1427 281 1497 pulis
328 1426 610 1495 captanda,
643 1440 805 1495 quam
851 1440 949 1494 per
999 1424 1257 1495 imagines
1299 1422 1623 1486 sanctitatis,
1672 1420 1724 1476 id

137 1522 301 1575 studii
334 1520 605 1575 habebant
642 1519 707 1573 de
756 1519 1005 1590 gentibus
1050 1516 1229 1572 facere
1274 1512 1633 1587 proselytum,
1672 1514 1725 1568 id

134 1619 242 1672 est,
275 1612 557 1675 advenam,
591 1616 646 1663 et
670 1608 1103 1663 incircumcisum
1140 1606 1366 1661 miscere
1390 1604 1584 1676 populo
1605 1604 1721 1659 Dei.

138 1700 254 1756 Sed
282 1700 372 1770 qui
403 1707 525 1753 ante
545 1699 668 1753 dum
692 1706 835 1753 esset
860 1697 1129 1762 ethnicus,
1165 1696 1484 1766 simpliciter
1508 1694 1726 1750 errabat

137 1801 197 1847 et
220 1800 340 1847 erat
386 1791 554 1846 semel
602 1790 742 1845 ﬁlius
795 1789 1071 1860 gehennae,
1116 1788 1303 1842 videns
1344 1786 1725 1856 magistrorum

1816 599 1959 669 plum
1988 597 2126 667 quod
2160 594 2452 662 sanctiﬁcat
2490 608 2719 656 aurum;
2744 602 2798 646 ct
2832 592 3030 646 iterum
3064 608 3077 643 :
3109 590 3233 660 quid
3260 594 3399 645 enim

1818 688 1991 758 majus
2020 697 2095 741 est
2132 676 2326 739 donum
2360 701 2436 738 .an
2471 683 2637 737 altare
2666 683 2804 753 quod
2840 682 3132 751 sanctiﬁcat
3161 681 3353 735 donum
3385 698 3405 737 :

1820 779 1893 833 ita
1920 775 2320 847 intelligendum
2348 784 2451 839 est,
2480 773 2734 843 templum
2768 782 2824 827 et
2848 768 3014 827 altare
3042 774 3214 842 ipsum
3242 771 3400 827 Chri-

1821 877 1983 929 stum,
2010 879 2199 920 aurum
2233 874 2287 921 et
2321 866 2517 919 donum
2548 863 2733 918 laudes
2770 871 2825 915 et
2862 862 3122 917 sacriﬁcia
3158 876 3401 931 precum,

1822 973 1941 1027 qua:
1978 958 2030 1011 in
2074 972 2139 1012 eo
2187 972 2283 1026 per
2315 970 2441 1009 eum
2490 953 2762 1009 offerimus
2797 971 2809 1006 :
2841 968 2947 1007 non
2990 954 3132 1009 enim
3174 954 3261 1008 ille
3307 968 3405 1024 per

1824 1049 1938 1103 haec
1989 1048 2081 1103 sed
2134 1048 2234 1102 ista
2290 1062 2385 1115 per
2428 1045 2575 1101 illum
2610 1044 3038 1100 sanctiﬁcantur.

1903 1137 1993 1193 Va:
2014 1146 2194 1193 autem
2215 1138 2373 1202 vobis,
2396 1137 2578 1191 scriba:
2606 1144 2655 1191 et
2690 1134 2951 1191 Pharistei
2984 1135 3285 1207 hypocrita,
3316 1137 3407 1209 qui

1824 1228 2093 1283 decimatis
2114 1229 2395 1291 mentitam,
2422 1240 2468 1281 et
2497 1228 2765 1293 anethum,
2793 1237 2842 1281 et
2874 1227 3155 1297 cyminum,
3200 1240 3245 1282 et
3280 1227 3405 1283 reli-

1824 1319 2007 1389 quistis
2033 1334 2147 1388 qum
2182 1318 2421 1387 graviora
2450 1328 2568 1371 sunt
2591 1317 2736 1388 legis,
2752 1318 3016 1387 judicium
3043 1328 3092 1371 et
3114 1318 3409 1371 misericor-

1825 1408 1990 1472 diam,
2015 1418 2061 1461 et
2084 1408 2241 1475 ﬁdem
2269 1420 2287 1457 :
2314 1407 2425 1460 hwc
2448 1407 2674 1476 oportuit
2700 1407 2871 1476 facere
2907 1418 2955 1460 et
2986 1406 3078 1460 illa
3115 1422 3218 1460 non
3261 1406 3414 1461 omit-

1827 1511 1951 1553 tere.
1982 1492 2143 1552 Mult'a
2176 1498 2228 1552 in
2258 1498 2373 1569 lege
2399 1508 2664 1568 prrccepta
2694 1506 2839 1563 sunt,
2872 1514 2992 1568 qua:
3029 1508 3190 1570 typos
3230 1498 3411 1569 profc-

1828 1600 1955 1646 runt
1990 1591 2288 1645 futurorum
2328 1608 2341 1644 :
2374 1590 2477 1644 alia
2501 1606 2630 1645 vero
2660 1606 2780 1660 quae
2814 1600 2998 1662 aperta
3026 1600 3170 1658 sunt,
3196 1602 3250 1647 et
3285 1592 3407 1647 illu-

1828 1680 2035 1733 minant
2059 1679 2245 1734 oculos
2301 1679 2455 1746 juxta
2486 1680 2827 1736 Psalmistam
2858 1681 3145 1747 dicentem,
3191 1684 3415 1737 manda-

1829 1781 1939 1823 tum
1966 1768 2175 1823 Domini
2215 1769 2445 1823 lucidum
2478 1770 2781 1825 illuminans
2817 1771 3015 1837 oculos,
3066 1786 3186 1843 qum
3230 1773 3412 1829 statim

139 1882 272 1936 vitia
304 1890 360 1935 et
378 1880 677 1950 intelligens
704 1848 979 1934 destruere
1006 1848 1099 1933 eos
1128 1876 1398 1947 operibus,
1428 1848 1568 1946 quod
1608 1890 1728 1930 ver-
1756 1848 1801 1907 Β
1829 1862 1994 1950 (ξρετε
2020 1857 2349 1950 άῗδίᾳθΐειηιε
2373 1858 2521 1950 “fit”
2547 1861 2717 1929 ἔτυῐία
2756 1878 2768 1915 ε
2798 1876 2906 1914 ηοη
2931 1862 3279 1928 adllllel‘abis.
3308 1880 3415 1919 non

138 1970 225 2024 bis
250 1968 541 2033 docebant,
569 1966 860 2021 revertitur
879 1966 946 2019 ad
981 1967 1240 2021 vomitum
1271 1980 1447 2029 suum,
1471 1972 1525 2018 et
1554 1964 1729 2034 genti-

139 2059 211 2113 lis
242 2058 443 2123 factus,
473 2057 625 2126 quasi
657 2056 1057 2126 prmvaricator,
1096 2053 1298 2123 majore
1342 2068 1500 2124 poena
1540 2054 1734 2124 dignus

139 2152 266 2214 erit,
300 2148 444 2203 ﬁlius
474 2158 651 2203 autem
680 2158 903 2203 vocatur
926 2147 1185 2217 gehennaa
1214 2186 1229 2210 ,
1280 2145 1548 2217 quomodo
1591 2143 1732 2201 ﬁlius

142 2239 485 2310 perditionis,
519 2246 570 2291 et
603 2236 741 2291 ﬁlius
766 2235 924 2304 hujus
954 2234 1157 2291 saeculi.
1188 2233 1425 2290 Vocatur
1457 2233 1598 2289 ﬁlius
1642 2248 1733 2305 ge-

142 2333 363 2396 hennae,
398 2330 465 2384 ad
492 2328 636 2383 illam
658 2334 1010 2397 przeparatus,
1038 2342 1143 2383 non
1171 2341 1238 2379 ex
1280 2323 1370 2379 illa
1416 2332 1730 2396 generatus;

143 2420 517 2489 unusquisque
541 2418 684 2473 enim
714 2415 864 2484 cujus
891 2430 1055 2487 opera
1106 2415 1234 2486 agit,
1289 2414 1407 2485 ejus
1459 2412 1601 2469 ﬁlius
1642 2429 1735 2483 ap-

144 2512 399 2582 pellatur.

232 2598 321 2654 Vw
362 2600 521 2663 vobis,
549 2600 703 2654 duces
734 2600 880 2665 cruci,
922 2599 1245 2671 quiodicitis
1274 2614 1292 2653 :
1322 2597 1626 2669 Quicunque
1642 2599 1737 2670 ju-

147 2693 341 2747 mrerit
360 2710 453 2762 per
472 2692 739 2763 templum,
771 2691 901 2747 nihil
922 2701 1032 2756 est;
1059 2694 1147 2763 qui
1186 2698 1359 2746 autem
1378 2690 1637 2760 juraverit
1681 2692 1738 2745 in

147 2771 511 2853 auro'templi,
535 2782 698 2836 debet.
731 2781 892 2837 Stulti
919 2791 973 2837 et
1002 2782 1149 2845 caeci,
1203 2782 1330 2851 quid
1378 2782 1521 2837 enim
1564 2779 1736 2851 majus

147 2873 276 2929 est?
304 2888 495 2925 aurum
523 2888 591 2926 an
621 2872 873 2943 templum
901 2873 1044 2942 quod
1072 2873 1373 2928 sanctiﬁcat
1415 2873 1639 2927 aurum?
1683 2881 1739 2928 et

150 2965 461 3035 quicunque
482 2963 744 3033 juraverit
764 2965 816 3017 in
841 2964 995 3018 altari
1027 2960 1159 3018 nihil
1188 2971 1287 3027 est,
1315 2964 1620 3033 quicunque
1647 2980 1739 3018 au-

154 3065 268 3111 tem
295 3054 560 3123 juraverit
587 3040 641 3108 in
664 3054 804 3109 dono
830 3054 972 3124 quod
992 3062 1074 3108 est
1103 3068 1265 3122 super
1290 3053 1437 3118 illud,
1470 3055 1647 3110 debet.

226 3146 369 3203 Circi
396 3162 414 3199 :
436 3148 563 3218 quid
589 3148 725 3201 enim
750 3146 924 3216 majus
945 3148 1039 3210 est,
1062 3145 1257 3199 donum
1294 3163 1364 3200 an
1393 3145 1558 3200 altare
1600 3146 1739 3217 quod

153 3238 453 3305 sanctiﬁcat
484 3237 721 3291 donum?
747 3236 849 3302 Qui
872 3251 993 3306 ergo
1010 3235 1161 3305 jura!
1192 3237 1246 3288 in
1282 3234 1460 3301 altari,
1495 3235 1645 3305 jurat
1688 3238 1745 3290 in

154 3346 216 3385 eo
248 3342 299 3384 et
329 3333 382 3384 in
403 3330 641 3383 omnibus
670 3345 788 3399 qua:
812 3338 933 3381 sunt
964 3343 1118 3397 super
1148 3326 1299 3381 illud.
1348 3327 1415 3381 Et
1461 3330 1551 3398 qui
1586 3329 1744 3399 jura-

156 3424 290 3475 rerit
322 3419 772 3490 iatemplo,jurat
802 3420 857 3473 in
908 3417 999 3473 illo
1040 3428 1087 3473 et
1132 3421 1185 3473 in
1208 3436 1267 3473 eo
1300 3420 1395 3497 qui
1443 3421 1642 3475 habitat
1690 3422 1747 3475 in

161 3511 300 3579 ipso.
336 3507 401 3561 Et
424 3509 512 3579 qui
531 3508 682 3578 jurat
705 3507 760 3560 in
783 3505 926 3568 cazlo,
944 3505 1093 3576 jurat
1120 3508 1173 3560 in
1202 3506 1385 3561 throno
1429 3507 1523 3561 Dei
1545 3517 1591 3561 et
1612 3510 1665 3562 in
1687 3524 1746 3561 eo

155 3604 250 3672 qui
276 3600 416 3653 sedet
440 3615 594 3668 super
619 3614 758 3659 eum.
795 3595 990 3667 Supra,
1026 3605 1085 3651 ut
1106 3598 1275 3651 visum
1319 3598 1473 3652 nobis
1502 3606 1605 3665 est,
1657 3614 1749 3653 ex-

158 3692 443 3763 posuimus
462 3690 590 3759 quid
620 3688 952 3759 signiﬁcaret
978 3690 1192 3743 traditio
1231 3689 1624 3745 Pharismorum
1672 3690 1751 3747 di-

159 3785 425 3847 centium,
455 3784 656 3837 donum
693 3782 1048 3850 quodcunque
1084 3790 1166 3835 cst
1191 3798 1254 3836 ex
1284 3795 1369 3836 mc
1413 3782 1506 3837 tibi
1554 3783 1750 3852 prode-

163 3876 238 3930 rit
269 3915 285 3937 ,
322 3889 463 3928 nunc
511 3872 703 3942 duplex
748 3882 803 3925 et
822 3872 889 3925 ad
928 3887 1089 3925 unam
1133 3872 1373 3927 avaritia:
1415 3874 1751 3928 occasionem

165 3966 391 4020 trahens
417 3963 808 4019 Pharisrcorum
856 3960 1075 4014 traditio
1113 3960 1520 4025 condemnatur,
1562 3971 1622 4015 ut
1662 3976 1752 4014 ar-

165 4062 617 4125 guanturcuucta
648 4066 744 4121 pro
775 4049 925 4105 lucro
952 4048 1127 4105 facere
1164 4059 1218 4104 et
1263 4066 1366 4106 non
1415 4066 1511 4120 pro
1564 4051 1758 4107 timore

168 4143 289 4198 Dei.
322 4144 471 4197 Sicut
488 4141 633 4195 enim
678 4140 734 4194 iu
764 4139 1110 4210 phylacteriis
1154 4149 1210 4195 et
1259 4140 1484 4195 ﬁmbriis
1523 4142 1756 4198 dilatatis

166 4236 426 4306 Opinione
453 4232 752 4288 sanctitatis
777 4233 1068 4301 captabant
1092 4230 1333 4302 gloriam,
1366 4242 1418 4286 et
1460 4248 1558 4301 per
1602 4249 1757 4289 occa-

166 4330 379 4385 sionem
408 4327 587 4397 gloria:
615 4324 927 4394 qumrehant
964 4323 1130 4388 lucra,
1178 4325 1256 4378 sic
1286 4324 1405 4377 alia
1456 4324 1756 4379 traditionis

170 4418 395 4495 inventa
424 4414 668 4484 'stropha
716 4412 1003 4483 impietatis
1046 4414 1222 4482 arguit
1268 4423 1648 4483 praeceptores.
1699 4414 1757 4469 Si

1831 1945 2032 2001 furtum
2060 1946 2242 2011 facies,
2276 1962 2380 2001 non
2407 1946 2599 2002 falsum
2623 1950 2987 2005 testimonium
3027 1950 3174 2005 dices
3198 1992 3212 2017 ,
3238 1960 3289 2008 et
3313 1967 3418 2008 cato

1832 2043 1969 2099 tera,
2003 2034 2257 2089 Pharisaei
2297 2042 2477 2090 autem
2508 2036 2633 2106 quia
2662 2046 2997 2108 praeceperat
3018 2039 3300 2107 Dominus,
3339 2041 3422 2097 in-

1832 2128 1990 2182 terim
2034 2137 2094 2182 ut
2139 2127 2445 2183 intellectus
2489 2130 2745 2198 mysticos
2802 2130 3152 2197 dimittamus,
3201 2142 3427 2204 propter

1833 2217 2143 2272 alimoniam
2175 2218 2515 2273 sacerdotum
2552 2226 2607 2273 et
2650 2218 2979 2285 Levitarum,
3019 2236 3247 2291 quorum
3291 2237 3420 2294 pars

1833 2315 1952 2363 erat
1976 2309 2253 2374 Dominus,
2284 2310 2523 2363 omnium
2554 2325 2736 2365 rerum
2757 2309 2940 2366 oﬁ‘crri
2976 2311 3029 2366 in
3082 2314 3279 2384 templo
3330 2317 3421 2371 de-

1834 2397 2023 2463 cimas,
2052 2398 2156 2452 hoc
2183 2414 2347 2452 unum
2374 2399 2645 2455 habebant
2673 2400 2856 2467 studii,
2888 2409 2947 2456 ut
2976 2416 3096 2473 qua:
3118 2402 3271 2472 jussa
3300 2405 3417 2461 fue-

1835 2494 1957 2542 rant
2006 2496 2518 2558 comportarentur,
2585 2498 2779 2544 castora
2832 2505 2952 2559 quae
2998 2501 3157 2546 erant
3204 2484 3423 2565 majora

1836 2585 2017 2633 utrum
2047 2579 2167 2649 quis
2210 2577 2413 2633 faceret
2456 2596 2523 2633 an
2568 2596 2675 2635 non
2716 2582 2864 2649 parvi
2892 2582 3215 2651 pendebant.
3266 2585 3334 2639 Et
3360 2603 3427 2641 ex

1836 2671 1941 2727 hoc
1962 2671 2142 2741 itaque
2166 2672 2400 2743 capitulo
2424 2673 2599 2742 arguit
2619 2686 2714 2728 eos
2734 2673 2993 2739 avaritia,
3024 2676 3165 2743 quod
3192 2677 3429 2734 studiose

1838 2764 2003 2817 etiam
2033 2764 2221 2819 vilium
2251 2765 2459 2820 olerum
2486 2766 2722 2823 decimas
2745 2767 2981 2838 exigant,
3010 2776 3067 2823 et
3084 2767 3345 2837 judicium
3369 2771 3423 2824 iu

1837 2854 2225 2926 disceptatione
2247 2857 2606 2928 negotiorum,
2636 2857 3169 2928 misericordiamque
3209 2858 3260 2913 in
3292 2874 3425 2929 pau-

1836 2940 2003 3016 peres
2026 2945 2252 3017 pupillos
2279 2954 2335 3001 et
2360 2947 2570 3013 viduas,
2606 2956 2661 3002 et
2684 2946 2843 3003 ﬁdem
2870 2948 2924 3002 in
2954 2946 3143 3013 Deum,
3171 2962 3291 3017 qua:
3317 2962 3429 3002 ma-

1842 3049 1942 3105 gna
1958 3043 2103 3100 sunt,
2126 3030 2541 3103 prtetermittant
2565 3054 2577 3088 :
2604 3034 2757 3101 Hcec,
2774 3036 2965 3105 inquit,
2986 3035 3211 3105 oportuit
3232 3036 3429 3106 facere,

1843 3121 2019 3190 idest,
2046 3126 2328 3196 judicium,
2359 3127 2808 3192 misericordiam,
2831 3135 2886 3182 et
2910 3126 3090 3193 ﬁdem,
3134 3137 3193 3183 ut
3230 3136 3285 3184 et
3324 3145 3425 3186 nos

1846 3220 2115 3273 veraciter
2150 3219 2216 3273 de
2247 3228 2430 3274 nostra
2460 3219 2674 3274 miseria
2694 3219 3020 3289 judicantes,
3049 3232 3103 3275 et
3126 3220 3218 3276 Dei
3247 3222 3427 3277 chari-

1848 3316 2015 3363 tatem
2051 3321 2211 3378 quam
2263 3309 2481 3365 donavit
2539 3308 2653 3379 ipse
2698 3308 2999 3379 diligentes,
3052 3310 3138 3379 pie
3180 3319 3436 3383 recteque

1848 3397 2110 3452 vivamus.
2139 3396 2349 3453 Justum
2372 3398 2487 3468 ejus
2522 3398 2783 3469 judicium
2820 3398 3141 3455 conﬁtentes
3173 3416 3280 3470 quo
3329 3402 3433 3456 mi-

1848 3490 1956 3543 seri
1984 3488 2157 3544 eil'ecti
2182 3504 2384 3556 sumus;
2417 3490 2483 3545 de
2516 3505 2622 3560 quo
2643 3490 2773 3545 dicit
2808 3484 3094 3559 Apostolus
3120 3489 3433 3546 :‘Judicium

1850 3579 2057 3651 quidem
2077 3596 2141 3633 ex
2168 3596 2271 3634 uno
2307 3581 2362 3633 in
2399 3580 2915 3645 condemnationem;
2947 3588 3002 3635 et
3025 3582 3435 3651 magnas‘chari-

1854 3670 1951 3724 tati
1976 3670 2091 3740 ejus
2122 3671 2319 3740 gratias
2362 3655 2602 3741 agentes,
2652 3670 2719 3725 de
2764 3686 2869 3740 qua
2927 3671 3041 3740 ipse
3089 3672 3230 3727 idem
3279 3672 3433 3738 dicit,

1854 3759 2041 3830 gratiae
2068 3760 2408 3828 praedicator,
2434 3760 2758 3829 commendat
2802 3768 2973 3815 autem
3009 3777 3160 3815 suam
3201 3763 3433 3817 chartta~

1854 3857 1954 3902 tem
1982 3847 2124 3902 Deus
2153 3849 2205 3901 in
2235 3849 2378 3903 nobis
2408 3849 2652 3918 quoniam
2679 3865 2795 3902 cum
2817 3845 2987 3905 adhuc
3014 3861 3307 3920 peccatores
3350 3871 3431 3907 es-

1854 3953 2025 3990 scmus
2062 3936 2301 3991 Christus
2344 3944 2438 4006 pro
2464 3938 2609 3991 nobis
2661 3948 2895 3995 mortuus
2942 3950 3035 3993 est.
3085 3939 3437 4015 Oportuit_ct

1858 4029 1945 4082 illa
1980 4044 2083 4084 non
2114 4029 2383 4093 omittere,
2417 4028 2467 4081 id
2496 4037 2601 4093 est,
2626 4029 2997 4101 eleemosynas
3020 4031 3287 4086 fructuum
3322 4042 3427 4088 ter-

1858 4133 2133 4181 renorum,
2164 4118 2286 4187 quia
2320 4134 2417 4187 per
2443 4126 2647 4173 rectam
2679 4119 2836 4174 ﬁdem
2864 4127 2916 4174 et
2942 4137 3221 4176 sacrarum
3270 4112 3436 4178 virtu;

1860 4220 1970 4265 tum
1987 4211 2363 4279 operationem
2382 4209 2541 4264 simul
2573 4225 2695 4264 cum
2722 4210 3155 4281 elemosynarum
3183 4212 3434 4282 largitate

1860 4302 2019 4355 debet
2042 4302 2270 4369 quisque
2297 4300 2599 4354 studere'ut
2639 4300 2705 4353 ad
2747 4300 2911 4353 vitam
2950 4288 3230 4368 perveniat
3280 4310 3440 4358 mter—

1862 4408 2006 4457 nam,
2047 4393 2305 4463 largiente
2330 4392 2445 4462 ipso
2467 4393 2761 4445 mediatore
2789 4391 2881 4445 Dei
2908 4400 2961 4446 et
2986 4393 3282 4457 hominum,
3334 4394 3437 4450 Do-

169 4488 377 4581 quis‘in
404 4505 745 4561 contentione
761 4520 861 4565 seu
882 4504 932 4557 in
950 4502 1129 4573 aliquo
1151 4501 1327 4573 jurgio
1358 4503 1437 4558 vel
1486 4504 1539 4557 in
1591 4521 1741 4559 causa

1864 4487 2007 4541 mino
2037 4494 2220 4542 nostro
2245 4484 2369 4539 Jesu
2394 4484 2627 4545 Christo,
2670 4485 2761 4555 qui
2790 4500 2910 4539 cum
2938 4483 3099 4540 Patre
3143 4494 3201 4540 et
3232 4485 3439 4555 Spiritu

172 4600 427 4667 ambigua
444 4596 684 4664 jurasset
703 4595 758 4647 in
789 4594 1008 4663 templo,
1032 4602 1086 4648 et
1106 4604 1289 4662 postea
1317 4596 1592 4650 convictus
1614 4606 1756 4653 esset

174 4689 464 4752 mendacii,
516 4701 624 4751 non
668 4685 951 4738 tenebatur
994 4683 1235 4738 criminis
1280 4700 1421 4738 reus.
1473 4683 1528 4738 Si
1577 4696 1756 4739 autem

169 4780 410 4850 jurasset
431 4780 482 4832 in
508 4793 640 4832 auro
659 4784 712 4829 et
736 4776 963 4845 pecunia
994 4791 1113 4845 qua:
1139 4776 1191 4830 in
1223 4777 1421 4847 templo
1467 4779 1757 4833 sacerdoti-

176 4873 279 4925 bus
303 4863 692 4929 oll'erehantur,
713 4864 895 4917 statim
926 4863 978 4916 in
1006 4879 1112 4931 quo
1149 4864 1429 4931 juraverat
1470 4868 1761 4937 cogebatur

176 4960 473 5015 exsolvere.
508 4957 743 5025 Rursum
770 4955 817 5009 si
847 4954 969 5023 quis
987 4952 1223 5021 jurasset
1244 4955 1296 5010 in
1321 4956 1497 5020 altari,
1539 4957 1761 5027 perjurii

180 5064 340 5105 reum
368 5063 524 5102 nemo
564 5046 807 5111 tenebat;
843 5044 887 5099 si
936 5056 1112 5098 autem
1172 5046 1500 5115 perjnrasset
1521 5049 1573 5101 in
1620 5048 1760 5103 dono

181 5137 267 5191 vel
293 5138 351 5191 in
373 5135 750 5199 oblationibus,
778 5134 882 5188 hoc
909 5142 1013 5198 est,
1042 5134 1093 5187 in
1122 5136 1316 5199 hostia,
1347 5136 1398 5190 in
1428 5137 1679 5201 victimis,
1708 5140 1760 5193 in

183 5227 387 5292 simila,
414 5234 467 5279 et
490 5226 721 5289 caeteris,
748 5240 868 5293 quae
894 5222 1193 5279 oﬁ‘eruntur
1226 5227 1334 5280 Deo
1375 5242 1536 5296 super
1573 5230 1759 5294 altare,

184 5322 302 5376 lucc
326 5320 717 5374 studiosissime
741 5318 1071 5387 repetebant.
1098 5318 1285 5390 Argnit
1308 5336 1435 5391 ergo
1465 5338 1556 5376 eos
1584 5324 1765 5377 Domi-

185 5423 293 5465 nus
312 5416 373 5462 et
390 5399 698 5462 stultitiae'et
731 5407 1115 5471 fraudulentiie,
1147 5409 1287 5477 quod
1314 5410 1479 5464 multo
1513 5412 1683 5480 majus
1706 5414 1776 5467 sit

188 5498 469 5571 templum,
498 5513 659 5568 quam
692 5512 883 5551 aurum
918 5499 1056 5567 quod
1100 5496 1467 5552 sanctiﬁcatur
1498 5517 1525 5553 a
1559 5502 1769 5570 templo,

188 5609 245 5655 ει
270 5592 461 5653 altare,
488 5604 647 5659 quam
675 5590 864 5643 hostire
907 5604 1024 5657 quze
1046 5587 1449 5644 sanctiﬁcantur
1502 5594 1570 5646 ab
1597 5593 1773 5656 altari,

194 5691 371 5738 totum
411 5688 580 5731 autem
638 5676 905 5732 faciebant
948 5694 1052 5731 non
1096 5668 1164 5731 ob
1212 5677 1305 5732 Dei
1354 5680 1625 5747 timorem,
1682 5682 1777 5735 sed

194 5771 264 5827 ob
288 5770 596 5826 divitiarum
626 5769 994 5837 cupiditatem.
1030 5768 1356 5838 Spiritalitcr
1404 5782 1583 5827 autem
1631 5772 1774 5841 quod

565 5860 829 5922 PATBOL.
879 5859 1011 5918 CX.

1860 4586 2046 4633 sancto
2101 4577 2230 4631 vivit
2258 4584 2530 4647 ct‘rcgnat
2575 4576 2717 4631 Deus
2763 4591 2860 4645 per
2882 4577 3059 4631 omnia
3110 4578 3302 4633 saecula
3342 4594 3442 4635 sa:-

1860 4666 2126 4720 culorum.
2154 4667 2349 4720 Amen.

2384 4774 2664 4832 HOMle
2704 4775 2913 4831 CXXX.

2175 4882 2488 4933 HEDDOMADA
2519 4883 2551 4920 Χ
2574 4883 2703 4922 POST
2730 4882 3120 4922 PENTECOSTEN.

2221 4959 2402 5014 Lectio
2423 4958 2672 5029 Epistolas
2700 4960 2767 5013 ad
2792 4958 3117 5014 Corinthios.

1934 5049 2167 5109 Fratres.
2202 5050 2488 5104 nonsimus
2513 5051 2927 5118 concupiscentes
2983 5048 3262 5115 malorum,
3305 5046 3443 5103 sicut

1862 5150 1908 5194 et
1946 5138 2025 5191 illi
2050 5130 2440 5207 concupierunt,
2471 5148 2577 5192 etc.

1937 5230 2075 5284 Ecce
2109 5243 2270 5297 quam
2299 5229 2503 5296 peritus
2543 5229 2783 5300 medicus
2807 5228 3078 5298 apostolus
3106 5226 3304 5284 Paulus
3333 5242 3445 5283 cce.

1865 5321 2013 5375 lestis
2038 5320 2229 5374 medici
2262 5319 2461 5375 Christi
2512 5321 2628 5376 veri
2673 5335 2944 5389 veraxque
2989 5320 3301 5391 discipulus,
3349 5319 3443 5388 qui

1877 5414 1942 5467 ad
1991 5412 2369 5467 removendam
2411 5412 2715 5466 diuturnam
2768 5412 3135 5467 inﬁrmitatem
3182 5418 3444 5473 nostram,

1876 5510 1929 5556 et
1951 5502 2017 5555 ad
2039 5500 2440 5554 instaurandum
2473 5501 2524 5553 in
2555 5500 2708 5553 nobis
2732 5502 2975 5569 corporis
3003 5499 3272 5555 et~animze
3295 5498 3443 5551 sani-

1878 5599 2043 5644 tatem
2073 5589 2228 5643 nobis
2255 5606 2284 5643 a
2316 5589 2544 5643 Domino
2567 5588 2884 5652 destinatus,
2935 5588 3168 5643 ostendit
3213 5586 3444 5641 salubria

1878 5694 1995 5748 qure
2025 5680 2255 5732 tenenda
2304 5686 2448 5742 sunt,
2484 5678 2679 5746 ubique
2714 5680 2767 5732 in
2824 5679 3198 5748 praedicatione
3226 5692 3321 5731 sua
3357 5676 3448 5729 de-

1878 5769 2193 5825 monstravit
2217 5784 2335 5837 qtae
2378 5770 2559 5835 noxia,
2601 5786 2718 5839 qua:
2762 5772 2998 5826 cavenda
3034 5778 3173 5836 sunt,
3211 5768 3349 5823 unde
3394 5764 3445 5817 in

2908 5862 2980 5922 13
