3960 6362
471 356 575 413 395

1107 354 1165 408 Β.
1202 353 1459 410 RABANl
1494 354 1713 412 MAURI
1749 354 2063 410 ARCIIIEP.
2108 353 2419 421 MOGUNT.
2460 354 2742 412 OPERUM
2780 355 2957 410 PARS
2996 356 3058 409 ll.

3624 356 3735 416 396

466 464 721 537 pra-scuti
752 463 1171 534 lectionequam
1200 463 1447 527 audistis,
1480 466 1579 519 sub
1625 464 1792 535 ﬁgura
1820 464 2051 519 inﬁdelis
2078 473 2127 531 Α
2154 468 2281 521 dum
2312 468 2466 522 valde
2489 477 2593 533 est,
2624 482 2745 523 cum
2780 468 2865 522 vel
2916 468 2969 522 in
3006 468 3345 525 inﬁrmitates
3375 473 3618 541 corporis
3642 473 3727 531 vel

468 553 749 610 lsraclitici
790 552 970 622 populi
1012 566 1111 606 nos
1135 551 1393 607 admonet
1418 552 1603 607 dicens
1633 568 1646 605 :
1683 550 1915 615 Fratres,
1947 568 2051 607 non

468 647 632 700 simus
662 644 1079 713 concupiscentes
1109 641 1392 707 malorum,
1422 644 1555 695 sicut
1582 651 1629 696 et
1672 640 1751 694 illi
1782 642 2052 711 concupie-

469 720 613 792 runt.
644 734 779 790 Nam
814 733 889 789 illi
914 742 1136 805 propter
1157 734 1354 788 malam
1378 734 1724 803 cupiditatem
1750 734 1803 787 in
1838 734 2052 789 deserto

466 826 725 895 prostrati
759 833 908 891 sunt,
932 826 1004 881 ita
1030 834 1090 879 ut
1118 823 1296 879 nullus
1321 839 1389 879 ex
1422 822 1508 878 illa
1538 824 1917 878 innumerabili
1944 824 2052 893 νιε-

465 914 535 970 be
554 916 647 984 qui
667 915 735 970 de
765 913 996 986 1Egypto
1011 912 1257 968 exierant
1280 913 1382 967 nisi
1410 914 1517 967 duo
1540 921 1738 972 terram
1766 912 2054 982 repromis-

468 1004 637 1060 sionis
663 1004 948 1068 intrarent,
975 1003 1119 1073 quod
1139 1002 1294 1058 nobis
1315 1002 1369 1057 in
1401 1018 1589 1059 eorum
1637 998 1805 1072 ﬁgu‘ra
1853 1018 2051 1058 caven-

470 1094 597 1151 dum
629 1101 746 1161 est;
774 1080 1043 1165 Egypius
1090 1092 1233 1148 enim
1282 1093 1425 1147 hunc
1456 1092 1716 1146 mundum
1757 1092 2047 1163 signiﬁcat,

470 1187 613 1244 unde
646 1202 746 1242 nos
788 1200 975 1240 sumus
1023 1198 1119 1253 per
1166 1183 1688 1238 abrenuntiationem
1750 1182 1946 1237 diaboli
1999 1190 2054 1237 et

466 1276 709 1334 omnium
731 1290 951 1347 operum
986 1274 1104 1346 ejus
1147 1274 1375 1346 egressi,
1419 1283 1474 1329 et
1506 1273 1755 1329 omnibus
1802 1273 2052 1344 concupi-

467 1368 687 1425 scentiis
710 1366 890 1423 carnis
920 1367 1271 1437 abnegantes,
1302 1364 1412 1420 Deo
1452 1380 1549 1419 nos
1586 1364 1879 1420 servituros
1927 1377 2054 1433 pro-

466 1460 735 1525 misimus,
758 1468 817 1513 ut
843 1466 1043 1518 terram
1067 1455 1523 1527 repromissionis,
1551 1454 1695 1524 quod
1718 1464 1801 1509 est
1826 1468 2053 1524 regnum

467 1547 714 1613 caeleste,
743 1547 857 1602 sive
876 1554 1076 1601 terram
1105 1538 1419 1609 viventium,
1442 1558 1750 1598 mereamur
1774 1543 1826 1597 in
1878 1543 2053 1598 hisre-

466 1640 690 1697 ditatem
712 1639 1028 1708 pereipere;
1064 1635 1109 1690 si
1136 1642 1313 1692 autem
1348 1634 1401 1688 in
1456 1634 1692 1699 deserto,
1730 1634 1833 1689 hoc
1874 1641 1959 1688 est
2000 1633 2054 1687 in

465 1736 619 1788 Vasta
646 1726 832 1783 mundi
864 1724 1152 1782 solitudine
1200 1731 1323 1794 post
1353 1722 1696 1794 sponsionem
1728 1738 1889 1793 quam
1943 1723 2037 1779 Do

2153 556 2207 612 in
2254 557 2386 613 alias
2436 557 2781 627 hujusmundi
2810 560 3086 628 angustias
3131 575 3228 629 pro
3258 562 3494 631 peccatis
3524 564 3729 621 nostris

2153 647 2520 711 inciderimus,
2580 662 2649 701 ne
2709 658 2895 702 contra
2962 647 3248 703 Dominum
3302 666 3729 719 murmuremns,

2151 738 2278 807 quia
2298 738 2377 792 vel
2403 747 2623 809 propter
2648 738 2788 791 mala
2814 740 3004 793 merita
3028 748 3209 794 nostra
3240 741 3306 795 ad
3328 744 3728 812 correptionem

2151 837 2390 884 nostram
2439 828 2554 883 haec
2601 829 2871 898 patimur,
2940 829 3024 884 vel
3080 831 3148 884 ad
3204 832 3574 901 probationem
3601 874 3617 901 ,
3664 846 3732 890 ut

2146 916 2406 987 iustiores
2437 920 2602 972 etiam
2634 934 2819 973 coram
2857 919 3083 974 Domino
3104 921 3273 976 simus
3299 921 3472 978 ell‘ecti
3502 926 3545 979 si
3573 935 3731 981 tanta

2152 1027 2216 1067 ac
2246 1011 2374 1066 talia
2408 1011 2677 1081 patienter
2702 1012 2755 1066 in
2782 1012 3000 1067 nomine
3043 1013 3253 1068 Domini
3275 1030 3400 1069 cum
3427 1018 3730 1086 gratiarum

2152 1101 2364 1157 actione
2394 1108 2690 1172 portemus.

2221 1190 2352 1246 Ηωο
2398 1192 2575 1246 omnia
2621 1192 2676 1246 in
2730 1190 2903 1262 ﬁgura
2952 1193 3316 1264 contingebant
3347 1193 3452 1249 illis
3481 1209 3499 1247 :
3528 1197 3731 1268 scripta

2152 1290 2272 1335 sunt
2299 1289 2473 1334 autem
2502 1280 2572 1335 ad
2596 1281 2969 1351 correptionem
2993 1292 3244 1337 nostram.
3277 1284 3468 1340 Omnia
3490 1300 3611 1355 qua:
3638 1287 3728 1342 in-

2153 1371 2387 1429 credulis
2428 1370 2629 1427 Judzeis
2662 1372 3024 1443 contigerunt,
3064 1374 3359 1428 secundum
3385 1375 3577 1430 merita
3626 1391 3730 1433 sua

2153 1469 2491 1530 receperunt,
2542 1460 2637 1515 sed
2666 1468 2845 1516 tamen
2896 1460 3017 1516 ideo
3062 1462 3264 1533 scripta
3312 1472 3457 1529 sunt,
3509 1479 3579 1519 ne
3626 1480 3733 1522 nos

2153 1553 2525 1608 existimemus
2553 1553 2769 1621 impune
2794 1566 2890 1607 nos
2919 1566 3077 1621 posse
3103 1568 3348 1622 peccare.

2226 1643 2415 1717 Itaque
2441 1644 2598 1715 quise
2610 1644 2871 1698 existimat
2892 1655 3030 1698 stare
3043 1644 3096 1698 in
3109 1644 3439 1714 perfectione
3462 1647 3731 1703 bonorum

2156 1749 2403 1804 operum,
2434 1733 2601 1789 videat
2626 1750 2688 1787 ne
2711 1748 2809 1803 per
2830 1734 3044 1788 inanem
3071 1733 3298 1805 gloriam
3330 1737 3506 1789 cadat.
3543 1736 3735 1792 Teum-

465 1816 615 1872 mino
642 1812 869 1870 fecimus
895 1814 1093 1869 iterum
1113 1811 1695 1884 adeoncupiscentiam
1744 1812 1931 1867 mundi
1972 1811 2053 1866 la-
2080 1829 2126 1889 Β
2155 1824 2227 1879 τεο
2286 1841 2374 1880 vos
2430 1840 2535 1879 ηοη
2587 1824 2938 1895 apprehendat
2968 1863 2984 1890 ν
3034 1825 3135 1878 ηξεί
3186 1834 3442 1893 quantum
3496 1828 3732 1883 humum,

465 1908 666 1973 himur,
690 1906 984 1962 timendum
1008 1914 1092 1960 est
1113 1905 1288 1971 nobis,
1317 1920 1386 1961 ne
1412 1903 1696 1959 claudatur
1715 1903 1891 1958 subita
1912 1919 2057 1959 mor-

466 1998 536 2054 tis
557 1997 962 2067 interruptione,
1006 2004 1160 2067 porta
1217 1995 1369 2066 regni
1421 1994 1676 2059 etelestis,
1735 2008 1855 2063 qua:
1903 1994 2057 2050 nobis

465 2101 654 2163 aperta
678 2098 780 2156 est.
807 2104 915 2160 quo
953 2104 1122 2158 usque
1160 2089 1213 2142 in
1245 2087 1395 2157 justo
1446 2100 1825 2155 permanemus
1870 2100 2052 2156 opere,

465 2193 523 2241 et
545 2182 820 2239 voluntate
841 2180 1091 2251 fugienda
1136 2187 1239 2245 est,
1294 2178 1490 2233 fratres
1512 2176 1842 2245 cbarissimi,
1872 2194 2053 2235 rerum

467 2271 842 2343 temporalium
875 2271 1060 2324 insana
1085 2269 1370 2340 cupiditas,
1405 2282 1524 2337 quin
1561 2266 1850 2321 mortiferis
1883 2268 2054 2322 homi-

466 2378 590 2419 nem
619 2360 824 2431 laqueis
851 2359 1115 2413 irretitum
1136 2359 1189 2413 in
1220 2359 1323 2413 hoc
1347 2356 1543 2412 saeculo
1575 2365 1633 2409 ut
1665 2366 1916 2412 exerceat
1945 2357 2052 2412 dis-

470 2462 662 2521 tentat,
697 2460 753 2508 et
796 2451 1026 2518 cruciat,
1060 2451 1113 2505 in
1138 2449 1319 2505 futuro
1351 2458 1531 2504 autem
1556 2447 2051 2518 inextinguibilibus

479 2545 752 2615 mancipat
774 2543 1024 2599 flammis.

542 2634 728 2705 Neque
748 2632 1045 2688 idololatria
1072 2632 1388 2700 cﬂiciamini,
1423 2634 1555 2687 sicut
1576 2634 1786 2705 quidam
1810 2647 1876 2687 ex
1904 2632 2048 2703 ipsis,

466 2727 917 2800 quemadmodum
943 2726 1202 2794 scriptum
1216 2736 1321 2791 est,
1342 2728 1474 2781 sedit
1488 2726 1710 2798 populus
1731 2710 2051 2782 manducare

469 2828 517 2874 et
546 2819 739 2883 bibere,
790 2826 839 2873 et
884 2829 1223 2872 surrexerunt
1260 2816 1459 2872 ludere.
1504 2816 1715 2873 Scimus
1743 2817 1888 2873 enim
1919 2816 2047 2889 quia

474 2910 676 2966 idolum
724 2909 856 2964 nihil
885 2916 982 2963 est.
1002 2909 1107 2965 nisi
1161 2924 1299 2963 vana
1353 2908 1669 2977 superstitio
1716 2917 1771 2963 et
1823 2908 2049 2985 oileiisio

471 3002 591 3066 Dei,
626 3010 681 3057 et
699 3001 792 3073 qui
824 3001 963 3057 idola
989 3000 1117 3055 colit
1142 2998 1413 3055 diabolum
1439 3000 1589 3065 colit,
1617 3010 1672 3053 et
1703 3000 1868 3053 Deum
1897 2998 2049 3055 forti-

478 3102 563 3151 ter
589 3076 829 3157 offendit,
861 3091 1001 3146 unde
1038 3090 1230 3147 similis
1270 3090 1344 3145 illi
1385 3090 1599 3154 dicitur,
1627 3089 1717 3160 qui
1746 3088 1965 3145 conﬁdit
1991 3091 2047 3145 in

2156 1922 2333 1985 potest
2357 1914 2625 1968 sustinere
2666 1921 2720 1983 et
2750 1926 3006 1983 superare
3033 1912 3323 1984 fragilitas;
3354 1915 3529 1983 ﬁdelis
3555 1927 3733 1972 nam»

2156 2004 2297 2059 Deus
2320 2013 2412 2068 est,
2452 1988 2539 2073 qui
2571 2020 2673 2057 non
2697 2005 2925 2073 patietur
2949 2020 3034 2057 vos
3081 2005 3273 2057 tentari
3301 2022 3459 2073 super
3486 2006 3542 2058 id
3588 2006 3732 2076 quod

2153 2096 2384 2166 potestis.
2421 2094 2525 2162 Qui
2568 2109 2626 2149 se
2666 2108 2879 2164 semper
2908 2094 3199 2171 pollicitus
3245 2097 3441 2151 est-sui
3491 2098 3732 2153 nominis

2152 2200 2315 2241 causa
2344 2184 2609 2262 trjbulatis
2638 2183 2948 2239 affuturum.
3016 2184 3084 2239 Ut
3115 2184 3167 2239 in
3220 2185 3435 2242 Psalmo
3485 2205 3498 2241 :
3552 2188 3733 2243 multa-

2153 2273 2515 2329 tribulationes
2540 2274 2829 2343 justorum,
2878 2282 2926 2327 et
2969 2272 3033 2326 de
3074 2274 3156 2327 his
3202 2275 3441 2331 omnibus
3488 2276 3729 2335 liberabit

2152 2381 2238 2421 eos
2267 2364 2541 2419 Dominus.

2225 2456 2331 2513 Sed
2346 2455 2500 2525 faciet
2523 2471 2639 2508 cum
2656 2454 2939 2508 tentatione
2964 2455 3119 2509 etiam
3134 2465 3457 2525 proventum,
3482 2464 3539 2509 ut
3555 2455 3731 2526 possi-

2153 2549 2218 2601 tis
2251 2546 2523 2601 sustinere.
2555 2546 2671 2614 Ipse
2704 2545 3029 2600 tentationes
3065 2560 3096 2599 a
3140 2544 3296 2600 nobis
3335 2544 3532 2599 diaboli
3577 2545 3736 2601 insu-

2152 2638 2424 2709 perabiles.
2439 2636 2636 2703 aufert,
2668 2636 2808 2692 sicut
2833 2638 2885 2692 in
2912 2638 3156 2693 oratione
3182 2652 3342 2707 quam
3372 2637 3488 2705 ipse
3513 2652 3734 2708 compo—

2152 2733 2261 2788 suit
2292 2745 2390 2787 nos
2419 2730 2602 2785 docuit
2628 2745 2788 2785 orare
2828 2729 3030 2795 dicens,
3081 2738 3129 2783 et
3174 2745 3237 2783 ne
3264 2744 3356 2782 nos
3406 2729 3627 2783 inducas
3673 2728 3736 2784 in

2152 2822 2508 2884 tentationem,
2539 2833 2608 2874 ne
2630 2818 2859 2888 amplius
2894 2834 2993 2874 nos
3036 2819 3274 2887 patiatur
3304 2826 3514 2874 tentare
3540 2816 3737 2872 diaho-‘

2152 2912 2259 2965 iam
2292 2924 2452 2979 quam
2483 2918 2665 2963 nostra
2688 2908 2853 2977 possit
2882 2906 3144 2978 fragilitas
3168 2910 3453 2971 sustinere,
3486 2909 3575 2963 sed
3598 2908 3735 2962 libe-

2150 3009 2224 3054 ret
2272 3014 2365 3053 nos
2416 2999 2484 3055 ab
2538 2999 2678 3053 omni
2728 2997 2911 3064 malo,
2965 2996 3124 3053 Jesus
3178 2998 3423 3053 Christus
3468 2998 3737 3055 Dominus

2151 3098 2358 3155 noster,
2394 3090 2631 3159 quicum
2668 3088 2826 3160 Patre
2852 3099 2905 3143 et
2929 3078 3130 3158 Spiritu
3158 3096 3346 3144 sancto
3383 3089 3515 3143 vivit
3558 3099 3614 3145 et
3644 3106 3735 3145 re-

473 3202 561 3251 eo,
621 3186 726 3241 nisi
778 3186 921 3256 quod
976 3185 1175 3242 idolum
1224 3185 1538 3256 pertransiit
1590 3201 1698 3240 uno
1751 3193 2044 3253 momento,
2074 3170 2118 3233 C
2150 3188 2280 3251 gnat
2307 3180 2447 3235 Deus
2477 3194 2573 3250 per
2599 3180 2780 3235 omnia
2805 3178 2998 3234 srecula
3028 3178 3369 3234 saiculorum.
3396 3178 3593 3234 Amen.

479 3290 638 3351 pinna
668 3284 846 3331 autem
879 3291 997 3345 qua:
1017 3276 1215 3331 idolum
1237 3275 1536 3331 colentibus
1558 3283 1893 3345 praiparatur
1916 3290 2051 3333 nun-

482 3384 641 3442 quam
679 3370 996 3440 prieteribit,
1028 3368 1120 3425 sed
1147 3378 1348 3425 aeterna
1374 3376 1476 3424 est.

551 3458 733 3533 Neque
768 3461 1087 3531 fornicemur
1113 3461 1246 3515 sicut
1289 3459 1502 3531 quidam
1543 3476 1607 3513 ex
1648 3458 1775 3529 ipsis
1800 3457 2052 3526 ‘yornicati

474 3562 620 3617 sunt,
670 3560 719 3606 et
748 3549 1044 3605 ceciderunt
1075 3566 1181 3603 una
1211 3548 1294 3602 die
1324 3548 1504 3619 viginti
1557 3548 1661 3601 tria
1698 3546 1887 3600 millia.
1918 3545 2054 3601 For-

474 3641 678 3697 nicatio
720 3647 922 3705 autem,
963 3638 1213 3693 similiter
1252 3637 1318 3692 ad
1365 3635 1627 3691 idolorum
1665 3635 1899 3706 pertinet
1935 3634 2053 3690 eul-

477 3744 678 3797 tnram,
706 3745 829 3785 cum
859 3738 1106 3785 creatura
1134 3744 1233 3800 pro
1273 3735 1519 3784 creatore
1545 3726 1758 3791 colitur,
1794 3733 1849 3779 ct
1878 3726 2055 3780 anima

481 3825 533 3878 in
589 3824 693 3877 diis
728 3822 885 3876 vanis
941 3820 1282 3886 fornicatur,
1342 3834 1530 3875 verum
1587 3832 1844 3888 sponsum
1899 3832 2054 3871 suum

488 3914 759 3969 Christum
791 3921 1171 3976 contemnens;
1203 3910 1451 3964 similiter
1488 3917 1540 3963 et
1559 3908 1647 3977 qui
1677 3922 1877 3978 corpus
1901 3921 2056 3962 suum

482 4006 705 4075 quod-ia
736 4004 991 4074 templum
1031 4001 1133 4058 sibi
1184 4008 1465 4071 Optaverat
1510 4001 1669 4059 Deus,
1720 4013 1819 4067 per
1861 3999 2057 4053 donum

486 4098 739 4170 Spiritus,
777 4096 919 4166 quod
945 4095 998 4149 in
1033 4093 1301 4163 baptismo
1323 4092 1518 4147 mersis
1544 4091 1786 4155 tradidit,
1831 4105 1929 4160 per
1958 4090 2059 4144 im-

485 4186 815 4242 munditiam.
833 4182 1202 4238 fornicationis
1228 4181 1483 4252 templum
1512 4180 1674 4235 eﬂieit
1702 4179 1922 4245 diaboli,
1947 4179 2058 4235 dis-

487 4278 675 4350 perdet
704 4276 849 4331 illum
879 4276 1022 4330 Deus
1062 4274 1164 4329 nisi
1193 4273 1298 4328 cito
1327 4287 1423 4343 per
1450 4272 1817 4343 paenitentiam
1848 4281 1902 4327 et
1932 4286 2062 4327 con-

484 4369 773 4425 fessionem
826 4374 985 4436 atqne
1024 4379 1119 4434 per
1158 4364 1358 4419 bonum
1409 4362 1751 4418 continentize
1779 4369 2063 4418 convertat

2660 3292 2939 3348 HOMILIA
2979 3291 3213 3347 CXXXI.

2705 3399 2835 3453 iTEl
2876 3400 2945 3439 ur
2985 3399 3172 3440 suras.

2317 3476 2501 3531 Lectio
2530 3474 2699 3530 sancti
2730 3473 3002 3545 Evangelii
3031 3474 3321 3530 secundum
3354 3473 3579 3530 Lucam.

2226 3569 2293 3624 In
2332 3570 2423 3624 illo
2462 3580 2687 3638 tempore
2716 3570 2848 3623 dixit
2878 3569 3037 3623 Iesus
3073 3569 3341 3639 discipulis
3382 3570 3491 3624 suis
3515 3585 3534 3623 .'
3561 3568 3741 3625 Homo

2154 3660 2366 3731 quidam
2407 3668 2517 3713 erat
2546 3659 2708 3723 dives,
2734 3659 2821 3727 qui
2847 3658 3064 3712 habebat
3093 3659 3320 3713 villicum
3347 3672 3366 3711 :
3389 3668 3437 3712 et
3465 3660 3549 3711 hic
3576 3658 3743 3727 diffa-

2156 3763 2327 3805 matus
2345 3761 2420 3805 est
2452 3750 2592 3822 apud
2621 3750 2770 3804 illum
2793 3752 2944 3821 quasi
2965 3747 3265 3821 dissipasset
3291 3750 3423 3804 bona
3442 3749 3625 3819 ipsius.
3664 3748 3738 3803 Et

2158 3844 2352 3899 vocavit
2374 3843 2545 3909 illum,
2570 3853 2616 3897 et
2648 3844 2719 3896 ait
2742 3843 2854 3897 illi:
2893 3844 3033 3909 Quid
3063 3845 3159 3898 hoc
3184 3844 3342 3897 audio
3366 3844 3431 3897 de
3460 3844 3552 3897 te?
3578 3842 3742 3897 redde

2159 3934 2411 3988 rationein
2437 3932 2768 3987 villicatiouis
2794 3942 2917 3999 ture,
2943 3933 3060 4002 jam
3087 3934 3223 3986 enim
3254 3948 3356 3986 non
3384 3932 3576 4003 poteris
3603 3930 3741 3985 villi-

2161 4042 2302 4089 cnre,
2336 4033 2447 4081 etc.

2229 4116 2287 4170 1n
2317 4116 2494 4171 villico
2516 4116 2618 4171 hoc
2639 4131 2795 4186 quem
2819 4116 3075 4170 Dominus
3104 4116 3280 4171 ciebat
3300 4116 3364 4171 de
3385 4114 3740 4177 villicatione,

2161 4214 2217 4261 et
2246 4204 2483 4261 laudavit
2516 4222 2659 4272 eum,
2695 4207 2836 4277 quod
2868 4207 2920 4261 in
2960 4205 3197 4261 futurum
3238 4206 3336 4260 sibi
3374 4204 3735 4276 prospexerit,

2163 4313 2269 4353 non
2285 4298 2464 4353 omnia
2486 4298 2741 4355 debemus
2769 4298 2835 4352 ad
2860 4298 3175 4352 imitandum
3195 4296 3443 4352 sumere':
3467 4310 3569 4349 non
3592 4293 3742 4349 enim

2164 4400 2256 4445 aut
2294 4390 2521 4445 Domino
2562 4398 2745 4444 nostro
2787 4388 3030 4443 facienda
3059 4397 3143 4443 est
3177 4387 3228 4441 in
3271 4387 3447 4456 aliquo
3473 4385 3640 4450 fraus,
3679 4393 3746 4441 ut

490 4475 548 4514 se
576 4460 641 4513 ad
672 4457 954 4512 Dominum
982 4456 1149 4510 Deum
1177 4470 1357 4517 suum,
1389 4454 1686 4508 emundans
1716 4455 1766 4508 ei
1804 4452 2058 4523 templum
2088 4506 2140 4564 D
2166 4482 2233 4535 de
2264 4481 2376 4549 ipsa
2403 4477 2592 4533 fraude
2619 4477 2986 4547 eleemosyms
3020 4478 3300 4542 faciamus,
3334 4452 3426 4529 αλιι
3449 4490 3541 4530 eos
3565 4491 3593 4528 α
3622 4475 3746 4543 qui-

490 4563 646 4604 suum
695 4546 933 4615 jejuniis,
964 4545 1183 4615 vigiliis,
1207 4545 1562 4610 orationibus,
1600 4545 1916 4615 ueterisque
1950 4546 2064 4615 pie-

494 4639 621 4695 tatis
660 4638 936 4707 operibus,
954 4635 1523 4706 cleemosynarumque
1564 4636 1829 4707 largitate,
1847 4637 2065 4707 dignum

491 4734 684 4787 iterum
714 4730 939 4783 Domino
990 4729 1042 4783 in
1073 4730 1235 4783 corde
1266 4743 1361 4783 suo
1389 4728 1751 4783 habitaculum
1776 4741 2063 4798 praeparet,

492 4820 762 4884 sanctum,
804 4828 859 4873 et
906 4819 1167 4874 bonorum
1196 4832 1416 4887 operum
1452 4816 1672 4873 floribus
1724 4819 2064 4875 adornatum.

570 4909 748 4981 Neque
775 4918 1027 4963 tcntemus
1050 4906 1312 4981 Christum
1340 4909 1472 4962 sicut
1510 4908 1722 4977 quidam
1748 4926 1926 4963 eorum
1956 4920 2068 4964 ten-

496 5011 730 5056 taverunt
781 5010 828 5055 et
878 5017 910 5053 a
964 4987 1286 5069 serpentibus
1337 4999 1621 5069 perierunt.
1679 4998 1878 5054 Tentat
1923 5001 2067 5055 enim

500 5093 779 5147 Dominum
810 5102 965 5145 suum
994 5090 1085 5159 qui
1116 5089 1252 5144 ultra
1281 5104 1432 5143 suam
1458 5089 1626 5159 ipsius
1660 5091 1958 5143 custodiam
1989 5092 2072 5143 in-

500 5194 647 5239 certo
669 5199 725 5237 se
753 5182 992 5251 periculo
1029 5181 1209 5235 tradit.
1236 5179 1497 5234 Similiter
1517 5182 1606 5250 qui
1637 5181 1869 5236 scienter
1900 5180 2076 5253 [facit]

502 5296 618 5351 quae
646 5280 900 5334 Dominus
918 5278 1191 5348 prohibuit
1220 5292 1286 5333 ne
1304 5276 1523 5342 faceret,
1550 5292 1721 5345 eaque
1760 5275 2080 5331 facientibus

503 5381 729 5428 mortem
762 5370 1019 5435 minatur,
1059 5384 1165 5423 non
1206 5369 1361 5424 istam
1392 5383 1730 5423 communem
1780 5368 1872 5423 sed
1920 5376 2079 5421 aiter-

504 5483 645 5528 iiam,
678 5463 777 5518 nisi
831 5463 937 5518 cito
964 5462 1165 5516 reversi
1199 5472 1253 5516 et
1282 5461 1549 5522 emendati
1582 5476 1677 5530 per
1705 5460 2078 5530 paenitentiam

506 5559 723 5615 fuerint.

580 5646 756 5715 Neque
778 5646 1244 5708 murmuraveritis,
1262 5645 1392 5697 sicut
1413 5645 1621 5715 quidam
1651 5660 1829 5697 eorum
1853 5660 2084 5697 murmu-

505 5747 743 5794 nti-urimt
772 5746 816 5789 et
842 5738 1109 5793 perierunt
1139 5736 1200 5788 ab
1232 5736 1647 5789 crterminatore.
1686 5732 1837 5789 Unde
1882 5749 2079 5788 caven-

2169 4570 2271 4623 bus
2298 4567 2463 4636 recipi
2493 4566 2740 4621 volumus
2770 4566 2823 4619 in
2855 4566 3195 4620 tabernacula
3226 4574 3449 4631 interna,
3484 4575 3742 4635 tanquam

2171 4659 2443 4713 debitores
2474 4658 2566 4713 Dei
2602 4666 2657 4712 et
2688 4656 2893 4711 Domini
2926 4657 3096 4711 nostri
3124 4656 3203 4711 fas
3231 4666 3315 4711 est
3344 4655 3585 4726 intelligi,
3616 4669 3744 4709 cum

2165 4746 2295 4817 justi
2324 4756 2377 4800 et
2407 4746 2577 4801 sancti
2615 4743 2987 4815 signiﬁcentur
3026 4746 3127 4799 hoc
3163 4746 3300 4811 loco,
3330 4744 3419 4814 qui
3445 4758 3541 4800 eos
3566 4743 3746 4798 intro-

2172 4839 2375 4892 ducunt
2407 4837 2460 4891 iii
2494 4836 2837 4890 tabernacula
2874 4843 3097 4901 mterna,
3139 4837 3227 4905 qui
3258 4837 3337 4891 eis
3364 4836 3417 4890 in
3447 4834 3750 4889 necessita-

2174 4927 2318 4983 tibus
2354 4927 2466 4981 suis
2495 4936 2709 4981 terrena
2746 4926 2883 4980 bona
2920 4926 3472 4989 communicaverunt,
3518 4925 3584 4979 de
3626 4924 3753 4992 qui-

2176 5019 2277 5072 bus
2320 5018 2479 5072 etiam
2524 5017 2675 5081 dicit,
2716 5017 2853 5086 quod
2883 5016 2929 5070 si
2968 5017 3081 5085 quis
3122 5014 3279 5068 alicui
3310 5029 3493 5068 eorum
3530 5011 3748 5065 calicem

2180 5123 2328 5178 aqua,
2357 5105 2561 5178 frigidm
2593 5104 2789 5159 dederit
2814 5113 3017 5157 tantum
3039 5104 3094 5157 in
3116 5106 3320 5157 nomine
3347 5100 3611 5171 discipuli,
3644 5116 3750 5153 non

2180 5176 2353 5266 perdet
2384 5176 2670 5249 mercedem
2692 5211 2862 5259 suam,
2899 5194 2989 5249 sed
3016 5196 3181 5247 etiam
3212 5210 3241 5247 e
3266 5193 3533 5247 contrario
3559 5190 3751 5245 dicun-

2186 5295 2271 5339 tur
2295 5286 2409 5339 ista:
2433 5285 2830 5349 similitudines,
2856 5294 2917 5338 ut
2940 5284 3325 5355 intelligamus,
3352 5282 3393 5335 si
3422 5280 3626 5334 laudari
3657 5294 3756 5348 po-

2188 5375 2287 5427 tuit
2313 5374 2398 5427 ille
2431 5389 2460 5427 a
2488 5375 2723 5437 domino,
2755 5374 2838 5429 cui
2870 5372 3109 5427 fraudem
3136 5372 3383 5434 faciebat,
3412 5376 3616 5439 quanto
3639 5383 3758 5421 aiu-

2184 5465 2324 5532 plius
2354 5464 2597 5534 placeant
2632 5464 2857 5519 Domino
2885 5465 3014 5529 Deo,
3046 5463 3134 5533 qui
3162 5461 3452 5517 secundum
3474 5461 3590 5531 ejus
3616 5474 3759 5529 pras-

2187 5562 2401 5622 ceptum
2447 5553 2553 5606 ulla
2591 5568 2753 5621 opera
2783 5552 3005 5607 faciunt.
3038 5552 3212 5606 Villici
3243 5565 3369 5605 sane
3394 5548 3659 5603 vocabulo
3681 5548 3761 5603 di-

2187 5644 2356 5696 cimus
2380 5658 2489 5705 eos,
2525 5644 2613 5711 qui
2643 5643 2899 5711 pecunias
2940 5642 3172 5707 habent,
3225 5656 3330 5695 non
3362 5639 3471 5707 jam
3508 5639 3762 5693 dominos

2188 5747 2319 5797 511:1},
2351 5732 2440 5787 sed
2475 5734 2659 5787 alicnm
2687 5734 2863 5802 potius
2893 5734 2971 5788 rei
2999 5733 3391 5802 dispensatores
3420 5745 3542 5784 esse
3567 5729 3756 5797 dispu-
