3960 6342
192 329 280 386 597

1223 344 1527 401 IlOMlLl/E
1563 346 1632 402 IN
1671 348 1921 407 EVANG.
1964 352 2062 407 ET
2093 354 2308 411 EPIST.

3309 373 3412 433 598

188 455 377 518 tandos,
418 455 507 525 qui
539 456 584 511 si
611 453 763 524 juxta
809 456 966 527 hujus
1006 459 1146 513 servi
1189 460 1495 531 exemplum
1544 462 1732 516 scdulo
1763 469 1813 527 Α
1909 465 1977 519 Et
2019 483 2112 537 ego
2145 468 2288 521 vobis
2332 469 2489 523 dico:
2514 470 2695 528 Facite
2730 475 2868 530 vobis
2910 480 3104 535 amicos
3145 482 3206 537 de
3252 502 3415 539 rnam-

186 547 412 602 tlniendze
454 547 796 603 villicationis
836 564 899 604 ac
942 550 1166 605 rationis
1209 550 1492 606 reddendte
1529 560 1740 621 tempus

182 636 523 709 praeviderint,
555 637 712 693 facile
745 649 1080 695 terrenorum
1116 643 1475 699 delectatione
1503 645 1661 700 simul
1685 655 1741 701 et

182 727 444 783 dilectione
470 728 677 793 nudati,
702 728 820 799 plus
846 729 947 784 sibi
978 730 1043 784 de
1071 732 1259 787 amicis
1282 734 1661 802 conquirendis
1686 734 1737 790 in

179 821 345 877 loturo
366 836 527 892 quam
562 821 765 880 divitiis
798 824 849 877 in
889 825 1142 894 przcsenti
1182 825 1498 896 colligendis
1530 827 1739 897 prospi-

178 925 289 966 cere
316 912 600 966 curabunt.

238 1004 319 1057 Ait
356 1014 525 1058 autem
556 1004 757 1059 villicus
797 1006 938 1059 intra
965 1022 1040 1070 se,
1073 1006 1211 1072 Quid
1237 1007 1433 1075 faciam
1472 1009 1598 1078 quia
1631 1007 1737 1064 Do-

176 1094 331 1146 minus
360 1110 501 1147 meus
525 1094 701 1163 aufert
731 1112 762 1147 a
795 1112 875 1148 me
900 1090 1296 1150 villicationem.’
1320 1097 1497 1166 fodere
1521 1110 1622 1153 non
1648 1114 1737 1153 va-

172 1182 278 1237 leo:
307 1183 481 1238 ablata
505 1184 701 1253 quippe
724 1184 1049 1240 villicatione
1091 1184 1274 1240 fodere
1320 1202 1429 1241 non
1474 1186 1730 1252 valemus,

172 1276 285 1345 quia
306 1275 450 1329 [inita
482 1277 585 1332 hac
612 1277 742 1341 vita,
775 1277 826 1330 in
856 1293 961 1347 qua
992 1286 1196 1332 tantum
1223 1278 1348 1333 licet
1376 1280 1611 1348 operari,
1642 1294 1735 1335 nc-

170 1382 422 1437 quaqnam
463 1368 605 1422 ultra
648 1368 801 1423 bona
838 1368 1255 1424 :onversationis
1294 1367 1527 1425 fructum
1558 1370 1733 1441 ligone

169 1461 359 1516 devoue
386 1461 820 1530 compunctionis
849 1461 976 1516 licet
1002 1460 1294 1531 inquirere.

230 1552 524 1607 Mendicare
552 1553 816 1617 erubesco,
858 1562 913 1609 et
952 1561 1165 1607 cetera.
1209 1552 1515 1610 Mendicare
1545 1553 1731 1609 confu-

166 1641 321 1697 sionis
357 1651 460 1707 est,
504 1642 595 1697 illo
632 1642 836 1698 scilicet
874 1642 1110 1712 pessimo
1148 1656 1343 1710 genere
1368 1642 1725 1708 mendicandi,

164 1747 260 1801 quo
283 1732 517 1803 virgines
551 1732 655 1787 illae
684 1731 843 1787 fatuae
870 1732 1208 1787 mendicasse
1248 1731 1575 1796 referuntur,
1605 1747 1725 1802 quae

1843 569 2001 609 mona
2031 557 2337 626 iniquitatis,
2364 568 2437 623 ut,
2477 577 2591 615 cum
2621 563 2934 633 defeeeritis,
2962 572 3209 639 recipiant
3240 593 3323 630 vos
3361 580 3416 632 in

1842 651 2038 696 a’terna
2079 645 2439 701 tabernacula.
2484 649 2785 708 Mammona
2843 656 3144 727 iniquitatis
3192 665 3260 719 ob
3313 666 3417 722 hoc

1840 733 2073 802 appellat
2096 737 2251 791 istam
2274 741 2584 808 pecuniam,
2626 759 2786 812 quam
2823 750 3156 816 possidemus
3182 756 3249 809 ad
3281 764 3414 814 tem-

1839 839 1960 893 pus,
1992 827 2115 894 quia
2140 844 2442 885 mammona
2472 832 2672 889 divitiae
2696 836 3135 910 interpretantur,
3162 862 3259 903 nec
3283 862 3410 906 sunt

1840 915 1958 971 ista:
1992 918 2209 982 divitiae,
2240 923 2342 977 nisi
2376 925 2573 995 iniquis
2598 929 2687 997 qui
2717 928 2769 984 in
2798 932 2876 987 eis
2902 938 3233 995 constituunt
3259 959 3408 1014 spem

1840 1015 2000 1077 atque
2046 1011 2256 1076 copiam
2304 1014 2650 1073 beatitudinis
2697 1035 2828 1086 sine,
2890 1038 2920 1077 a
2944 1025 3105 1095 justis
3128 1044 3256 1086 vero
3287 1011 3409 1089 cum

1838 1096 1952 1151 haec
1980 1100 2341 1167 possidentur,
2374 1114 2456 1159 est
2485 1107 2701 1174 quidem
2743 1109 2843 1164 ista
2880 1116 3134 1183 pecunia;
3178 1121 3273 1175 sed
3303 1138 3409 1177 non

1835 1196 1961 1280 sunt
1989 1189 2093 1280 illis
2121 1191 2341 1257 divitiae,
2384 1195 2485 1249 nisi
2520 1198 2768 1255 caelestes
2794 1210 2849 1256 et
2885 1204 3173 1274 spiritales,
3218 1212 3413 1280 quibus

1838 1275 2189 1347 indigentiam
2250 1296 2400 1335 suam
2463 1284 2779 1353 spiritaliter
2808 1291 3132 1360 supplentes,
3188 1275 3407 1355 esclusa

1834 1373 2072 1433 egestate
2116 1368 2370 1434 miseriae,
2412 1370 2760 1431 beatitudinis
2799 1380 2949 1447 copia
2985 1382 3315 1441 dilabuntur.
3350 1389 3406 1444 Si

1833 1461 2011 1508 autem
2042 1455 2117 1521 hi,
2144 1457 2234 1525 qui
2262 1460 2504 1527 prtebent
2527 1461 2921 1535 eleemosynam
2948 1469 3013 1524 de
3040 1471 3219 1542 iniquo
3243 1488 3412 1537 mam-

1832 1558 1990 1599 mona
2022 1545 2225 1603 faciunt
2256 1550 2358 1603 sibi
2386 1551 2609 1618 amicos,
2649 1569 2679 1607 a
2706 1556 2902 1625 quibus
2929 1559 2981 1613 in
3009 1570 3208 1619 aeterna
3234 1567 3408 1622 taber«

1831 1636 2020 1690 nacnla
2070 1638 2415 1707 recipiantur,
2461 1652 2663 1710 quanto
2705 1648 2875 1717 magis
2915 1649 2967 1704 hi
2996 1652 3087 1720 qui
3131 1655 3402 1723 spiritales

1830 1727 2132 1799 largiuntur
2155 1732 2361 1799 epulas,
2391 1733 2480 1801 qui
2507 1735 2635 1791 dant
2658 1738 2857 1795 cibaria
2891 1748 3165 1802 conservis
3194 1747 3245 1803 in
3276 1759 3408 1805 tem-

165 1824 430 1897 ingruente
482 1833 728 1894 tempore
773 1824 1106 1894 nuptiarum,
1149 1823 1267 1879 oleo
1312 1825 1569 1877 virtutum
1599 1822 1729 1877 deri-
1758 1810 1803 1868 Β
1830 1828 1960 1883 pore
1982 1830 2098 1878 suo,
2145 1818 2446 1874 certissima
2489 1821 2683 1879 debent
2712 1840 2805 1895 spe
2843 1843 3066 1886 summae
3098 1836 3407 1894 retributio-

163 1913 341 1979 ciente,
372 1913 711 1985 sapientibus
735 1913 984 1968 dixerunt
1022 1930 1035 1966 :
1077 1912 1211 1966 Date
1243 1913 1388 1966 nobis
1426 1912 1489 1966 de
1517 1911 1627 1965 oleo
1654 1928 1737 1966 ve.

162 2011 256 2056 stro
312 2003 432 2073 quia
492 2000 761 2073 lampades
819 2011 1013 2056 nostra:
1063 2003 1488 2071 exstinguuntur.
1554 2001 1623 2055 Et
1669 2002 1735 2055 de

162 2111 258 2166 quo
296 2094 547 2150 Salomon
578 2094 674 2160 ait,
716 2094 940 2165 Propter
976 2094 1141 2165 frigus
1177 2095 1322 2164 piger
1354 2110 1507 2147 arare
1541 2092 1732 2154 noluit,

162 2186 459 2240 mendicabit
492 2202 618 2256 ergo
643 2193 822 2239 a'state
848 2193 895 2237 et
925 2201 1027 2237 non
1056 2183 1266 2236 dabitur
1293 2183 1357 2235 ei.

223 2275 523 2332 Convocatis
565 2279 738 2347 itaque
781 2275 1001 2347 singulis
1046 2274 1361 2329 debitoribus
1393 2272 1591 2328 domini
1624 2274 1729 2337 sui,

160 2369 343 2424 dicebat
384 2371 556 2436 primo
581 2383 600 2421 :
632 2370 897 2435 Quantum
925 2370 1076 2423 debes
1105 2369 1315 2422 domino
1366 2369 1519 2422 meo?
1544 2378 1596 2421 at
1643 2367 1732 2421 ille

162 2458 285 2513 dixit
308 2463 327 2502 -'
362 2458 583 2514 Centum
621 2459 779 2512 cados
818 2458 950 2522 olei;
987 2457 1221 2527 dixitque
1250 2456 1579 2527 illi:Accipe
1600 2474 1728 2510 cau-

160 2549 332 2603 tionem
361 2559 508 2603 tuam
535 2560 583 2604 et
611 2550 730 2603 sede
757 2549 879 2613 cito,
910 2549 1076 2602 scribe
1102 2547 1499 2619 quinquaginta.
1532 2546 1732 2601 Deinde

159 2640 241 2695 alii
261 2642 387 2695 dixit
411 2656 433 2693 ει
462 2642 541 2695 Tu
578 2648 716 2705 vero,
747 2651 998 2712 quantum
1036 2640 1224 2694 debes?
1252 2640 1340 2711 qui
1374 2640 1448 2692 ait
1470 2654 1488 2692 :
1510 2637 1729 2693 Centum

158 2747 289 2786 caros
330 2733 525 2798 tritici;
567 2734 639 2787 ait
673 2732 752 2786 illi
779 2749 796 2786 :
823 2732 1010 2803 Accipe
1042 2731 1242 2791 litteras
1299 2740 1439 2797 tuas,
1481 2739 1529 2785 et
1565 2730 1729 2784 scribe

159 2823 419 2893 octoginta.
481 2822 663 2879 Cadus
724 2821 917 2879 Crzeee
981 2823 1239 2893 amphora
1282 2832 1393 2889 est,
1447 2821 1729 2877 continens

158 2925 308 2969 urnas
341 2922 472 2970 tres.
518 2914 692 2971 Corus
725 2930 855 2970 vero
881 2915 1077 2969 modiis
1130 2914 1349 2985 triginta
1406 2914 1723 2985 completur.

159 3003 295 3072 Quod
356 3016 539 3062 autem
608 3009 675 3064 de
728 3016 945 3064 centum
995 3007 1144 3063 cadis
1187 3007 1291 3062 olei
1339 3004 1725 3077 quinquaginta

159 3096 307 3153 scribi
348 3098 476 3153 teeit
517 3112 549 3153 a
588 3098 853 3165 debitore,
904 3106 960 3152 et
987 3097 1054 3163 de
1092 3106 1309 3153 centum
1357 3097 1502 3151 coris
1556 3096 1723 3151 tritici

1834 1906 1921 1961 nis
1946 1906 2078 1978 erigi
2105 1923 2203 1978 per
2228 1908 2541 1981 largitorem
2568 1917 2809 1972 omnium
2836 1919 3097 1978 bonorum
3124 1925 3408 1986 Dominum

1834 2009 2077 2055 nostrum
2119 1999 2299 2057 Jesnm
2340 2004 2633 2073 Christum,
2673 2010 2762 2080 qui
2796 2027 2919 2067 cum
2941 2013 3101 2072 Patre
3129 2027 3183 2073 et
3207 2020 3407 2090 Spiritu

1832 2100 2019 2147 sancto
2053 2092 2183 2147 vivit
2210 2103 2262 2149 et
2292 2107 2481 2167 regnat
2512 2098 2655 2155 Deus
2682 2116 2783 2169 per
2809 2101 2990 2161 omnia
3025 2110 3218 2165 δίυουίει
3248 2128 3409 2169 Stccu-

1832 2182 2025 2238 ‘orum.
2051 2186 2244 2241 Amen.

2330 2279 2611 2337 HOMILIA
2655 2285 2912 2341 CXXXII.

2483 2389 2637 2429 FEBIA
2676 2391 2748 2431 IV.

1832 2455 2015 2512 Lectio
2060 2458 2310 2529 Epistolze
2351 2462 2496 2517 beati
2534 2463 2684 2520 Pauli
2732 2470 2957 2537 apostoli
2997 2472 3063 2526 ad
3106 2474 3399 2531 Romanos.

1902 2548 2137 2615 Fratres,
2172 2555 2378 2609 nescitis
2403 2556 2526 2626 quia
2555 2575 2671 2613 cum
2695 2562 2999 2617 exhibuistis
3024 2581 3111 2620 vos
3138 2583 3310 2622 servos
3332 2567 3401 2623 ad

1831 2639 2193 2708 obedientium,
2225 2645 2357 2699 servi
2384 2646 2519 2700 estis
2563 2651 2676 2717 ejus
2714 2653 2799 2705 cui
2845 2653 3111 2722 obedistis,
3152 2659 3257 2713 sive
3286 2676 3399 2729 pec-

1830 2729 1934 2781 cati
1953 2730 2008 2782 in
2034 2740 2271 2798 mortem,
2303 2734 2406 2788 sive
2437 2736 2742 2794 obeditionis
2768 2742 2836 2795 ad
2847 2743 3132 2811 justitiam.

1900 2819 1978 2876 Ne
2027 2822 2230 2892 aliquid
2274 2828 2612 2896 proﬁtentes,
2660 2832 2807 2888 aliud
2850 2832 3126 2905 faeiamus,
3177 2850 3233 2898 et
3277 2859 3401 2902 cum

1829 2910 1971 2964 servi
2010 2911 2103 2967 Dei
2138 2912 2387 2981 dicimur,
2418 2920 2584 3003 gestis
2615 2910 2755 2977 ser‘vi
2808 2924 3001 2982 diaboli
3037 2929 3397 3003 inveniamur,

1826 3008 2125 3094 praemonet
2164 3012 2218 3057 et
2262 3004 2542 3063 denuntiat
2582 3008 2699 3077 ejus
2735 3028 2833 3069 nos
2872 3030 3057 3073 servos
3096 3035 3215 3077 esse
3246 3022 3401 3094 cujus

1830 3088 2158 3145 voluntatem
2203 3093 2483 3163 explemus
2530 3100 2819 3167 operibus:
2861 3113 2915 3159 et
2944 3122 3048 3161 non
3079 3124 3266 3179 parum
3301 3088 3401 3172 ob-

158 3189 407 3258 octoginta
430 3229 447 3254 ,
502 3189 571 3244 ad
615 3189 747 3245 nihil
780 3188 925 3243 aliud
962 3189 1143 3244 valere
1171 3190 1409 3243 arbitror
1439 3188 1541 3243 nisi
1572 3196 1628 3241 ut
1653 3202 1716 3243 ea
1746 3186 1791 3250 C
1820 3192 1942 3243 6.55?
1987 3181 2156 3236 Deum
2204 3185 2452 3242 conﬁteri
2499 3188 2807 3261 Demittunt,
2851 3206 2906 3251 et
2943 3201 3152 3258 actibus
3181 3206 3396 3267 diabolo

156 3291 262 3346 qua:
283 3277 530 3334 similiter
564 3278 706 3334 inter
744 3278 1243 3349 sacerdotesatque
1271 3279 1487 3334 Levitas
1509 3278 1721 3334 Judmos

156 3366 366 3435 quisque
384 3376 648 3437 operatur
672 3368 728 3422 in
751 3367 948 3423 Christi
977 3368 1236 3434 Ecclesia,
1262 3368 1496 3423 abundet
1514 3366 1722 3437 justitia

157 3450 260 3520 ejus
303 3444 466 3525 super
510 3456 815 3512 scribarum
855 3465 910 3512 et
937 3457 1351 3524 Pharisaeorum,
1386 3465 1445 3512 ut
1477 3473 1599 3514 cum
1643 3458 1721 3512 illi

156 3541 375 3600 decimas
417 3546 631 3611 darent,
684 3547 772 3602 isti
801 3547 1010 3603 divinas
1044 3546 1249 3620 [Forte,
1290 3548 1533 3622 divitias]
1571 3550 1719 3615 dent,

154 3634 278 3691 sicut
316 3654 417 3693 non
457 3641 526 3695 de
568 3641 855 3706 fructibus,
885 3643 979 3697 sed
1006 3642 1071 3709 de
1116 3642 1247 3711 ipsis
1275 3642 1431 3698 bonis
1452 3643 1563 3698 suis
1596 3641 1723 3697 fecit

154 3728 413 3799 Zachteus,
440 3741 537 3787 aut
565 3742 714 3789 certe
747 3735 982 3804 duplicet
1009 3736 1266 3800 decimas,
1300 3744 1394 3789 aut
1418 3735 1552 3790 duas
1578 3735 1721 3790 deci-

156 3835 259 3877 mas
270 3822 442 3879 dando
455 3834 674 3894 superet
691 3824 959 3894 impendia
974 3822 1298 3879 Judteorum.
1318 3822 1430 3877 Nisi
1448 3821 1586 3878 forte
1599 3823 1721 3893 quis

157 3911 453 3982 simpliciter
482 3914 854 3982 accipiendum
885 3923 1057 3985 putet,
1084 3915 1227 3985 quod
1253 3908 1429 3969 omnis
1456 3914 1550 3983 qui
1580 3914 1717 3968 indi—

155 4002 371 4070 gentiam
421 4003 709 4074 cujuslibet
750 4004 1002 4073 pauperis
1060 4012 1392 4068 sanctorum,
1430 4003 1517 4057 vel
1545 4019 1609 4059 ex
1641 4003 1721 4059 di-

157 4092 299 4147 midia
348 4093 430 4149 vel
478 4102 630 4171 certe
676 4108 742 4148 ex
789 4094 974 4163 quinta
1016 4082 1195 4164 parte,
1228 4100 1487 4162 quantum
1530 4092 1719 4163 viginti

154 4182 225 4236 vel
252 4184 640 4257 quinquaginta
668 4185 736 4239 ad
768 4194 985 4239 centum
1014 4192 1156 4249 sunt,
1187 4182 1541 4250 alleviaverit,
1569 4193 1718 4239 certa

156 4287 251 4328 sua:
276 4275 665 4331 misericordia:
694 4276 764 4330 sit
793 4276 1041 4329 mercede
1067 4275 1368 4329 donandus.

1824 3271 2108 3367 tat-mularis
2134 3274 2267 3367 Nam
2306 3279 2409 3367 hoc
2447 3282 2575 3336 olim
2620 3284 2761 3342 Deus
2806 3288 3024 3347 denotat
3060 3302 3115 3349 et
3144 3304 3387 3367 accusat.

1821 3360 2024 3428 dicens,
2042 3361 2195 3419 Plebs
2217 3360 2327 3421 basi:
2350 3368 2503 3425 labiis
2521 3388 2602 3427 me
2625 3374 2867 3443 honorat,
2897 3397 2989 3435 cor
3008 3394 3182 3440 autem
3209 3360 3392 3446 eorum

1818 3453 1971 3526 longe
1992 3466 2069 3512 est
2096 3476 2129 3512 a
2150 3476 2265 3526 me;
2303 3469 2359 3517 et
2382 3462 2646 3522 Dominus
2675 3467 2751 3523 ait
2772 3469 2831 3524 in
2863 3470 3155 3545 Evangelio
3182 3496 3197 3532 :
3222 3479 3392 3535 Nemo

1820 3555 1982 3639 potest
2014 3548 2213 3603 duobus
2251 3552 2475 3608 dominis
2506 3570 2728 3623 servire;
2766 3566 2820 3613 et
2845 3560 2896 3615 in
2921 3561 3036 3635 lege
3061 3565 3260 3622 dictum
3289 3581 3391 3639 est,

1821 3635 1962 3691 Deus
1992 3655 2094 3691 non
2121 3641 2385 3697 irridetur.
2426 3644 2539 3700 Hoc
2577 3656 2660 3702 est
2696 3664 2824 3719 ergo
2860 3656 3001 3721 quod
3045 3657 3099 3711 in
3130 3660 3232 3715 hoc
3276 3635 3392 3718 locu

1820 3724 2108 3794 Apostolus
2132 3730 2312 3796 docet,
2342 3735 2466 3802 quia
2498 3741 2863 3811 unusquisque
2895 3744 2949 3797 in
2980 3761 3140 3803 manu
3174 3766 3267 3806 sua
3297 3754 3396 3808 ha-

1819 3818 1911 3872 bet
1932 3828 1985 3873 et
2008 3820 2060 3873 in
2088 3821 2300 3877 arbitrii
2329 3833 2618 3894 potestate,
2644 3838 2704 3883 ut
2728 3840 2820 3885 aut
2844 3836 3048 3900 peccati
3085 3853 3273 3895 servus
3303 3844 3392 3910 sit,

1821 3916 1912 3962 aut
1935 3910 2180 3980 justitiaa,
2218 3914 2286 3969 ad
2317 3930 2697 3987 quamcunque
2734 3922 2878 3977 enim
2914 3936 3122 3993 partem
3153 3929 3392 3987 declina-

1820 4001 1960 4054 verit
1991 4002 2266 4069 obediens,
2281 4012 2335 4058 et
2349 4005 2649 4077 cuicunque
2670 4024 2862 4080 parere
2880 4014 3129 4083 voluerit,
3154 4020 3267 4075 haec
3290 4022 3393 4077 sibi

1818 4105 1942 4145 eum
1967 4092 2450 4162 vindicatservum,
2470 4097 2523 4151 in
2546 4114 2674 4169 quo,
2691 4110 2751 4155 ut
2768 4102 2901 4169 dixi,
2918 4106 3120 4177 absque
3144 4110 3245 4165 ulla
3261 4128 3395 4167 cun-

1818 4181 2051 4238 ctatione
2074 4184 2127 4237 in
2156 4184 2309 4241 nobis
2337 4202 2457 4242 esse
2481 4191 2717 4245 ostendit
2738 4195 3301 4269 arbitriilibertatcm,
3337 4206 3391 4259 in

1818 4273 1972 4327 nobis
1996 4289 2227 4345 namque
2248 4284 2331 4332 est
2356 4279 2612 4335 exhibere
2638 4284 2997 4342 obedientiam
3018 4300 3279 4359 nostram,
3308 4298 3394 4352 vel

215 4364 276 4418 Et
304 4365 539 4421 laudavit
562 4368 802 4421 dominus
828 4366 1057 4421 villicum
1096 4366 1405 4437 iniquitatis,
1436 4368 1560 4436 quia
1585 4384 1714 4436 pru-
1808 4361 2075 4431 justitiam
2112 4366 2196 4420 vel
2222 4378 2527 4437 peccatum.
2563 4371 2733 4427 Nemo
2768 4385 2947 4431 autem
2974 4388 3152 4447 potest
3182 4385 3392 4442 duobus

154 4455 314 4511 denter
343 4459 547 4527 fecisset
576 4472 593 4510 :
622 4459 745 4529 quia
789 4457 889 4527 filii
930 4458 1091 4527 hujus
1130 4456 1311 4511 sa’culi
1350 4458 1712 4526 prudentiores
1753 4510 1762 4520 ,

1817 4455 1974 4509 simul
2014 4458 2245 4514 dominis
2282 4462 2505 4527 servire,
2527 4476 2750 4533 peccato
2776 4478 2829 4523 et
2848 4468 3089 4539 justitiae,
3124 4485 3216 4530 aut
3242 4479 3385 4533 enim

155 4545 262 4611 filiis
301 4547 430 4603 lucis
460 4549 515 4601 in
544 4549 876 4618 generatione
900 4564 995 4601 sua
1020 4557 1159 4600 sunt.
1186 4546 1421 4601 Audiant
1447 4548 1715 4617 sapientes

1829 4560 1983 4598 unum
2006 4546 2129 4601 odio
2158 4548 2394 4615 habebit,
2422 4531 2703 4620 peccatum
2727 4531 2951 4625 scilicet,
2976 4570 3031 4617 et
3058 4531 3219 4618 alium
3245 4531 3394 4621 ama;

155 4638 297 4707 hujus
316 4639 518 4703 saeculi,
554 4648 615 4693 ut
639 4639 859 4695 stultam
894 4638 1209 4709 sapientiam
1240 4639 1514 4703 deserere,
1543 4648 1596 4692 et
1625 4654 1717 4694 sa-

154 4727 367 4795 pientem
404 4730 501 4785 Dei
530 4729 811 4785 stultitiam
840 4738 1042 4799 queant
1068 4728 1297 4795 discere,
1321 4730 1505 4799 quanti
1530 4740 1714 4785 eorum

157 4818 450 4888 sapientiam
498 4820 685 4875 divina
723 4820 949 4888 aequitas
1002 4821 1347 4875 mstimaverit
1376 4838 1386 4872 :
1419 4836 1554 4890 quos
1608 4837 1715 4875 non

157 4920 266 4961 vere
302 4910 596 4977 prudentes
641 4909 746 4963 sed
779 4909 831 4963 in
879 4910 1226 4979 generatione
1279 4926 1374 4965 sua
1423 4911 1714 4979 prudentes

157 5008 257 5050 esse
297 5008 702 5055 commemorat.
748 4998 907 5054 Juxta
940 5001 1060 5065 hoc,
1109 5002 1251 5069 quod
1298 5002 1425 5056 alibi
1475 5002 1705 5055 dicitur:

170 5080 242 5138 Vt!
262 5088 347 5151 qui
372 5091 630 5159 sapientes
660 5090 779 5157 estis
810 5091 866 5142 in
900 5091 1063 5144 oculis
1100 5093 1298 5155 vestris,
1341 5102 1388 5145 et
1418 5082 1591 5145 eorum
1622 5109 1710 5145 vo-

159 5171 442 5247 bismetipsis
475 5180 775 5248 prudentes,
808 5196 896 5233 nec
927 5196 1027 5233 non
1050 5190 1307 5234 amatores
1334 5192 1541 5235 a'terme
1564 5182 1713 5247 vitaz;

159 5260 278 5319 ﬁlios
320 5266 453 5321 lucis
494 5268 811 5337 appellando
839 5284 945 5323 non
990 5269 1132 5323 aliud
1179 5286 1272 5323 eos
1315 5272 1404 5339 qui
1451 5272 1717 5340 sapientes

158 5362 345 5409 suntut
374 5357 571 5411 faciant
613 5359 774 5423 mala,
816 5359 952 5412 bene
983 5368 1160 5412 autem
1193 5359 1370 5413 facere
1411 5362 1719 5414 nescierunt

161 5459 296 5512 quam
324 5449 460 5506 ﬁlios
480 5466 601 5506 esse
631 5450 972 5505 tenebrarum
1006 5470 1018 5503 ς
1056 5450 1146 5504 lilii
1178 5460 1354 5505 autem
1386 5452 1519 5506 lucis
1548 5462 1599 5504 et
1624 5453 1715 5505 lilii

158 5530 297 5604 hujus
315 5540 490 5627 sseeuli
514 5551 797 5606 vocantur,
836 5544 1104 5610 quomodo
1128 5542 1217 5595 ﬁlii
1244 5544 1390 5611 regni
1412 5552 1465 5596 et
1484 5543 1572 5596 lilii
1598 5559 1719 5611 per-

159 5626 368 5686 ditionis.
392 5626 555 5701 Cujus
580 5633 723 5688 enim
754 5634 864 5704 agit
904 5635 1131 5703 quisque
1158 5636 1480 5705 opera,-ejus
1513 5651 1711 5706 cogno-

160 5720 369 5778 minatur
393 5736 448 5780 et
479 5724 641 5779 ﬁlius.

1822 4635 1921 4701 bit,
1948 4636 2000 4691 id
2028 4646 2131 4703 est,
2157 4637 2443 4707 justitiam.
2498 4642 2606 4698 Aut
2636 4663 2800 4701 unum
2834 4651 3086 4719 patietur,
3110 4666 3392 4723 peccatum

1827 4723 2111 4793 duntaxat,
2159 4738 2213 4783 ct
2260 4730 2424 4785 alium
2472 4744 2804 4803 contemnet,
2854 4740 2905 4794 id
2951 4751 3062 4807 est,
3102 4744 3388 4816 justitiam.

1824 4816 2014 4874 Simile
2044 4836 2173 4890 ergo
2202 4830 2305 4887 est,
2336 4834 2390 4878 et
2415 4826 2555 4893 quod
2589 4827 2725 4883 dixit
2750 4828 3056 4900 Apostolus,
3096 4839 3228 4890 servi
3269 4842 3391 4893 estis

1821 4908 1959 4977 ejus,
1993 4911 2074 4963 cui
2096 4911 2357 4977 obedistis,
2398 4916 2503 4969 sive
2541 4920 2755 4986 peccati,
2795 4924 2899 4974 sive
2923 4923 3163 4992 justitiir.
3203 4926 3307 4982 Sed
3338 4940 3392 4984 et

1821 5000 1996 5054 omnis
2026 5002 2114 5069 qui
2148 5013 2426 5071 peccatum
2458 5004 2609 5071 facit,
2636 5023 2824 5065 servus
2849 5020 2929 5065 est
2952 5016 3176 5081 peccati,
3199 5015 3265 5071 ad
3290 5017 3392 5073 hoc

1821 5089 2040 5157 respicit
2068 5094 2315 5159 quamvis
2349 5110 2455 5149 non
2486 5096 2761 5166 adjecerit,
2800 5109 2853 5154 et
2876 5103 3051 5156 omnis
3082 5104 3171 5171 qui
3202 5104 3391 5159 fecerit

1815 5178 2103 5246 justitiam,
2147 5197 2333 5237 servus
2376 5194 2459 5239 est
2495 5185 2739 5254 jllSlilitB.
2780 5190 2930 5256 Quod
2975 5193 3217 5250 fortassis
3241 5206 3391 5264 putet

1826 5272 1945 5325 aliis
1993 5272 2192 5329 idcirco
2241 5276 2611 5342 subrelictum,
2645 5281 2878 5349 utquasi
2908 5298 2972 5336 ex
3016 5284 3390 5354 consequenti-

1819 5363 1919 5415 bus
1970 5362 2162 5417 debeat
2212 5364 2455 5435 intelligi,
2517 5369 2645 5422 mihi
2693 5380 2866 5424 tamen
2910 5372 3117 5427 videtur
3143 5376 3388 5431 consulto

1820 5470 1923 5507 non
1954 5454 2213 5518 additum,
2260 5470 2433 5525 neque
2489 5460 2630 5513 enim
2678 5464 3027 5518 conveniebat
3076 5467 3198 5531 dici,
3260 5467 3388 5537 quia

1818 5546 1992 5599 omnis
2018 5547 2105 5614 qui
2132 5544 2539 5614 facitjustitiam
2572 5567 2759 5607 servus
2790 5564 2869 5607 est
2908 5555 3143 5624 jnstitim,
3176 5566 3229 5609 ut
3269 5573 3388 5610 οιιι-

1818 5638 1900 5691 nis
1924 5638 2013 5706 qui
2044 5638 2174 5692 facit
2216 5651 2493 5707 peccatum
2539 5659 2728 5699 servus
2755 5655 2837 5700 est
2879 5649 3081 5716 peccati
3110 5667 3122 5701 :
3155 5664 3274 5701 nam
3328 5657 3385 5703 et

1816 5735 1931 5795 ipse
1978 5727 2220 5782 diabolus
2250 5730 2371 5785 sine
2400 5731 2797 5803 dubiopcccati
2838 5751 3027 5792 servus
3054 5747 3157 5805 est,
3188 5738 3383 5808 quippe
