3960 6376
458 410 558 468 339

1086 414 1144 467 Β.
1186 415 1441 471 ΠΑΒᾹΝΙ
1479 416 1698 473 MAURI
1738 413 2032 470 ARCIHEP

2140 414 2406 473 EOGUNT.
2449 415 2732 473 OPERUM
2772 415 2950 471 PARS
2992 417 3053 477 ll.

3613 420 3725 474 400

455 528 543 596 qui
578 525 822 581 discessit
850 540 878 579 a
905 527 1161 581 servitute
1180 526 1403 596 justiti-.13
1436 537 1490 582 et
1520 528 1573 581 in
1600 534 1889 598 conspectu
1920 526 2027 583 Do-
2055 530 2103 589 Α
2125 523 2353 595 iustitia;
2396 542 2494 597 per
2533 526 2914 593 obedientiam,
2959 528 3101 581 Deus
3138 528 3314 582 tradat
3338 536 3396 582 ut
3425 528 3717 584 instituan-

455 617 584 671 mini
626 618 1007 687 omnipotentis
1046 618 1345 682 rebellavit,
1389 630 1608 689 propter
1645 619 1787 689 quod
1816 627 1872 674 et
1906 631 2029 689 apo,-

453 720 593 763 stata
622 708 918 779 appellatus
945 718 1046 763 est.
1081 707 1306 765 Constat
1332 724 1461 780 ergo
1485 725 1551 764 ex
1577 709 1661 763 his
1690 708 2028 765 sermonibus

455 798 626 862 Pauli,
655 800 846 868 quibus
877 799 1026 863 dicit,
1055 800 1179 869 quia
1212 800 1296 854 cui
1330 817 1417 854 vos
1451 800 1700 855 exltibetis
1747 816 1918 854 servos
1957 799 2026 853 ad

455 889 817 957 obediendum,
847 890 979 943 servi
1015 890 1255 962 estisejus
1275 888 1637 955 cuiobedistis,
1683 890 1789 944 sive
1832 889 2027 961 peccati

454 980 557 1033 sive
576 980 823 1049 justitiw,
850 979 972 1048 quia
998 989 1188 1049 sponte
1212 992 1396 1034 nostra
1422 979 1522 1050 ipsi
1547 976 1863 1035 exhibemus
1885 979 2029 1034 nullo

456 1078 680 1137 cogente
708 1067 789 1122 vel
820 1078 1046 1138 peccato
1076 1072 1280 1125 servire
1306 1070 1388 1125 vel
1410 1069 1632 1138 iustitiae
1659 1086 1756 1140 per
1783 1070 2030 1125 obedien-

457 1160 588 1213 tiam
618 1168 881 1225 nostram,
905 1170 958 1218 et
985 1162 1104 1217 ideo
1132 1163 1323 1217 horum
1354 1176 1566 1231 semper
1605 1161 1914 1216 meminisse
1938 1162 2031 1216 de-

456 1250 664 1316 bemus,
713 1266 781 1306 ne
828 1252 1017 1306 inanes
1044 1252 1290 1321 querelas
1336 1252 1388 1307 in
1435 1252 1643 1322 peccati
1684 1252 2031 1307 excusatione

455 1342 826 1411 proferamus,
872 1343 1108 1397 dicentes
1149 1343 1275 1412 quia
1337 1343 1582 1397 diabolus
1636 1342 1762 1397 fecit
1796 1350 1854 1396 ut
1900 1357 2030 1413 pec-

455 1442 609 1487 cator
661 1448 855 1497 essem,
939 1441 1032 1487 aut
1098 1442 1306 1489 natura
1354 1436 1667 1499 necessitas,
1717 1442 1811 1488 aut
1854 1434 2031 1488 fatalis

455 1523 713 1588 conditio,
762 1530 855 1577 aut
902 1539 1094 1578 cursus
1133 1533 1440 1597 astrorum;
1492 1526 1585 1579 sed
1639 1525 1763 1580 audi
1790 1534 2031 1594 apertam

456 1610 604 1665 Pauli
638 1612 978 1677 sententiam,
1011 1628 1115 1682 qua
1144 1613 1293 1678 dicit,
1319 1614 1403 1666 cui
1445 1613 1692 1668 exhibetis
1734 1631 1824 1667 vos
1858 1629 2031 1667 servos

455 1702 525 1755 ad
560 1702 919 1769 obedientium,
952 1704 1085 1757 servi
1112 1704 1232 1758 estis
1258 1704 1371 1774 ejus
1395 1704 1479 1759 cui
1504 1704 1767 1771 obedistis,
1797 1704 1902 1759 sive
1923 1720 2037 1774 pec-

455 1793 561 1846 cati
591 1794 697 1847 sive
714 1793 964 1863 justititv.

2130 622 2219 670 tur
2238 615 2647 681 ctimbuantur,
2685 616 2981 671 secundum
3010 616 3236 681 formam
3262 615 3505 685 justitite,
3537 626 3720 674 movet

2127 720 2217 761 me
2254 705 2417 761 etiam
2449 704 2571 772 hoc,
2610 706 2753 774 quod
2788 721 2894 761 non
2936 706 3073 761 dixit
3117 706 3378 778 obedistis
3424 722 3492 762 ex
3546 708 3720 763 cordo

2128 795 2406 861 doctrinae,
2443 796 2496 850 in
2531 811 2692 865 quam
2740 796 2926 851 traditi
2972 797 3123 863 estis,
3177 797 3273 867 sed
3322 796 3559 852 formam
3614 794 3719 853 do-

2126 884 2318 940 ctrinae
2364 886 2581 955 posuit:
2628 900 2729 941 nec
2768 896 2897 955 puto
2938 888 3081 957 quod
3119 904 3285 942 unum
3324 904 3444 943 esse
3484 889 3720 945 senserit

2128 978 2420 1050 Apostolus
2448 979 2755 1034 doctrinam
2784 987 2839 1035 et
2866 979 3095 1034 formam
3130 981 3409 1036 doctrinm.
3444 980 3550 1036 Sed
3580 980 3718 1036 mihi

2127 1070 2339 1125 videtur
2381 1071 2523 1141 quod
2571 1068 2799 1126 formam
2838 1071 3098 1127 doctrina:
3135 1074 3327 1128 minus
3358 1087 3475 1128 esse
3505 1072 3717 1136 scierit,

2128 1173 2291 1229 quam
2321 1161 2491 1230 ipsam
2524 1161 2854 1230 doctrinam,
2887 1172 2937 1217 et
2970 1176 3116 1217 nunc
3142 1164 3360 1232 quidem
3385 1164 3438 1217 in
3460 1161 3717 1233 przesenti

2131 1249 2242 1302 vita
2271 1249 2395 1302 dum
2422 1250 2476 1303 in
2512 1265 2739 1321 corpore
2787 1265 2993 1316 sumus,
3037 1259 3091 1306 et
3130 1260 3387 1322 aggravat
3438 1260 3716 1305 terrenum

2130 1338 2234 1393 hoc
2272 1339 2634 1394 habitaculum
2675 1354 2889 1396 sensum
2918 1341 3083 1396 multa
3111 1342 3459 1417 cogitantem,
3485 1340 3717 1395 formam

2131 1427 2389 1483 doctrinae
2414 1428 2694 1498 habemus,
2727 1444 2837 1484 non
2866 1430 3036 1500 ipsam
3059 1432 3382 1497 doctrinam,
3410 1431 3548 1485 sicut
3570 1432 3716 1487 idem

2129 1515 2416 1588 Apostolus
2435 1517 2490 1572 in
2512 1518 2630 1573 aliis
2654 1519 2820 1574 dicit:
2846 1519 3006 1575 Nunc
3032 1532 3204 1575 autem
3228 1522 3456 1576 videmus
3482 1539 3575 1593 per
3596 1537 3717 1592 spe-

2132 1605 2307 1659 culum
2337 1606 2392 1661 in
2417 1609 2713 1678 (enigmate,
2742 1610 2856 1680 ipsa
2882 1618 3061 1665 autem
3087 1612 3331 1666 doctrina
3370 1613 3463 1677 sit,
3505 1614 3570 1667 de
3604 1628 3716 1681 qua

2132 1699 2281 1765 dicit,
2311 1710 2433 1755 tunc
2457 1710 2630 1755 autent
2668 1702 2950 1756 videbimus
2984 1703 3121 1772 facie
3143 1703 3211 1756 ad
3235 1703 3443 1772 faciem.
3474 1703 3624 1759 Unde
3646 1696 3714 1757 ὀι

2133 1791 2187 1845 in
2212 1792 2464 1863 prmsenti
2490 1793 2595 1846 vita
2626 1801 2777 1862 puto,
2821 1794 2962 1863 quod
2999 1793 3227 1849 formam
3267 1804 3429 1865 atque
3464 1798 3714 1850 umbram

528 1881 738 1939 Gratias
768 1894 941 1940 autem
974 1885 1103 1951 Deo,
1141 1885 1278 1956 quod
1315 1885 1488 1956 fuistis
1511 1886 1644 1941 servi
1668 1886 1885 1957 peccati,
1914 1883 2033 1939 obe-
2059 1874 2106 1933 B
2132 1883 2390 1937 virtutum
2420 1889 2602 1939 tenere
2630 1884 2933 1953 possimus:
2961 1884 3107 1954 ipsas
3151 1900 3278 1940 vero
3312 1886 3542 1940 virtutes
3587 1894 3718 1939 tunc

456 1976 604 2029 distis
628 1985 800 2029 autem
840 1992 903 2030 ex
928 1976 1082 2030 corde
1106 1976 1161 2029 in
1184 1992 1299 2029 eam
1318 1976 1542 2046 formam
1568 1976 1818 2030 doctrinm
1847 1976 1899 2028 in
1928 1992 2032 2045 qua

457 2066 641 2119 traditi
690 2067 828 2120 estis.
880 2065 1172 2122 Credentes
1221 2074 1400 2121 autem
1457 2066 1512 2120 in
1561 2065 1834 2121 Christum
1889 2064 2033 2120 servi

457 2156 584 2210 facti
617 2172 802 2212 sumus
836 2158 1081 2228 justitite,
1129 2158 1247 2229 ejus
1297 2158 1442 2213 enim
1493 2156 1635 2212 servi
1676 2157 1905 2213 dicimur
1945 2157 2031 2211 cui

456 2246 757 2311 obedimus,
787 2256 840 2303 et
865 2249 989 2318 quia
1006 2247 1213 2316 justum
1236 2257 1318 2304 est
1340 2247 1559 2303 obedire
1578 2246 1813 2313 Christo,
1843 2257 1898 2302 et
1918 2247 2031 2316 ipse

457 2340 601 2393 enim
619 2336 827 2406 justitia
853 2348 954 2405 est,
984 2347 1178 2410 etquae
1206 2341 1457 2410 prazcepit
1480 2340 1624 2410 justa
1657 2348 1800 2406 sunt,
1831 2339 2031 2394 idcirco

459 2431 588 2485 dicit
614 2447 783 2484 servos
811 2448 901 2484 nos
931 2430 1094 2499 factos
1113 2430 1362 2501 justititv,
1390 2444 1454 2484 ex
1481 2431 1641 2485 corde
1669 2446 1774 2485 non
1800 2444 1865 2484 ex
1892 2429 2028 2500 lege,

458 2530 519 2575 ut
544 2520 808 2591 professio
851 2529 1034 2576 nostra
1072 2520 1235 2576 animi
1258 2520 1461 2590 judicio
1491 2528 1790 2591 promatur,
1816 2534 1913 2588 per
1938 2534 2033 2572 na-

459 2621 638 2667 turam
669 2612 813 2665 enim
844 2611 1045 2666 inducti
1083 2626 1267 2666 sumus
1289 2610 1355 2664 ad
1393 2610 1551 2664 (idem
1593 2625 1697 2664 non
1722 2624 1817 2679 per
1836 2608 2030 2679 legem,

458 2700 514 2756 in
562 2717 665 2771 qua
706 2700 879 2755 forma
921 2700 1200 2768 doctrinas,
1249 2701 1344 2755 Dei
1390 2700 1614 2770 imperio
1656 2699 1784 2754 facti
1824 2714 2030 2764 sumus,

459 2794 552 2864 qui
607 2793 758 2849 tinxit
806 2801 1078 2859 naturam,
1127 2796 1181 2848 in
1237 2803 1425 2847 natura
1478 2792 1619 2847 enim
1668 2792 1928 2845 habemus
1973 2798 2032 2843 ut

460 2872 850 2954 cognoscamus
877 2898 905 2937 a
934 2897 1039 2953 quo
1078 2891 1133 2937 et
1160 2898 1256 2953 per
1293 2897 1448 2951 quem
1496 2889 1551 2936 et
1596 2882 1648 2935 in
1695 2895 1799 2950 quo
1848 2894 2033 2934 sumus

459 2973 649 3029 creati.
703 2973 897 3028 Forma
943 2987 1071 3041 ergo
1113 2972 1370 3028 doctrina:
1406 2972 1574 3025 estin
1613 2986 1771 3040 quam
1816 2969 2033 3025 tradidit

460 3079 558 3119 nos
605 3072 818 3118 creator
864 3062 1202 3128 naturaliter,
1248 3062 1353 3117 hoc
1387 3071 1490 3126 est,
1517 3052 1659 3133 quod
1688 3075 1846 3131 supra
1875 3060 2027 3124 dixit,

460 3156 560 3224 ipsi
585 3155 681 3207 sibi
708 3153 792 3207 lea:
812 3162 954 3219 sunt,
984 3152 1108 3206 dum
1150 3153 1321 3207 vident
1358 3162 1561 3207 natura:
1598 3170 1709 3207 sua:
1745 3169 1852 3206 esse
1892 3150 2029 3223 quod

2133 1989 2254 2029 cum
2284 1976 2530 2031 venerint
2570 1975 2657 2029 illa
2699 1990 2818 2044 qua:
2846 1975 3081 2044 perfecta
3124 1984 3266 2040 sunt,
3287 1986 3354 2031 .et
3385 1977 3506 2031 ideo
3534 1976 3718 2046 justus

2131 2078 2276 2117 nunc
2300 2064 2468 2134 magis
2489 2073 2546 2118 ut
2581 2064 2713 2117 mihi
2736 2064 2945 2118 videtur
2969 2065 3022 2119 in
3049 2065 3236 2120 umbra
3263 2065 3519 2119 virtutum
3547 2080 3714 2133 quant

2132 2154 2185 2209 in
2215 2155 2346 2225 ipsis
2368 2156 2656 2210 virtutibus
2686 2156 2838 2210 vivit.

2200 2246 2429 2302 Liberali
2459 2258 2629 2302 autent
2662 2266 2693 2302 a
2720 2259 2953 2319 peccato.
2994 2250 3126 2304 servi
3156 2250 3282 2319 facti
3314 2252 3435 2305 estis
3462 2250 3711 2320 justititr.

2131 2337 2405 2408 Expositio
2428 2346 2511 2393 est
2550 2340 2601 2391 in
2631 2339 2715 2393 his
2743 2354 2927 2394 eorum
2950 2354 3066 2409 qua:
3099 2340 3347 2410 superius
3368 2341 3615 2396 diximus.
3649 2338 3713 2395 Si

2131 2429 2276 2483 enim
2318 2428 2456 2482 ultra
2496 2443 2600 2482 non
2644 2429 2892 2483 servietis
2920 2438 3167 2497 peccato,
3220 2439 3426 2485 certum
3454 2438 3537 2485 est
3565 2431 3715 2499 quod

2132 2517 2344 2573 liberati
2371 2520 2438 2573 ab
2465 2533 2529 2573 eo
2559 2519 2698 2588 servi
2744 2517 2872 2573 facti
2911 2522 3040 2574 estis
3069 2512 3315 2589 justitite,
3352 2521 3446 2575 sed
3478 2518 3713 2589 requiri-

2133 2615 2238 2673 tur,
2274 2607 2396 2676 quis
2428 2615 2511 2661 est
2548 2607 2640 2676 qui
2680 2607 2875 2663 liberat
2912 2623 2943 2661 a
2979 2618 3202 2677 peccato
3231 2622 3247 2661 :
3285 2609 3405 2663 sine
3431 2609 3591 2663 dubio
3614 2623 3711 2662 vo-

2134 2698 2311 2752 ritatis
2333 2698 2552 2768 agnitio.
2588 2698 2678 2752 Sic
2707 2700 2849 2753 enim
2876 2699 3085 2753 dicebat
3108 2697 3265 2753 Jesus
3288 2702 3355 2754 ad
3374 2698 3587 2754 Judaeos
3613 2698 3713 2768 qui

2132 2788 2475 2843 crediderunt
2499 2789 2569 2851 ei,
2601 2788 2660 2844 Si
2693 2789 3013 2843 credideritis
3053 2790 3200 2843 verbo
3244 2806 3377 2855 meo,
3423 2792 3717 2861 agnoscetis

2131 2877 2417 2941 veritatem,
2435 2886 2479 2930 et
2509 2878 2699 2931 veritas
2727 2876 2964 2931 liberabit
2985 2895 3089 2933 vos.
3120 2879 3328 2934 Veritas
3349 2888 3431 2934 est
3448 2895 3573 2951 ergo
3591 2895 3718 2949 qum

2134 2954 2375 3020 liberata
2397 2978 2641 3036 peccato,
2663 2975 2718 3022 et
2744 2968 2985 3023 veritatis
3012 2969 3239 3040 agnitio;
3268 2979 3472 3024 certum
3503 2979 3586 3025 est
3614 2986 3719 3024 au-

2133 3063 2241 3111 tem
2269 3056 2393 3127 quia
2413 3057 2589 3112 omnis
2606 3057 2694 3127 qui
2716 3056 2975 3112 liberatus
2995 3056 3154 3112 fuerit
3192 3073 3221 3112 a
3250 3057 3719 3129 peccatojustititn

2134 3148 2353 3202 serviat.
2385 3146 2539 3214 Quod
2582 3157 2759 3202 autem
2795 3148 3024 3204 dicimus
3060 3149 3284 3218 justitite
3320 3151 3535 3216 serviat,
3573 3163 3713 3218 quo-

461 3221 699 3308 credunt,
720 3251 779 3297 ut
801 3244 942 3314 quod
970 3242 1167 3299 Judteis
1189 3242 1275 3298 lex
1302 3251 1356 3297 et
1381 3243 1653 3313 prophetae
1676 3221 2036 3313 praedicarunt
2060 3221 2105 3283 C
2137 3238 2507 3309 niamjustitia
2529 3256 2634 3294 una
2669 3250 2751 3295 est
2784 3255 2851 3296 ex
2882 3241 3146 3295 virtutum
3174 3243 3368 3307 choro,
3397 3240 3573 3296 simile
3604 3248 3717 3304 est,

462 3333 527 3388 de
551 3333 787 3404 Christo,
818 3334 919 3388 hoc
953 3332 1178 3411 gentiles
1228 3348 1294 3388 ex
1341 3334 1502 3389 corde
1556 3333 1847 3389 confidant.
1898 3331 2036 3389 Hinc

462 3423 630 3478 refert
665 3423 866 3492 gratias
897 3422 1146 3489 Domino,
1171 3423 1298 3493 quia
1324 3439 1445 3479 cum
1474 3437 1715 3478 essemus
1742 3423 1883 3477 servi
1911 3437 2035 3493 pec-

460 3516 567 3569 cati
596 3514 929 3569 obedivimus
962 3527 1031 3569 ex
1072 3516 1234 3570 corde
1272 3516 1551 3570 credentes
1582 3514 1635 3568 in
1666 3513 1938 3570 Christum
1976 3522 2036 3568 ut

464 3606 792 3660 serviremus
817 3604 946 3672 Deo,
977 3620 1084 3660 non
1114 3620 1210 3676 per
1231 3606 1400 3676 legem
1427 3603 1593 3674 Moysi
1620 3605 1713 3659 sed
1746 3618 1842 3673 per
1867 3604 2035 3675 legem

463 3703 691 3749 naturae.
741 3694 891 3761 Quod
937 3693 1081 3750 enim
1126 3694 1256 3749 dicit
1294 3695 1491 3764 gratias
1529 3692 1658 3758 Deo,
1701 3694 1825 3763 quia
1862 3693 2037 3762 fuistis

463 3784 596 3838 servi
619 3783 835 3853 peccati,
862 3783 1099 3837 ostendit
1132 3797 1319 3838 omnes
1359 3782 1606 3838 homines
1633 3783 1809 3853 primo
1836 3781 2039 3838 servire

464 3883 712 3943 peccato,
739 3873 819 3927 sic
839 3874 983 3928 enim
1005 3872 1263 3942 scriptum
1284 3881 1389 3939 est,
1416 3874 1539 3943 quia
1566 3890 1667 3927 non
1686 3872 1863 3942 justus
1886 3888 2039 3941 super

465 3973 658 4016 terram
704 3962 792 4032 qui
814 3961 974 4031 faciat
1022 3962 1213 4016 bonum
1256 3972 1304 4016 et
1349 3978 1454 4017 non
1501 3963 1804 4033 peccaverit.
1858 3961 2039 4018 Primo

463 4054 609 4108 enim
658 4067 878 4109 necesse
913 4061 1015 4125 est
1047 4054 1103 4108 in
1146 4054 1292 4109 omni
1340 4054 1559 4110 homine
1605 4054 1733 4110 illud
1784 4054 2040 4124 compleri

464 4144 609 4212 quod
634 4145 891 4214 scriptum
920 4152 1023 4210 est,
1059 4142 1165 4199 Sed
1196 4144 1287 4199 ubi
1314 4144 1462 4198 venit
1486 4144 1815 4209 mandatum,
1853 4154 2042 4212 pecca-

467 4244 581 4290 tum
614 4236 846 4302 revixit;
876 4236 981 4292 hoe
1008 4250 1134 4292 vero
1157 4236 1299 4305 quod
1326 4236 1566 4304 sequitur
1589 4235 1654 4288 ad
1675 4248 1873 4302 paucos
1901 4232 2041 4287 dici-

471 4336 581 4393 tur,
602 4328 668 4383 ad
684 4342 777 4384 eos
800 4328 891 4398 qui
911 4326 1022 4397 jam
1037 4314 1406 4391 emendantur,
1429 4325 1571 4396 quod
1593 4323 1787 4379 dicitur
1802 4343 1814 4377 :
1832 4322 2041 4379 Gratias

469 4428 641 4472 autem
668 4417 801 4484 Deo,
835 4406 957 4489 quia
987 4418 1160 4489 fuistis
1194 4418 1325 4473 servi
1354 4418 1570 4487 peccati,
1599 4416 1839 4471 obedistis
1869 4426 2039 4471 autem

472 4527 537 4566 ea:
565 4512 719 4566 corde
743 4513 797 4565 in
819 4528 933 4567 eam
955 4512 1181 4581 formam
1202 4510 1451 4565 doctrinm
1475 4511 1527 4563 in
1548 4525 1652 4580 qua
1687 4510 1867 4563 traditi
1894 4512 2035 4565 estis.

473 4598 629 4655 Servi
674 4615 800 4671 ergo
850 4601 1049 4654 fuimus
1093 4614 1280 4657 omnes
1328 4600 1555 4669 peccati,
1596 4601 1690 4655 sed
1726 4600 1815 4653 ubi
1848 4601 2039 4654 tradita

471 4698 557 4744 est
583 4690 737 4745 nobis
768 4690 941 4745 forma
965 4688 1223 4743 doctrina:
1248 4697 1303 4743 et
1330 4688 1455 4744 huic
1482 4704 1587 4742 non
1616 4698 1904 4758 utcunque,
1946 4704 2041 4745 ne-

472 4795 580 4853 que
607 4779 737 4835 solis
774 4778 975 4845 verbis,
1022 4778 1115 4834 sed
1157 4793 1223 4833 ex
1257 4779 1439 4845 corde,
1479 4794 1543 4834 ex
1584 4780 1783 4846 animo,
1823 4795 1888 4836 ex
1930 4791 2041 4837 tota

476 4872 761 4930 devotione
803 4867 1051 4941 eligimus
1098 4866 1351 4935 obedire,
1390 4869 1682 4925 liberamur
1718 4887 1748 4925 a
1788 4872 2042 4931 servitute

471 4962 683 5037 peccati
708 4968 765 5016 et
784 4959 1046 5016 efﬁcimur
1070 4959 1210 5014 servi
1232 4957 1473 5028 justitize.
1501 4960 1652 5028 Quod
1680 4973 1857 5017 autem
1885 4963 2039 5028 dixit,

477 5054 701 5123 formam
745 5050 1015 5114 doctrinae,
1056 5051 1111 5103 in
1142 5066 1244 5119 qua
1273 5050 1455 5104 traditi
1486 5055 1628 5117 estis,
1662 5044 2041 5122 requirendum

477 5150 639 5213 puto,
694 5140 961 5209 quomodo
1012 5141 1378 5210 unusquisque
1434 5145 1694 5197 tradatur.
1740 5145 2042 5203 Invenimus

480 5244 732 5299 namque,
782 5230 908 5299 quia
950 5243 1043 5283 eos
1071 5230 1162 5299 qui
1190 5244 1292 5284 non
1322 5230 1621 5299 prebantur
1642 5234 1807 5288 Deum
1846 5237 2045 5292 habere

479 5318 535 5373 in
576 5314 843 5383 notitiam,
882 5318 1056 5372 tradat
1089 5318 1231 5373 Deus
1257 5322 1551 5375 secundum
1575 5324 1837 5379 desideria
1868 5327 2045 5382 cordis

479 5424 687 5476 eorum,
740 5410 794 5463 in
844 5409 1272 5476 immunditiam,
1320 5418 1379 5463 ut
1425 5414 1765 5470 contumeliis
1811 5415 2045 5472 alliciant

479 5516 707 5573 corpora
737 5515 833 5554 sua
865 5501 918 5553 in
945 5500 1266 5569 semetipsis,
1306 5508 1361 5555 et
1392 5502 1525 5558 alios
1555 5506 1647 5573 qui
1677 5516 2041 5562 commutave-

480 5600 608 5647 runt
645 5590 870 5661 gloriam
905 5590 1328 5661 incorruptibilis‘
1353 5590 1447 5648 Dei
1478 5597 1651 5650 tradat
1676 5598 1728 5650 in
1771 5602 2045 5666 passiones

483 5678 806 5750 Ignominiaa,
836 5681 899 5735 de
934 5680 1125 5749 quibus
1162 5681 1215 5734 in
1258 5682 1389 5738 locis
1427 5686 1539 5754 suis
1580 5694 1737 5755 prout
1776 5690 2045 5757 potuimus

485 5767 735 5835 diximus,
766 5780 817 5824 et
846 5770 931 5825 hic
958 5785 1085 5841 ergo
1112 5772 1201 5840 qui
1236 5776 1552 5843 semetipsos
1579 5778 1833 5833 exhibent
1862 5794 2043 5837 servos

2134 3342 2195 3388 ut
2240 3334 2286 3387 si
2320 3331 2659 3409 diceremus:
2690 3332 2817 3403 quia
2855 3333 2899 3387 si
2930 3333 3052 3403 quis
3102 3332 3363 3387 liberatus
3402 3338 3487 3386 est
3521 3347 3551 3384 a
3579 3346 3716 3401 pec-

2136 3434 2258 3481 cato
2297 3424 2497 3480 serviet
2540 3424 2749 3479 veritati
2800 3433 2856 3480 et
2896 3424 3094 3479 serviet
3134 3423 3409 3493 sapientiae
3433 3430 3487 3475 et
3513 3419 3722 3475 serviet

2134 3514 2404 3586 pudicitia:
2429 3522 2484 3569 et
2512 3514 2710 3568 serviet
2744 3513 2949 3583 pietati.
2993 3513 3122 3580 Quae
3143 3512 3321 3566 omnia
3355 3525 3477 3564 cum
3504 3509 3720 3563 caeteris

2135 3607 2416 3675 speciebus
2442 3604 2725 3669 virtutum,
2772 3612 2985 3674 oportet
3026 3619 3241 3658 servum
3278 3604 3391 3667 Del,
3439 3612 3496 3655 ut
3543 3602 3594 3657 in
3631 3603 3720 3657 eis

2137 3699 2273 3752 bene
2298 3696 2571 3766 operando
2594 3710 2761 3765 usque
2790 3696 2842 3749 in
2880 3696 3037 3749 finem
3077 3709 3430 3764 perseverans
3458 3693 3526 3747 ad
3546 3692 3718 3747 vitam

2136 3792 2416 3860 perveniat
2455 3790 2859 3860 sempiternam,
2899 3796 3189 3858 prtestante
3240 3786 3467 3841 Domino
3522 3792 3722 3841 nostro

2127 3876 2263 3933 Jesu
2299 3878 2535 3944 Christo,
2584 3877 2674 3947 qui
2716 3892 2839 3932 cum
2866 3876 3025 3931 Patre
3066 3885 3117 3931 ct
3164 3875 3366 3945 Spiritu
3418 3884 3605 3930 saneto
3637 3875 3723 3929 vi-

2140 3972 2215 4024 vit
2261 3980 2317 4025 et
2359 3978 2546 4043 regnat
2593 3970 2734 4025 Deus
2770 3985 2868 4033 per
2911 3970 3091 4026 omnia
3130 3969 3324 4024 saecula
3372 3967 3718 4023 saeculorum.

2139 4061 2333 4114 Amen.

2633 4150 2906 4207 HOMILIA
2944 4150 3220 4208 CXXXIII.

2703 4258 2833 4297 ITEM
2873 4258 3029 4298 FERIA
3065 4259 3138 4297 IV.

2301 4329 2482 4385 Lectio
2506 4332 2675 4387 sancti
2706 4332 2978 4403 Evangelii
3007 4333 3297 4389 secundum
3326 4333 3548 4389 Lucam.

2213 4444 2281 4499 In
2304 4444 2395 4499 illo
2416 4456 2638 4533 tempore
2663 4446 2791 4501 dixit
2815 4446 2968 4502 Iesus
2999 4448 3261 4518 discipulis
3285 4449 3394 4503 suis
3418 4465 3437 4501 :
3460 4448 3562 4515 Qui
3580 4448 3722 4516 ﬁde-

2066 4565 2118 4623 D
2144 4535 2208 4590 lis
2237 4547 2311 4590 est
2338 4533 2393 4590 id
2431 4538 2664 4601 minimo,
2710 4548 2758 4591 et
2796 4541 2849 4591 in
2888 4539 3085 4608 majore
3119 4534 3287 4607 ﬁdelis
3326 4548 3434 4604 est;
3472 4550 3517 4594 et
3546 4539 3633 4609 qui
3663 4539 3722 4593 iis

2142 4626 2346 4679 modico
2371 4627 2579 4696 iniquus
2603 4636 2700 4692 est,
2738 4637 2786 4680 et
2818 4629 2870 4681 in
2901 4630 3098 4698 majore
3117 4630 3325 4700 iniquus
3351 4641 3447 4685 est.

2215 4716 2350 4771 Sunt
2390 4718 2480 4787 qui
2529 4719 2736 4774 viscera
2784 4721 3001 4789 pietatis
3030 4730 3084 4776 et
3108 4737 3272 4792 Opera
3307 4723 3720 4792 misericordias,

2144 4822 2261 4877 quae
2286 4809 2550 4878 proximis
2578 4809 2844 4865 debentur
2874 4812 3202 4882 ignorantes,
3234 4816 3425 4869 merito
3456 4831 3515 4870 se
3550 4817 3723 4871 casti-

2145 4898 2296 4965 tatis,
2328 4897 2651 4968 vigiliarum,
2693 4900 2863 4972 longae
2892 4905 3170 4970 orationis,
3206 4905 3378 4974 plenae
3404 4905 3548 4970 ﬁdei,
3574 4903 3725 4973 ieiu-

2144 4987 2380 5053 niorum,
2421 4998 2846 5061 caeterarumque
2887 4993 3165 5059 virtutum,
3211 5010 3331 5063 quae
3368 4995 3462 5048 Dei
3498 4994 3723 5051 dilectio

2144 5076 2365 5146 gignere
2406 5076 2561 5141 solet,
2596 5080 2859 5133 veraciter
2878 5070 3066 5135 'fldeles
3092 5082 3427 5145 existimant,
3473 5082 3567 5136 sed
3593 5082 3721 5151 ipso

2138 5164 2318 5232 judice
2350 5174 2662 5234 attestante,
2684 5169 2772 5238 qui
2805 5168 2973 5237 ﬁdelis
2993 5180 3067 5224 est
3090 5172 3143 5225 in
3172 5173 3405 5235 ntfnimo,
3443 5172 3494 5224 id
3522 5182 3624 5237 est,
3660 5172 3722 5229 in

2146 5257 2372 5325 pecunia
2399 5273 2519 5311 eum
2549 5274 2783 5327 paupere
2810 5261 3199 5331 participanda,
3228 5262 3280 5314 in
3310 5262 3507 5330 majore
3538 5261 3721 5329 ﬁdelis

2148 5354 2257 5409 est,
2309 5346 2415 5418 illo.
2442 5347 2690 5401 videlicet
2740 5357 2897 5413 actu,
2939 5365 3044 5418 quo
3092 5349 3395 5418 specialiter
3438 5351 3723 5405 adhaerere

2148 5428 2409 5495 Creatori,
2442 5440 2497 5486 et
2518 5449 2656 5487 unus
2679 5449 2801 5487 cum
2828 5450 2892 5488 eo
2914 5434 3136 5502 spiritus
3164 5432 3299 5488 elIiei
3324 5435 3615 5490 desiderat.
3647 5436 3722 5489 At

2149 5518 2239 5587 qui
2270 5522 2581 5587 temporalia
2616 5538 2735 5591 qua:
2769 5524 3007 5592 possidet
3038 5532 3181 5579 recte
3209 5524 3523 5595 dispensare
3551 5526 3723 5579 dissi-

2150 5607 2337 5673 mulat,
2372 5616 2694 5664 aeternorum
2737 5613 2838 5667 sibi
2878 5613 3100 5681 gloriam
3129 5614 3195 5668 de
3224 5630 3329 5685 qua
3376 5624 3545 5670 tumet
3591 5629 3727 5669 eva-

2150 5706 2292 5751 cuat.
2327 5697 2428 5763 Qui
2456 5701 2590 5753 enim
2618 5719 2718 5754 non
2747 5703 2913 5772 diligit
2940 5703 3153 5771 fratrem
3190 5722 3342 5759 suum
3375 5724 3526 5777 quem
3558 5708 3722 5771 videt,

2154 5786 2318 5840 Deum
2366 5805 2513 5857 quem
2559 5807 2659 5844 non
2701 5794 2830 5846 ridet
2869 5795 3124 5861 quomodo
3165 5808 3324 5866 potest
3365 5799 3610 5867 d.ligere,
3670 5809 3727 5855 ct
