3960 6336
201 401 286 455 801

1268 408 1572 467 ιιοΜιιιιΕ
1608 413 1677 468 IN
1713 413 1966 471 EVANG.
2005 415 2094 471 ET
2133 417 2350 475 EPIST.

3329 434 3436 490 402

201 516 325 569 sicut
351 514 485 567 idem
512 516 666 583 dicit,
692 520 780 588 qui
818 520 1054 576 habuerit
1076 523 1419 579 substantiam
1456 528 1658 586 mundi,
1698 538 1747 581 et
1775 534 1823 592 Α
1849 544 2196 599 przesumere,
2240 532 2335 587 sed
2372 540 2427 587 et
2468 544 2781 603 peccatores
2828 538 3249 618 publicanosque
3294 550 3433 604 reci-

200 604 363 657 riderit
404 604 620 671 fratrem
665 624 816 665 suum
859 626 1061 666 necesse
1107 611 1295 667 habere
1327 624 1375 667 et
1411 614 1657 669 clauserit
1682 616 1755 670 ui-

199 710 328 748 scera
353 712 447 747 sua
476 696 539 748 ab
570 714 649 762 eo,
680 701 937 768 quomodo
976 704 1203 757 charitas
1237 703 1331 759 Dei
1369 717 1542 760 manet
1580 708 1635 761 in
1657 709 1755 761 eo?

260 782 314 841 Si
333 801 450 856 ergo
472 787 525 839 in
544 787 721 858 iniquo
751 808 1047 846 mammona
1068 793 1246 862 ﬁdeles
1268 810 1369 849 non
1392 796 1589 865 fuistis,
1614 800 1753 868 quod

196 884 401 930 vestrum
430 886 528 942 est,
550 880 666 949 quis
694 881 868 936 credet
892 883 1067 939 vobis?
1101 886 1177 941 De
1214 888 1399 958 iniquo
1424 906 1749 959 mammona,

194 961 325 1031 quod
354 962 571 1019 divitias
600 966 863 1023 malorum
902 971 1190 1042 signiticet,
1216 991 1377 1048 supra
1404 968 1752 1049 explanatum

193 1059 287 1115 est,
311 1068 534 1121 quarum
578 1057 903 1112 mentionem
938 1059 1185 1118 Salvator
1213 1063 1569 1122 faciens'alibi
1600 1070 1748 1137 dicit,

192 1141 304 1210 quia
338 1139 552 1208 fallacia
593 1143 895 1200 divitiarum
930 1150 1155 1219 sit/focat
1198 1156 1429 1209 verbum.
1462 1157 1630 1212 Veras
1659 1174 1751 1213 au-

196 1238 291 1283 tem
326 1230 538 1286 divitias
578 1233 660 1287 vel
696 1234 807 1304 ipsa
848 1246 1064 1293 aeternae
1094 1241 1215 1296 vitae
1244 1244 1439 1313 gaudia
1467 1246 1531 1300 de
1558 1249 1751 1316 quibus

191 1318 435 1387 scriptum
473 1329 579 1385 est,
610 1338 726 1392 qua:
748 1325 943 1381 divitia:
966 1330 1288 1386 Inereditatis
1314 1334 1427 1402 ejus
1451 1337 1502 1388 in
1531 1340 1749 1404 sanctis,

188 1408 269 1465 vel
302 1410 554 1465 virtutum
592 1414 912 1483 spiritalium
941 1420 1134 1488 quibus
1158 1424 1225 1477 ad
1246 1424 1410 1479 vitam
1441 1428 1752 1495 pervenitur

188 1498 384 1567 copiam
438 1501 727 1572 signiﬁed,
771 1506 836 1561 de
882 1510 1076 1577 quibus
1111 1512 1244 1567 dicit
1293 1514 1506 1571 Isaias:
1556 1519 1750 1575 divitice

188 1589 360 1644 salutis
396 1595 654 1661 sapientia
693 1606 740 1650 et
783 1600 1021 1669 scientia,
1072 1603 1230 1659 timor
1273 1606 1483 1663 Domini
1519 1611 1627 1681 ipse
1674 1622 1750 1666 est

187 1678 448 1739 tltesaurus
470 1683 606 1753 ejus.

248 1771 313 1825 Et
336 1772 380 1826 si
406 1773 459 1827 in
487 1775 659 1831 alieno
683 1778 861 1847 ﬁdeles
884 1799 985 1836 non
1009 1783 1205 1853 fuistis,
1236 1789 1375 1858 quod
1396 1800 1620 1846 uestrum
1645 1804 1742 1861 est,

1854 632 1984 687 pere
2010 621 2357 687 pmnitentes,
2396 630 2452 676 et
2492 638 2587 677 sua
2618 628 2739 694 qua:
2775 626 2915 683 forte
2947 628 3243 686 inciderent
3280 635 3429 692 elec-

1853 708 2095 778 mosynis
2142 720 2362 783 peccata
2417 713 2701 770 redimere.
2755 714 2861 773 Sed
2915 719 2989 774 illi
3040 734 3427 794 praeceptorem

1853 798 2275 865 misericordiae,
2350 802 2669 860 humilitatis
2738 816 2793 862 et
2856 811 3222 879 parcimonite,
3290 817 3425 875 duas

1854 890 2089 947 maxime
2124 891 2441 948 deridebant
2466 895 2535 949 ob
2563 910 2774 962 causas,
2810 900 2934 967 quia
2972 902 3177 959 scilicet
3198 906 3281 960 vel
3328 910 3432 964 mi-

1853 993 1957 1034 nus
2001 980 2171 1047 utilia,
2224 996 2400 1052 neque
2450 1000 2686 1053 unquam
2737 986 2980 1045 facienda
3030 995 3182 1061 quasi
3234 999 3429 1056 noxius

1851 1068 2164 1138 imperaret,
2199 1072 2280 1126 vel
2312 1081 2461 1128 certe
2488 1074 2640 1130 utilia
2667 1091 2697 1130 a
2729 1092 2788 1132 se
2812 1076 2924 1148 jam
2953 1079 3095 1138 facta
3127 1086 3429 1157 superﬂuus

1852 1159 2143 1231 ingereret.

1920 1250 1991 1305 Et
2014 1254 2087 1307 ait
2126 1254 2271 1310 illis:
2318 1256 2415 1313 Vos
2458 1262 2605 1327 estis,
2654 1263 2745 1334 qui
2776 1264 3083 1334 justiﬁeatis
3122 1286 3207 1323 vos
3250 1287 3428 1327 coram

1851 1342 2148 1399 hominibus
2170 1362 2189 1399 :
2220 1348 2361 1403 Deus
2386 1360 2559 1407 autem
2581 1356 2718 1408 novit
2742 1358 2900 1411 corda
2926 1370 3119 1426 uestra,
3139 1363 3266 1447 quia
3286 1365 3426 1433 quod

1851 1432 2145 1490 hominibus
2172 1436 2337 1492 altum
2362 1450 2460 1507 est,
2497 1444 2816 1502 abominatio
2844 1458 2919 1504 est
2942 1452 3083 1521 apud
3108 1432 3307 1509 Deum.
3327 1456 3423 1512 Ju-

1852 1520 2087 1577 stilicant
2117 1540 2174 1579 se
2202 1541 2383 1582 coram
2411 1530 2738 1600 hominibus,
2765 1537 2855 1605 qui
2882 1520 3193 1606 peccatores
3213 1544 3426 1612 quidem

1850 1612 2006 1679 quasi
2031 1613 2272 1671 infirmos
2299 1618 2719 1690 desperatosque
2747 1634 3114 1693 contemnunt,
3157 1645 3223 1685 se
3245 1641 3425 1688 autem

1850 1703 1996 1772 ipsos
2019 1706 2170 1773 quasi
2211 1707 2479 1776 perfectos
2504 1710 2558 1765 in
2582 1713 2833 1771 omnibus
2857 1727 3169 1789 emotaeque
3217 1722 3426 1795 fragili-

1851 1794 1979 1849 tatis
2008 1804 2264 1865 expertes
2292 1798 2753 1872 eleemosynarum
2786 1807 3024 1862 remedio
3049 1824 3184 1879 opus
3218 1794 3422 1869 habere

186 1863 290 1933 quis
333 1864 472 1919 dabit
510 1867 688 1923 vobis?
715 1869 917 1927 Alicnte
954 1884 1080 1930 sunt
1107 1889 1138 1930 a
1167 1878 1320 1933 nobis
1366 1880 1543 1950 hujus
1568 1884 1749 1939 saeculi
1782 1888 1827 1947 Β
1856 1899 1962 1939 non
1992 1863 2237 1941 credunt.
2266 1885 2370 1943 Sed
2397 1889 2513 1945 haec
2549 1892 2695 1947 noxii
2723 1897 2949 1951 tumoris
2970 1897 3227 1967 'altitudo,
3259 1918 3421 1972 quam

188 1954 473 2027 facultates,
517 1961 570 2015 id
609 1970 711 2028 est,
752 1973 905 2020 extra
949 1976 1197 2025 naturam
1234 1971 1389 2043 sitas:
1422 1974 1556 2028 nihil
1603 1976 1745 2031 enim

186 2046 451 2105 intulimus
487 2051 544 2105 in
583 2052 727 2110 hunc
766 2058 1044 2125 mundum,
1079 2060 1222 2116 haud
1253 2062 1472 2119 dubium
1500 2066 1623 2135 quia
1648 2082 1747 2123 nec

178 2137 385 2213 auferre
443 2142 574 2211 quid
651 2147 937 2215 possimus.
999 2149 1193 2207 Nostra
1244 2163 1424 2210 autem
1475 2158 1745 2225 possessio

184 2246 392 2299 regnum
423 2237 704 2304 caelorum,
737 2250 920 2297 nostra
954 2243 1065 2298 vita
1096 2254 1197 2312 est,
1234 2255 1431 2303 nostrae
1458 2263 1586 2319 opes
1619 2259 1746 2306 sunt

183 2322 492 2391 spiritalium
523 2342 743 2397 operum
775 2329 1001 2399 fructus,
1034 2336 1099 2391 de
1128 2338 1323 2407 quibus
1354 2337 1605 2395 Salomon
1634 2342 1741 2407 ait,

184 2411 449 2483 redemptio
489 2417 681 2472 animae
725 2421 822 2475 uiri
862 2424 1086 2493 propria:
1128 2427 1321 2481 divitia:
1371 2430 1505 2499 ejus.
1553 2430 1744 2500 Arguit

182 2514 300 2572 ergo
332 2503 639 2562 Pharisazos
671 2506 875 2565 fraudis
906 2521 960 2566 et
987 2513 1244 2579 avaritize,
1277 2517 1370 2586 qui
1401 2518 1653 2587 quoniam
1689 2519 1743 2573 in

182 2587 517 2650 facultatibus
572 2597 684 2652 suis
733 2598 918 2656 ﬁdeles
965 2617 1072 2656 non
1125 2602 1379 2673 fuerunt,
1437 2610 1741 2665 communia

180 2681 462 2738 conditoris
533 2685 672 2740 bona
728 2689 981 2757 privatim
1039 2692 1236 2750 habere
1298 2696 1579 2765 malentes,
1642 2716 1742 2757 nec

180 2769 437 2827 Christum
473 2776 721 2847 accipere
758 2792 1073 2838 meruerunt
1101 2801 1260 2856 quem
1294 2785 1611 2858 publicanus
1652 2792 1741 2850 ille

178 2861 318 2931 cujus
366 2867 530 2935 paulo
576 2860 705 2947 alite
754 2874 972 2929 memini
1038 2873 1296 2936 Zachteus
1349 2891 1407 2936 ut
1459 2886 1740 2954 acquirere

178 2965 344 3022 posset
385 2958 666 3014 dimidiam
702 2973 914 3032 partem
960 2967 1221 3025 bonorum
1260 2988 1481 3029 suorum
1524 2977 1735 3033 obtulit.

240 3045 403 3102 Nemo
433 3068 612 3116 servus
650 3066 814 3123 potest
860 3057 1062 3115 duobus
1092 3062 1316 3118 dominis
1353 3068 1562 3123 servire.
1601 3067 1735 3135 Quia

176 3152 269 3193 non
333 3142 475 3197 valet
532 3145 687 3200 simul
748 3151 1058 3229 transitoria
1116 3163 1170 3209 et
1218 3164 1419 3211 aaterna
1474 3159 1733 3230 diligere:

174 3226 214 3280 si
260 3229 399 3284 enim
454 3236 811 3291 mter-nitatem
859 3226 1165 3313 diligimus,
1221 3258 1411 3302 cuncta
1464 3256 1728 3320 tempora-

174 3311 236 3365 lia
259 3314 309 3368 in
349 3332 450 3372 usu
496 3335 604 3374 non
648 3321 700 3375 in
741 3323 932 3379 affectu
962 3311 1325 3397 possidemus.

236 3406 333 3459 Aut
356 3409 491 3462 enim
525 3427 684 3464 unum
716 3414 835 3469 odio
858 3416 1083 3481 habebit,
1107 3429 1154 3475 et
1179 3424 1401 3478 alterunt
1417 3425 1625 3497 diliget;
1648 3440 1741 3483 aut

172 3495 251 3546 uni
276 3497 584 3566 adhmrebit,
616 3512 664 3556 et
685 3504 906 3560 alterum
938 3520 1244 3567 contemnez.
1272 3514 1394 3571 limo
1421 3495 1582 3573 verba
1614 3520 1733 3575 dili-

169 3594 344 3655 genter
366 3592 759 3650 consideranda
796 3598 947 3663 sunt,
995 3617 1120 3656 nam
1159 3605 1249 3674 qui
1275 3606 1381 3661 sint
1405 3608 1508 3663 duo
1532 3609 1732 3667 domini

169 3689 554 3749 consequenter
592 3688 811 3756 exponit
837 3690 1018 3747 dicens
1043 3712 1054 3747 ε

232 3764 349 3823 Non
374 3775 592 3840 potestis
624 3776 731 3831 Deo
756 3782 945 3836 servire
970 3794 1016 3836 et
1038 3801 1368 3844 mammonae.
1402 3790 1599 3848 Audiat
1628 3795 1730 3851 hoc

168 3849 376 3925 avarus,
431 3864 613 3918 audiat
665 3868 755 3936 qui
798 3880 1051 3926 censetur
1093 3879 1348 3934 vocabulo
1398 3880 1724 3951 Christiano,

167 3957 274 3998 non
288 3962 442 4016 posse
468 3952 629 4005 simul
660 3969 997 4025 mammonae,
1038 3960 1139 4017 hoc
1173 3976 1275 4030 est,
1318 3967 1540 4035 divitiis,
1574 3972 1729 4029 Chri-

166 4041 341 4105 stoque
378 4052 437 4093 se
474 4043 703 4097 servire.
744 4044 811 4099 Et
839 4055 1013 4102 tamen
1040 4036 1325 4129 non‘dixit,
1349 4058 1439 4126 qui
1466 4059 1625 4116 habet
1646 4063 1727 4119 di-

164 4126 328 4193 vitias,
376 4132 473 4186 sed
514 4133 606 4202 qui
646 4137 811 4191 servit
850 4126 1205 4214 divitiistqui
1233 4148 1379 4203 enim
1410 4150 1722 4210 divitiarum

163 4229 333 4273 servus
373 4230 478 4286 est,
522 4224 736 4281 divitias
774 4233 1026 4299 custodit,
1071 4245 1130 4289 ut
1173 4253 1390 4307 servus;
1420 4243 1512 4312 qui
1540 4252 1721 4301 autem

163 4308 423 4365 servitutis
445 4316 681 4370 excussit
699 4315 909 4389 jugum,
933 4323 1204 4381 distribuit
1224 4344 1336 4397 eas,
1359 4340 1418 4386 ut
1436 4334 1719 4391 dominus:

163 4396 245 4451 sed
268 4401 354 4467 qui
383 4405 555 4459 servit
590 4420 929 4479 mammonae,
962 4414 1037 4468 illi
1075 4418 1259 4488 utique
1296 4424 1483 4488 servit,
1522 4427 1613 4495 qui
1638 4442 1722 4482 re-

164 4482 251 4539 bus
269 4486 384 4544 istis
406 4495 641 4550 terrenis
665 4499 856 4563 merito
877 4516 986 4557 sum
1010 4510 1376 4574 perversitatis
1404 4516 1718 4585 praepositus

1849 1976 1919 2031 sit
1942 1976 2087 2044 juste
2114 1977 2445 2047 damnanda,
2476 1979 2623 2038 videt
2659 1984 2768 2051 ille,
2814 1988 2907 2056 qui
2937 1987 3259 2047 illuminabit
3304 1996 3424 2049 abs-

1846 2068 2062 2123 condita
2106 2069 2447 2126 tenebrarum
2498 2080 2554 2129 et
2608 2075 2974 2135 manifestabit
3006 2061 3246 2137 ‘consilia
3303 2100 3424 2139 cor-

1845 2155 2013 2220 dium,
2036 2155 2193 2213 Jesus
2212 2158 2461 2216 Christus
2484 2162 2743 2222 Dominus
2781 2176 2967 2224 noster
2991 2172 3083 2240 qui
3110 2189 3232 2228 cum
3262 2174 3422 2231 Patre

1846 2250 1900 2298 et
1931 2242 2134 2314 Spiritu
2183 2256 2374 2304 sancto
2407 2251 2541 2306 vivit
2576 2263 2634 2308 et
2682 2266 2873 2325 regnat
2922 2261 3062 2318 Deus
3098 2277 3195 2339 per
3238 2267 3418 2322 omnia

1844 2335 2038 2390 saecula
2063 2337 2398 2396 saeculorum.
2425 2342 2618 2401 Amen.

2336 2469 2615 2528 HOMILIA
2653 2476 2935 2535 CXXXIV.

2439 2564 2461 2595 Ι
2495 2560 2650 2600 FERIA
2676 2562 2726 2601 Vl
2737 2587 2750 2601 .

1987 2624 2175 2683 Lectio
2203 2631 2376 2685 sancti
2408 2631 2681 2705 Evangelii
2720 2643 3011 2698 secundum
3052 2645 3273 2704 Lucam.

1911 2716 1981 2771 In
2018 2718 2110 2774 illo
2139 2731 2390 2793 tempore,
2422 2729 2622 2796 rogavit
2658 2729 2841 2786 Iesum
2866 2736 3079 2805 quidam
3113 2738 3417 2801 Pharisa'us

1841 2814 1898 2860 ut
1922 2808 2201 2876 pranderet
2224 2814 2363 2882 apud
2389 2832 2461 2878 se,
2485 2826 2531 2870 et
2553 2818 2815 2889 ingressus
2836 2827 3085 2883 recubuit.
3110 2830 3414 2891 Pliaristrus

1839 2906 2013 2951 autem
2049 2900 2198 2970 erepit
2224 2902 2367 2957 intra
2410 2922 2464 2958 se
2498 2919 2744 2974 reputans
2773 2912 2964 2980 dicere,
2990 2934 3152 2987 quare
3190 2939 3293 2977 non
3322 2924 3412 2978 lm-

1837 2985 2066 3053 ptizatus
2092 2999 2222 3044 esset
2247 3002 2365 3046 ante
2385 2996 2686 3064 prandium,
2712 3009 2819 3055 etc.

1909 3075 2137 3133 Causam
2169 3078 2425 3137 Pharisaei
2452 3076 2792 3156 cogitationis
2824 3092 3157 3166 Evangelista
3200 3100 3413 3159 Marcus

1836 3167 2047 3235 aperuit
2072 3168 2255 3226 dicens
2287 3191 2299 3226 :
2328 3170 2588 3231 Pltariscei
2628 3182 2763 3235 enim
2808 3193 2857 3237 et
2887 3203 3060 3241 omnes
3085 3188 3263 3246 Judwi
3304 3196 3406 3249 nisi

1758 3259 1801 3321 ο
1834 3255 2011 3310 crebro
2049 3275 2235 3315 manus
2271 3260 2437 3318 lavent
2477 3283 2579 3321 non
2602 3272 2921 3328 manducant
2943 3316 2957 3339 ,
2980 3286 3205 3334 tenentes
3240 3285 3407 3337 tradi—

1841 3346 2032 3401 tionem
2065 3352 2349 3420 seniorum,
2390 3364 2439 3409 et
2482 3374 2514 3409 a
2544 3357 2659 3426 foro
2699 3362 2953 3419 venientes
2997 3369 3096 3421 nisi
3144 3371 3409 3441 baptizan-

1838 3447 1926 3491 tur
1950 3456 2052 3495 non
2082 3445 2377 3500 comedunt.

1905 3530 1974 3584 Et
2017 3533 2092 3586 ait
2117 3534 2272 3590 Jesus
2294 3538 2363 3590 ad
2408 3539 2555 3595 illum
2579 3556 2597 3594 :
2622 3542 2778 3598 Nunc
2822 3563 2928 3613 vos,
2964 3548 3240 3620 Pharistei,
3276 3557 3402 3626 quid

1832 3624 2028 3693 deforis
2065 3638 2139 3680 est
2172 3628 2351 3684 calieis
2394 3641 2440 3685 et
2474 3635 2634 3688 catini
2658 3638 2943 3705 mundatis,
2967 3644 3105 3712 quod
3129 3657 3301 3701 autem
3321 3651 3405 3703 in-

1833 3724 1915 3767 tus
1950 3725 2024 3768 est
2064 3728 2306 3784 vestrum,
2336 3720 2543 3790 plenum
2588 3736 2663 3780 est
2698 3730 2880 3798 rapina
2925 3742 2972 3785 et
3008 3734 3297 3805 iniquitate.
3335 3742 3403 3797 Et

1832 3805 2043 3863 Marcus
2068 3810 2285 3877 quidem
2312 3813 2480 3868 refert
2509 3832 2601 3873 eos
2631 3819 2954 3889 baptismata
2980 3826 3206 3881 calicum
3236 3840 3289 3884 et
3310 3847 3402 3885 ur-

1829 3912 2045 3952 ceorum
2073 3900 2441 3972 lectorumque
2468 3913 2523 3960 et
2556 3918 2971 3967 temulentorum
2999 3915 3285 3972 observare
3311 3936 3399 3974 δυο

1827 3987 1971 4055 litos,
2013 3989 2107 4044 sed
2136 3993 2308 4063 magis
2334 3996 2435 4050 sub
2454 3997 2670 4053 nomine.
2699 4015 2966 4067 vasorum,
2999 4003 3099 4074 ipsi
3129 4009 3394 4065 mendacii

1826 4088 1882 4136 ct
1915 4082 2275 4140 simulationis
2303 4095 2622 4157 arguuntur,
2648 4093 2786 4159 quod
2817 4094 2959 4149 aliud
2984 4100 3268 4155 ostendant
3297 4103 3393 4157 ho-

1826 4172 2058 4228 minibus
2106 4172 2260 4241 foris,
2302 4176 2448 4233 aliud
2488 4178 2633 4234 domi
2679 4192 2859 4253 agant,
2910 4184 3135 4243 formam
3175 4191 3393 4259 pietatis

1824 4260 2083 4318 habentes
2123 4265 2475 4333 extrinsecus,
2531 4269 2623 4323 sed
2652 4271 2795 4326 intus
2823 4274 3073 4330 vitiorum
3112 4280 3269 4335 sorde
3302 4282 3394 4338 de-

1822 4349 2040 4417 formes,
2068 4354 2180 4408 vult
2205 4356 2349 4410 enim
2377 4357 2632 4415 Dominus
2656 4362 2921 4431 explicare
2943 4365 3120 4431 latius,
3147 4385 3267 4439 quae
3293 4388 3385 4427 su-

1821 4456 1918 4511 pra
1944 4443 2177 4499 breviter
2206 4446 2273 4501 de
2299 4450 2605 4505 mundando
2626 4454 2805 4508 cordis
2829 4455 2983 4511 oculo
3002 4460 3314 4528 protulerat.

1892 4532 2076 4600 Stulti,
2110 4552 2278 4591 nonne
2303 4540 2393 4607 qui
2432 4540 2552 4607 fecit
2575 4543 2712 4611 quod
2757 4544 2955 4614 deforis
2990 4558 3088 4614 est,
3133 4552 3289 4605 etiam
3333 4556 3388 4608 id

1404 4576 1421 4582 _
1516 4576 1532 4585 ,
1892 4576 2076 4600 υνκνυυ’
2110 4576 2277 4591 ..νυ-ην
2303 4576 2393 4607 ιιυη
2432 4576 2551 4607 Inv-Iv
2575 4576 2710 4611 Iluuu
2757 4576 2954 4614 αυιυιιδ
2990 4576 3088 4614 τοι,
3133 4576 3289 4605 υμαηι
3333 4576 3382 4608 ΠΙ

161 4576 395 4651 princeps
437 4583 598 4654 hujus
642 4590 823 4646 saeculi
867 4608 897 4647 a
926 4593 1153 4653 Domino
1199 4602 1414 4658 dicitur.
1445 4605 1585 4678 Ergo
1625 4618 1717 4665 aut
1742 4603 1795 4669 D
1817 4622 1955 4693 quod
1979 4622 2184 4678 detritus
2210 4635 2284 4679 est
2310 4626 2469 4696 fecit?
2493 4628 2619 4696 Qui,
2651 4632 2842 4701 inquit,
2866 4642 3098 4706 utraque
3134 4642 3382 4698 munduri

162 4677 312 4706 unum
333 4671 476 4706 mlint
518 4684 570 4706 nl
593 4675 814 4706 τήθη-...η
835 4683 1010 4706 λειεμ-.
1055 4688 1184 4706 ΔΑηξ
1230 4692 1242 4703 .
1276 4692 1290 4706 .
1329 4693 1341 4706 .
1400 4702 1409 4706 _
1506 4697 1538 4706 ..
1680 4702 1692 4706 _

162 4677 313 4759 unum
333 4671 500 4738 odiet,
517 4684 575 4731 et
590 4675 818 4735 alterum
830 4683 1034 4756 diliget,
1054 4688 1244 4745 utfieri
1259 4692 1435 4759 debet,
1454 4671 1598 4754 odiet
1616 4702 1718 4756 sci-

161 4752 272 4815 licet
308 4763 599 4834 diabolum,
634 4770 816 4843 diliget
838 4752 1037 4844 Deum;
1069 4792 1161 4837 aut
1188 4786 1281 4839 uni
1308 4752 1715 4857 adhaerebitret

160 4847 372 4907 alterum
393 4867 725 4914 contemnet.
766 4862 1075 4924 Adhmrebit
1102 4874 1309 4931 scilicet
1334 4878 1565 4946 diabolo,
1590 4897 1712 4937 cum

159 4940 298 5005 quasi
331 4942 451 5010 ejus
485 4948 708 5015 praemia
748 4956 1060 5021 temporalia
1101 4970 1363 5029 sectatur,
1407 4977 1714 5027 contemnet

161 5037 323 5084 autem
376 5032 579 5101 Deum,
628 5053 737 5093 non
783 5041 919 5096 dixit
966 5046 1150 5113 odiet,
1200 5053 1292 5106 sed
1343 5054 1482 5110 sicut
1536 5058 1709 5115 solent

160 5118 316 5175 minas
348 5134 673 5195 postponere
710 5132 1089 5199 cupiditatibus
1134 5142 1271 5204 suis,
1315 5145 1406 5213 qui
1447 5146 1511 5201 de
1550 5149 1706 5203 boni-

160 5216 254 5264 tate
289 5214 405 5283 ejus
451 5217 516 5270 ad
560 5218 927 5288 impunitatem
970 5228 1069 5283 sibi
1112 5230 1475 5301 blandiuntur,
1515 5240 1708 5307 quibus

157 5312 241 5367 per
299 5302 645 5363 Salomonem
704 5312 899 5369 dicitur
948 5337 960 5371 :
1014 5319 1144 5387 Fili,
1202 5341 1264 5377 ne
1312 5302 1549 5397 adjicias-
1590 5350 1709 5400 pec-

157 5401 313 5446 catum
345 5413 501 5466 super
532 5410 824 5469 peccatum,
863 5417 909 5460 et
945 5410 1128 5465 dicas:
1162 5412 1428 5471 Miseratio
1457 5419 1554 5473 Dei
1588 5438 1701 5475 ma-

155 5498 243 5549 gna
266 5495 356 5538 est.

214 5576 498 5632 Audiebant
534 5593 707 5637 autem
748 5588 919 5639 omnia
967 5591 1076 5643 hau:
1118 5593 1395 5663 lerisu'i,
1442 5603 1529 5670 qui
1557 5618 1701 5658 erant

155 5665 305 5729 amri,
335 5677 381 5720 et
418 5670 717 5724 deridebmtl
766 5675 933 5729 illum.
966 5678 1211 5737 ltlonebat
1240 5665 1461 5755 quidem
1484 5693 1700 5747 Scribas

156 5759 202 5806 ct
222 5751 514 5814 Pharis‘eos
538 5774 643 5815 non
666 5764 893 5832 superbe
918 5783 1123 5839 sapere,
1155 5791 1256 5831 non
1288 5779 1351 5833 de
1373 5797 1464 5835 sua
1490 5781 1697 5847 justitia

1818 4713 2109 4769 desiderat.
2138 4714 2253 4771 Hoc
2290 4726 2479 4773 contra
2512 4719 2853 4788 Manichaeos,
2882 4726 2974 4794 qui
3001 4728 3235 4785 animam
3269 4740 3385 4787 tan-

1815 4810 1925 4857 tum
1961 4818 1992 4857 a
2016 4804 2146 4871 Deo,
2188 4821 2405 4862 carnem
2428 4824 2555 4863 vero
2580 4818 2769 4879 putant
2798 4827 2829 4866 a
2865 4813 3081 4871 diabolo
3113 4831 3375 4889 creatam,

1815 4892 1919 4947 hoc
1951 4902 2139 4948 contra
2171 4895 2308 4961 illos,
2338 4898 2427 4967 qui
2475 4901 2768 4969 corporalia
2796 4914 3037 4972 peccata.
3069 4907 3382 4966 fornicatio-

1814 4993 1937 5034 nem
1959 4980 2225 5051 videlicet,
2242 4983 2653 5054 immunditiam,
2680 4989 2976 5059 libidinem,
2995 4994 3212 5062 furtum,
3238 5004 3380 5072 rapi-

1812 5084 1957 5134 nam,
1996 5080 2052 5126 et
2083 5082 2276 5128 caatera
2311 5075 2437 5130 talia
2466 5080 2622 5147 quasi
2661 5083 2975 5150 gravissima
3021 5087 3373 5159 detestantur,

1810 5164 2068 5231 spiritalia
2106 5182 2253 5233 vero,
2294 5184 2425 5237 quas
2452 5186 2558 5227 non
2595 5175 2771 5231 minus
2807 5178 3026 5235 damnat
3066 5184 3374 5254 Apostolus,

1812 5253 1912 5307 hoc
1936 5264 2036 5319 est,
2080 5260 2499 5326 amaritudinem,
2541 5264 2693 5331 iram,
2720 5269 3143 5340 indignationem,
3171 5277 3368 5333 clamo-

1809 5357 1935 5405 rem,
1965 5344 2349 5414 blasphemiam,
2394 5354 2685 5420 superbiam
2720 5368 2766 5409 et
2812 5362 3104 5431 avaritiam,
3145 5383 3261 5437 qua:
3292 5382 3372 5427 est

1806 5431 2065 5486 idolorum
2089 5438 2326 5502 servitus,
2356 5448 2413 5492 ut
2451 5440 2585 5495 levia
2608 5455 2969 5504 contemnunt.

1888 5521 2245 5581 Verumtamen
2279 5533 2417 5598 quod
2442 5548 2689 5603 superest,
2734 5541 2852 5596 date
2878 5544 3276 5617 eleemosynam,
3316 5564 3369 5609 et

1801 5628 1914 5665 ecce
1945 5616 2117 5667 omnia
2144 5620 2471 5696 munda-sunt
2497 5626 2655 5680 vobis.
2690 5630 2838 5696 Quod
2866 5643 3168 5695 necessario
3196 5646 3363 5703 victui

1802 5709 1856 5754 et
1879 5703 2192 5759 vestimento
2221 5720 2463 5778 superest
2504 5715 2622 5797 date
2658 5724 3000 5791 pauperibus,
3024 5728 3175 5796 juxta
3218 5737 3363 5803 quod

1801 5800 1854 5846 et
1891 5790 2123 5848 Joannes
2144 5801 2388 5868 praecipit
2412 5821 2423 5857 ;
2450 5792 2536 5874 qui
2568 5807 2715 5863 liabet
2748 5811 2877 5867 duas
2919 5821 3117 5875 tunicas
3144 5831 3225 5876 det
3260 5842 3363 5880 non
