3960 6350
470 458 575 514 405

1116 456 1173 509 ll.
1217 454 1471 509 “MBAN
1514 452 1731 508 MAURI
1769 447 2088 508 ARCHIEP.
2133 444 2443 503 MOGUNT.
2482 440 2766 500 OPERUM
2805 438 2985 496 PARS
3021 437 3084 494 ll.

3642 428 3760 485 ιοι

474 571 703 636 habenti,
730 583 902 638 neque
925 580 1075 622 enim
1104 567 1178 621 ita
1214 566 1461 623 facienda
1483 564 1703 636 jubctur
1723 564 2064 633 eleemosyua
2092 565 2145 624 Α
2168 569 2311 625 sunt,
2352 568 2399 613 et
2434 574 2555 632 quae
2591 557 2720 627 foris
2756 564 2877 610 sunt
2918 552 3118 607 munda
3162 556 3333 603 erunt.
3363 545 3470 602 Sed
3506 560 3575 601 ne
3617 542 3755 599 istas

470 673 533 718 ut
564 671 617 718 te
657 662 835 732 ipsum
876 672 1172 713 consumas
1204 657 1383 726 inopia
1409 656 1543 712 :‘sed
1571 663 1633 709 ut
1654 652 1732 708 tui
1770 667 1901 709 cura
1945 666 2066 707 cor—

474 756 629 829 poris
654 752 885 822 expleta,
906 751 1130 833 inopem
1173 758 1438 819 quantum
1480 748 1627 803 vales
1655 754 1948 809 sustentes,
1981 743 2069 798 vel

474 851 552 906 ita
596 843 1027 917 intelligendum,
1059 842 1202 911 quod
1237 850 1507 912 superest,
1553 839 1694 911 quod
1742 846 1849 892 tam
1900 836 2069 890 multo

476 939 684 997 scelere
720 934 1136 1008 pmoccupatis,
1171 933 1349 990 solum
1384 932 1685 991 remedium
1727 936 1900 988 restat
1941 928 2073 983 dare

466 1027 899 1101 'eleemos‘ynam,
925 1026 1020 1097 qui
1066 1030 1251 1081 sermo
1270 1025 1335 1081 ad
1364 1023 1575 1088 omnia,
1614 1036 1733 1092 qum
1756 1020 1873 1075 utili
1910 1018 2073 1074 mise-

478 1125 694 1182 ratione
716 1122 874 1188 ﬁunt,
898 1112 1064 1187 valet,
1092 1133 1201 1175 non
1218 1117 1393 1175 solum
1421 1116 1565 1172 enim
1586 1114 1678 1185 qui
1705 1114 1798 1170 dat
1816 1109 2071 1168 esurienti

479 1218 688 1280 cibum,
721 1213 927 1269 sitienti
957 1220 1167 1283 potum,
1206 1210 1351 1267 nudo
1393 1208 1801 1271 vestimentum,
1827 1202 2073 1275 peregri-

482 1304 635 1362 nanti
658 1302 976 1373 hospitium,
1002 1310 1058 1355 et
1089 1306 1290 1356 caetera
1313 1295 1651 1368 huiusmodi;
1680 1308 1866 1349 verum
1887 1291 2073 1353 etiam,

478 1396 574 1467 qui
606 1396 698 1451 dat
725 1394 939 1469 veniam
977 1390 1250 1462 peccanti,
1288 1388 1691 1459 eleemosynam
1735 1384 1849 1449 dat,
1889 1389 1945 1438 et
1984 1380 2076 1450 qui

481 1486 737 1540 emendat
760 1482 1012 1547 verbere,
1054 1482 1107 1537 in
1136 1491 1298 1550 quem
1331 1486 1574 1550 potestas
1603 1476 1783 1540 datur,
1810 1472 1896 1528 vel
1920 1484 2079 1527 coer-

482 1585 571 1633 cet
599 1575 778 1646 aliqua
810 1573 1115 1645 disciplina,
1166 1581 1222 1627 et
1262 1578 1443 1625 tamen
1479 1576 1761 1640 peccatum
1804 1564 1941 1635 ejus,
1972 1577 2079 1633 quo

485 1668 556 1725 ab
580 1668 675 1725 illo
704 1667 863 1724 hesus
890 1674 984 1721 aut
999 1663 1250 1722 ,oﬁ'ensus
1279 1669 1386 1725 est,
1412 1658 1639 1714 dimittit
1682 1672 1748 1712 ex
1777 1654 1960 1717 corde,
1995 1651 2081 1708 vel

484 1768 629 1823 orat,
658 1766 721 1812 ut
748 1758 796 1811 ei
816 1756 1166 1816 dimittatur,
1205 1767 1313 1808 non
1346 1750 1520 1807 solum
1548 1750 1601 1804 in
1628 1764 1694 1804 eo
1720 1746 1865 1817 quod
1900 1743 2083 1799 dimit-

488 1853 576 1918 tit,
608 1856 775 1921 atque
796 1857 940 1911 orat,
955 1861 1145 1903 verum
1176 1843 1433 1905 etiamin
1462 1856 1548 1907 eo,
1578 1838 1719 1910 quod
1747 1836 1991 1906 corripit,
2027 1841 2082 1889 et

2170 650 2567 721 ‘eleemosynas,
2601 661 2722 718 qua:
2740 645 2885 701 ﬁunt
2909 645 2974 699 de
3002 640 3268 696 fructibus
3294 648 3451 694 terra:
3485 636 3765 707 respuisse

2170 742 2469 806 videretur,

2246 830 2376 886 Hcce
2407 840 2605 894 autem,
2630 826 2830 900 inquit,
2868 832 3067 896 oportet
3089 823 3282 893 facere,
3312 829 3367 876 et
3382 816 3669 888 judicium,
3710 822 3771 871 et

2173 921 2493 979 charitatem
2525 919 2644 984 Dei,
2679 926 2740 973 ut
2765 925 2819 972 et
2835 930 2939 971 nos
2962 913 3232 970 veraciter
3264 911 3332 966 de
3370 918 3561 965 nostra
3591 906 3763 963 mise~

2172 1010 2255 1066 ria
2296 1010 2622 1081 judicantes,
2678 1014 2735 1061 et
2778 1004 2877 1060 Dei
2927 1002 3270 1067 charitatem,
3324 1012 3486 1069 quam
3541 995 3771 1051 donavit

2176 1102 2312 1173 ipse,
2354 1099 2661 1171 diligentes,
2690 1097 2777 1167 pie
2802 1101 3056 1163 recteque
3089 1091 3357 1154 vivamus,
3381 1088 3586 1158 justum
3620 1084 3772 1156 judi-

2178 1192 2320 1247 cium
2348 1187 2465 1259 ejus
2495 1186 2834 1250 conﬁtentes,
2862 1181 3116 1253 quoniam
3140 1178 3328 1235 miseri
3349 1176 3525 1233 ellecti
3554 1189 3770 1238 sumus,

2177 1278 2245 1334 de
2274 1293 2381 1349 quo
2408 1277 2540 1332 dicit
2581 1273 2871 1345 Apostolus
2902 1290 2915 1326 :
2943 1264 3217 1325 Iudicium
3243 1266 3453 1337 quidem
3484 1281 3549 1319 ea:
3576 1279 3681 1318 uno
3716 1264 3776 1316 in

2179 1369 2687 1431 condemnationem,
2704 1374 2757 1420 et
2770 1374 2979 1434 magna:
2991 1360 3245 1419 charitati
3261 1358 3378 1428 ejus
3390 1356 3593 1429 gratias
3606 1369 3775 1423 agen-

2180 1472 2283 1527 tes,
2313 1462 2379 1517 de
2407 1473 2511 1529 qua
2542 1458 2683 1513 idem
2711 1457 2827 1527 ipse
2850 1453 2982 1509 dicit
3016 1450 3205 1523 gratia:
3232 1449 3581 1519 praedicator:
3609 1442 3776 1499 Com-

2180 1551 2393 1607 mendat
2423 1560 2595 1604 autem
2640 1562 2790 1602 suam
2830 1544 3139 1600 charitatem
3178 1539 3318 1593 Deus
3347 1538 3401 1590 in
3436 1536 3604 1597 nobis,
3634 1550 3775 1603 quo-

2183 1642 2325 1696 niam
2354 1656 2473 1693 cum
2507 1638 2679 1697 adhuc
2703 1644 2999 1707 peccatores
3034 1646 3263 1686 essemus
3289 1625 3527 1681 Christus
3549 1639 3643 1695 pro
3674 1637 3778 1676 no-

2184 1731 2261 1785 bis
2284 1739 2522 1784 mortuus
2545 1736 2639 1781 est.

2256 1818 2387 1875 Ha’c
2415 1828 2589 1872 autem
2616 1813 2843 1887 Oportuit
2886 1811 3079 1882 facere,
3105 1818 3152 1864 et
3181 1807 3274 1864 illa
3304 1823 3407 1861 non
3437 1804 3691 1866 omittere,
3724 1801 3779 1855 id

489 1894 576 1918 ην,
608 1894 772 1921 υ--ι-ν
799 1894 940 1911 vn...
968 1894 1145 1903 -ν--π-
1184 1894 1433 1905 ---μ-,η-
1469 1894 1548 1907 -ν,
1586 1894 1633 1910 τ
1666 1894 1674 1896 -
1894 1894 1909 1906 .
1981 1894 1988 1897 .

485 1944 667 2015 aliqua
692 1939 1063 1999 emendaturis
1090 1946 1250 2009 prima
1282 1935 1494 2005 plectit,
1530 1932 1929 2001 eleemosynam
1963 1928 2075 1991 dat,
2107 1919 2154 1979 B
2181 1918 2284 1975 est,
2314 1909 2687 1977 eleemosynas
2720 1903 2992 1958 fructuum
3024 1907 3380 1969 terrenorum.
3411 1894 3529 1949 Non
3558 1908 3690 1964 ergo
3718 1906 3781 1947 se

2188 2001 2210 2015 ρ
2240 1999 2271 2015 η
2352 2006 2363 2015 .
2422 2013 2444 2015 _
2470 1997 2499 2015 ,9
2549 2010 2644 2015 _A_
2693 1993 3059 2015 -t---..-..-.......
3128 1986 3388 2015 ...πυ-,κιιηο
3440 1984 3779 2015 ιη-ηἷρρένηιπι

485 2036 614 2105 quia
665 2023 1095 2089 misericordiam
1139 2033 1380 2099 praestat.
1440 2022 1605 2078 Multa
1655 2021 1839 2090 itaque
1885 2032 2081 2091 genera

486 2134 617 2181 sunt
644 2106 1139 2194 eicemosynarmn,
1167 2134 1289 2189 quae
1315 2130 1439 2172 cum
1471 2113 1720 2175 facimus,
1768 2108 2085 2178 adiuvamur

490 2223 548 2268 ut
573 2214 915 2269 dimittantur
935 2211 1096 2265 nobis
1121 2217 1307 2264 nostra
1337 2212 1587 2277 peccata,
1621 2203 1718 2258 sed
1749 2217 1813 2257 ea
1849 2199 1979 2255 nihil
2001 2208 2085 2253 est

490 2305 688 2375 insitis,
735 2320 839 2374 qua
869 2303 1125 2359 ex‘co‘rdc
1152 2282 1499 2363 dimittimus,
1534 2295 1679 2366 quod
1721 2294 1775 2349 in
1816 2307 1918 2348 nos
1938 2290 2086 2363 quis-

488 2414 596 2469 que
626 2395 889 2467 peccavit.
939 2394 1021 2448 An
1050 2407 1203 2457 vero,
1234 2390 1377 2461 quod
1408 2390 1507 2454 ait,
1532 2387 1670 2441 date
1706 2384 2087 2452 eleemosynam

490 2492 537 2542 et
566 2504 683 2542 ecce
711 2487 887 2541 omnia
934 2485 1133 2539 munda
1161 2492 1281 2537 sum
1316 2480 1481 2545 vobis,
1526 2480 1601 2533 ita
1638 2474 1966 2531 intellecturi
2004 2484 2092 2528 su-

494 2595 636 2644 mus,
689 2588 749 2633 ut
796 2576 1090 2632 Pliarismis
1143 2590 1249 2629 non
1299 2572 1626 2627 habentibus
1679 2567 1838 2622 fidem
1886 2563 2090 2619 Clm'sti

493 2671 707 2727 etiamsi
750 2685 853 2723 non
886 2669 940 2721 in
976 2682 1099 2721 eum
1139 2658 1489 2726 crediderint,
1541 2675 1642 2715 nec
1671 2656 1844 2713 renati
1888 2654 2091 2717 fuerint

492 2778 563 2821 ex
593 2777 732 2833 aqua
771 2769 827 2815 et
865 2758 1070 2829 Spiritu
1098 2763 1287 2810 sancto
1330 2753 1527 2807 munda
1562 2757 1691 2805 sunt
1726 2745 1932 2811 omnia,
1970 2751 2093 2797 tan-

494 2866 610 2911 tum
640 2855 687 2910 si
724 2853 1100 2921 eleemosynas
1129 2847 1394 2910 dederint,
1430 2844 1571 2899 sicut
1593 2840 1811 2913 quidam
1838 2850 1931 2891 eas
1961 2834 2093 2890 dan-

502 2948 601 3004 das
641 2952 836 3016 putant
883 2956 1006 2995 cum
1057 2939 1165 2992 sint
1219 2934 1481 2991 immundi
1533 2944 1745 2995 omnes,
1796 2940 1934 2997 quos
1986 2938 2093 2977 non

497 3015 729 3095 mundat
767 3035 898 3089 tiles
927 3018 1148 3091 Christi,
1175 3030 1241 3083 de
1264 3042 1367 3097 qua
1398 3026 1663 3094 scriptum
1690 3027 1804 3075 est:
1835 3015 2094 3072 mundana

498 3130 605 3201 ﬁde
635 3126 795 3182 corda
828 3139 1030 3185 eorum,
1061 3130 1117 3174 et
1155 3129 1334 3192 tamen
1364 3120 1551 3169 verum
1580 3122 1684 3176 est,
1718 3108 1863 3179 quod
1907 3106 2094 3160 audie-

501 3230 646 3286 rant,
685 3221 807 3272 date
843 3215 1241 3284 eleemosgnam,
1276 3220 1322 3264 et
1366 3225 1478 3263 ecce
1520 3206 1697 3259 omnia
1747 3200 1944 3256 munda
1976 3205 2096 3251 sunt

2186 1999 2371 2055 fallant
2410 1997 2503 2067 qui
2548 2010 2646 2067 per
2688 1993 3083 2062 eleemosynas,
3126 1986 3393 2057 quaslibet
3440 1984 3781 2055 largissimas

2186 2090 2455 2146 fructuum
2482 2101 2701 2143 suorum
2730 2084 2810 2138 vel
2838 2082 3099 2151 cujusque
3126 2079 3368 2149 pecuniae
3392 2074 3777 2145 impunitatem

2186 2199 2247 2240 se
2276 2195 2459 2238 emere
2488 2179 2833 2241 existimant,
2879 2175 2933 2230 in
2971 2172 3274 2228 facinorum
3316 2166 3678 2230 immanitate,
3718 2181 3787 2219 ac

2187 2272 2515 2344 ﬂagitiorum
2551 2268 2790 2338 nequitia
2816 2262 3206 2336 permanendo.

2271 2364 2360 2421 γω
2385 2363 2527 2419 vobis
2564 2359 2875 2423 Pltaristeis,
2911 2356 3002 2427 qui
3024 2352 3243 2424 diligitis
3274 2350 3470 2422 primas
3506 2346 3791 2402 cathedras

2188 2456 2543 2530 insynagogis
2586 2463 2633 2510 et
2667 2450 3011 2507 salutationes
3052 2447 3109 2501 in
3138 2446 3274 2516 foro.
3315 2443 3409 2499 Va:
3438 2439 3592 2495 nobis
3622 2438 3793 2492 misc-

2192 2556 2288 2619 ris,
2328 2551 2403 2607 ad
2450 2564 2587 2621 quos
2646 2544 3049 2602 Pharisaeorum
3100 2538 3231 2594 vitia
3286 2534 3641 2597 transierunt,
3695 2529 3793 2600 qui

2190 2649 2353 2704 breve
2380 2655 2436 2700 et
2477 2644 2740 2697 incertum
2771 2636 2896 2691 vitae
2936 2640 3136 2697 nostrae
3163 2624 3493 2685 curriculum
3525 2637 3629 2693 quo
3661 2635 3796 2691 pec-

2195 2748 2314 2795 cata
2347 2733 2628 2795 humiliter
2662 2728 2917 2803 plangere
2960 2722 3343 2784 debueramus,
3402 2731 3501 2785 pro
3538 2715 3794 2785 prioratu

2195 2827 2425 2886 invicem
2457 2822 2689 2894 superbe
2722 2814 2986 2874 certando
3014 2811 3255 2883 peccatis
3295 2807 3526 2877 amplius
3558 2819 3801 2862 onerare

2196 2935 2303 2977 non
2329 2916 2641 2974 metuimus.

2279 3009 2368 3065 νω
2387 3006 2689 3076 vobis,quia
2709 3002 2840 3067 estis
2872 3008 2926 3053 ut
2950 3002 3285 3051 monumenta
3310 3007 3427 3062 quae
3453 3006 3557 3044 non
3585 2993 3799 3058 patent,

2199 3113 2247 3157 et
2274 3100 2507 3156 homines
2542 3092 2869 3150 ambulantes
2906 3105 3094 3159 supra,
3140 3085 3393 3139 nesciunt.
3448 3080 3513 3137 Et
3543 3079 3644 3133 hac
3698 3094 3798 3135 su-

2200 3176 2576 3265 perstitionem
2601 3186 2999 3242 Pharisaxorum
3029 3178 3298 3235 sententia
3333 3173 3633 3242 redarguit,
3662 3173 3800 3242 quia

501 3266 646 3286 .....-,
687 3266 802 3272 πη
1231 3266 1241 3277 ,

500 3313 664 3369 vobis.
696 3310 796 3378 Qui
836 3308 981 3364 enim
1020 3305 1134 3359 vult
1178 3303 1429 3357 ordinate
1456 3298 1853 3367 eleemosynam
1886 3293 2035 3354 dare,
2067 3305 2097 3342 a
2126 3284 2171 3346 C
2204 3288 2336 3343 l‘oris
2363 3284 2597 3354 speciem
2622 3286 2784 3334 recta:
2808 3266 3070 3332 doctrina:
3089 3268 3427 3341 praetendant
3455 3282 3468 3318 :
3494 3266 3639 3319 intus
3662 3278 3800 3317 vero

500 3420 563 3458 se
590 3403 706 3472 ipso
732 3399 892 3454 debet
920 3396 1160 3465 incipere
1192 3402 1247 3447 ct
1272 3407 1392 3447 eam
1435 3388 1536 3445 sibi
1564 3389 1798 3457 primum
1830 3384 1981 3444 dare,
2011 3388 2096 3432 est

501 3494 647 3549 enim
678 3490 1020 3558 cleemosyna
1070 3499 1206 3555 opus
1255 3478 1663 3541 misericordim,
1710 3472 2098 3539 vcrissimcque

505 3586 709 3641 dictum
740 3590 843 3646 est,
875 3580 1119 3633 miserere
1141 3576 1331 3629 animm
1355 3582 1458 3626 tute
1477 3569 1686 3642 placens
1720 3565 1850 3628 Deo,
1882 3569 2101 3633 propter

507 3684 609 3737 hoc
637 3678 974 3734 renascimur
1002 3682 1063 3727 ut
1089 3673 1197 3726 Deo
1227 3668 1556 3739 placeamus,
1586 3663 1671 3718 cui
1700 3660 1896 3715 merito
1918 3656 2103 3726 displi-

508 3785 595 3832 cet
624 3774 767 3846 quod
795 3770 1065 3827 nascendo
1092 3763 1481 3821 contraximus.
1508 3760 1633 3814 llmc
1657 3764 1740 3812 est
1768 3754 1943 3825 prima
1970 3752 2107 3805 elec-

509 3883 756 3940 mosyua,
798 3880 960 3935 quam
1012 3860 1169 3915 nobis
1212 3856 1481 3917 dedimus,
1513 3849 1769 3920 quoniam
1815 3860 1916 3899 nos
1961 3843 2106 3911 ipsos

509 3964 740 4019 miseros
768 3974 865 4029 per
888 3953 1200 4010 miserantis
1230 3949 1323 4003 Dei
1352 3942 1781 4000 misericordiam
1822 3934 2108 4005 requisivi-

509 4070 653 4111 mus.
682 4026 915 4119 Propter
940 4043 1242 4101 dilectionis
1268 4040 1514 4097 ordinem
1535 4035 1740 4090 dictum
1771 4040 1873 4094 est,
1910 4026 2106 4097 Diliges

510 4145 808 4216 proximum
847 4118 995 4191 tuum
1024 4145 1277 4204 tanquam
1307 4140 1354 4183 te
1383 4129 1574 4198 ipsum.
1604 4124 1738 4179 Cum
1768 4134 1898 4190 ergo
1928 4119 2107 4171 incre-

512 4239 695 4304 passet
720 4244 814 4283 eos
842 4224 984 4295 quod
1028 4221 1329 4277 forinsecus
1357 4232 1414 4271 se
1445 4215 1711 4275 iuvarent,
1746 4210 1892 4263 intus
1927 4213 2111 4259 autem

516 4302 703 4394 rapina
732 4328 788 4376 et
817 4312 1114 4384 iniquitate
1160 4308 1301 4381 pleni
1337 4313 1535 4366 essent,
1585 4302 1883 4355 admonens
1921 4308 2111 4365 quam-

513 4385 640 4471 da-m
670 4412 1093 4477 elcemosynam,
1118 4416 1286 4472 quam
1318 4398 1421 4452 sibi
1471 4396 1634 4450 homo
1661 4390 1819 4445 debet
1858 4385 2111 4457 primitus

516 4509 670 4569 dare,
693 4511 748 4557 et
763 4499 1020 4556 interiora
1042 4493 1336 4555 mundare;
1354 4496 1749 4547 verumtamen,
1767 4478 1961 4548 inquit,
1975 4474 2112 4546 quod

515 4604 746 4670 superest
775 4593 894 4646 date
916 4588 1320 4654 eleemosynam,
1347 4589 1535 4635 ειπερ
1557 4574 1735 4629 omnia
1762 4569 1961 4624 munda
1992 4574 2111 4621 sunt

518 4660 678 4744 vobis.
730 4681 933 4739 Deinde
973 4687 1035 4732 ut
1073 4672 1383 4731 ostenderet
1418 4667 1560 4736 quod
1612 4660 2005 4722 admonuisset,
2055 4664 2110 4710 et

518 4780 661 4849 quod
687 4776 789 4847 ipsi
811 4774 989 4829 facere
1017 4784 1121 4823 non
1152 4769 1431 4824 curarent,
1463 4774 1529 4813 ne
1561 4756 1709 4811 illum
1736 4758 1989 4822 putarent
2020 4763 2111 4802 co—

523 4866 640 4926 rum
683 4868 1056 4935 eleemosynas
1102 4862 1354 4930 ignorare
1394 4871 1407 4903 :
1452 4849 1556 4906 Sed
1599 4863 1674 4901 va:
1710 4845 1874 4907 vobis,
1909 4839 2108 4909 inquit,

527 4961 834 5017 l’ltarisa’is.
860 4958 1138 5025 Tanquam
1163 4952 1389 5010 diceret,
1416 4944 1529 5013 Ego
1559 4940 1775 5011 quidem
1800 4930 2111 4990 conunonui

522 5071 619 5110 VOS
649 5054 1047 5121 eleemosynam
1102 5044 1333 5098 dandam
1375 5052 1472 5107 per
1508 5048 1670 5103 quam
1714 5028 1865 5083 vobis
1912 5023 2109 5079 munda

523 5151 634 5207 sint
661 5144 865 5202 omnia.
903 5127 906 5130 ’

600 5238 704 5311 Sed
732 5254 807 5291 va:
836 5233 999 5296 vobis,
1027 5229 1151 5301 quia
1191 5220 1461 5278 dccimatis
1499 5200 1787 5275 ment/tam,
1830 5219 1875 5264 et
1916 5214 2111 5264 rutam,

521 5344 575 5391 et
606 5346 757 5386 omne
789 5326 926 5381 olus.
984 5322 1093 5376 llas
1138 5317 1285 5373 enim
1334 5311 1457 5367 novi
1501 5309 1874 5372 clecmosynas
1906 5305 2118 5350 vestras

531 5440 600 5481 ne
629 5424 697 5479 de
720 5420 823 5476 illis
852 5432 937 5471 me
966 5428 1109 5467 nunc
1142 5424 1237 5464 vos
1272 5401 1615 5459 admonuisse
1654 5388 2011 5450 arbitremini.

606 5524 675 5579 Et
707 5516 983 5593 prwteritis
997 5510 1258 5582 judicium
1286 5515 1333 5561 et
1360 5500 1668 5557 charitatem
1693 5493 1819 5547 Dei:
1847 5503 1953 5559 qua
1981 5485 2123 5539 elee‘

535 5576 760 5685 mosyria
808 5606 1039 5681 possetis
1088 5602 1154 5655 ab
1199 5596 1345 5654 omni
1407 5580 1815 5661 inquinamento
1867 5576 2123 5633 interiore

1973 5681 2007 5685 η
2043 5665 2085 5685 ι-

540 5665 901 5764 inundarunt
934 5694 1088 5750 vobis
1130 5687 1330 5745 munda
1360 5688 1542 5739 essent
1565 5685 1620 5733 et
1644 5686 1869 5743 corpora
1894 5681 2013 5737 qua:
2043 5665 2123 5717 la-

543 5797 704 5852 vatis.
745 5793 859 5849 Hoc
898 5795 981 5844 est
1019 5784 1163 5841 enim
1191 5777 1390 5839 omnia,
1434 5782 1489 5828 et
1522 5766 1780 5824 interiora
1812 5760 2041 5820 scilicet,
2074 5762 2127 5809 et

545 5887 849 5949 exteriora,
899 5882 1037 5937 sicut
1084 5872 1207 5938 alibi
1262 5868 1478 5940 legitur,
1534 5857 1781 5921 Mandata
1823 5868 1937 5925 qua!
1990 5850 2127 5902 intus

2194 3380 2322 3450 quid
2350 3374 2611 3430 foeditatis
2641 3379 2832 3443 gerant
2865 3364 3157 3429 occultent,
3202 3362 3372 3416 instar
3409 3365 3802 3411 monumento-

2198 3486 2318 3525 rum
2345 3481 2465 3537 quae
2518 3480 2641 3520 cum
2686 3456 3025 3529 superﬁciem
3066 3463 3228 3508 terrte
3270 3447 3572 3505 communis
3605 3454 3801 3499 osten-

2200 3563 2363 3624 dant,
2388 3558 2534 3612 intus
2552 3548 3003 3609 vcrmesccntium
3024 3539 3489 3599 suntcadaverum
3519 3536 3700 3607 plena,
3734 3534 3809 3588 de

2202 3649 2403 3723 quibus
2425 3644 2711 3702 Psalmista
2751 3653 2873 3695 cum
2915 3637 3137 3697 diceret,
3182 3629 3475 3701 sepulcrum
3505 3637 3687 3696 patens
3724 3635 3807 3677 est

2204 3717 2385 3812 guttur
2405 3752 2610 3799 eorum,
2636 3747 2784 3795 mox,
2811 3728 2937 3797 quid
2962 3724 3191 3781 dixisset
3217 3718 3447 3791 aperuit,
3475 3717 3805 3787 adjungens,

2206 3830 2423 3901 Linguis
2452 3827 2562 3883 suis
2584 3822 2763 3878 dolose
2790 3818 3031 3889 agebant.

2279 3894 2615 3992 Iiespondens
2647 3924 2821 3969 autent
2844 3909 3061 3981 quidam
3109 3922 3175 3960 ea:
3213 3900 3541 3974 legisperitis,
3579 3896 3653 3949 ait
3674 3894 3761 3948 illi
3784 3908 3811 3950 :

2210 3988 2487 4082 Magister,
2508 4009 2620 4061 lucc
2650 4005 2851 4067 dicens,
2878 4001 3034 4054 etiam
3063 3997 3213 4051 nobis
3246 3990 3613 4048 contumeliam
3642 3988 3804 4056 facis.

2210 4105 2381 4173 Quam
2418 4102 2618 4156 misera
2644 4092 2998 4155 conscientia,
3026 4104 3147 4158 qua:
3171 4086 3355 4141 audito
3383 4082 3478 4136 Dei
3506 4080 3669 4139 verbo
3696 4076 3803 4134 sibi

2211 4191 2594 4251 contumeliam
2623 4194 2777 4256 putat
2801 4181 2942 4243 ﬁeri,
2969 4188 3022 4233 et
3048 4182 3469 4232 commemorata
3500 4183 3655 4239 poena
3676 4181 3813 4236 per-

2213 4278 2443 4342 iidoru‘m
2471 4295 2528 4335 se
2557 4254 2770 4345 semper
2794 4267 3045 4339 intelligit
3071 4280 3193 4321 esse
3219 4258 3618 4318 damnandam!
3647 4254 3809 4311 Unde

2214 4375 2345 4432 mihi
2386 4371 2631 4440 meisque
2676 4364 2944 4421 similibus
2986 4358 3206 4412 unicum
3254 4349 3545 4421 suﬂ‘ugium
3584 4361 3809 4415 semper

2214 4477 2298 4523 est
2328 4436 2555 4520 Domino
2588 4473 2708 4513 cum
2752 4452 3020 4523 Propheta
3061 4444 3385 4517 supplicare,
3419 4438 3632 4495 Utinam
3672 4436 3811 4489 diri-

2218 4570 2411 4635 gantur
2432 4556 2529 4611 vim
2553 4568 2682 4607 mem
2724 4549 2793 4604 ad
2830 4540 3195 4601 custodiendas
3212 4535 3625 4608 justiﬁcationes
3660 4532 3813 4585 tuus!

2136 4643 2187 4703 ἰ)
2215 4663 2337 4706 tunc
2383 4664 2486 4702 non
2531 4640 2829 4713 confundor
2877 4635 3000 4689 dum
3026 4637 3298 4699 respexere
3323 4626 3379 4680 in
3421 4621 3599 4677 omnia
3652 4635 3811 4673 man-

2217 4743 2345 4796 data
2381 4749 2494 4792 tua.

2288 4835 2351 4886 At
2378 4831 2466 4886 ille
2488 4831 2560 4884 ait
2587 4845 2604 4882 :
2632 4826 2697 4880 Et
2720 4823 2861 4877 vobis
2884 4814 3193 4890 lcgisperitis
3216 4827 3313 4876 me,
3341 4808 3430 4880 qui
3453 4801 3682 4860 oneratis
3715 4800 3807 4853 lto-

2219 4928 2382 4982 mincs
2421 4921 2660 4977 oneribus
2690 4932 2806 4988 quae
2832 4921 3045 4983 portare
3075 4923 3177 4961 non
3216 4905 3457 4974 possunt,
3496 4906 3544 4952 et
3570 4894 3668 4949 insi
3701 4907 3811 4945 uno

2219 5018 2381 5087 dig’to
2408 5024 2576 5087 uestro
2617 5026 2717 5062 non
2754 5003 2967 5073 tangitis
2997 5012 3176 5053 eorum
3212 4993 3492 5048 sarcinam.
3513 4984 3639 5041 Non
3676 4997 3810 5053 pos-

2223 5073 2349 5163 sant
2374 5080 2538 5159 onera
2569 5099 2701 5169 legis
2730 5092 2934 5166 portari
2966 5104 3031 5144 co
3065 5085 3223 5142 modo
3247 5097 3353 5152 quo
3382 5078 3470 5135 isti
3512 5073 3809 5147 -egisperiti

2225 5214 2288 5253 ea
2309 5187 2668 5263 ’imponebant
2698 5165 3027 5244 hominibus,
3060 5177 3201 5232 unde
3238 5180 3384 5227 recte
3415 5167 3641 5229 audivit,
3663 5165 3811 5234 quod

2227 5289 2467 5345 sarcinas
2510 5283 2626 5351 ejus
2659 5294 2767 5334 uno
2791 5275 2957 5345 digito
2984 5283 3092 5325 non
3130 5268 3433 5335 tangerent,
3472 5259 3574 5313 hoc
3605 5264 3715 5319 est,
3744 5268 3816 5308 ue

2227 5382 2279 5436 in
2318 5376 2554 5433 minimis
2584 5371 2800 5442 quidem
2831 5381 2949 5421 cam
2973 5359 3313 5433 perlicerent,
3337 5366 3501 5423 quam
3535 5362 3592 5404 se
3618 5353 3813 5402 contra

2226 5479 2455 5526 mortem
2496 5437 2682 5538 lFortc
2736 5454 2964 5527 morem]
3009 5461 3223 5523 patrum
3249 5448 3366 5503 sine
3410 5442 3515 5499 [ide
3550 5446 3605 5495 et
3633 5437 3811 5510 gratia

2225 5566 2352 5621 Jesu
2382 5560 2583 5617 Christi
2605 5564 2659 5611 et
2690 5566 2909 5608 servare
2937 5557 2993 5603 et
3018 5543 3341 5604 servandam
3370 5537 3582 5594 tradere
3608 5547 3815 5606 praesa.

2228 5652 2461 5715 mebant.
2490 5655 2665 5722 Atque
2688 5649 2810 5703 ideo
2838 5644 3025 5715 jugum
3052 5639 3252 5697 Christi
3275 5649 3438 5693 suave
3458 5640 3513 5688 et
3538 5630 3814 5687 sarcinam

2230 5751 2344 5820 ejus
2374 5748 2568 5808 levem,
2596 5738 2685 5796 ubi
2717 5736 2931 5807 requies
2972 5742 3056 5788 est
3094 5730 3420 5792 animarum,
3449 5720 3640 5795 procul
3678 5720 3819 5791 abji-

2232 5855 2356 5897 cere
2397 5845 2449 5891 et
2488 5832 2851 5890 exterminare
2894 5824 3202 5889 tentabant,
3234 5835 3355 5878 cum
3386 5817 3649 5887 scriptum
3698 5814 3811 5872 sit;
