3960 6346
267 384 375 441 605

1330 382 1633 465 ΙῙΟΜΙΙᾸᾹᾷ
1671 381 1736 437 IN
1775 380 2032 438 EVANG.
2073 381 2161 436 ET
2202 381 2419 437 EPIST.

3410 384 3520 441 406

262 496 453 553 Iustus
475 514 540 554 ea:
567 498 672 568 ﬁde
700 493 839 561 vivit,
868 502 923 549 et
946 492 1215 563 apostolus
1243 492 1436 549 Petrus
1463 493 1566 557 his,
1596 492 1687 562 qui
1719 506 1837 547 crev
1864 497 1916 554 Λ
1940 491 2030 545 rit.
2072 489 2215 546 Sane
2240 492 2330 563 qui
2375 508 2439 547 ex
2479 492 2619 547 dono
2662 491 2824 547 hibet
2871 493 3208 563 sapientiam,
3251 492 3365 549 sine
3412 508 3511 550 suo

266 586 459 643 dentes
500 604 567 644 ex
615 591 859 661 gentibus
903 585 1215 642 circumcidi
1248 586 1532 655 docebant,
1578 594 1842 656 proteste-

268 684 381 743 tur,
410 686 466 733 et
499 679 663 745 dicat,
708 688 756 733 et
794 694 930 733 nunc
967 676 1091 747 quid
1119 677 1326 731 tentatis
1351 675 1541 741 Deum,
1577 676 1841 745 imponere

257 768 453 842 jugum
491 787 645 842 super
677 772 923 826 cervicem
961 767 1360 839 discipulorum,
1384 766 1522 837 quod
1555 782 1714 837 neque
1746 783 1841 837 pa-

264 866 373 914 tres
410 864 576 915 nostri
605 878 765 934 neque
793 877 885 915 nos
914 860 1175 930 potuimus
1215 867 1443 929 portare,
1473 858 1563 911 sed
1601 873 1694 927 per
1714 873 1839 927 gra-

266 949 396 1003 tiam
422 950 635 1005 Domini
666 950 793 1006 Iesu
818 951 1075 1005 credimus
1104 948 1295 1006 salvari
1324 945 1757 1019 quemadmodum
1791 954 1841 1000 et

263 1036 495 1107 61112ρυί
530 1057 653 1097 cum
680 1040 844 1097 Patre
867 1050 922 1097 et
957 1040 1160 1111 Spiritu
1190 1047 1378 1095 sancto
1412 1039 1545 1093 vivit
1563 1049 1619 1094 et
1651 1047 1840 1109 regnat

264 1127 411 1187 Dens
436 1120 533 1202 per
561 1131 742 1188 omnia
770 1131 962 1188 saecula
984 1130 1319 1187 saeculorum.
1354 1128 1543 1183 Amen.

762 1258 1041 1315 HOMILIA
1078 1257 1336 1314 CXXXV.

573 1363 826 1404 DOIINICA
863 1365 917 1404 XI
959 1364 1087 1405 POS’I‘
1126 1362 1523 1404 PENTECOSTEN.

438 1456 623 1514 Lectio
647 1459 908 1531 ,Epistolte
943 1460 1005 1515 Β.
1040 1460 1190 1515 Pauli
1234 1461 1303 1515 ad
1327 1460 1655 1517 Corinthios.

337 1564 577 1633 Fratres,
605 1569 750 1623 scitis
778 1570 1022 1639 quoniam
1067 1585 1183 1623 cum
1216 1578 1391 1640 gentes
1419 1571 1615 1636 essetis,
1661 1572 1728 1625 ad
1756 1588 1830 1625 st-

254 1658 498 1713 mulacra
532 1669 675 1713 muta
700 1669 854 1731 prout
878 1660 1206 1714 ducebamini
1236 1672 1431 1717 euntes.
1479 1661 1609 1716 Ideo
1653 1674 1831 1717 notum

253 1749 400 1803 vobis
428 1750 567 1823 facio
607 1750 745 1821 quod
782 1767 930 1806 nemo
974 1752 1029 1806 in
1067 1751 1270 1823 Spiritu
1298 1752 1395 1808 Dei
1423 1753 1655 1825 loquens,
1703 1756 1830 1810 dicit

251 1841 539 1894 anathema
568 1840 717 1908 Iesu,
748 1850 854 1897 etc.

330 1930 409 1986 De
427 1931 621 1987 divinis
646 1933 1064 1990 charismatibus
1082 1943 1138 1990 et
1164 1934 1230 1990 de
1255 1934 1632 1992 distributione
1658 1935 1829 1991 dono-

251 2033 379 2073 rum
415 2018 647 2089 Spiritus
686 2020 881 2085 sancti,
914 2036 1034 2089 qua:
1063 2021 1403 2091 omnipotens
1429 2021 1570 2076 Deus
1592 2038 1688 2092 per
1711 2021 1833 2091 Spi-

254 2112 605 2175 ritumsuum
633 2120 878 2168 sanctum
914 2112 1161 2168 ﬁdelibus
1186 2114 1299 2168 suis
1324 2113 1597 2183 dispensat
1636 2113 1832 2168 Paulus

253 2202 537 2271 apostolus
580 2202 814 2259 breviter
835 2203 1117 2273 disputans
1144 2204 1239 2269 ait,
1288 2212 1345 2259 ut
1378 2205 1430 2258 in
1459 2204 1711 2275 praesenti
1750 2204 1830 2259 le-

251 2293 437 2349 ctione
457 2293 711 2371 audistis:
733 2292 889 2349 Scitis
918 2295 1053 2348 enim
1080 2295 1325 2364 quoniam
1351 2310 1468 2349 cum
1496 2304 1669 2366 gentes
1692 2311 1831 2349 esse-

250 2386 347 2451 tis,
383 2384 452 2438 ad
473 2384 757 2439 simulacra
786 2394 930 2439 muta
954 2396 1104 2456 prout
1133 2385 1460 2440 ducebamini
1482 2396 1660 2440 euntes
1685 2399 1703 2437 ε
1731 2387 1833 2441 hoc

249 2484 360 2540 est,
387 2485 673 2545 antequam
694 2479 838 2531 vera:
877 2476 1001 2531 ﬁdei
1040 2476 1307 2531 rationem
1331 2476 1740 2544 coguovissetis,
1778 2487 1834 2534 et

249 2574 385 2621 ante
412 2557 736 2637 agnitionem
768 2564 862 2619 ﬁlii
904 2564 1000 2631 Dei
1034 2564 1175 2620 idola
1202 2573 1348 2619 muta
1375 2572 1428 2620 et
1456 2580 1594 2619 vana
1618 2564 1829 2619 coleba-

221 2651 348 2711 'tis.
378 2656 505 2710 Ideo
539 2668 713 2712 notum
746 2657 886 2712 vobis
907 2656 1044 2727 facio
1067 2656 1205 2727 quod
1226 2673 1374 2711 nemo
1409 2658 1463 2713 in
1495 2657 1697 2728 Spiritu
1735 2657 1834 2711 Dei

248 2744 489 2816 loquens,
512 2746 638 2800 dicit
666 2748 941 2802 anathema
962 2746 1110 2802 Iesu.
1140 2747 1303 2816 Optat
1330 2747 1618 2818 Apostolus
1641 2755 1699 2803 ut
1715 2746 1830 2818 jam

250 2834 651 2891 irrationabiles
676 2835 1085 2907 immobilesque
1115 2852 1221 2892 non
1244 2837 1384 2901 sitis,
1421 2852 1542 2891 cum
1574 2836 1830 2908 religione

253 2923 405 2979 enim
442 2934 496 2979 et
521 2939 699 2981 mores
734 2933 923 2983 notare
968 2928 1193 2999 debetis,
1219 2936 1275 2984 et
1318 2942 1541 2984 noscere
1567 2928 1695 2984 ﬁdei
1738 2945 1828 2985 ra-

254 3014 482 3070 tionem.

329 3105 399 3159 Et
429 3122 573 3160 nemo
600 3116 761 3177 potest
782 3108 974 3180 dicere,
1008 3110 1262 3165 Dominus
1286 3108 1462 3175 Iesus,
1508 3111 1608 3165 nisi
1633 3111 1686 3164 in
1711 3110 1832 3182 Spi-

1945 592 2141 639 conatu
2182 583 2415 653 loquitur
2440 594 2495 639 et
2540 584 2740 650 labore,
2769 593 2825 640 et
2870 598 3027 640 nemo
3062 594 3239 655 potest
3269 574 3344 641 illi
3384 588 3521 643 resi-

1940 682 2104 728 stere.
2145 672 2404 742 Sequitur
2430 692 2442 727 :

2010 763 2117 817 Alii
2148 772 2321 817 autem
2353 779 2520 818 sermo
2545 763 2773 817 scientia:
2808 764 3090 818 secundum
3116 762 3353 817 eumdem
3389 762 3515 836 Spi-

1940 852 2120 906 ritum.
2153 851 2223 907 Ut
2248 852 2385 907 sciat
2421 851 2552 922 legis
2581 845 2835 922 mysteria
2862 851 3172 922 explanare,
3204 860 3258 908 et
3282 852 3349 908 de
3371 867 3513 924 prm-

1940 942 2113 997 teritis
2134 942 2298 997 etiam
2320 956 2663 1021 cognoscpre.

2006 1031 2170 1085 Alteri
2195 1031 2325 1100 ﬁdes
2366 1032 2422 1085 in
2465 1030 2643 1085 eodem
2681 1028 2905 1100 Spiritu.
2945 1029 3080 1098 Quia
3128 1030 3220 1087 alii
3262 1032 3510 1089 veracior

1937 1127 2099 1191 atque
2120 1121 2479 1190 perspicacior
2506 1120 2813 1176 intellectus
2838 1120 2995 1175 datur
3015 1121 3081 1177 ad
3117 1120 3297 1177 ﬁdem.

2006 1210 2113 1264 Alii
2130 1211 2301 1280 gratia
2326 1212 2611 1266 sanitatum
2638 1211 2691 1265 in
2717 1228 2820 1265 uno
2849 1209 3069 1280 Spiritu.
3096 1210 3199 1267 Per
3221 1212 3393 1283 ipsum
3416 1216 3509 1270 da-

1939 1307 2025 1354 tur
2054 1298 2312 1369 Spiritum
2350 1309 2593 1355 sanctum
2615 1309 2675 1355 ut
2707 1315 2900 1355 curare
2924 1301 3099 1371 possit
3122 1312 3372 1373 mgrotos.

2006 1388 2111 1442 Atii
2128 1390 2417 1459 proli/retia.
2444 1389 2513 1445 Et
2536 1389 2714 1444 futura
2744 1391 3057 1460 praidicant.

2003 1479 2109 1532 Alii
2155 1480 2396 1533 discretio
2422 1481 2717 1550 spirituum.
2750 1480 2819 1536 Ut
2846 1481 2989 1552 quali
3020 1483 3141 1552 quis
3179 1483 3371 1553 spiritu
3407 1498 3503 1539 vc-

1933 1567 2066 1632 uiat,
2100 1569 2181 1623 vel
2213 1568 2462 1640 loquatur
2490 1570 2766 1642 intelligat.

2002 1657 2108 1711 Alii
2141 1674 2331 1728 genera
2357 1658 2672 1730 linguarum.
2715 1658 2784 1716 Ut
2810 1661 2993 1717 multis
3034 1676 3097 1717 ac
3140 1661 3367 1719 diversis
3407 1663 3507 1719 iiu-

1939 1748 2059 1819 guis
2082 1748 2255 1803 ‘valcat
2286 1748 2452 1819 loqui.

1862 1834 1909 1894 B
2005 1836 2111 1890 Atii
2136 1838 2489 1906 interpretatio
2532 1855 2846 1894 sermonum.
2877 1839 2949 1896 Ut
2974 1844 3116 1912 quod
3152 1842 3243 1898 alii
3280 1842 3509 1899 diversis

1936 1926 2458 1999 loquunturlinguis,
2482 1929 2528 1984 is
2550 1944 2645 1999 per
2670 1930 2867 1985 donum
2894 1934 3067 1988 sancti
3091 1934 3323 2005 Spiritus
3340 1937 3512 2005 possit

1936 2018 2281 2089 interpretari
2312 2019 2447 2074 alius
2473 2019 2540 2073 ad
2565 2022 2830 2076 notitiam.
3160 2033 3164 2036 ‘

2009 2109 2136 2164 "an:
2164 2120 2335 2163 autem
2362 2111 2537 2165 omnia
2566 2120 2810 2181 operatur
2832 2130 2967 2169 unus
2997 2122 3150 2185 atque
3177 2114 3315 2170 idem
3344 2115 3512 2187 Spiri-

1934 2209 2054 2264 tus,
2101 2198 2335 2253 dividens
2377 2198 2595 2269 singulis
2640 2210 2793 2270 prout
2838 2202 2961 2267 vult.
3013 2203 3157 2260 Bene
3209 2205 3275 2259 de
3319 2206 3509 2261 eodem

1934 2286 2139 2357 Spiritu
2166 2289 2423 2359 scriptum
2450 2298 2568 2344 est:
2604 2289 2692 2344 ille
2734 2308 2819 2345 vos
2863 2292 3061 2347 docebit
3085 2293 3279 2361 omnia,
3313 2306 3361 2349 et
3388 2314 3510 2367 sug-

1931 2388 2065 2450 geret
2090 2378 2233 2432 vobis
2256 2380 2428 2432 omnia
2457 2395 2773 2451 qutccunque
2795 2380 2974 2435 dixero
3002 2382 3158 2437 vobis.
3200 2381 3379 2438 Bonus
3404 2386 3506 2456 igi-

1936 2477 2024 2524 tur
2049 2470 2304 2540 magister
2330 2477 2431 2535 est,
2468 2470 2610 2526 idem
2644 2472 2946 2542 paracletus
2982 2473 3245 2546 Spiritus,
3268 2478 3359 2549 qui
3384 2493 3503 2533 om-

1934 2560 2025 2614 nia
2068 2574 2166 2614 nos
2202 2560 2375 2625 docet,
2404 2574 2524 2629 qua:
2562 2559 2807 2619 Christus
2851 2563 3045 2620 docere
3079 2568 3342 2636 promisit.
3387 2567 3501 2623 Hoc

1935 2666 2147 2722 quoque
2186 2667 2289 2706 non
2333 2651 2507 2707 solum
2534 2652 2620 2708 die
2657 2653 3022 2724 Pentecostes,
3055 2660 3156 2715 hoc
3179 2669 3277 2725 est,
3309 2662 3361 2715 in
3404 2662 3499 2716 ad-

1933 2748 2096 2796 ventu
2123 2741 2351 2811 Spiritus
2369 2742 2540 2797 sancti
2575 2743 2846 2801 celebrare
2869 2748 3141 2816 debemus,
3182 2751 3275 2806 sed
3302 2753 3373 2806 ita
3403 2768 3494 2807 nec

1933 2846 2086 2886 cesse
2125 2841 2206 2886 est
2251 2847 2493 2902 agamus,
2540 2840 2600 2887 ut
2636 2835 2874 2905 quotidie
2919 2852 3042 2891 eum
3084 2840 3149 2894 ad
3199 2856 3296 2896 nos
3339 2844 3506 2897 castis

1933 2919 2186 2989 operibus
2226 2929 2280 2974 et
2326 2921 2489 2975 castis
2536 2925 2843 2992 pectoribus
2882 2925 3185 2999 invitemus.
3233 2928 3310 2984 Ita
3358 2932 3500 2985 enim

1932 3008 2054 3077 puri
2084 3016 2243 3078 atque
2284 3011 2524 3081 purgatis
2568 3014 2813 3069 sensibus
2842 3022 2895 3069 et
2924 3017 3337 3087 cogitationibus
3378 3037 3499 3077 esse

1933 3096 2224 3153 debemus:
2258 3098 2332 3153 ita
2372 3115 2469 3155 nos
2492 3109 2703 3171 oportet
2732 3104 2811 3158 ori
2844 3113 2897 3159 et
2934 3106 3082 3161 cordi
3127 3109 3381 3164 adhibere
3406 3127 3501 3166 cu-

253 3196 367 3249 ritu
390 3206 583 3251 sancto.
620 3196 895 3263 Quomodo
920 3199 1062 3253 enim
1090 3200 1369 3269 operarios
1394 3201 1694 3271 iniquitatis
1724 3201 1826 3257 Do-

1943 3187 2182 3253 stodiam,
2209 3198 2268 3243 ut
2306 3204 2403 3245 nos
2428 3190 2617 3262 dignos
2642 3207 2853 3263 semper
2884 3196 2999 3267 ejus
3024 3196 3326 3255 visitatione
3350 3211 3405 3256 et
3441 3204 3503 3257 il-

251 3284 439 3359 minus
484 3301 591 3341 non
631 3288 893 3356 agnoscit,
941 3289 1188 3358 quamvis
1235 3290 1459 3345 virtutes
1501 3299 1825 3359 operentur,

252 3376 339 3432 ita
365 3385 420 3432 et
446 3375 691 3433 Christus
717 3393 809 3433 eos
831 3393 938 3433 non
968 3369 1253 3449 cognoscit
1274 3382 1365 3451 qui
1390 3396 1513 3435 eum
1543 3382 1830 3437 Dominum

248 3465 458 3533 Iesum,
493 3477 701 3524 tantum
727 3485 877 3545 voce,
929 3487 1034 3526 non
1072 3473 1233 3526 rectis
1266 3474 1516 3542 operibus
1562 3474 1824 3529 conﬁten-

251 3569 371 3617 tur.
395 3560 463 3617 Ut
496 3562 609 3631 ipse
645 3562 723 3617 ait
752 3580 765 3616 :
798 3562 921 3617 Non
954 3568 1120 3620 omnis
1141 3567 1229 3636 qui
1261 3567 1385 3620 dicit
1433 3568 1577 3633 milii,
1608 3568 1828 3623 Domine

257 3652 498 3719 Domine,
520 3654 743 3712 intrabit.
776 3655 829 3710 in
873 3672 1083 3726 regnum
1130 3656 1372 3712 ctelorum
1398 3659 1526 3713 :sed
1572 3661 1660 3729 qui
1696 3660 1824 3728 facit

252 3742 569 3799 voluntatem
597 3744 774 3799 Patris
804 3747 923 3812 mei,
946 3748 1034 3817 qui
1074 3747 1130 3801 in
1163 3746 1300 3801 costis
1322 3758 1417 3815 est,
1468 3750 1575 3818 ipse
1613 3748 1827 3803 intrabit

250 3834 311 3887 in
343 3850 551 3904 regnum
573 3834 839 3889 caelorum.

325 3923 612 3979 Divisiones
650 3942 765 3979 vero
791 3926 1083 3996 gratiarum
1112 3938 1253 3996 sunt,
1283 3928 1419 3981 idem
1455 3936 1625 3982 autem
1651 3926 1823 4005 Spiri-

247 4024 380 4080 tus;
418 4025 465 4069 et
491 4016 762 4071 divisiones
806 4017 1245 4072 ministrationum
1290 4030 1431 4083 sunt,
1477 4020 1613 4073 idem
1650 4028 1825 4073 autem

249 4100 545 4169 Dominus;
588 4114 636 4157 et
664 4103 940 4159 divisiones
969 4106 1325 4174 operationum
1362 4114 1503 4170 sunt,
1548 4105 1685 4158 idem
1711 4121 1824 4159 vero

246 4184 423 4256 Deus,
478 4192 565 4262 qui
612 4200 855 4261 operatur
907 4193 1081 4246 omnia
1129 4193 1186 4247 in
1244 4194 1501 4248 omnibus.
1555 4193 1655 4249 Hic
1710 4193 1826 4248 vult

247 4280 536 4337 Ostendere
556 4280 755 4352 gratias
780 4280 1011 4351 Spiritus
1039 4282 1213 4336 sancti
1242 4282 1438 4337 multas
1475 4297 1613 4348 esse,
1647 4298 1712 4337 ac
1735 4282 1822 4337 di-

250 4374 399 4429 visas
430 4390 442 4426 :
468 4388 571 4426 non
595 4372 763 4442 ipsam
789 4372 1025 4426 divinam
1047 4373 1402 4427 substantiam
1428 4388 1546 4428 esse
1568 4372 1818 4439 divisam,

251 4464 399 4520 unde
438 4464 567 4533 ipsae
600 4465 785 4535 gratia:
813 4465 1130 4536 largiuntur.
1167 4465 1401 4522 Dicendo
1423 4468 1567 4522 enim
1611 4482 1824 4537 semper

250 4555 398 4611 idem
443 4555 626 4610 omnia
662 4570 720 4611 se
754 4557 931 4612 dicere
971 4558 1036 4612 de
1071 4557 1272 4627 Spiritu
1316 4567 1501 4613 sancto
1539 4558 1815 4614 declarat:

248 4643 395 4698 unde
424 4644 689 4708 subditur,
728 4643 837 4697 [nec
859 4654 1029 4697 autem
1052 4646 1225 4699 omnia
1247 4656 1489 4715 operatur
1511 4663 1645 4700 unus
1666 4655 1819 4717 atque

246 4732 390 4785 idem
417 4730 662 4801 Spiritus.
705 4731 982 4787 Manifesta
1031 4744 1114 4788 est
1140 4734 1285 4788 enim
1318 4735 1628 4805 praedicatio
1662 4738 1819 4793 unius

248 4820 481 4876 Deitatis
542 4817 807 4891 uniusque
857 4824 1171 4878 substantias
1237 4824 1415 4879 Patris
1475 4835 1529 4879 et
1576 4827 1709 4883 Filii
1765 4839 1820 4883 et

250 4914 489 4985 Spiritus
536 4914 726 4980 sancti,
776 4915 866 4984 qui
916 4930 1017 4991 sua
1057 4907 1319 4984 potestate
1371 4916 1630 4972 Dominus
1677 4919 1817 4975 Deus

247 5006 480 5078 singulis
508 5006 806 5077 quibusque
848 5016 1008 5077 prout
1041 5009 1151 5063 suit
1199 5010 1491 5080 gratiarum
1530 5011 1669 5067 dona
1716 5013 1820 5067 lar-

248 5098 419 5170 gitur.

324 5185 617 5257 Unicuique
660 5197 829 5240 autem
873 5188 1031 5241 datur
1081 5190 1431 5258 mani/'estatio
1481 5192 1707 5261 Spiritus
1750 5194 1819 5247 ad

248 5280 549 5333 utilitatem.
579 5278 647 5333 Ut
680 5287 934 5348 appareat
974 5279 1119 5333 illum
1160 5280 1418 5350 Spiritum
1453 5292 1699 5338 sanctum
1730 5300 1818 5340 ac-

247 5370 496 5437 cepisse,
551 5377 633 5440 ut.
676 5368 931 5423 increduli
985 5371 1237 5437 credant,
1288 5380 1345 5425 et
1388 5374 1668 5429 credentes
1729 5374 1820 5428 lir-

254 5466 485 5514 metitur.

319 5547 425 5599 Alii
454 5546 662 5615 quidem
706 5547 863 5601 datur
890 5566 979 5619 per
1023 5547 1273 5619 Spiritum
1316 5568 1483 5606 sermo
1525 5553 1814 5622 sapientiu’.

244 5638 537 5708 Sapientia;
571 5653 749 5693 sermo
774 5651 877 5704 est,
910 5642 1178 5710 sapienter
1196 5653 1251 5696 et
1276 5656 1457 5713 aperte
1496 5662 1557 5701 ac
1581 5650 1815 5701 rationa-

242 5728 277 5783 li
289 5737 368 5782 ter
396 5726 542 5795 loqui
571 5735 624 5781 ct
662 5743 817 5797 posse
838 5730 1101 5786 disserere
1141 5734 1220 5788 vel
1244 5734 1435 5791 docere
1465 5737 1603 5807 quod
1653 5754 1812 5793 nove-

1934 3277 2289 3335 luminatione
2333 3279 2615 3349 faciamus,
2666 3292 2723 3337 ut
2764 3284 3041 3341 videamur
3083 3288 3237 3345 liberi
3271 3305 3389 3346 esse
3436 3292 3503 3346 ab

1933 3369 2080 3423 omni
2104 3369 2437 3426 immunditia
2459 3373 2857 3441 cogitationum,
2879 3377 3020 3446 quia,
3038 3386 3097 3431 ut
3122 3378 3248 3443 dixi,
3276 3395 3496 3451 perver—

1932 3473 2006 3513 sae
2045 3460 2393 3530 cogitationes
2441 3472 2689 3532 separant
2730 3479 2761 3518 a
2796 3466 2920 3520 Deo.
2969 3466 3290 3525 Studeamus
3338 3471 3496 3527 liberi

1930 3564 2049 3604 esse
2086 3550 2153 3606 ab
2183 3552 2327 3605 omni
2377 3553 2788 3622 obtrectatione,
2824 3557 3078 3627 omnique
3122 3559 3347 3627 malitia,
3369 3564 3492 3633 quia

1930 3645 1984 3697 in
2013 3642 2319 3697 malevolam
2349 3645 2579 3697 animam
2626 3662 2729 3699 non
2776 3647 3064 3717 ingreditur
3098 3652 3375 3721 sapientia,
3407 3670 3496 3708 nec

1928 3734 2125 3788 habitat
2154 3734 2207 3788 in
2232 3752 2445 3805 corpore
2485 3735 2689 3790 subdito
2719 3740 2962 3806 peccatis.
3010 3741 3114 3796 Per
3134 3742 3269 3797 iram
3316 3758 3379 3798 ac
3407 3758 3497 3799 su-

1927 3823 2169 3893 perbiam
2196 3822 2387 3877 animae
2418 3824 2798 3896 negligentium
2827 3826 3066 3899 Spiritus
3110 3833 3283 3888 sancti
3318 3842 3498 3889 custo-

1928 3913 2012 3967 dia
2039 3921 2093 3968 et
2114 3913 2450 3981 protectione
2478 3915 2765 3971 nudantur.
2789 3916 2903 3973 Non
2929 3934 3057 3991 ergo
3077 3926 3175 3992 per
3192 3920 3496 3991 hujusmoJi

1925 4004 2206 4074 passiones
2234 4004 2615 4061 contristemus
2662 4005 2920 4077 Spiritum
2961 4021 3225 4079 sanctum,
3271 4014 3367 4070 sed
3408 4032 3500 4085 po—

1927 4096 2034 4150 tius
2064 4110 2186 4149 eum
2210 4094 2274 4148 ad
2306 4094 2487 4149 sedem
2510 4096 2691 4151 cordis
2725 4099 2895 4152 nostri
2920 4114 3017 4169 per
3040 4102 3270 4173 gratiam
3315 4104 3493 4174 humi-

1926 4184 2092 4239 litatis
2116 4192 2169 4238 et
2189 4184 2339 4255 pacis
2364 4199 2427 4240 ac
2464 4187 2891 4243 mansuetudinis
2935 4205 3238 4256 evocemus,
3272 4207 3336 4247 ac
3360 4192 3493 4248 laui-

1925 4272 2148 4328 ﬁcemus
2172 4288 2292 4329 eum
2338 4275 2589 4342 operibus
2630 4276 2849 4343 nostris,
2882 4286 2939 4332 ut
2967 4282 3239 4337 emundati
3277 4283 3496 4353 penitus

1926 4378 1989 4419 ac
2016 4362 2282 4432 puriﬁcati
2311 4363 2669 4419 habitaculum
2693 4364 2789 4420 Dei
2830 4366 3140 4437 etiiciamur,
3169 4380 3223 4427 et
3258 4371 3491 4444 Spiritus

1933 4462 2175 4520 sanctus,
2200 4455 2289 4524 qui
2318 4454 2662 4514 descendisse
2682 4459 2769 4513 die
2789 4468 2975 4519 octava
3001 4462 3216 4534 legitur,
3248 4465 3303 4521 in
3339 4468 3494 4524 nobis

1926 4559 2138 4617 semper
2180 4560 2303 4603 esse
2345 4547 2614 4619 dignetur.
2674 4549 2967 4609 Prmstante
3021 4555 3247 4613 Domino
3306 4566 3491 4613 nostro

1923 4636 2050 4691 Iesu
2095 4636 2327 4703 Christo,
2358 4638 2444 4692 cui
2479 4646 2561 4693 est
2606 4654 2728 4695 cum
2759 4652 2960 4696 aeterno
3007 4642 3165 4699 Patre
3198 4654 3253 4701 et
3299 4647 3486 4702 eodem

1927 4726 2131 4794 Spiritu
2176 4736 2362 4782 sancto
2406 4729 2574 4782 honor
2616 4739 2672 4784 et
2698 4729 2866 4799 gloria
2917 4733 2969 4786 iu
3019 4736 3213 4790 secula
3259 4736 3481 4792 satculo-

1925 4833 2062 4871 ruzu.
2091 4817 2281 4871 Amen.

2408 4905 2685 4962 llOMiLlA
2718 4906 2998 4965 CXXXVI.

2462 5013 2513 5050 Di
2552 5012 2725 5053 εουειι
2765 5015 2949 5054 FESTO.

2061 5107 2246 5162 Lectio
2280 5108 2450 5162 sancti
2480 5107 2754 5179 Evangelii
2789 5110 3080 5165 secundum
3120 5108 3340 5167 Lucani.

1990 5197 2055 5252 In
2082 5197 2171 5251 illo
2195 5207 2440 5267 tempore,
2485 5215 2602 5252 cum
2639 5201 3070 5272 appropinquaret
3096 5202 3251 5257 Iesus
3277 5202 3487 5259 Ierosoo

1920 5290 2133 5362 lymam,
2165 5290 2336 5343 videns
2374 5290 2652 5357 civitatem,
2698 5292 2837 5361 ﬂevit
2878 5308 3036 5362 super
3070 5292 3236 5361 illam,
3269 5295 3481 5357 dicens:

1927 5381 2063 5447 Quia
2088 5382 2133 5435 si
2155 5383 2473 5451 cognovisses
2503 5391 2551 5436 et
2575 5392 2653 5449 tu,
2679 5391 2783 5439 etc.

1994 5470 2142 5537 Quod
2172 5470 2331 5526 ﬂente
2354 5460 2579 5528 Domino
2610 5474 2699 5528 illa
2725 5473 3185 5549 Jerosolymorum
3204 5479 3483 5538 subversio

1922 5560 2275 5627 describatur,
2320 5578 2439 5633 qua:
2481 5578 2513 5617 a
2554 5562 2885 5637 Vespasiano
2935 5575 2990 5623 et
3044 5568 3165 5624 Tito
3220 5568 3481 5626 Romanis

1921 5650 2249 5719 principibus
2281 5652 2419 5707 facta
2454 5660 2556 5719 est,
2599 5654 2777 5711 nullus
2803 5656 2895 5726 qui
2932 5658 3212 5714 historiam
3237 5662 3475 5716 eversio-

1922 5738 2004 5793 nis
2048 5737 2283 5807 vjusdem
2333 5741 2477 5813 legit,
2528 5742 2757 5813 ignorat.
2805 5743 2909 5801 Sed
2947 5750 3289 5817 qumrcndum
3326 5748 3491 5819 prius.
