3960 6348
468 365 569 422 ιοῖ

1126 366 1189 421 Β.
1231 365 1486 422 RABANI
1525 360 1746 422 ΚΑΙ]κί
1782 361 2101 419 ARCHIEP.
2143 358 2453 418 MOGUNT.
2495 360 2781 419 OPERUM
2818 360 2998 419 PARS
3034 361 3116 432 IL!

3650 365 3759 424 ιοδ

468 490 577 547 cst,
610 478 738 551 quid
761 477 834 533 sit
872 476 1016 549 quod
1043 477 1264 543 dicitur,
1314 477 1495 534 uidens
1528 476 1785 531 civitatem
1806 475 1945 545 ﬂeuit
1981 490 2070 529 su-
2095 476 2151 537 Α
2174 473 2398 529 storiam
2423 473 2662 530 breviter
2688 474 2970 530 tractando
2991 474 3414 531 transcurrinus
3443 493 3456 530 :
3485 490 3629 531 nunc
3662 490 3760 531 ea.

467 589 562 645 per
613 569 762 625 illam
805 569 982 623 dicens
1025 569 1151 640 quia
1201 570 1247 625 si
1294 570 1618 641 coqnovisses
1669 577 1719 622 et
1769 576 1847 621 tu.
1888 565 2063 622 Flevit

470 664 669 723 etenim
718 663 841 736 pius
878 662 1208 732 Redemptor
1258 662 1470 716 ruinam
1529 658 1749 730 perfidae
1804 659 2060 725 civitatis,

469 770 634 826 quam
680 753 799 825 ipsa
840 752 945 809 sibi
973 752 1167 824 civitas
1199 767 1304 808 non
1334 750 1692 822 cognoscebat
1717 764 1839 805 esse
1866 756 2062 804 ventu-

472 859 613 910 ram,
630 842 723 899 'cui
748 858 778 898 a
806 841 970 899 ﬂente
994 841 1227 898 Domino
1248 851 1396 897 recte
1422 840 1635 905 dicitur,
1658 840 1781 911 quia
1806 840 1854 894 si
1875 855 2064 910 cogno-

468 934 625 990 uisses
646 942 694 988 et
728 942 807 999 tu,
844 931 1116 997 subandit,
1143 930 1407 997 ﬂevisses,
1431 930 1524 986 sed
1550 930 1709 985 modo
1728 930 1861 999 quia
1882 929 2063 984 nescis

468 1024 601 1097 quid
638 1022 919 1079 immineat
940 1022 1200 1078 exsultas.
1230 1021 1385 1079 Unde
1408 1029 1462 1077 et
1486 1020 1776 1077 subditur:

542 1113 611 1168 Et
633 1097 843 1185 quidem
864 1114 923 1167 in
951 1112 1050 1166 hac
1077 1112 1161 1167 die
1190 1118 1302 1177 tua,
1329 1129 1446 1183 qua:
1468 1111 1538 1165 ad
1570 1127 1749 1181 pacem
1785 1110 1896 1164 tibi.
1928 1108 2063 1165 Cum

471 1205 615 1261 enim
645 1204 827 1260 carnis
854 1210 915 1260 se
942 1204 1308 1274 voluptatibus
1330 1203 1505 1268 daret,
1530 1211 1756 1257 ventura
1785 1200 1924 1256 mala
1955 1216 2063 1256 non

470 1297 828 1369 prospiciens,
864 1296 919 1352 in
946 1296 1032 1351 die
1058 1310 1177 1360 sua,
1207 1310 1330 1365 qua:
1360 1295 1428 1349 ad
1460 1308 1651 1365 pacem
1676 1293 1726 1348 ei
1755 1306 1879 1347 esse
1906 1299 2063 1361 pote-

473 1397 595 1445 rant
638 1389 890 1447 babebat.
935 1386 1045 1458 Cur
1074 1402 1205 1442 vero
1233 1386 1376 1441 bona
1420 1384 1710 1456 praesentia
1763 1383 1829 1439 ad
1874 1386 2063 1454 pacem

470 1478 746 1545 habuerit,
776 1476 1182 1543 manifestatur,
1210 1492 1333 1531 cum
1363 1475 1611 1532 subditur
1638 1492 1652 1529 :

545 1566 704 1623 Nunc
723 1577 898 1631 autem
924 1566 1225 1621 abscondita
1253 1574 1375 1631 sunt
1401 1551 1465 1618 ab
1486 1562 1652 1618 oculis
1682 1564 1806 1617 tuis.
1836 1561 1894 1618 Si
1919 1561 2065 1617 enim

473 1660 656 1717 cordis
683 1658 799 1728 ejus
828 1657 1000 1713 oculis
1038 1656 1178 1711 mala
1205 1669 1326 1737 qua:
1364 1654 1713 1710 imminerent
1745 1651 2063 1707 abscondita

471 1766 579 1807 non
610 1757 811 1815 essent,
844 1748 965 1805 lteta
1002 1748 1057 1803 in
1096 1744 1455 1819 praesentibus
1490 1746 1767 1815 prosperis
1802 1758 1909 1798 non
1933 1742 2066 1797 luis-

2164 564 2287 621 dem
2346 564 2538 621 morali
2564 564 2842 629 intellectu
2895 565 3232 622 discutienda
3259 574 3566 638 repetamus
3602 582 3619 622 :
3661 566 3763 623 Vi-

2162 655 2289 710 dens
2317 655 2571 709 civitatem
2597 656 2736 726 ﬂevit
2761 673 2918 726 super
2941 656 3109 721 illam,
3147 657 3325 724 dicens
3344 659 3468 727 quia
3493 659 3537 712 si
3566 674 3761 729 cogno-

2162 749 2322 803 uisses
2343 758 2391 803 et
2413 758 2487 803 tu.
2527 748 2640 805 Hoc
2686 749 2855 805 semel
2893 751 3023 821 egit,
3051 766 3176 806 cum
3202 752 3501 821 perituram
3554 752 3759 806 civita-

2165 848 2276 895 tem
2318 854 2443 897 esse
2469 840 2757 906 nuntiavit,
2786 842 2890 897 hoc
2930 841 3176 911 quotidie
3203 843 3532 913 Redemptor
3570 851 3765 899 noster

2162 936 2262 1003 per
2282 932 2490 990 electos
2512 947 2638 988 suos
2685 946 2848 1005 agere
2874 932 3182 988 nullatenus
3208 941 3408 998 cessat,
3434 949 3556 990 cum
3590 948 3763 1004 quos-

2164 1025 2290 1082 dam
2311 1040 2377 1081 ex
2406 1026 2546 1081 bona
2568 1026 2679 1081 vita
2704 1027 2975 1081 ad‘mores
3002 1026 3263 1096 reprobus
3290 1026 3605 1097 pervenisse
3627 1040 3771 1083 con-

2164 1116 2388 1172 siderat.
2420 1116 2635 1188 Plangit
2696 1116 2842 1171 enim
2886 1130 2981 1171 eos
3015 1117 3108 1187 qui
3150 1117 3403 1172 nesciunt
3455 1133 3555 1173 cur
3602 1116 3761 1188 plan-

2164 1219 2379 1283 guntur,
2433 1211 2527 1281 qui
2562 1209 2715 1281 juxta
2759 1209 3081 1275 Salomonis
3111 1210 3280 1265 verba
3328 1209 3763 1265 laztanturcum

2164 1305 2306 1360 male
2340 1305 2608 1370 fecerunt,
2650 1312 2706 1359 et
2743 1304 3019 1360 exsultant
3048 1303 3103 1359 in
3131 1302 3296 1358 rebus
3324 1303 3596 1373 pessimis,
3639 1302 3763 1373 qui,

2164 1398 2211 1454 si
2229 1397 2632 1452 damnationem
2656 1412 2832 1462 suam,
2852 1395 3073 1465 quaaeis
3096 1395 3365 1461 imminet,
3384 1379 3759 1463 agnovissent,

2164 1489 2484 1559 semetipsos
2537 1504 2660 1544 cum
2709 1488 2967 1561 lacrymis
3029 1488 3354 1543 delictorum
3416 1486 3764 1558 plangercnt.

2166 1578 2235 1633 Et
2260 1579 2472 1648 quidem
2516 1580 2572 1633 in
2600 1580 2699 1633 hac
2733 1578 2818 1633 die
2850 1588 2963 1644 tua,
3017 1594 3136 1650 quas
3177 1578 3246 1631 ad
3270 1594 3453 1648 pacem
3487 1577 3579 1632 tibi
3613 1586 3766 1643 sunt,

2165 1686 2319 1727 suam
2346 1671 2435 1725 hic
2461 1670 2604 1738 diem
2642 1670 2805 1725 habet
2855 1670 3038 1725 anima
3084 1682 3365 1740 perversa,
3411 1683 3533 1738 qua:
3574 1664 3766 1724 trans-

2166 1762 2328 1818 itorio
2377 1762 2578 1833 gaudet
2618 1762 2671 1817 in
2712 1769 2977 1833 tempore,
3025 1761 3114 1816 cui
3167 1776 3231 1816 ea
3279 1776 3401 1831 quae
3446 1762 3645 1817 adsunt
3692 1758 3769 1814 ad

472 1850 577 1897 εθι-
606 1838 775 1910 cuius
800 1854 924 1894 ιηοΧ
954 1838 1117 1893 “iam
1156 1851 1335 1907 Ραθηδν
1366 1851 1487 1906 (ωδε
1515 1836 1581 1925 δε
1612 1833 1888 1897 Romanis,
1921 1832 2063 1889 δίθυί
2090 1839 2136 1899 Β
2163 1866 2353 1925 pacem
2380 1832 2528 1920 sunt,
2565 1854 2691 1924 quia
2720 1832 2849 1911 dum
2878 1855 3040 1909 rebus
3089 1853 3477 1924 temporalibus
3522 1853 3768 1921 L'etatnr,

471 1932 720 2001 praedixi,
769 1930 1103 2002 principibus
1136 1928 1454 1983 imminebat
1496 1924 1747 1995 adjuncta
1781 1934 1895 1991 est,
1937 1938 2062 1979 cum

468 2024 671 2080 dicitur
687 2039 702 2078 :

543 2115 684 2183 Quia
707 2115 908 2171 venient
931 2116 987 2169 in
1014 2123 1063 2168 te
1088 2114 1235 2177 dies;
1260 2120 1308 2166 et
1349 2109 1752 2165 circumdabant
1788 2116 1837 2161 te
1865 2105 2065 2159 inimici

468 2208 548 2262 tui
572 2206 727 2273 vallo,
758 2216 805 2260 et
834 2206 1235 2262 circumdabant
1263 2215 1331 2271 te,
1367 2213 1413 2259 et
1443 2201 1861 2274 coangustabunt
1888 2209 1936 2255 te
1961 2215 2063 2253 un-

468 2298 629 2373 dique
657 2316 674 2353 :
700 2306 748 2363 et
789 2298 860 2352 ad
882 2307 1078 2351 terram
1106 2305 1435 2367 prosternent
1480 2304 1545 2358 te,
1575 2304 1622 2351 et
1664 2293 1804 2363 ﬁlios
1832 2302 1947 2355 tuos
1974 2290 2066 2361 qui

475 2389 531 2443 in
562 2398 611 2443 te
643 2398 787 2443 sunt.
813 2387 928 2443 Hoc
953 2401 1169 2457 quoque
1193 2386 1338 2457 quod
1366 2375 1579 2455 additur
1611 2400 1624 2437 :
1657 2384 1727 2438 Et
1762 2400 1866 2438 non
1908 2383 2068 2438 relin-

470 2489 627 2554 quent
666 2480 724 2534 in
754 2488 803 2533 te
840 2478 1067 2549 lapidem
1098 2495 1256 2549 super
1294 2468 1542 2547 lapidem.
1593 2476 1771 2531 Etiam
1810 2476 1925 2545 ipsa
1952 2474 2065 2545 jam

471 2570 714 2640 ejusdem
763 2570 1003 2626 civitatis
1046 2569 1457 2640 transmigratio
1483 2576 1737 2633 testatur,
1775 2567 1901 2637 quia
1937 2567 2064 2621 dum

472 2677 619 2718 nunc
648 2662 703 2717 in
726 2678 792 2717 eo
822 2663 941 2717 loco
968 2669 1281 2716 constructa
1310 2672 1393 2716 est
1419 2660 1509 2715 ubi
1538 2669 1692 2715 extra
1718 2668 1928 2730 portam
1957 2660 2064 2714 Do-

476 2755 655 2811 minus
683 2754 979 2811 crucitixus
1008 2752 1187 2809 fuerat
1211 2772 1223 2807 :
1258 2754 1407 2823 prior
1438 2752 1529 2807 illa
1558 2751 1859 2807 Jerusalem
1890 2750 2068 2805 fundi-

475 2856 561 2902 tus
581 2855 665 2903 est
682 2862 893 2903 eversa.
918 2844 1015 2902 Cui
1045 2862 1111 2901 ex
1134 2861 1239 2916 qua
1269 2846 1427 2917 culpa
1450 2845 1750 2901 eversionis
1772 2859 1886 2903 sua:
1906 2858 2066 2914 pmna

409 2938 412 2947 ’
478 2939 641 2994 fuerit
670 2938 838 3004 illata,
877 2938 1256 3009 sulijungitur:

547 3028 627 3083 Eo
672 3028 812 3100 quod
849 3045 951 3083 non
998 3030 1301 3099 cognoveris
1346 3038 1547 3099 tempus
1593 3028 1907 3084 uisitationis
1937 3036 2061 3082 tute.

473 3120 704 3175 Creator
722 3120 919 3189 quippe
946 3119 1188 3173 omnium
1211 3134 1310 3189 per
1335 3119 1724 3175 incarnationis
1748 3118 2067 3191 mysterium

2164 1950 2293 2005 dum
2333 1927 2632 2004 himoribus
2686 1946 2982 2011 extollitur,
3036 1946 3165 2002 dum
3190 1947 3243 2001 in
3269 1946 3452 2001 carnis
3490 1946 3770 2015 voluptate

2164 2041 2473 2107 resolvitur,
2527 2040 2653 2095 dum
2680 2039 2825 2094 nulla
2856 2048 3097 2095 ventura:
3142 2053 3317 2111 penna:
3338 2025 3621 2095 formidine
3646 2048 3768 2094 ter-

2167 2120 2338 2195 retur,
2356 2144 2545 2201 pacem
2568 2128 2730 2183 habet
2746 2128 2800 2182 in
2817 2128 2902 2184 die
2923 2143 3041 2194 sua,
3070 2143 3190 2199 quae
3206 2142 3369 2199 grave
3398 2126 3772 2185 damnationis

2166 2237 2279 2278 suae
2309 2220 2623 2277 scandalum
2671 2220 2727 2276 in
2758 2220 2844 2276 die
2882 2219 3103 2275 habebit
3163 2219 3361 2275 aliena.
3394 2220 3483 2291 lbi
3509 2220 3653 2275 enim
3683 2218 3772 2274 af-

2167 2311 2395 2383 fligenda
2440 2320 2525 2368 est
2556 2310 2649 2366 ubi
2683 2310 2815 2381 justi
2850 2309 3198 2366 laetabuntur.
3248 2309 3413 2364 Nunc
3441 2320 3614 2365 autem
3641 2310 3775 2365 abs-

2168 2402 2378 2457 condita
2423 2411 2546 2456 sunt
2578 2402 2643 2455 ab
2684 2400 2851 2456 oculis
2898 2402 3022 2466 tuis,
3086 2417 3343 2471 perversa
3380 2403 3563 2457 anima
3598 2404 3770 2458 rebus

2167 2492 2524 2563 praesentibus
2552 2490 2731 2547 dedita
2765 2492 2819 2547 in
2844 2492 3076 2547 terrenis
3116 2491 3482 2562 voluptatibus
3518 2492 3768 2548 resoluta

2168 2585 2451 2641 abscondit
2495 2585 2597 2641 sibi
2643 2584 2784 2641 mala
2818 2586 3121 2656 sequentia,
3150 2585 3283 2655 quia
3336 2585 3635 2657 praevidere
3663 2585 3767 2640 fu-

2172 2684 2290 2730 tura
2341 2674 2559 2745 refugit,
2597 2690 2718 2745 qua:
2770 2683 3094 2745 praesentem
3133 2674 3376 2730 lzetitiam
3418 2675 3765 2745 perturbent.

2169 2771 2404 2839 dumque
2440 2769 2495 2824 in
2537 2768 2821 2839 praesentis
2848 2768 2973 2823 vitae
3020 2768 3383 2824 oblectatione
3430 2781 3487 2822 se
3533 2767 3767 2832 deserit,

2168 2867 2299 2937 quid
2328 2866 2495 2933 aliud,
2546 2881 2708 2936 quam
2758 2864 2956 2920 clausis
2991 2864 3181 2930 oculis,
3220 2863 3288 2919 ad
3335 2863 3516 2935 ignem
3562 2862 3764 2917 vadit:

2171 2957 2310 3023 Quia
2352 2958 2551 3012 uenient
2579 2956 2690 3011 dies
2736 2956 2794 3010 in
2838 2966 2909 3021 te,
2940 2966 2987 3010 et
3021 2954 3422 3009 circumdabant
3467 2963 3517 3007 te
3557 2952 3769 3006 inimici

2171 3047 2247 3099 tui
2272 3044 2432 3099 vallo.
2462 3044 2564 3111 Qui
2594 3058 2833 3114 unquam
2860 3053 2986 3099 sunt
3007 3044 3259 3098 humana:
3295 3043 3489 3111 anima:
3524 3040 3769 3109 majores

2172 3134 2397 3201 inimici,
2431 3149 2594 3205 quam
2622 3132 2843 3211 maligni
2872 3133 3116 3204 spiritus,
3151 3132 3243 3203 qui
3293 3130 3435 3188 hanc
3471 3148 3501 3187 a
3532 3146 3771 3201 corpore

475 3212 619 3266 hanc
646 3210 870 3266 visitare
897 3210 1152 3280 dignatus
1180 3218 1285 3277 est,
1318 3210 1415 3265 sed
1441 3209 1558 3280 ipsa
1588 3208 1803 3264 timoris
1825 3216 1880 3263 et
1917 3222 2067 3262 amo-
2097 3194 2141 3255 C
2174 3228 2463 3283 exeuntem
2491 3224 2769 3290 obsidem,’
2798 3210 2976 3294 quam
3006 3225 3059 3279 in
3088 3224 3270 3280 carnis
3304 3232 3490 3279 amore
3525 3224 3765 3295 positam

476 3302 554 3358 ris
583 3301 727 3358 illius
746 3302 1039 3371 recordata
1068 3316 1173 3358 non
1204 3312 1306 3367 est,
1338 3303 1483 3357 unde
1511 3303 1674 3357 etiam
1702 3317 1801 3373 per
1823 3301 2066 3372 Prophe-

478 3403 590 3451 tam
619 3395 674 3450 in
716 3394 1093 3465 increpatione
1122 3394 1305 3451 cordis
1333 3394 1556 3450 humani
1597 3410 1727 3450 aves
1747 3394 1871 3450 (εωιί
1898 3395 1967 3449 ad
1990 3403 2069 3450 te-

480 3489 793 3546 stimonium
818 3488 1178 3555 deducuntur,
1212 3502 1335 3543 cum
1362 3487 1563 3543 dicitur
1593 3506 1606 3541 :
1642 3484 1834 3541 Miluus
1856 3487 1912 3541 in
1940 3486 2069 3542 cazlo

477 3582 713 3653 cognovit
757 3591 957 3652 tempus
994 3596 1170 3645 suum,
1216 3589 1394 3633 turtur
1431 3590 1480 3634 et
1518 3579 1747 3633 hirundo
1788 3588 1837 3634 et
1865 3578 2067 3632 ciconia

478 3673 839 3730 custodierunt
879 3684 1077 3743 tempus
1133 3672 1386 3726 adventus
1436 3672 1557 3737 sui,
1621 3670 1846 3743 populus
1892 3680 2068 3726 autem

477 3782 625 3821 meus
652 3781 755 3819 non
781 3764 1016 3835 cognovit
1044 3763 1307 3833 judicium
1337 3763 1452 3819 Dei.

551 3855 619 3914 Et
646 3857 910 3927 ingressus
963 3854 1018 3907 in
1055 3855 1323 3924 templum,
1366 3854 1514 3924 coepit
1544 3855 1733 3925 ejicere
1769 3863 1996 3908 ementes
2019 3862 2069 3907 et

477 3946 752 4002 uendentes
778 3946 833 3999 in
862 3943 974 4010 illo,
1002 3944 1177 3998 dicens
1206 3944 1312 3999 illis
1335 3957 1355 3997 :
1379 3944 1648 4015 Scriptum
1687 3954 1784 4010 est,
1822 3946 1946 4016 quia
1974 3944 2072 3999 ἀοι

480 4054 596 4094 mus
636 4053 751 4092 mea
790 4037 977 4090 domus
1032 4036 1286 4092 orationis
1336 4047 1429 4091 cst.
1466 4036 1567 4104 Qui
1609 4037 1885 4092 enarravit
1924 4036 2069 4092 mala

480 4134 748 4192 ventura,
807 4126 1057 4199 protinus
1116 4126 1169 4180 in
1215 4126 1474 4195 templum
1519 4126 1797 4197 ingressus
1839 4135 1940 4189 est,
2011 4133 2071 4180 ut

481 4220 550 4273 de
596 4217 687 4273 illo
741 4218 1040 4275 vendentes
1091 4226 1147 4272 et
1201 4225 1447 4272 ementes
1508 4215 1763 4287 ejiceret,
1827 4215 2070 4287 profecto

483 4309 757 4375 innotans,
788 4308 915 4379 quia
941 4309 1094 4365 ruina
1126 4310 1308 4379 populi
1343 4309 1578 4365 maxime
1598 4324 1666 4365 ex
1706 4310 1861 4379 culpa
1890 4324 2070 4365 sacer-

483 4398 670 4455 dotum
714 4397 837 4465 fuit,
866 4400 1203 4458 eversionem
1230 4401 1428 4470 quippe
1455 4400 1793 4467 describens,
1826 4401 1920 4456 sed
1949 4416 2070 4455 ven-

482 4493 674 4553 dentes
721 4500 778 4547 et
818 4500 1060 4547 ementes
1106 4493 1161 4547 in
1204 4493 1404 4563 templo
1433 4491 1656 4559 feriens,
1686 4493 1740 4547 in
1783 4493 1899 4563 ipso
1935 4491 2068 4548 elle-

481 4591 575 4641 ctu
624 4584 710 4639 sui
758 4583 939 4649 oneris
998 4584 1256 4640 ostendit.
1304 4562 1445 4639 unde
1498 4585 1653 4640 radix
1702 4584 1903 4655 prodiit
1944 4600 2069 4656 per-
2098 4562 2150 4621 D

480 4670 704 4729 ditionis
736 4690 750 4727 :

569 4762 669 4819 Vos
700 4775 874 4819 autem
908 4766 1105 4835 fecistis
1128 4766 1273 4833 illam
1299 4767 1600 4837 speluncam
1630 4767 1915 4823 latronum.
1968 4768 2071 4838 Qui

483 4858 551 4911 ad
581 4857 893 4926 accipienda
914 4872 1138 4913 munera
1167 4858 1220 4912 in
1247 4859 1449 4929 templo
1472 4858 1802 4925 residebant,
1828 4859 2071 4930 profecto

486 4949 614 5018 quia
639 4948 960 5018 quibusdam
991 4941 1098 5003 non
1125 4948 1377 5005 dantibus
1404 4950 1677 5006 lmsionem
1723 4951 2073 5021 exquirerent

486 5040 707 5094 dubium
739 5054 846 5095 non
874 5049 1013 5095 erat.
1063 5041 1266 5097 Domus
1317 5057 1447 5112 ergo
1494 5042 1769 5106 orationis,
1812 5042 2066 5112 spelunca

487 5128 758 5185 latronum
798 5129 939 5186 facta
969 5130 1165 5196 fuerat,
1198 5133 1322 5202 quia
1368 5132 1435 5187 ad
1480 5133 1583 5188 hoc
1606 5134 1660 5187 in
1693 5133 1893 5205 templo
1930 5134 2068 5188 assi—

490 5226 636 5274 stere
660 5230 942 5290 noverant,
979 5231 1039 5278 ut
1064 5231 1156 5277 aut
1186 5240 1292 5279 non
1321 5225 1510 5280 dantes
1537 5241 1759 5282 munera
1788 5227 2069 5281 studerent

490 5312 845 5384 corporaliter
864 5317 1135 5386 persequi,
1169 5325 1263 5370 aut
1290 5316 1481 5372 dantes
1506 5318 1822 5388 spiritaliter
1849 5333 2063 5372 necare.

488 5400 625 5469 Quia
676 5418 806 5458 vero
849 5402 1176 5474 Redemptor
1226 5415 1409 5461 noster
1460 5407 1857 5479 praedicationis
1905 5408 2068 5461 verba

493 5506 592 5547 nec
668 5491 903 5563 indignis
974 5502 1029 5549 et
1098 5495 1325 5563 ingratis
1396 5496 1706 5560 subtrahit,
1780 5505 2066 5568 postquam

490 5583 784 5654 disciplinae
812 5585 1051 5656 vigorem
1077 5585 1338 5654 ejiciendo
1359 5603 1640 5656 perversos
1657 5588 1843 5653 tenuit,
1870 5588 2069 5642 donum

491 5688 613 5733 mox
641 5675 822 5745 gratire
847 5678 1101 5733 ostendit.
1132 5677 1262 5731 Nam
1296 5679 1540 5733 subditur
1569 5696 1580 5731 :

566 5770 630 5832 Et
669 5786 775 5825 erat
804 5773 992 5827 (ἰθείης
1037 5772 1268 5841 quotidie
1310 5772 1361 5824 in
1395 5770 1601 5840 templo.
1639 5770 1761 5825 liceo
1801 5770 1952 5842 juxta
1984 5769 2069 5827 hi-

2172 3315 2496 3386 deceptoriis
2541 3314 2989 3370 delectationibus
3014 3312 3196 3369 fovent
3231 3332 3244 3369 :
3283 3328 3445 3383 quam
3477 3313 3621 3369 vallo
3652 3312 3771 3369 cir-

2171 3406 2448 3471 cumdant,
2490 3404 2615 3475 quia
2644 3414 2770 3459 ante
2799 3404 2997 3459 mentis
3022 3402 3138 3472 ejus
3162 3403 3352 3461 oculos
3388 3404 3627 3460 reductis
3652 3403 3766 3459 ini-

2172 3497 2469 3566 quitatibus
2517 3491 2655 3565 quas
2709 3493 3064 3565 perpetravit,
3126 3495 3267 3550 hanc
3326 3493 3395 3567 ad
3445 3494 3765 3549 societatem

2172 3602 2283 3643 suae
2317 3586 2681 3642 damnationis
2724 3585 2999 3640 trahentes
3027 3592 3329 3641 coarctant.
3368 3584 3439 3638 Et
3466 3585 3770 3642 circumda-

2173 3678 2297 3731 bunt
2340 3686 2411 3742 te,
2449 3684 2497 3731 et
2546 3675 2966 3745 coangustabunt
3001 3686 3050 3731 te
3091 3676 3341 3747 undique.
3400 3674 3619 3746 Maiigni
3648 3671 3769 3745 s'pi-

2172 3770 2310 3823 ritus
2346 3767 2582 3836 undique
2643 3767 2879 3821 animam
2904 3775 3283 3837 coangustant,
3322 3766 3540 3837 quando
3564 3767 3611 3821 ei
3653 3782 3766 3821 non

2172 3860 2344 3916 solum
2375 3859 2575 3929 operis,
2622 3874 2810 3923 verum
2858 3858 3021 3913 etiam
3061 3857 3371 3923 locutionis,
3421 3866 3586 3928 atque
3612 3858 3769 3911 insu-

2170 3967 2266 4023 per
2291 3950 2634 4022 cogitationis
2674 3949 2990 4019 iniquitates
3016 3948 3301 4019 replicant,
3347 3958 3407 4002 ut
3452 3964 3573 4019 qua:
3607 3950 3769 4018 prius

2174 4058 2232 4099 se
2274 4059 2371 4114 per
2434 4041 2601 4096 multa
2648 4040 2891 4094 dilatavit
2922 4040 2976 4093 in
3003 4038 3229 4107 scelere,
3257 4038 3326 4093 ad
3351 4044 3656 4093 extremum
3694 4040 3768 4095 de

2172 4135 2425 4191 omnibus
2454 4139 2774 4204 angustetur
2824 4131 2878 4185 in
2920 4129 3294 4184 retributione.
3348 4127 3416 4182 Et
3447 4128 3518 4182 ad
3564 4138 3768 4184 terram

2173 4232 2496 4279 consternent
2520 4234 2588 4287 te,
2614 4230 2661 4275 et
2702 4219 2840 4289 ﬁlios
2861 4229 2976 4274 tuos
3000 4220 3092 4290 qui
3120 4220 3177 4274 in
3205 4228 3255 4273 te
3287 4216 3429 4289 sunt.
3472 4217 3623 4274 Tunc
3644 4220 3769 4274 aui-

2174 4332 2259 4371 ma
2292 4330 2387 4386 per
2431 4313 2796 4386 cognitionem
2846 4321 3030 4367 reatus
3079 4311 3161 4366 sui
3198 4310 3267 4365 ad
3296 4318 3495 4365 terram
3523 4319 3769 4366 constw

2172 4405 2341 4471 nitur,
2392 4421 2517 4460 cum
2553 4420 2702 4470 caro,
2754 4418 2873 4474 quae
2909 4403 2965 4456 in
3001 4403 3168 4457 vitam
3225 4418 3379 4457 suam
3406 4402 3639 4457 credidit
3668 4417 3763 4458 re.

2174 4499 2292 4553 dire
2341 4498 2409 4553 ad
2440 4497 2715 4568 pulverem
2746 4504 2989 4567 urgetur.
3029 4496 3182 4549 Tunc
3212 4495 3264 4549 in
3292 4503 3466 4551 morte
3496 4495 3589 4549 ﬁlii
3619 4494 3767 4551 illius

2174 4592 2394 4656 cadunt,
2423 4606 2574 4645 -cum
2637 4588 2991 4660 cogitationes
3034 4586 3254 4651 illicitae,
3325 4602 3446 4659 quae
3504 4585 3665 4641 modo
3691 4602 3761 4643 ex

2175 4682 2266 4737 illa
2316 4682 2600 4754 prodeunt,
2638 4680 2691 4733 in
2717 4686 2962 4734 extrema
3006 4678 3132 4733 vitae
3167 4677 3371 4733 ultione
3400 4677 3759 4747 dissipantur,

2175 4772 2313 4827 sicut
2358 4772 2613 4840 scriptum
2643 4775 2749 4834 est,
2800 4768 2855 4823 in
2892 4768 2981 4823 illa
3006 4768 3093 4824 die
3146 4769 3398 4838 peribunt
3441 4782 3630 4823 omnes
3659 4783 3755 4824 co-

2175 4860 2461 4931 gitationes
2504 4873 2717 4913 eorum.
2749 4857 2879 4924 Quae
2926 4857 3134 4923 scilicet
3192 4858 3343 4913 dum
3401 4858 3762 4927 cogitationes

2175 4949 2398 5019 intelligi
2447 4949 2612 5004 etiam
2641 4964 2738 5020 per
2767 4949 3005 5021 lapidum
3034 4949 3484 5019 signiﬁcationem
3520 4934 3635 5002 val.
3656 4956 3757 5006 nt:

2175 5057 2301 5097 nam
2344 5040 2609 5111 sequitur,
2640 5048 2687 5094 et
2728 5056 2831 5093 non
2859 5039 3149 5110 relinquent
3169 5041 3223 5093 in
3245 5048 3295 5094 te
3338 5038 3563 5109 lapidem
3599 5055 3763 5109 super

2174 5134 2419 5204 lapidem.
2466 5133 2726 5187 Perversa
2749 5132 2951 5187 etenim
2993 5147 3167 5197 mens,
3210 5147 3334 5187 cum
3365 5128 3635 5201 perversae
3664 5146 3758 5187 co-

2173 5225 2419 5297 gitationi
2474 5227 2648 5280 adhuc
2695 5218 3096 5295 perversionem
3156 5222 3380 5291 adjicit,
3433 5224 3564 5292 quid
3612 5223 3757 5279 aliud

2175 5333 2333 5388 quam
2377 5316 2606 5385 lapidem
2634 5331 2794 5384 super
2823 5314 3053 5385 lapidem
3099 5314 3272 5384 ponit,
3303 5314 3395 5369 sed
3436 5320 3492 5373 in
3535 5314 3758 5369 destruo

2176 5418 2261 5462 cta
2303 5408 2521 5462 civitate
2568 5420 2729 5475 super
2788 5404 3019 5474 lapidem
3062 5404 3199 5490 lapis
3254 5418 3360 5457 non
3406 5402 3753 5490 relinquitur,

2176 5500 2300 5567 quia
2340 5514 2462 5553 cum
2500 5496 2565 5551 ad
2608 5496 2863 5550 ultionem
2888 5510 3040 5550 suam
3083 5483 3262 5547 anima
3310 5483 3614 5557 deducitur,
3639 5509 3759 5547 om-

2177 5590 2261 5643 nis
2307 5587 2374 5641 ab
2405 5587 2491 5640 illa
2522 5586 2911 5656 c0gitationum
2958 5598 3178 5639 suarum
3207 5583 3537 5638 constructio
3596 5583 3759 5637 dissi-

2170 5690 2353 5752 patur.
2382 5677 2461 5731 Eo
2515 5679 2652 5748 quod
2702 5682 2804 5729 non
2860 5675 3163 5744 coynoveris
3196 5683 3395 5744 tempus
3438 5673 3757 5726 uisitationis

2177 5781 2302 5835 tua’,
2338 5783 2644 5840 perversam
2710 5778 3083 5835 quamcunque
3131 5764 3362 5818 animam
3411 5764 3758 5834 omnipotens
