3960 6334
189 352 293 409 ως

1174 359 1477 417 HOMiLIAS
1516 359 1583 414 IN
1621 360 1875 419 EVANG.
1916 362 2003 418 ΕΤ
2039 364 2253 421 EPIST.

3338 363 3443 421 Mil

194 464 336 521 Deus
374 463 556 520 modis
583 466 767 522 multis
788 467 1009 525 visitare
1050 470 1363 535 consuevit;
1404 485 1531 524 nam
1562 470 1775 526 assidue
1800 476 1853 535 Α
1877 474 1986 530 sint
2019 475 2198 530 omnia
2248 476 2501 541 visibilia,
2554 475 2807 532 differunt
2836 484 3015 532 tamen
3064 475 3207 532 inter
3242 489 3303 533 se
3344 492 3444 548 pro

200 558 337 613 hanc
360 556 551 611 visitat
580 566 869 629 praecepto,
905 559 1193 629 aliquando
1214 569 1395 617 autem
1419 560 1647 631 ﬂagello,
1672 560 1770 615 ali-

1878 564 2281 621 diversitatibus
2350 566 2608 632 locorum,
2666 566 2807 621 unde
2842 566 2947 621 alia
2989 574 3073 620 est
3145 566 3443 621 caelestium

199 647 414 718 quando
459 663 593 702 vero
632 650 912 715 miraculo,
956 661 1011 706 et
1056 659 1118 705 ut
1154 666 1280 706 vera
1314 667 1435 721 qua:
1461 652 1771 717 nesciebat,
1868 658 2067 728 gloria,
2120 657 2229 711 alia
2253 660 2609 722 terrestrium,
2650 667 2705 713 et
2752 660 2797 713 si
2844 659 2898 712 in
2927 658 3061 713 locis
3105 657 3442 722 sublimibus,

198 736 387 791 audiat
405 744 477 791 'et
503 746 685 792 tamen
734 738 910 794 adhuc
960 740 1275 807 superbiens
1321 749 1483 808 atque
1529 746 1773 793 contem-

198 838 337 879 nens
385 832 480 877 aut
520 825 704 880 dolore
752 837 1075 897 compuncta
1121 829 1325 891 redeat,
1368 837 1463 883 aut
1498 828 1772 883 beneficiis

199 910 411 966 devicta
456 912 656 976 malum
705 915 847 985 quod
886 914 1019 969 fecit
1060 916 1363 980 erubebcat,
1391 916 1482 971 sed
1524 916 1648 983 quia
1695 908 1776 969 vi-

198 998 469 1055 sitationis
518 1015 629 1055 suae
674 1010 887 1071 tempus
929 1003 1151 1059 minime
1204 1004 1503 1073 cognoscit,
1552 1004 1658 1059 illis
1715 1004 1772 1058 in

194 1096 442 1143 extremo
467 1090 588 1144 vita:
614 1090 851 1146 inimicis
876 1091 1128 1155 traditur,
1157 1107 1279 1147 cum
1313 1092 1509 1162 quibus
1528 1086 1586 1145 in
1617 1100 1774 1146 teter-

198 1190 270 1231 no
294 1177 499 1247 judicio
528 1179 886 1236 damnationis
932 1196 1042 1236 suae
1091 1183 1348 1236 societate
1375 1180 1674 1252 colligatur.
1703 1181 1771 1235 Et

195 1268 463 1332 inqressus
508 1270 564 1323 in
586 1267 831 1341 templum
862 1273 1009 1342 erepit
1035 1272 1224 1342 ejicere
1240 1273 1512 1326 uendentes
1533 1274 1589 1326 in
1608 1272 1697 1326 illo
1723 1282 1772 1325 et

195 1368 449 1411 ementes.
482 1357 636 1411 Sicut
672 1360 931 1429 templum
978 1360 1190 1414 Domini
1218 1360 1273 1414 in
1301 1360 1669 1426 civitatefcst,
1698 1361 1771 1414 ita

193 1456 253 1500 ct
307 1446 359 1499 in
392 1446 544 1515 plebe
593 1447 734 1502 ﬁdeli
789 1449 895 1502 vita
941 1449 1335 1519 religiosorum,
1372 1458 1426 1504 et
1470 1464 1610 1519 stupe
1634 1464 1772 1504 non--

197 1537 333 1589 nulli
368 1536 642 1606 religionis
666 1537 909 1592 habitum
941 1546 1182 1604 sumunt,
1204 1539 1298 1594 sed
1335 1539 1459 1595 dum
1490 1554 1771 1597 sacrorum

193 1630 449 1685 ordinum
505 1629 678 1685 locum
732 1630 1062 1700 percipiunt,
1112 1640 1318 1687 sanctae
1364 1632 1640 1704 miigionis
1689 1632 1770 1687 of-

197 1720 381 1775 ﬁcium
423 1721 475 1775 in
528 1723 914 1781 commercium
964 1731 1190 1780 terrenae
1243 1726 1625 1797 negotiationis
1672 1728 1771 1782 tri-

1873 763 1996 802 cum
2024 750 2133 803 sint
2163 760 2353 802 cuncta
2385 748 2644 813 coelestia,
2674 747 2927 801 diﬂ’erun’t
2953 748 3114 801 etiam
3147 747 3261 816 ipsa
3287 745 3444 800 clari-

1876 846 1983 893 tate
2028 838 2310 902 luminum,
2360 852 2469 891 non
2523 837 2719 890 mirum
2766 844 2867 901 est,
2907 836 3046 913 quod
3092 836 3144 889 in
3192 848 3436 890 resurre-

1874 928 2052 983 ctione
2091 938 2428 982 mortuorum
2460 927 2682 981 distabit
2726 927 2896 996 gloria
2940 928 3275 990 meritorum,
3321 940 3444 980 cum

1872 1030 1939 1070 ex
1990 1016 2177 1090 eadem
2200 1031 2379 1077 massa
2420 1016 2598 1071 omnis
2623 1031 2749 1070 caro
2791 1015 2880 1070 sit.
2912 1015 3061 1070 Unde
3088 1024 3144 1071 et
3179 1015 3447 1084 quomodo

1873 1106 1928 1160 in
1956 1106 2041 1160 his
2080 1114 2226 1159 tanta
2264 1106 2546 1160 diversitas
2573 1113 2675 1167 est,
2731 1113 2789 1158 ut
2823 1110 2929 1159 una
2958 1106 3197 1175 impensa
3244 1105 3450 1160 faceret

1872 1213 2071 1269 genera
2100 1198 2328 1261 diversa,
2362 1198 2541 1273 dicant
2562 1212 2705 1251 nunc
2730 1197 2980 1266 sophistae
3004 1196 3187 1265 mundi
3214 1204 3268 1249 ct
3290 1211 3446 1251 scru-

1873 1299 2078 1344 tatores
2106 1290 2366 1353 siderum,
2413 1289 2458 1343 si
2496 1290 2680 1357 valent
2708 1288 3184 1356 comprehendere,
3216 1302 3333 1356 quae
3355 1301 3446 1338 ex-

1874 1387 1959 1433 tra
1998 1393 2057 1434 se
2088 1387 2212 1433 sunt
2242 1393 2365 1456 eum
2386 1379 2517 1448 quid
2539 1380 2674 1433 intra
2704 1394 2763 1434 se
2790 1380 2860 1433 sit
2892 1378 3163 1441 nesciant.
3207 1377 3449 1445 Denique

1872 1485 2060 1525 omnes
2098 1470 2353 1524 mundani
2384 1469 2703 1540 philosophi,
2735 1470 2859 1538 quia
2885 1479 3120 1524 mentem
3167 1483 3317 1523 suam
3344 1467 3447 1536 legi

1872 1560 1967 1615 Dei
2023 1560 2325 1625 humiliare,
2378 1568 2438 1614 ut
2488 1558 2644 1614 fidem
2705 1559 2821 1628 ejus
2868 1558 3202 1627 susciperent
3258 1555 3432 1609 nolue-

1872 1656 2019 1714 runt,
2054 1650 2265 1716 diversa
2291 1662 2505 1719 setnper
2529 1657 2586 1704 et
2633 1648 2904 1704 contraria
2954 1655 3282 1711 asserentes,
3327 1646 3445 1699 ina-

1873 1740 2113 1794 nissimis
2175 1739 2627 1807 disputationibus
2692 1738 2921 1792 invicem
2964 1751 3023 1791 se
3058 1734 3444 1798 confuderunt,

194 1814 387 1866 buunt.
438 1812 743 1869 Yendentes
786 1815 984 1885 quippe
1040 1817 1096 1872 in
1128 1818 1325 1886 templo
1363 1827 1525 1894 sunt”
1552 1819 1642 1889 qui
1671 1820 1775 1874 hoc
1800 1817 1848 1875 B
1877 1829 2001 1897 quia
2045 1828 2099 1881 in
2141 1827 2284 1883 nullo
2324 1828 2519 1881 horum
2550 1825 2871 1899 testiﬁcatur
2912 1825 3162 1879 veritatis
3210 1824 3441 1893 signum.

195 1906 344 1975 quod
389 1905 707 1974 quibusdam
746 1906 868 1976 jure
912 1908 1191 1978 competit,
1238 1909 1304 1962 ad
1348 1910 1629 1979 praemium
1670 1911 1776 1963 lar-

194 1999 439 2066 giuntur,
468 1996 732 2065 justitiam
762 1997 907 2053 enim
936 1998 1171 2053 vendere
1207 1990 1310 2064 est,
1354 2001 1495 2055 hanc
1524 2016 1623 2071 pro
1641 2016 1776 2071 prae-

198 2084 294 2138 mii
346 2086 661 2156 acceptione
704 2101 941 2142 servare.
984 2072 1243 2143 Ementes
1295 2103 1424 2143 vero
1466 2089 1520 2145 in
1578 2089 1775 2159 templo

194 2182 347 2239 sunt,
399 2176 489 2246 qui
540 2176 667 2229 dum
702 2177 805 2231 hoc
834 2177 1141 2246 persolvere
1186 2175 1450 2248 proximh,
1497 2179 1639 2248 quod
1688 2178 1776 2247 ju-

194 2274 346 2320 stum
395 2275 481 2321 est
520 2282 627 2321 non
680 2266 880 2329 volunt,
933 2267 1167 2338 dumque
1214 2283 1327 2326 rem
1376 2269 1498 2339 jure
1539 2269 1775 2323 debitam

195 2353 381 2409 facere
438 2365 790 2411 contemnunt
856 2357 981 2411 dato
1030 2357 1274 2427 patronis
1314 2360 1538 2427 prmmio
1589 2365 1777 2415 emunt

195 2455 499 2516 peccatum.
543 2448 747 2514 Quibus
786 2450 923 2504 bene
966 2449 1207 2519 dicitur:
1253 2449 1454 2503 Domus
1517 2466 1633 2504 mea
1682 2450 1777 2502 do-

195 2525 319 2595 nius
370 2542 621 2595 orationis
651 2551 745 2607 est,
788 2546 875 2595 vos
922 2550 1095 2594 autem
1122 2539 1315 2609 fecistis
1362 2538 1510 2592 illam
1568 2537 1777 2608 spelun-

194 2648 320 2687 cam
350 2632 632 2685 latronum.
659 2631 793 2698 Quia
818 2632 944 2686 dum
974 2647 1357 2700 nonnunquam
1400 2631 1653 2700 perversi
1675 2632 1774 2686 bo-

196 2725 376 2779 mines
427 2708 600 2778 locum
629 2724 901 2795 religionis
929 2731 1131 2789 tenent,
1158 2723 1237 2778 ibi
1263 2722 1483 2777 malitia:
1517 2737 1635 2776 suae
1661 2722 1777 2793 gla-

197 2814 308 2867 diis
365 2812 637 2879 occidunt,
701 2813 792 2868 ubi
843 2812 1121 2867 viviﬁcare
1182 2812 1458 2881 proximos
1513 2812 1774 2867 orationis

195 2921 315 2959 sua:
345 2904 727 2959 intercessione
764 2904 1083 2959 debuerunt.
1134 2902 1415 2973 Templum
1454 2918 1669 2974 quoque
1718 2909 1774 2956 et

196 2996 395 3051 domus
425 2995 634 3050 Dei'est
689 2996 803 3064 ipsa
857 3010 1008 3053 mens
1058 3004 1220 3064 atque
1253 2994 1581 3050 conscientia
1636 2993 1770 3049 iide-

194 3087 353 3150 lium,
404 3102 521 3155 quae
548 3088 826 3156 siquando
875 3086 929 3140 in
955 3086 1225 3159 lzesioucm
1264 3085 1495 3156 proximi
1551 3100 1771 3155 perver-

1874 1919 2127 1990 Agnitum
2180 1926 2283 1983 est,
2319 1918 2463 1988 quod
2507 1926 2632 1972 ante
2660 1918 2893 1986 positum
2920 1916 3143 1970 verbum
3173 1910 3447 1969 commenv-

1874 2015 1968 2069 dat
2013 2014 2311 2068 doctrinam
2361 2013 2499 2069 sicut
2542 2018 2598 2066 et
2635 2011 2776 2066 Deus
2819 2008 3071 2091 discrevit
3111 2006 3445 2078 disciplinam

1872 2111 2113 2158 nostram
2143 2118 2263 2171 qua:
2309 2117 2431 2157 non-
2461 2101 2641 2160 verbis
2668 2100 2943 2171 probatur,
2992 2101 3086 2154 sed
3113 2099 3327 2164 virtute,
3359 2097 3443 2151 cui

1872 2210 1980 2249 non
2007 2193 2415 2264 pessuntverba
2450 2193 2724 2247 resistere.
2769 2188 3230 2257 Quemadmodum
3297 2187 3443 2242 enim

1872 2299 1937 2338 ex
1984 2298 2091 2338 una
2134 2284 2375 2352 impensa
2424 2283 2637 2337 diversa
2665 2280 3024 2335 animantium
3074 2295 3205 2335 caro
3230 2288 3331 2342 est,
3368 2278 3441 2332 ita

1873 2381 1929 2427 et
1962 2372 2121 2426 unius
2170 2373 2350 2427 carnis
2401 2372 2636 2429 hominis
2684 2372 2911 2426 diversae
2938 2380 3100 2426 erunt
3151 2370 3441 2441 dignitates

1874 2463 1929 2517 in
1974 2463 2388 2528 resurrectione,
2443 2471 2504 2517 ut
2555 2461 2678 2517 talis
2729 2463 3098 2532 unusquisque
3164 2468 3442 2531 appareat,

1873 2555 2047 2624 qualis
2083 2552 2246 2609 fuerit
2274 2554 2473 2617 meriti,
2511 2554 2705 2623 quippe
2728 2566 2851 2608 cum
2883 2553 2971 2607 hic
3016 2554 3179 2608 etiam
3217 2552 3445 2607 diversi-

1875 2652 2037 2717 tatem
2064 2657 2348 2713 corporum
2372 2641 2682 2695 videamus:
2713 2640 2785 2715 Et
2810 2657 3049 2712 corpora,
3073 2640 3267 2710 inquit,
3292 2640 3449 2695 ﬁcale-

1872 2733 2006 2798 stia,
2034 2743 2087 2786 et
2104 2732 2367 2785 terrestria
2393 2744 2412 2781 :
2441 2731 2530 2784 sed
2552 2730 2660 2783 alia
2681 2729 2887 2797 quidem
2926 2728 3208 2789 caelestium
3249 2727 3443 2799 gloria,

1872 2820 1981 2874 alia
2008 2829 2180 2873 autem
2231 2818 2571 2872 terrestrium.
2614 2816 2867 2872 leestia
2905 2832 3132 2886 corpora
3177 2825 3304 2871 sunt
3352 2832 3442 2873 re—

1871 2909 2226 2981 surgentium,
2254 2908 2532 2962 terrestria
2574 2913 2755 2961 autem
2803 2915 3091 2976 antequam
3117 2905 3436 2970 moriantur,

1871 3006 1963 3053 aut
2020 3007 2261 3069 surgant,
2304 3005 2363 3052 ut
2396 2997 2521 3068 quia
2566 2997 2815 3073 Christus
2863 2997 3099 3073 caelestis
3127 3004 3234 3062 est,
3281 3011 3348 3051 ex
3378 3012 3443 3052 eo

1874 3106 2099 3161 corpora
2123 3090 2365 3145 cmlestia
2396 3089 2663 3143 dicantur.
2705 3072 2782 3141 ei
2812 3088 2981 3142 Adam
3028 3072 3160 3142 vero
3187 3087 3314 3154 quia
3342 3093 3444 3142 ter-

194 3193 289 3230 sas
312 3150 662 3247 cogitationes
684 3176 909 3247 profert,
950 3154 1118 3246 quasi'
1153 3176 1205 3230 in
1255 3150 1507 3244 spelunca
1535 3150 1771 3230 latrones
1799 3150 1842 3211 C
1874 3150 2063 3237 resin-is
2114 3191 2199 3237 est
2243 3181 2525 3237 terrestria
2569 3190 2815 3250 carpora.
2873 3178 2995 3233 Alia
3039 3150 3254 3233 claritas
3283 3178 3441 3243 solis,

198 3268 459 3331 resident,
522 3276 579 3322 et
640 3267 961 3336 simpliciter
1033 3266 1343 3337 gradientes
1416 3266 1768 3333 interﬁciunt,

193 3355 415 3425 quando
458 3356 512 3410 in
553 3348 669 3419 eos,
697 3355 788 3425 qui
824 3355 877 3410 in
925 3354 1070 3410 nullo
1106 3355 1181 3409 rei
1213 3364 1357 3420 sunt,
1390 3355 1624 3411 lmsionis
1659 3357 1772 3428 gla-

193 3444 318 3500 dios
356 3437 614 3514 de‘ligunt.
647 3444 793 3500 Mens
821 3444 965 3499 enim
1002 3443 1257 3509 ﬁdelium,
1304 3460 1411 3499 non
1444 3444 1557 3513 jam
1582 3447 1771 3501 domus

192 3536 480 3601 orationis,
512 3538 622 3593 sed
646 3538 899 3607 spelunca
930 3537 1158 3592 latronis
1194 3547 1299 3601 est,
1339 3540 1555 3608 quando
1578 3538 1769 3593 relicta

192 3624 505 3684 innocentia
538 3633 594 3680 et
632 3626 975 3696 simplicitate
1021 3627 1327 3683 sanctitatis
1372 3626 1509 3683 illud
1543 3635 1775 3683 conatur

189 3730 377 3787 agere,
434 3717 573 3772 unde
605 3717 783 3772 valeat
809 3708 1071 3788 proximis
1099 3733 1322 3785 nocere;
1353 3720 1447 3775 sed
1487 3719 1610 3789 quia
1637 3735 1769 3774 con-

193 3816 280 3862 tra
315 3822 565 3879 perversa
602 3809 718 3863 haec
744 3808 924 3862 omnia
968 3808 1145 3862 verbis
1190 3808 1568 3879 Redemptoris
1596 3809 1768 3864 nostri

191 3910 297 3966 per
348 3912 532 3951 sacras
558 3897 783 3967 paginas
829 3885 1195 3951 indesinenter
1251 3897 1588 3963 instruimur,
1628 3911 1769 3952 nunc

189 4000 365 4055 usque
399 3987 465 4039 ad
497 3986 598 4041 hoc
621 3986 799 4065 agitur
824 3985 980 4055 quod
1017 3984 1216 4041 factum
1245 3985 1411 4041 fuisse
1432 3987 1767 4056 perhibetur,

188 4091 318 4131 cum
354 4076 568 4130 dicitur.
608 4076 678 4130 Et
703 4086 812 4131 erat
834 4077 1023 4131 d‘ocens
1056 4077 1286 4147 quotidie
1326 4077 1379 4130 in
1401 4075 1609 4144 templo.
1633 4075 1767 4132 Cum

186 4166 338 4221 enim
354 4174 591 4225 mentem
606 4166 839 4221 fidelium
862 4166 927 4221 ad
940 4166 1178 4222 cavenda
1200 4166 1340 4220 mala
1359 4166 1629 4221 subtiliter
1646 4181 1762 4221 eru~

188 4258 293 4340 dit,
324 4258 561 4328 quotidie
584 4258 797 4314 Veritas
823 4259 1001 4322 docet,
1031 4256 1188 4313 Jesus
1216 4258 1465 4314 Christus
1490 4259 1762 4327 videlicet,

187 4348 456 4404 Dominus
498 4357 682 4403 noster
720 4349 812 4419 qui
864 4364 986 4404 cum
1020 4348 1183 4404 Patre
1225 4357 1281 4404 et
1334 4348 1539 4421 Spiritu
1577 4358 1765 4405 sancto

184 4440 325 4494 vivit
350 4448 407 4493 et
430 4448 616 4512 regnat
656 4440 798 4497 Deus
843 4456 940 4512 per
982 4441 1163 4496 omnia
1194 4440 1396 4497 saecula
1424 4440 1760 4497 saeculorum.

183 4531 384 4589 Amen.

673 4620 948 4679 HOMILIA
987 4621 1291 4679 CXXXVII.

830 4731 989 4771 ηιιιι
1031 4730 1108 4771 ιν.

183 4802 379 4865 laetatio
416 4804 667 4875 Epistolze
689 4804 833 4861 beati
857 4805 1011 4860 Pauli
1066 4804 1290 4876 apostoli
1318 4804 1386 4860 ad
1434 4802 1760 4859 Corinthios.

259 4893 504 4963 Fratres,
535 4914 639 4951 non
665 4898 831 4951 omnis
870 4914 992 4951 caro
1024 4898 1204 4951 eadem
1230 4914 1377 4963 caro,
1406 4896 1497 4951 sed
1527 4895 1635 4949 alia
1670 4896 1765 4949 lto-

183 4988 415 5051 mimtm,
454 4987 561 5041 alia
594 5004 859 5057 pecorum,
883 4987 992 5041 alia
1025 4987 1312 5053 volucrum,
1348 4987 1458 5041 alia
1512 4987 1755 5057 piscium.

189 5078 260 5134 Et
288 5094 508 5147 corpora
540 5078 789 5145 ccelestia,
836 5088 885 5132 et
919 5095 1139 5149 corpora
1181 5080 1470 5143 terrestria,
1520 5077 1611 5131 sed
1649 5077 1757 5131 alia

185 5169 398 5241 quidem
445 5169 726 5223 caelestium
747 5170 933 5240 gloria,
958 5169 1065 5224 alia
1091 5185 1265 5223 autem
1292 5170 1635 5233 terrestrium,
1652 5169 1760 5223 alia

187 5261 406 5315 claritas
429 5260 573 5323 solis,
600 5260 708 5313 alia
725 5260 937 5313 claritas
961 5258 1123 5323 lunw,
1149 5268 1195 5312 et
1227 5259 1334 5312 alia
1352 5258 1565 5312 claritas
1585 5257 1761 5311 stella-

187 5366 327 5404 rum.
352 5348 521 5405 Stella
539 5351 675 5403 enim
696 5350 758 5403 ab
782 5350 931 5404 stella
951 5348 1124 5420 di/fert
1148 5350 1199 5401 in
1219 5348 1489 5413 claritate;
1517 5349 1590 5403 sic
1609 5358 1654 5401 et
1680 5364 1759 5401 re-

184 5440 444 5497 surrectio
467 5449 813 5506 mortuorum,
842 5449 946 5494 etc.

257 5530 315 5585 ln
361 5530 446 5583 his
467 5529 718 5582 omnibus
755 5530 858 5585 iste
892 5544 1080 5584 sensus
1118 5538 1218 5583 est.
1270 5528 1325 5581 Si
1353 5543 1548 5599 genera
1579 5526 1758 5581 carnis

182 5635 309 5677 ωσι
359 5618 470 5673 sint
519 5626 713 5670 cuncta
761 5617 1028 5680 mortalia,
1081 5616 1333 5671 diﬂ'erunt
1384 5626 1563 5671 tamen
1617 5617 1759 5670 inter

185 5725 242 5769 se
268 5725 369 5781 pro
396 5706 802 5763 diversitatibus
823 5708 1170 5767 animantium
1199 5724 1213 5775 ;
1244 5708 1345 5763 etsi
1367 5723 1589 5774 corpora
1612 5706 1755 5762 enim

1874 3273 1983 3327 alia
2022 3272 2238 3330 claritas
2298 3270 2620 3338 lume,‘alia
2672 3270 2886 3325 claritas
2953 3269 3244 3336 stellarum,
3292 3269 3443 3325 stella

1872 3363 2010 3417 enim
2074 3360 2138 3414 ab
2177 3359 2325 3414 stella
2364 3360 2541 3428 di/fert
2595 3360 2651 3413 in
2697 3359 2955 3412 claritate.
3016 3357 3185 3413 Unius
3236 3366 3443 3413 natura:

1868 3452 2271 3523 comparatione
2312 3452 2485 3505 utitur
2529 3451 2599 3506 ad
2646 3449 2948 3517 indiscreta:
2979 3451 3293 3505 substantia:
3320 3451 3444 3505 red-

1871 3545 2101 3601 dendam
2138 3544 2422 3608 rationem,
2454 3543 2582 3613 quia
2626 3543 2767 3597 sicut
2803 3541 2885 3597 sol
2909 3552 2965 3597 et
3010 3540 3145 3599 iiuna
3190 3548 3247 3595 et
3277 3540 3443 3596 stellas

1871 3650 1995 3691 cum
2058 3635 2166 3689 sint
2213 3634 2373 3687 unius
2419 3632 2637 3701 quidem
2688 3639 2923 3695 naturae,
2980 3631 3204 3685 diversae
3262 3638 3439 3684 tamen

1869 3725 2134 3781 claritatis
2164 3732 2308 3790 sunt,
2336 3724 2411 3777 ita
2470 3731 2526 3778 et
2560 3722 2805 3797 homines
2854 3736 2975 3776 cum
3000 3721 3108 3775 sint
3142 3720 3301 3775 unius
3343 3734 3440 3793 ge-

1868 3816 2036 3881 neris,
2091 3814 2285 3869 merito
2312 3820 2509 3867 .tamen
2564 3812 2853 3867 dissimiles
2925 3820 3087 3867 erunt
3134 3811 3190 3865 in
3245 3810 3438 3883 gloria,

1868 3914 1928 3961 ut
1960 3906 2260 3962 claritatem
2302 3905 2431 3961 solis
2466 3904 2681 3959 illorum
2712 3902 2946 3974 dignitas
2972 3910 3314 3971 exsequetur,
3343 3903 3435 3972 qui

1868 3999 2219 4073 centesimum
2244 4010 2529 4051 numerum
2557 3980 2777 4060 habent,
2804 3995 2894 4063 qui
2922 4001 2982 4072 ut
3005 3992 3223 4063 perfecti
3252 4004 3434 4049 essent

1866 4087 2026 4159 primi
2053 4087 2251 4158 gradus
2273 4085 2452 4141 aemuli
2500 4084 2735 4139 fuerunt.
2768 4083 2843 4138 De
2863 4083 3056 4153 quibus
3084 4084 3281 4139 dictum
3307 4092 3389 4139 est
3417 4099 3431 4137 :

1866 4185 1989 4230 tunc
2012 4183 2017 4187 ’
2019 4176 2151 4245 justi
2175 4173 2441 4245 fulgebunt
2469 4174 2602 4227 sicut
2626 4171 2705 4225 sol
2727 4172 2781 4225 in
2806 4188 2960 4242 regno
2984 4169 3161 4226 Patris
3189 4173 3305 4226 sui-
3321 4171 3432 4228 Lu-

1865 4265 1984 4319 nari
2009 4273 2188 4319 autem
2214 4262 2447 4336 claritati
2477 4262 2533 4316 hi
2567 4261 3085 4330 comparandisunt,
3134 4261 3225 4330 qui
3273 4276 3436 4316 sexa-

1865 4356 2125 4425 gesimum
2152 4368 2441 4409 numerum
2472 4352 2903 4420 bonis'operibus
2947 4352 3170 4405 mercati
3200 4360 3344 4416 sunt,
3373 4359 3435 4405 ut

1866 4445 2086 4500 secundi
2132 4444 2333 4516 gradus
2383 4444 2631 4497 meritum
2679 4442 2958 4496 haberent.
3016 4439 3199 4496 Stellis
3254 4449 3434 4498 autem

1868 4536 2185 4592 clarioribus
2214 4549 2400 4590 eorum
2426 4534 2617 4588 merita
2644 4532 3005 4600 comparanda
3046 4540 3191 4598 sunt,
3222 4533 3315 4603 qui
3339 4534 3437 4588 tri-

1868 4628 2127 4684 cesimum
2164 4641 2470 4699 numerum,
2501 4624 2641 4680 tertii
2673 4624 2871 4695 gradus
2898 4624 3237 4694 dignitatem,
3272 4625 3436 4695 justis

1867 4717 2138 4773 laboribus
2177 4716 2520 4786 quassierunt.
2550 4714 2908 4783 Sequentibus
2934 4728 3063 4768 vero
3088 4701 3276 4778 stellis,
3312 4729 3435 4785 quas

1866 4810 2011 4866 inter
2034 4808 2209 4864 claras
2260 4815 2317 4863 et
2342 4807 2682 4862 obscuriores
2718 4804 2908 4859 mediae
2942 4814 3089 4869 sunt,
3118 4812 3431 4875 peccatores

1867 4900 2115 4955 homines
2139 4897 2423 4968 coaptandi
2460 4904 2605 4963 sunt,
2641 4897 2731 4966 qui
2763 4898 2828 4951 de
2855 4897 3027 4951 tribus
3070 4897 3270 4951 nullius
3304 4910 3433 4966 gra-

1857 4986 1959 5044 dus
1982 4989 2243 5043 honorem
2293 4987 2515 5056 adipisci
2562 4986 2869 5050 noluerunt,
2914 4987 3124 5040 caeteris
3154 4984 3427 5059 [Tetricis]

1858 5090 2035 5133 autem
2059 5076 2231 5132 stellis
2257 5084 2313 5130 et
2354 5076 2593 5130 omnium
2630 5074 2949 5130 novissimis
2990 5074 3315 5143 perfidorum
3346 5090 3425 5130 re~

1858 5166 2123 5220 surrectio
2155 5164 2354 5218 similis
2407 5173 2509 5228 est,
2537 5164 2661 5233 quia
2685 5177 2924 5217 errorem
2953 5164 3145 5229 secuti,
3170 5163 3341 5218 stellis
3372 5164 3426 5218 in

1858 5268 2095 5309 errorem
2130 5253 2450 5315 ducentibus
2483 5253 2827 5322 comparandi
2872 5261 3018 5319 sunt,
3057 5254 3195 5309 sicut
3224 5254 3351 5309 dicit
3374 5254 3427 5309 in

1862 5344 2093 5415 Epistola
2120 5359 2215 5398 sua
2238 5344 2403 5399 Judas
2423 5334 3024 5414 apostolus,‘inﬁdelitas
3047 5345 3184 5407 enim
3210 5361 3314 5399 non
3337 5362 3429 5415 po-

1861 5445 1955 5488 test
1997 5433 2193 5487 claram
2227 5436 2653 5487 resurrectionem
2697 5435 2903 5496 habere,
2950 5436 3072 5504 quia
3102 5434 3234 5487 sicut
3270 5434 3427 5487 carbo

1860 5529 2029 5580 cinere
2070 5541 2164 5578 suo
2230 5522 2516 5594 coopertus'
2543 5525 2851 5588 obccecatur,
2904 5525 2978 5578 ita
3022 5525 3165 5592 etbi
3205 5521 3429 5595 perﬁdia

1860 5631 1953 5671 sua
1980 5616 2179 5669 erroris
2201 5615 2435 5669 tenebris
2466 5615 2780 5669 circumdati
2810 5615 2929 5671 luce
2954 5616 3237 5669 carebunt.
3273 5614 3351 5667 ita
3375 5622 3432 5666 et

1859 5706 2182 5761 resurrectio
2219 5714 2551 5761 mortuorum
2583 5724 2593 5759 :
2628 5704 2871 5775 exempla
2902 5706 2994 5760 dat
3026 5712 3083 5759 ut
3103 5719 3206 5758 nou
3235 5702 3304 5757 sit
3334 5701 3434 5756 du2
