  <div class='ocr_page' id='page_1' title='image "/cluster/home/n/w/nwhite01/storage/ocr_20150623/110/uva.x000827066/213.png"; bbox 0 0 3960 6378; ppageno 0'>
   <div class='ocr_carea' id='block_1_1' title="bbox 501 390 602 448">
    <p class='ocr_par' dir='ltr' id='par_1_1' title="bbox 501 390 602 448">
     <span class='ocr_line' id='line_1_1' title="bbox 501 390 602 448; baseline 0.01 -1"><span class='ocrx_word' id='word_1_1' title='bbox 501 390 602 448; x_wconf 74' lang='grc' dir='ltr'>ω</span> 
     </span>
    </p>
   </div>
   <div class='ocr_carea' id='block_1_2' title="bbox 1151 407 3120 469">
    <p class='ocr_par' dir='ltr' id='par_1_2' title="bbox 1151 407 3120 469">
     <span class='ocr_line' id='line_1_2' title="bbox 1151 407 3120 469; baseline -0.002 -3"><span class='ocrx_word' id='word_1_2' title='bbox 1151 411 1213 466; x_wconf 87' lang='grc' dir='ltr'><strong>Β.</strong></span> <span class='ocrx_word' id='word_1_3' title='bbox 1256 408 1505 466; x_wconf 78' lang='lat' dir='ltr'><strong>RABANI</strong></span> <span class='ocrx_word' id='word_1_4' title='bbox 1546 408 1765 467; x_wconf 79' lang='lat' dir='ltr'><strong>MAURI</strong></span> <span class='ocrx_word' id='word_1_5' title='bbox 1802 408 2121 465; x_wconf 78' lang='lat' dir='ltr'><strong>ARCHIEP.</strong></span> <span class='ocrx_word' id='word_1_6' title='bbox 2164 407 2801 469; x_wconf 70' lang='lat' dir='ltr'><strong>MOGUNT.‘OPERUM</strong></span> <span class='ocrx_word' id='word_1_7' title='bbox 2840 412 3019 468; x_wconf 81' lang='lat' dir='ltr'><strong>PARS</strong></span> <span class='ocrx_word' id='word_1_8' title='bbox 3056 410 3120 465; x_wconf 81' lang='lat' dir='ltr'><strong>li.</strong></span> 
     </span>
    </p>
   </div>
   <div class='ocr_carea' id='block_1_3' title="bbox 3673 420 3778 474">
    <p class='ocr_par' dir='ltr' id='par_1_3' title="bbox 3673 420 3778 474">
     <span class='ocr_line' id='line_1_3' title="bbox 3673 420 3778 474; baseline 0 -1"><span class='ocrx_word' id='word_1_9' title='bbox 3673 420 3778 474; x_wconf 67' lang='lat'><strong>412‘.</strong></span> 
     </span>
    </p>
   </div>
   <div class='ocr_carea' id='block_1_4' title="bbox 512 507 3780 601">
    <p class='ocr_par' dir='ltr' id='par_1_4' title="bbox 512 507 3780 601">
     <span class='ocr_line' id='line_1_4' title="bbox 512 507 3780 601; baseline 0.001 -18"><span class='ocrx_word' id='word_1_10' title='bbox 512 526 662 583; x_wconf 89' lang='lat' dir='ltr'><strong>bium</strong></span> <span class='ocrx_word' id='word_1_11' title='bbox 686 527 1136 582; x_wconf 81' lang='lat' dir='ltr'><strong>resurrectionem</strong></span> <span class='ocrx_word' id='word_1_12' title='bbox 1158 507 1394 583; x_wconf 71' lang='lat' dir='ltr'><strong>futuram</strong></span> <span class='ocrx_word' id='word_1_13' title='bbox 1418 536 1853 595; x_wconf 89' lang='lat' dir='ltr'><strong>mortuorum,ut</strong></span> <span class='ocrx_word' id='word_1_14' title='bbox 1872 534 2093 598; x_wconf 87' lang='lat' dir='ltr'><strong>accepta</strong></span> <span class='ocrx_word' id='word_1_15' title='bbox 2121 529 2171 588; x_wconf 79' lang='grc' dir='ltr'><strong>Α</strong></span> <span class='ocrx_word' id='word_1_16' title='bbox 2198 526 2323 581; x_wconf 82' lang='lat' dir='ltr'><strong>ctelo</strong></span> <span class='ocrx_word' id='word_1_17' title='bbox 2372 527 2590 582; x_wconf 73' lang='lat' dir='ltr'><strong>caelestis</strong></span> <span class='ocrx_word' id='word_1_18' title='bbox 2635 529 2848 582; x_wconf 84' lang='lat' dir='ltr'><strong>dicitur.</strong></span> <span class='ocrx_word' id='word_1_19' title='bbox 2893 526 3026 595; x_wconf 79' lang='lat' dir='ltr'><strong>Quia</strong></span> <span class='ocrx_word' id='word_1_20' title='bbox 3060 543 3164 584; x_wconf 90' lang='lat' dir='ltr'><strong>non</strong></span> <span class='ocrx_word' id='word_1_21' title='bbox 3188 529 3439 585; x_wconf 73' lang='lat' dir='ltr'><strong>humanm</strong></span> <span class='ocrx_word' id='word_1_22' title='bbox 3468 534 3780 601; x_wconf 72' lang='lat' dir='ltr'><strong>fragilitatis</strong></span> 
     </span>
    </p>
   </div>
   <div class='ocr_carea' id='block_1_5' title="bbox 516 618 1199 715">
    <p class='ocr_par' dir='ltr' id='par_1_5' title="bbox 516 618 1199 715">
     <span class='ocr_line' id='line_1_5' title="bbox 516 618 1199 715; baseline -0.003 -42"><span class='ocrx_word' id='word_1_23' title='bbox 516 618 726 673; x_wconf 76' lang='lat' dir='ltr'><strong>ratione</strong></span> <span class='ocrx_word' id='word_1_24' title='bbox 748 632 907 715; x_wconf 75' lang='lat' dir='ltr'><strong>neqio</strong></span> <span class='ocrx_word' id='word_1_25' title='bbox 944 618 1199 689; x_wconf 78' lang='lat' dir='ltr'><strong>ambigat.</strong></span> 
     </span>
    </p>
   </div>
   <div class='ocr_carea' id='block_1_6' title="bbox 584 705 2091 781">
    <p class='ocr_par' dir='ltr' id='par_1_6' title="bbox 584 705 2091 781">
     <span class='ocr_line' id='line_1_6' title="bbox 584 705 2091 781; baseline 0.001 -19"><span class='ocrx_word' id='word_1_26' title='bbox 584 705 889 762; x_wconf 67' lang='lat' dir='ltr'><strong>Seminatflr</strong></span> <span class='ocrx_word' id='word_1_27' title='bbox 931 709 986 762; x_wconf 92' lang='lat' dir='ltr'><strong>in</strong></span> <span class='ocrx_word' id='word_1_28' title='bbox 1012 709 1360 779; x_wconf 79' lang='lat' dir='ltr'><strong>corruptione,</strong></span> <span class='ocrx_word' id='word_1_29' title='bbox 1389 720 1564 781; x_wconf 85' lang='lat' dir='ltr'><strong>surget</strong></span> <span class='ocrx_word' id='word_1_30' title='bbox 1602 711 1658 765; x_wconf 88' lang='lat' dir='ltr'><strong>in</strong></span> <span class='ocrx_word' id='word_1_31' title='bbox 1684 710 2091 781; x_wconf 72' lang='lat' dir='ltr'><strong>incorruptione.</strong></span> 
     </span>
    </p>
   </div>
   <div class='ocr_carea' id='block_1_7' title="bbox 513 795 2094 879">
    <p class='ocr_par' dir='ltr' id='par_1_7' title="bbox 513 795 2094 879">
     <span class='ocr_line' id='line_1_7' title="bbox 513 795 2094 879; baseline 0.004 -22"><span class='ocrx_word' id='word_1_32' title='bbox 513 800 801 858; x_wconf 89' lang='lat' dir='ltr'><strong>Seminare</strong></span> <span class='ocrx_word' id='word_1_33' title='bbox 843 812 927 859; x_wconf 90' lang='lat' dir='ltr'><strong>est</strong></span> <span class='ocrx_word' id='word_1_34' title='bbox 967 805 1197 875; x_wconf 77' lang='lat' dir='ltr'><strong>sepelire</strong></span> <span class='ocrx_word' id='word_1_35' title='bbox 1241 795 1302 860; x_wconf 83' lang='lat' dir='ltr'><strong>ut</strong></span> <span class='ocrx_word' id='word_1_36' title='bbox 1359 816 1761 877; x_wconf 73' lang='lat' dir='ltr'><strong>corrumpatur,</strong></span> <span class='ocrx_word' id='word_1_37' title='bbox 1808 824 2094 879; x_wconf 76' lang='lat' dir='ltr'><strong>resurgere</strong></span> 
     </span>
    </p>
   </div>
   <div class='ocr_carea' id='block_1_8' title="bbox 510 893 2092 969">
    <p class='ocr_par' dir='ltr' id='par_1_8' title="bbox 510 893 2092 969">
     <span class='ocr_line' id='line_1_8' title="bbox 510 893 2092 969; baseline 0.003 -20"><span class='ocrx_word' id='word_1_38' title='bbox 510 902 714 958; x_wconf 84' lang='lat' dir='ltr'><strong>autem,</strong></span> <span class='ocrx_word' id='word_1_39' title='bbox 738 894 791 947; x_wconf 84' lang='lat' dir='ltr'><strong>in</strong></span> <span class='ocrx_word' id='word_1_40' title='bbox 815 893 1196 964; x_wconf 89' lang='lat' dir='ltr'><strong>incorruptela,</strong></span> <span class='ocrx_word' id='word_1_41' title='bbox 1237 894 1349 963; x_wconf 80' lang='lat' dir='ltr'><strong>jam</strong></span> <span class='ocrx_word' id='word_1_42' title='bbox 1379 898 1771 969; x_wconf 79' lang='lat' dir='ltr'><strong>exsuscitatum</strong></span> <span class='ocrx_word' id='word_1_43' title='bbox 1799 914 1906 953; x_wconf 90' lang='lat' dir='ltr'><strong>non</strong></span> <span class='ocrx_word' id='word_1_44' title='bbox 1932 912 2092 968; x_wconf 87' lang='lat' dir='ltr'><strong>posse</strong></span> 
     </span>
    </p>
   </div>
   <div class='ocr_carea' id='block_1_9' title="bbox 510 982 2089 1052">
    <p class='ocr_par' dir='ltr' id='par_1_9' title="bbox 510 982 2089 1052">
     <span class='ocr_line' id='line_1_9' title="bbox 510 982 2089 1052; baseline 0.004 -16"><span class='ocrx_word' id='word_1_45' title='bbox 510 982 808 1052; x_wconf 85' lang='lat' dir='ltr'><strong>corrumpi,</strong></span> <span class='ocrx_word' id='word_1_46' title='bbox 832 982 926 1037; x_wconf 91' lang='lat' dir='ltr'><strong>sed</strong></span> <span class='ocrx_word' id='word_1_47' title='bbox 955 982 1156 1038; x_wconf 90' lang='lat' dir='ltr'><strong>habere</strong></span> <span class='ocrx_word' id='word_1_48' title='bbox 1171 984 1479 1040; x_wconf 81' lang='lat' dir='ltr'><strong>claritatem</strong></span> <span class='ocrx_word' id='word_1_49' title='bbox 1504 986 1943 1042; x_wconf 74' lang='lat' dir='ltr'><strong>immortalitatis.</strong></span> <span class='ocrx_word' id='word_1_50' title='bbox 1988 988 2089 1044; x_wconf 86' lang='lat' dir='ltr'><strong>Se-</strong></span> 
     </span>
    </p>
   </div>
   <div class='ocr_carea' id='block_1_10' title="bbox 510 1073 2089 1151">
    <p class='ocr_par' dir='ltr' id='par_1_10' title="bbox 510 1073 2089 1151">
     <span class='ocr_line' id='line_1_10' title="bbox 510 1073 2089 1151; baseline 0.006 -25"><span class='ocrx_word' id='word_1_51' title='bbox 510 1073 745 1126; x_wconf 83' lang='lat' dir='ltr'><strong>minatur</strong></span> <span class='ocrx_word' id='word_1_52' title='bbox 773 1073 831 1127; x_wconf 89' lang='lat' dir='ltr'><strong>in</strong></span> <span class='ocrx_word' id='word_1_53' title='bbox 857 1074 1165 1144; x_wconf 78' lang='lat' dir='ltr'><strong>ignominia,</strong></span> <span class='ocrx_word' id='word_1_54' title='bbox 1194 1087 1366 1151; x_wconf 81' lang='lat' dir='ltr'><strong>surget</strong></span> <span class='ocrx_word' id='word_1_55' title='bbox 1392 1078 1450 1131; x_wconf 87' lang='lat' dir='ltr'><strong>in</strong></span> <span class='ocrx_word' id='word_1_56' title='bbox 1478 1076 1667 1147; x_wconf 79' lang='lat' dir='ltr'><strong>gloria.</strong></span> <span class='ocrx_word' id='word_1_57' title='bbox 1686 1076 1760 1133; x_wconf 69' lang='lat' dir='ltr'><strong>~ln</strong></span> <span class='ocrx_word' id='word_1_58' title='bbox 1793 1080 2089 1151; x_wconf 74' lang='lat' dir='ltr'><strong>ignominia</strong></span> 
     </span>
    </p>
   </div>
   <div class='ocr_carea' id='block_1_11' title="bbox 508 1146 2091 1239">
    <p class='ocr_par' dir='ltr' id='par_1_11' title="bbox 508 1146 2091 1239">
     <span class='ocr_line' id='line_1_11' title="bbox 508 1146 2091 1239; baseline 0.004 -17"><span class='ocrx_word' id='word_1_59' title='bbox 508 1168 810 1222; x_wconf 82' lang='lat' dir='ltr'><strong>seminatur</strong></span> <span class='ocrx_word' id='word_1_60' title='bbox 856 1166 982 1222; x_wconf 86' lang='lat' dir='ltr'><strong>dum</strong></span> <span class='ocrx_word' id='word_1_61' title='bbox 1035 1168 1089 1223; x_wconf 90' lang='lat' dir='ltr'><strong>in</strong></span> <span class='ocrx_word' id='word_1_62' title='bbox 1142 1146 1334 1224; x_wconf 74' lang='lat' dir='ltr'><strong>tetrico</strong></span> <span class='ocrx_word' id='word_1_63' title='bbox 1380 1170 1619 1239; x_wconf 87' lang='lat' dir='ltr'><strong>ponitur,</strong></span> <span class='ocrx_word' id='word_1_64' title='bbox 1658 1170 1718 1225; x_wconf 82' lang='lat' dir='ltr'><strong>lit</strong></span> <span class='ocrx_word' id='word_1_65' title='bbox 1754 1146 1980 1227; x_wconf 73' lang='lat' dir='ltr'><strong>fetidum</strong></span> <span class='ocrx_word' id='word_1_66' title='bbox 2034 1181 2091 1228; x_wconf 87' lang='lat' dir='ltr'><strong>et</strong></span> 
     </span>
    </p>
   </div>
   <div class='ocr_carea' id='block_1_12' title="bbox 508 1259 2088 1333">
    <p class='ocr_par' dir='ltr' id='par_1_12' title="bbox 508 1259 2088 1333">
     <span class='ocr_line' id='line_1_12' title="bbox 508 1259 2088 1333; baseline 0.003 -19"><span class='ocrx_word' id='word_1_67' title='bbox 508 1266 681 1314; x_wconf 89' lang='lat' dir='ltr'><strong>scatet</strong></span> <span class='ocrx_word' id='word_1_68' title='bbox 707 1260 998 1315; x_wconf 80' lang='lat' dir='ltr'><strong>vermibus.</strong></span> <span class='ocrx_word' id='word_1_69' title='bbox 1023 1259 1325 1331; x_wconf 83' lang='lat' dir='ltr'><strong>Resurgere</strong></span> <span class='ocrx_word' id='word_1_70' title='bbox 1351 1268 1530 1315; x_wconf 88' lang='lat' dir='ltr'><strong>autem</strong></span> <span class='ocrx_word' id='word_1_71' title='bbox 1552 1270 1636 1317; x_wconf 90' lang='lat' dir='ltr'><strong>est</strong></span> <span class='ocrx_word' id='word_1_72' title='bbox 1659 1263 1713 1317; x_wconf 92' lang='lat' dir='ltr'><strong>in</strong></span> <span class='ocrx_word' id='word_1_73' title='bbox 1742 1262 1932 1333; x_wconf 82' lang='lat' dir='ltr'><strong>gloria,</strong></span> <span class='ocrx_word' id='word_1_74' title='bbox 1960 1264 2088 1333; x_wconf 84' lang='lat' dir='ltr'><strong>quia</strong></span> 
     </span>
    </p>
   </div>
   <div class='ocr_carea' id='block_1_13' title="bbox 505 1349 2083 1424">
    <p class='ocr_par' dir='ltr' id='par_1_13' title="bbox 505 1349 2083 1424">
     <span class='ocr_line' id='line_1_13' title="bbox 505 1349 2083 1424; baseline 0.002 -19"><span class='ocrx_word' id='word_1_75' title='bbox 505 1349 897 1405; x_wconf 78' lang='lat' dir='ltr'><strong>exsuscitatum</strong></span> <span class='ocrx_word' id='word_1_76' title='bbox 922 1358 975 1404; x_wconf 89' lang='lat' dir='ltr'><strong>et</strong></span> <span class='ocrx_word' id='word_1_77' title='bbox 994 1350 1175 1405; x_wconf 90' lang='lat' dir='ltr'><strong>lumen</strong></span> <span class='ocrx_word' id='word_1_78' title='bbox 1202 1350 1331 1416; x_wconf 90' lang='lat' dir='ltr'><strong>erit,</strong></span> <span class='ocrx_word' id='word_1_79' title='bbox 1358 1359 1413 1406; x_wconf 91' lang='lat' dir='ltr'><strong>et</strong></span> <span class='ocrx_word' id='word_1_80' title='bbox 1440 1351 1637 1406; x_wconf 87' lang='lat' dir='ltr'><strong>nullam</strong></span> <span class='ocrx_word' id='word_1_81' title='bbox 1658 1352 1921 1422; x_wconf 82' lang='lat' dir='ltr'><strong>squaloris</strong></span> <span class='ocrx_word' id='word_1_82' title='bbox 1943 1352 2083 1424; x_wconf 86' lang='lat' dir='ltr'><strong>inju-</strong></span> 
     </span>
    </p>
   </div>
   <div class='ocr_carea' id='block_1_14' title="bbox 506 1438 941 1510">
    <p class='ocr_par' dir='ltr' id='par_1_14' title="bbox 506 1438 941 1510">
     <span class='ocr_line' id='line_1_14' title="bbox 506 1438 941 1510; baseline -0.002 -16"><span class='ocrx_word' id='word_1_83' title='bbox 506 1438 647 1494; x_wconf 87' lang='lat' dir='ltr'><strong>riam</strong></span> <span class='ocrx_word' id='word_1_84' title='bbox 682 1440 941 1510; x_wconf 86' lang='lat' dir='ltr'><strong>patietur.</strong></span> 
     </span>
    </p>
   </div>
   <div class='ocr_carea' id='block_1_15' title="bbox 576 1528 2087 1601">
    <p class='ocr_par' dir='ltr' id='par_1_15' title="bbox 576 1528 2087 1601">
     <span class='ocr_line' id='line_1_15' title="bbox 576 1528 2087 1601; baseline 0.001 -16"><span class='ocrx_word' id='word_1_85' title='bbox 576 1528 882 1585; x_wconf 85' lang='lat' dir='ltr'><strong>Seminatur</strong></span> <span class='ocrx_word' id='word_1_86' title='bbox 909 1532 964 1585; x_wconf 89' lang='lat' dir='ltr'><strong>in</strong></span> <span class='ocrx_word' id='word_1_87' title='bbox 992 1530 1319 1600; x_wconf 78' lang='lat' dir='ltr'><strong>inﬁmitate,</strong></span> <span class='ocrx_word' id='word_1_88' title='bbox 1342 1539 1519 1601; x_wconf 79' lang='lat' dir='ltr'><strong>surget</strong></span> <span class='ocrx_word' id='word_1_89' title='bbox 1549 1531 1603 1586; x_wconf 89' lang='lat' dir='ltr'><strong>in</strong></span> <span class='ocrx_word' id='word_1_90' title='bbox 1618 1533 1824 1586; x_wconf 84' lang='lat' dir='ltr'><strong>virtute.</strong></span> <span class='ocrx_word' id='word_1_91' title='bbox 1852 1532 1909 1587; x_wconf 84' lang='lat' dir='ltr'><strong>In</strong></span> <span class='ocrx_word' id='word_1_92' title='bbox 1936 1531 2087 1587; x_wconf 79' lang='lat' dir='ltr'><strong>inﬁr-</strong></span> 
     </span>
    </p>
   </div>
   <div class='ocr_carea' id='block_1_16' title="bbox 504 1620 2080 1692">
    <p class='ocr_par' dir='ltr' id='par_1_16' title="bbox 504 1620 2080 1692">
     <span class='ocr_line' id='line_1_16' title="bbox 504 1620 2080 1692; baseline -0.001 -15"><span class='ocrx_word' id='word_1_93' title='bbox 504 1620 693 1677; x_wconf 89' lang='lat' dir='ltr'><strong>mitate</strong></span> <span class='ocrx_word' id='word_1_94' title='bbox 719 1621 1041 1686; x_wconf 86' lang='lat' dir='ltr'><strong>seminatur,</strong></span> <span class='ocrx_word' id='word_1_95' title='bbox 1091 1622 1215 1691; x_wconf 87' lang='lat' dir='ltr'><strong>quia</strong></span> <span class='ocrx_word' id='word_1_96' title='bbox 1254 1621 1528 1677; x_wconf 88' lang='lat' dir='ltr'><strong>immobile</strong></span> <span class='ocrx_word' id='word_1_97' title='bbox 1568 1630 1651 1676; x_wconf 90' lang='lat' dir='ltr'><strong>est</strong></span> <span class='ocrx_word' id='word_1_98' title='bbox 1693 1630 1749 1676; x_wconf 89' lang='lat' dir='ltr'><strong>et</strong></span> <span class='ocrx_word' id='word_1_99' title='bbox 1778 1622 2080 1692; x_wconf 85' lang='lat' dir='ltr'><strong>irregibile;</strong></span> 
     </span>
    </p>
   </div>
   <div class='ocr_carea' id='block_1_17' title="bbox 501 1709 2083 1783">
    <p class='ocr_par' dir='ltr' id='par_1_17' title="bbox 501 1709 2083 1783">
     <span class='ocr_line' id='line_1_17' title="bbox 501 1709 2083 1783; baseline -0.001 -15"><span class='ocrx_word' id='word_1_100' title='bbox 501 1713 676 1783; x_wconf 77' lang='lat' dir='ltr'><strong>surgit</strong></span> <span class='ocrx_word' id='word_1_101' title='bbox 707 1721 890 1767; x_wconf 89' lang='lat' dir='ltr'><strong>autem</strong></span> <span class='ocrx_word' id='word_1_102' title='bbox 919 1713 972 1767; x_wconf 92' lang='lat' dir='ltr'><strong>in</strong></span> <span class='ocrx_word' id='word_1_103' title='bbox 999 1711 1224 1779; x_wconf 86' lang='lat' dir='ltr'><strong>virtute,</strong></span> <span class='ocrx_word' id='word_1_104' title='bbox 1254 1712 1381 1771; x_wconf 86' lang='lat' dir='ltr'><strong>auia</strong></span> <span class='ocrx_word' id='word_1_105' title='bbox 1412 1709 1527 1780; x_wconf 88' lang='lat' dir='ltr'><strong>jam</strong></span> <span class='ocrx_word' id='word_1_106' title='bbox 1555 1718 1729 1767; x_wconf 90' lang='lat' dir='ltr'><strong>totum</strong></span> <span class='ocrx_word' id='word_1_107' title='bbox 1758 1711 1943 1767; x_wconf 89' lang='lat' dir='ltr'><strong>vivum</strong></span> <span class='ocrx_word' id='word_1_108' title='bbox 1976 1712 2083 1766; x_wconf 90' lang='lat' dir='ltr'><strong>erit</strong></span> 
     </span>
    </p>
   </div>
   <div class='ocr_carea' id='block_1_18' title="bbox 500 1813 865 1879">
    <p class='ocr_par' dir='ltr' id='par_1_18' title="bbox 500 1813 865 1879">
     <span class='ocr_line' id='line_1_18' title="bbox 500 1813 865 1879; baseline -0.011 -18"><span class='ocrx_word' id='word_1_109' title='bbox 500 1819 567 1862; x_wconf 90' lang='lat' dir='ltr'><strong>ac</strong></span> <span class='ocrx_word' id='word_1_110' title='bbox 594 1813 865 1879; x_wconf 88' lang='lat' dir='ltr'><strong>vegetum.</strong></span> 
     </span>
    </p>
   </div>
   <div class='ocr_carea' id='block_1_19' title="bbox 2200 616 3783 692">
    <p class='ocr_par' dir='ltr' id='par_1_19' title="bbox 2200 616 3783 692">
     <span class='ocr_line' id='line_1_19' title="bbox 2200 616 3783 692; baseline 0.005 -24"><span class='ocrx_word' id='word_1_111' title='bbox 2200 616 2487 682; x_wconf 79' lang='lat' dir='ltr'><strong>ritu,‘sed</strong></span> <span class='ocrx_word' id='word_1_112' title='bbox 2533 618 2727 673; x_wconf 74' lang='lat' dir='ltr'><strong>divina:</strong></span> <span class='ocrx_word' id='word_1_113' title='bbox 2800 620 3096 689; x_wconf 87' lang='lat' dir='ltr'><strong>majestatis</strong></span> <span class='ocrx_word' id='word_1_114' title='bbox 3151 630 3306 687; x_wconf 88' lang='lat' dir='ltr'><strong>nutu,</strong></span> <span class='ocrx_word' id='word_1_115' title='bbox 3364 630 3421 675; x_wconf 88' lang='lat' dir='ltr'><strong>et</strong></span> <span class='ocrx_word' id='word_1_116' title='bbox 3482 633 3783 692; x_wconf 82' lang='lat' dir='ltr'><strong>conceptus</strong></span> 
     </span>
    </p>
   </div>
   <div class='ocr_carea' id='block_1_20' title="bbox 2196 708 3780 779">
    <p class='ocr_par' dir='ltr' id='par_1_20' title="bbox 2196 708 3780 779">
     <span class='ocr_line' id='line_1_20' title="bbox 2196 708 3780 779; baseline 0.006 -20"><span class='ocrx_word' id='word_1_117' title='bbox 2196 717 2299 772; x_wconf 83' lang='lat' dir='ltr'><strong>est,</strong></span> <span class='ocrx_word' id='word_1_118' title='bbox 2359 716 2414 762; x_wconf 90' lang='lat' dir='ltr'><strong>et</strong></span> <span class='ocrx_word' id='word_1_119' title='bbox 2441 709 2650 764; x_wconf 81' lang='lat' dir='ltr'><strong>enixus.</strong></span> <span class='ocrx_word' id='word_1_120' title='bbox 2693 708 2826 763; x_wconf 87' lang='lat' dir='ltr'><strong>Nam</strong></span> <span class='ocrx_word' id='word_1_121' title='bbox 2863 725 3033 779; x_wconf 90' lang='lat' dir='ltr'><strong>usque</strong></span> <span class='ocrx_word' id='word_1_122' title='bbox 3068 712 3202 766; x_wconf 83' lang='lat' dir='ltr'><strong>adeo</strong></span> <span class='ocrx_word' id='word_1_123' title='bbox 3255 722 3502 767; x_wconf 86' lang='lat' dir='ltr'><strong>naturam</strong></span> <span class='ocrx_word' id='word_1_124' title='bbox 3533 723 3780 769; x_wconf 85' lang='lat' dir='ltr'><strong>nostram</strong></span> 
     </span>
    </p>
   </div>
   <div class='ocr_carea' id='block_1_21' title="bbox 2194 796 3783 869">
    <p class='ocr_par' dir='ltr' id='par_1_21' title="bbox 2194 796 3783 869">
     <span class='ocr_line' id='line_1_21' title="bbox 2194 796 3783 869; baseline 0.005 -18"><span class='ocrx_word' id='word_1_125' title='bbox 2194 796 2400 865; x_wconf 81' lang='lat' dir='ltr'><strong>habuit,</strong></span> <span class='ocrx_word' id='word_1_126' title='bbox 2444 810 2503 855; x_wconf 90' lang='lat' dir='ltr'><strong>ut</strong></span> <span class='ocrx_word' id='word_1_127' title='bbox 2532 801 2800 856; x_wconf 85' lang='lat' dir='ltr'><strong>secundus</strong></span> <span class='ocrx_word' id='word_1_128' title='bbox 2821 800 2993 855; x_wconf 82' lang='lat' dir='ltr'><strong>Adam</strong></span> <span class='ocrx_word' id='word_1_129' title='bbox 3016 802 3244 869; x_wconf 86' lang='lat' dir='ltr'><strong>dicatur,</strong></span> <span class='ocrx_word' id='word_1_130' title='bbox 3295 812 3349 857; x_wconf 90' lang='lat' dir='ltr'><strong>et</strong></span> <span class='ocrx_word' id='word_1_131' title='bbox 3398 803 3579 869; x_wconf 90' lang='lat' dir='ltr'><strong>homo,</strong></span> <span class='ocrx_word' id='word_1_132' title='bbox 3619 802 3783 859; x_wconf 83' lang='lat' dir='ltr'><strong>Jesus</strong></span> 
     </span>
    </p>
   </div>
   <div class='ocr_carea' id='block_1_22' title="bbox 2193 888 3779 966">
    <p class='ocr_par' dir='ltr' id='par_1_22' title="bbox 2193 888 3779 966">
     <span class='ocr_line' id='line_1_22' title="bbox 2193 888 3779 966; baseline 0.005 -23"><span class='ocrx_word' id='word_1_133' title='bbox 2193 888 2443 945; x_wconf 88' lang='lat' dir='ltr'><strong>Christus</strong></span> <span class='ocrx_word' id='word_1_134' title='bbox 2463 891 2724 947; x_wconf 88' lang='lat' dir='ltr'><strong>Dominus</strong></span> <span class='ocrx_word' id='word_1_135' title='bbox 2770 903 2970 957; x_wconf 84' lang='lat' dir='ltr'><strong>noster,</strong></span> <span class='ocrx_word' id='word_1_136' title='bbox 3017 894 3109 964; x_wconf 88' lang='lat' dir='ltr'><strong>qui</strong></span> <span class='ocrx_word' id='word_1_137' title='bbox 3150 910 3272 948; x_wconf 86' lang='lat' dir='ltr'><strong>cum</strong></span> <span class='ocrx_word' id='word_1_138' title='bbox 3297 894 3455 951; x_wconf 83' lang='lat' dir='ltr'><strong>Patre</strong></span> <span class='ocrx_word' id='word_1_139' title='bbox 3477 906 3531 951; x_wconf 85' lang='lat' dir='ltr'><strong>et</strong></span> <span class='ocrx_word' id='word_1_140' title='bbox 3565 897 3779 966; x_wconf 90' lang='lat' dir='ltr'><strong>Spiritu</strong></span> 
     </span>
    </p>
   </div>
   <div class='ocr_carea' id='block_1_23' title="bbox 2192 979 3783 1054">
    <p class='ocr_par' dir='ltr' id='par_1_23' title="bbox 2192 979 3783 1054">
     <span class='ocr_line' id='line_1_23' title="bbox 2192 979 3783 1054; baseline 0.007 -23"><span class='ocrx_word' id='word_1_141' title='bbox 2192 986 2379 1032; x_wconf 88' lang='lat' dir='ltr'><strong>sancto</strong></span> <span class='ocrx_word' id='word_1_142' title='bbox 2408 979 2539 1034; x_wconf 87' lang='lat' dir='ltr'><strong>vivit</strong></span> <span class='ocrx_word' id='word_1_143' title='bbox 2562 988 2616 1035; x_wconf 86' lang='lat' dir='ltr'><strong>et</strong></span> <span class='ocrx_word' id='word_1_144' title='bbox 2640 991 2830 1053; x_wconf 80' lang='lat' dir='ltr'><strong>regnat</strong></span> <span class='ocrx_word' id='word_1_145' title='bbox 2845 983 2985 1041; x_wconf 87' lang='lat' dir='ltr'><strong>Deus</strong></span> <span class='ocrx_word' id='word_1_146' title='bbox 3005 998 3102 1054; x_wconf 88' lang='lat' dir='ltr'><strong>per</strong></span> <span class='ocrx_word' id='word_1_147' title='bbox 3120 986 3306 1039; x_wconf 85' lang='lat' dir='ltr'><strong>omnia</strong></span> <span class='ocrx_word' id='word_1_148' title='bbox 3328 986 3523 1041; x_wconf 62' lang='lat' dir='ltr'><strong>saecula</strong></span> <span class='ocrx_word' id='word_1_149' title='bbox 3549 987 3783 1043; x_wconf 65' lang='lat' dir='ltr'><strong>sarculo-</strong></span> 
     </span>
    </p>
   </div>
   <div class='ocr_carea' id='block_1_24' title="bbox 2193 1068 2555 1125">
    <p class='ocr_par' dir='ltr' id='par_1_24' title="bbox 2193 1068 2555 1125">
     <span class='ocr_line' id='line_1_24' title="bbox 2193 1068 2555 1125; baseline 0.011 -4"><span class='ocrx_word' id='word_1_150' title='bbox 2193 1083 2334 1123; x_wconf 89' lang='lat' dir='ltr'><strong>rum.</strong></span> <span class='ocrx_word' id='word_1_151' title='bbox 2363 1068 2555 1125; x_wconf 85' lang='lat' dir='ltr'><strong>Amen.</strong></span> 
     </span>
    </p>
   </div>
   <div class='ocr_carea' id='block_1_25' title="bbox 2688 1160 3327 1221">
    <p class='ocr_par' dir='ltr' id='par_1_25' title="bbox 2688 1160 3327 1221">
     <span class='ocr_line' id='line_1_25' title="bbox 2688 1160 3327 1221; baseline 0.006 -5"><span class='ocrx_word' id='word_1_152' title='bbox 2688 1160 2966 1218; x_wconf 81' lang='lat' dir='ltr'><strong>HOMILIA</strong></span> <span class='ocrx_word' id='word_1_153' title='bbox 3002 1162 3327 1221; x_wconf 77' lang='lat' dir='ltr'><strong>CXXXVI“.</strong></span> 
     </span>
    </p>
   </div>
   <div class='ocr_carea' id='block_1_26' title="bbox 2780 1268 3211 1309">
    <p class='ocr_par' dir='ltr' id='par_1_26' title="bbox 2780 1268 3211 1309">
     <span class='ocr_line' id='line_1_26' title="bbox 2780 1268 3211 1309; baseline 0 -2"><span class='ocrx_word' id='word_1_154' title='bbox 2780 1268 2913 1307; x_wconf 72' lang='lat' dir='ltr'><strong>ITEI</strong></span> <span class='ocrx_word' id='word_1_155' title='bbox 2947 1268 3101 1309; x_wconf 73' lang='lat' dir='ltr'><strong>FERIA</strong></span> <span class='ocrx_word' id='word_1_156' title='bbox 3139 1270 3211 1308; x_wconf 81' lang='lat' dir='ltr'><strong>IV.</strong></span> 
     </span>
    </p>
   </div>
   <div class='ocr_carea' id='block_1_27' title="bbox 2335 1336 3617 1415">
    <p class='ocr_par' dir='ltr' id='par_1_27' title="bbox 2335 1336 3617 1415">
     <span class='ocr_line' id='line_1_27' title="bbox 2335 1336 3617 1415; baseline 0.006 -21"><span class='ocrx_word' id='word_1_157' title='bbox 2335 1336 2518 1395; x_wconf 86' lang='lat' dir='ltr'><strong>Lectio</strong></span> <span class='ocrx_word' id='word_1_158' title='bbox 2544 1342 2716 1397; x_wconf 84' lang='lat' dir='ltr'><strong>sancti</strong></span> <span class='ocrx_word' id='word_1_159' title='bbox 2749 1342 3024 1415; x_wconf 86' lang='lat' dir='ltr'><strong>Evangelii</strong></span> <span class='ocrx_word' id='word_1_160' title='bbox 3068 1345 3364 1400; x_wconf 91' lang='lat' dir='ltr'><strong>secundum</strong></span> <span class='ocrx_word' id='word_1_161' title='bbox 3391 1345 3617 1403; x_wconf 82' lang='lat' dir='ltr'><strong>Lucam.</strong></span> 
     </span>
    </p>
   </div>
   <div class='ocr_carea' id='block_1_28' title="bbox 2260 1426 3785 1505">
    <p class='ocr_par' dir='ltr' id='par_1_28' title="bbox 2260 1426 3785 1505">
     <span class='ocr_line' id='line_1_28' title="bbox 2260 1426 3785 1505; baseline 0.007 -23"><span class='ocrx_word' id='word_1_162' title='bbox 2260 1426 2329 1483; x_wconf 88' lang='lat' dir='ltr'><strong>In</strong></span> <span class='ocrx_word' id='word_1_163' title='bbox 2359 1430 2449 1484; x_wconf 88' lang='lat' dir='ltr'><strong>illo</strong></span> <span class='ocrx_word' id='word_1_164' title='bbox 2490 1440 2737 1502; x_wconf 87' lang='lat' dir='ltr'><strong>tempore,</strong></span> <span class='ocrx_word' id='word_1_165' title='bbox 2782 1434 3094 1505; x_wconf 87' lang='lat' dir='ltr'><strong>respondens</strong></span> <span class='ocrx_word' id='word_1_166' title='bbox 3140 1433 3297 1489; x_wconf 75' lang='lat' dir='ltr'><strong>Iesus</strong></span> <span class='ocrx_word' id='word_1_167' title='bbox 3346 1436 3618 1505; x_wconf 86' lang='lat' dir='ltr'><strong>discipulis</strong></span> <span class='ocrx_word' id='word_1_168' title='bbox 3665 1439 3785 1492; x_wconf 81' lang='lat' dir='ltr'><strong>suis</strong></span> 
     </span>
    </p>
   </div>
   <div class='ocr_carea' id='block_1_29' title="bbox 2187 1518 3782 1591">
    <p class='ocr_par' dir='ltr' id='par_1_29' title="bbox 2187 1518 3782 1591">
     <span class='ocr_line' id='line_1_29' title="bbox 2187 1518 3782 1591; baseline 0.004 -18"><span class='ocrx_word' id='word_1_169' title='bbox 2187 1518 2323 1573; x_wconf 75' lang='lat' dir='ltr'><strong>dixit</strong></span> <span class='ocrx_word' id='word_1_170' title='bbox 2338 1534 2357 1572; x_wconf 91' lang='lat'><strong><em>:</em></strong></span> <span class='ocrx_word' id='word_1_171' title='bbox 2379 1518 2512 1574; x_wconf 85' lang='lat' dir='ltr'><strong>Cum</strong></span> <span class='ocrx_word' id='word_1_172' title='bbox 2536 1521 2769 1576; x_wconf 82' lang='lat' dir='ltr'><strong>videritis</strong></span> <span class='ocrx_word' id='word_1_173' title='bbox 2789 1523 3105 1577; x_wconf 82' lang='lat' dir='ltr'><strong>circumdari</strong></span> <span class='ocrx_word' id='word_1_174' title='bbox 3120 1524 3183 1577; x_wconf 89' lang='lat' dir='ltr'><strong>ab</strong></span> <span class='ocrx_word' id='word_1_175' title='bbox 3206 1525 3437 1578; x_wconf 66' lang='lat' dir='ltr'><strong>exercitu</strong></span> <span class='ocrx_word' id='word_1_176' title='bbox 3451 1523 3782 1591; x_wconf 79' lang='lat' dir='ltr'><strong>Jerusalem,</strong></span> 
     </span>
    </p>
   </div>
   <div class='ocr_carea' id='block_1_30' title="bbox 2188 1611 3705 1685">
    <p class='ocr_par' dir='ltr' id='par_1_30' title="bbox 2188 1611 3705 1685">
     <span class='ocr_line' id='line_1_30' title="bbox 2188 1611 3705 1685; baseline 0.007 -23"><span class='ocrx_word' id='word_1_177' title='bbox 2188 1617 2311 1663; x_wconf 89' lang='lat' dir='ltr'><strong>tunc</strong></span> <span class='ocrx_word' id='word_1_178' title='bbox 2333 1611 2514 1665; x_wconf 90' lang='lat' dir='ltr'><strong>scitote</strong></span> <span class='ocrx_word' id='word_1_179' title='bbox 2538 1612 2661 1682; x_wconf 85' lang='lat' dir='ltr'><strong>quia</strong></span> <span class='ocrx_word' id='word_1_180' title='bbox 2690 1614 3124 1684; x_wconf 82' lang='lat' dir='ltr'><strong>appmpinquabit</strong></span> <span class='ocrx_word' id='word_1_181' title='bbox 3154 1613 3406 1669; x_wconf 87' lang='lat' dir='ltr'><strong>desolatio</strong></span> <span class='ocrx_word' id='word_1_182' title='bbox 3430 1617 3567 1685; x_wconf 89' lang='lat' dir='ltr'><strong>ejus,</strong></span> <span class='ocrx_word' id='word_1_183' title='bbox 3594 1626 3705 1673; x_wconf 88' lang='lat' dir='ltr'><strong>etc.</strong></span> 
     </span>
    </p>
   </div>
   <div class='ocr_carea' id='block_1_31' title="bbox 2252 1698 3789 1773">
    <p class='ocr_par' dir='ltr' id='par_1_31' title="bbox 2252 1698 3789 1773">
     <span class='ocr_line' id='line_1_31' title="bbox 2252 1698 3789 1773; baseline 0.009 -26"><span class='ocrx_word' id='word_1_184' title='bbox 2252 1698 2537 1754; x_wconf 79' lang='lat' dir='ltr'><strong>Hactenus</strong></span> <span class='ocrx_word' id='word_1_185' title='bbox 2546 1715 2611 1755; x_wconf 91' lang='lat' dir='ltr'><strong>ea</strong></span> <span class='ocrx_word' id='word_1_186' title='bbox 2626 1716 2746 1771; x_wconf 81' lang='lat' dir='ltr'><strong>quae</strong></span> <span class='ocrx_word' id='word_1_187' title='bbox 2757 1716 2853 1770; x_wconf 91' lang='lat' dir='ltr'><strong>per</strong></span> <span class='ocrx_word' id='word_1_188' title='bbox 2862 1703 3217 1773; x_wconf 86' lang='lat' dir='ltr'><strong>quadraginta</strong></span> <span class='ocrx_word' id='word_1_189' title='bbox 3238 1719 3409 1759; x_wconf 89' lang='lat' dir='ltr'><strong>annos</strong></span> <span class='ocrx_word' id='word_1_190' title='bbox 3422 1706 3651 1761; x_wconf 91' lang='lat' dir='ltr'><strong>necdum</strong></span> <span class='ocrx_word' id='word_1_191' title='bbox 3670 1706 3789 1761; x_wconf 80' lang='lat' dir='ltr'><strong>line</strong></span> 
     </span>
    </p>
   </div>
   <div class='ocr_carea' id='block_1_32' title="bbox 2188 1789 3789 1864">
    <p class='ocr_par' dir='ltr' id='par_1_32' title="bbox 2188 1789 3789 1864">
     <span class='ocr_line' id='line_1_32' title="bbox 2188 1789 3789 1864; baseline 0.004 -22"><span class='ocrx_word' id='word_1_192' title='bbox 2188 1789 2439 1860; x_wconf 84' lang='lat' dir='ltr'><strong>veniente</strong></span> <span class='ocrx_word' id='word_1_193' title='bbox 2455 1789 2635 1844; x_wconf 81' lang='lat' dir='ltr'><strong>futura</strong></span> <span class='ocrx_word' id='word_1_194' title='bbox 2655 1798 2828 1857; x_wconf 89' lang='lat' dir='ltr'><strong>erant,</strong></span> <span class='ocrx_word' id='word_1_195' title='bbox 2855 1791 2979 1845; x_wconf 92' lang='lat' dir='ltr'><strong>hinc</strong></span> <span class='ocrx_word' id='word_1_196' title='bbox 2995 1792 3107 1862; x_wconf 89' lang='lat' dir='ltr'><strong>ipse</strong></span> <span class='ocrx_word' id='word_1_197' title='bbox 3128 1791 3252 1849; x_wconf 81' lang='lat' dir='ltr'><strong>linis</strong></span> <span class='ocrx_word' id='word_1_198' title='bbox 3267 1792 3633 1857; x_wconf 83' lang='lat' dir='ltr'><strong>desolationis.</strong></span> <span class='ocrx_word' id='word_1_199' title='bbox 3655 1810 3789 1864; x_wconf 66' lang='lat' dir='ltr'><strong>qua:</strong></span> 
     </span>
    </p>
   </div>
   <div class='ocr_carea' id='block_1_33' title="bbox 578 1880 3786 1968">
    <p class='ocr_par' dir='ltr' id='par_1_33' title="bbox 578 1880 3786 1968">
     <span class='ocr_line' id='line_1_33' title="bbox 578 1880 3786 1968; baseline -0.003 -13"><span class='ocrx_word' id='word_1_200' title='bbox 578 1897 877 1957; x_wconf 80' lang='lat' dir='ltr'><strong>Seminatur</strong></span> <span class='ocrx_word' id='word_1_201' title='bbox 895 1911 1083 1967; x_wconf 86' lang='lat' dir='ltr'><strong>corpus</strong></span> <span class='ocrx_word' id='word_1_202' title='bbox 1110 1895 1359 1962; x_wconf 84' lang='lat' dir='ltr'><strong>animale,</strong></span> <span class='ocrx_word' id='word_1_203' title='bbox 1390 1904 1562 1967; x_wconf 78' lang='lat' dir='ltr'><strong>surget</strong></span> <span class='ocrx_word' id='word_1_204' title='bbox 1592 1912 1783 1967; x_wconf 76' lang='lat' dir='ltr'><strong>corpus</strong></span> <span class='ocrx_word' id='word_1_205' title='bbox 1822 1895 2079 1968; x_wconf 65' lang='lat' dir='ltr'><strong>spiritale,</strong></span> <span class='ocrx_word' id='word_1_206' title='bbox 2109 1888 2156 1949; x_wconf 87' lang='lat' dir='ltr'><strong>B</strong></span> <span class='ocrx_word' id='word_1_207' title='bbox 2185 1880 2477 1937; x_wconf 82' lang='lat' dir='ltr'><strong>aRomano</strong></span> <span class='ocrx_word' id='word_1_208' title='bbox 2489 1882 2732 1949; x_wconf 79' lang='lat' dir='ltr'><strong>exercitu</strong></span> <span class='ocrx_word' id='word_1_209' title='bbox 2748 1882 2891 1938; x_wconf 84' lang='lat' dir='ltr'><strong>facta</strong></span> <span class='ocrx_word' id='word_1_210' title='bbox 2910 1892 3012 1950; x_wconf 90' lang='lat' dir='ltr'><strong>est,</strong></span> <span class='ocrx_word' id='word_1_211' title='bbox 3030 1885 3244 1941; x_wconf 90' lang='lat' dir='ltr'><strong>Domini</strong></span> <span class='ocrx_word' id='word_1_212' title='bbox 3267 1887 3447 1942; x_wconf 84' lang='lat' dir='ltr'><strong>verbis</strong></span> <span class='ocrx_word' id='word_1_213' title='bbox 3461 1887 3786 1957; x_wconf 80' lang='lat' dir='ltr'><strong>exponitur.</strong></span> 
     </span>
    </p>
   </div>
   <div class='ocr_carea' id='block_1_34' title="bbox 495 1983 2081 2060">
    <p class='ocr_par' dir='ltr' id='par_1_34' title="bbox 495 1983 2081 2060">
     <span class='ocr_line' id='line_1_34' title="bbox 495 1983 2081 2060; baseline -0.003 -12"><span class='ocrx_word' id='word_1_214' title='bbox 495 1983 625 2049; x_wconf 84' lang='lat' dir='ltr'><strong>licet</strong></span> <span class='ocrx_word' id='word_1_215' title='bbox 653 1991 799 2045; x_wconf 89' lang='lat' dir='ltr'><strong>enim</strong></span> <span class='ocrx_word' id='word_1_216' title='bbox 828 1986 1241 2060; x_wconf 87' lang='lat' dir='ltr'><strong>pronuntiemus</strong></span> <span class='ocrx_word' id='word_1_217' title='bbox 1288 1988 1575 2043; x_wconf 90' lang='lat' dir='ltr'><strong>nonnullas</strong></span> <span class='ocrx_word' id='word_1_218' title='bbox 1628 2002 1750 2043; x_wconf 84' lang='lat' dir='ltr'><strong>esse</strong></span> <span class='ocrx_word' id='word_1_219' title='bbox 1808 1986 2081 2057; x_wconf 89' lang='lat' dir='ltr'><strong>spiritales</strong></span> 
     </span>
    </p>
   </div>
   <div class='ocr_carea' id='block_1_35' title="bbox 495 2077 2082 2149">
    <p class='ocr_par' dir='ltr' id='par_1_35' title="bbox 495 2077 2082 2149">
     <span class='ocr_line' id='line_1_35' title="bbox 495 2077 2082 2149; baseline -0.003 -12"><span class='ocrx_word' id='word_1_220' title='bbox 495 2088 744 2146; x_wconf 87' lang='lat' dir='ltr'><strong>naturas,</strong></span> <span class='ocrx_word' id='word_1_221' title='bbox 772 2087 833 2134; x_wconf 89' lang='lat' dir='ltr'><strong>ut</strong></span> <span class='ocrx_word' id='word_1_222' title='bbox 855 2085 981 2134; x_wconf 89' lang='lat' dir='ltr'><strong>sunt</strong></span> <span class='ocrx_word' id='word_1_223' title='bbox 1010 2078 1221 2149; x_wconf 90' lang='lat' dir='ltr'><strong>angeli,</strong></span> <span class='ocrx_word' id='word_1_224' title='bbox 1266 2077 1596 2148; x_wconf 87' lang='lat' dir='ltr'><strong>archangeli,</strong></span> <span class='ocrx_word' id='word_1_225' title='bbox 1619 2087 1936 2147; x_wconf 58' lang='lat' dir='ltr'><strong>caulemque</strong></span> <span class='ocrx_word' id='word_1_226' title='bbox 1975 2079 2082 2133; x_wconf 88' lang='lat' dir='ltr'><strong>vir-</strong></span> 
     </span>
    </p>
   </div>
   <div class='ocr_carea' id='block_1_36' title="bbox 497 2154 2080 2240">
    <p class='ocr_par' dir='ltr' id='par_1_36' title="bbox 497 2154 2080 2240">
     <span class='ocr_line' id='line_1_36' title="bbox 497 2154 2080 2240; baseline 0 -15"><span class='ocrx_word' id='word_1_227' title='bbox 497 2178 659 2236; x_wconf 88' lang='lat' dir='ltr'><strong>tutes,</strong></span> <span class='ocrx_word' id='word_1_228' title='bbox 690 2170 804 2239; x_wconf 87' lang='lat' dir='ltr'><strong>ipsa</strong></span> <span class='ocrx_word' id='word_1_229' title='bbox 833 2183 1047 2240; x_wconf 86' lang='lat' dir='ltr'><strong>quoque</strong></span> <span class='ocrx_word' id='word_1_230' title='bbox 1068 2154 1250 2223; x_wconf 81' lang='lat' dir='ltr'><strong>anima</strong></span> <span class='ocrx_word' id='word_1_231' title='bbox 1284 2176 1492 2231; x_wconf 87' lang='lat' dir='ltr'><strong>nostra,</strong></span> <span class='ocrx_word' id='word_1_232' title='bbox 1540 2168 1624 2223; x_wconf 85' lang='lat' dir='ltr'><strong>vel</strong></span> <span class='ocrx_word' id='word_1_233' title='bbox 1653 2176 1800 2224; x_wconf 88' lang='lat' dir='ltr'><strong>certe</strong></span> <span class='ocrx_word' id='word_1_234' title='bbox 1848 2184 1942 2224; x_wconf 89' lang='lat' dir='ltr'><strong>aer</strong></span> <span class='ocrx_word' id='word_1_235' title='bbox 1976 2169 2080 2225; x_wconf 88' lang='lat' dir='ltr'><strong>iste</strong></span> 
     </span>
    </p>
   </div>
   <div class='ocr_carea' id='block_1_37' title="bbox 493 2258 2080 2329">
    <p class='ocr_par' dir='ltr' id='par_1_37' title="bbox 493 2258 2080 2329">
     <span class='ocr_line' id='line_1_37' title="bbox 493 2258 2080 2329; baseline 0.001 -14"><span class='ocrx_word' id='word_1_236' title='bbox 493 2258 728 2326; x_wconf 86' lang='lat' dir='ltr'><strong>subtilis,</strong></span> <span class='ocrx_word' id='word_1_237' title='bbox 766 2268 949 2314; x_wconf 84' lang='lat' dir='ltr'><strong>tamen</strong></span> <span class='ocrx_word' id='word_1_238' title='bbox 972 2272 1000 2300; x_wconf 77' lang='grc' dir='ltr'><strong>ι</strong></span> <span class='ocrx_word' id='word_1_239' title='bbox 1035 2259 1367 2329; x_wconf 61' lang='lat' dir='ltr'><strong>incorporea;</strong></span> <span class='ocrx_word' id='word_1_240' title='bbox 1397 2260 1705 2314; x_wconf 87' lang='lat' dir='ltr'><strong>nullatenus</strong></span> <span class='ocrx_word' id='word_1_241' title='bbox 1750 2261 2080 2316; x_wconf 70' lang='lat' dir='ltr'><strong>:estimandae</strong></span> 
     </span>
    </p>
   </div>
   <div class='ocr_carea' id='block_1_38' title="bbox 493 2349 2080 2420">
    <p class='ocr_par' dir='ltr' id='par_1_38' title="bbox 493 2349 2080 2420">
     <span class='ocr_line' id='line_1_38' title="bbox 493 2349 2080 2420; baseline -0.001 -14"><span class='ocrx_word' id='word_1_242' title='bbox 493 2360 658 2417; x_wconf 71' lang='lat' dir='ltr'><strong>sunt,</strong></span> <span class='ocrx_word' id='word_1_243' title='bbox 690 2350 892 2405; x_wconf 83' lang='lat' dir='ltr'><strong>habent</strong></span> <span class='ocrx_word' id='word_1_244' title='bbox 945 2350 1089 2405; x_wconf 90' lang='lat' dir='ltr'><strong>enim</strong></span> <span class='ocrx_word' id='word_1_245' title='bbox 1114 2355 1412 2405; x_wconf 87' lang='lat' dir='ltr'><strong>secundum</strong></span> <span class='ocrx_word' id='word_1_246' title='bbox 1462 2366 1519 2405; x_wconf 89' lang='lat' dir='ltr'><strong>se</strong></span> <span class='ocrx_word' id='word_1_247' title='bbox 1548 2365 1765 2420; x_wconf 89' lang='lat' dir='ltr'><strong>corpus,</strong></span> <span class='ocrx_word' id='word_1_248' title='bbox 1800 2366 1918 2420; x_wconf 91' lang='lat' dir='ltr'><strong>.quo</strong></span> <span class='ocrx_word' id='word_1_249' title='bbox 1953 2349 2080 2406; x_wconf 87' lang='lat' dir='ltr'><strong>sub-</strong></span> 
     </span>
    </p>
   </div>
   <div class='ocr_carea' id='block_1_39' title="bbox 493 2438 2080 2507">
    <p class='ocr_par' dir='ltr' id='par_1_39' title="bbox 493 2438 2080 2507">
     <span class='ocr_line' id='line_1_39' title="bbox 493 2438 2080 2507; baseline -0.001 -13"><span class='ocrx_word' id='word_1_250' title='bbox 493 2440 707 2502; x_wconf 89' lang='lat' dir='ltr'><strong>sistunt,</strong></span> <span class='ocrx_word' id='word_1_251' title='bbox 740 2438 868 2493; x_wconf 91' lang='lat' dir='ltr'><strong>licet</strong></span> <span class='ocrx_word' id='word_1_252' title='bbox 894 2439 1065 2493; x_wconf 87' lang='lat' dir='ltr'><strong>multo</strong></span> <span class='ocrx_word' id='word_1_253' title='bbox 1106 2439 1345 2503; x_wconf 90' lang='lat' dir='ltr'><strong>tenuius,</strong></span> <span class='ocrx_word' id='word_1_254' title='bbox 1376 2453 1540 2507; x_wconf 88' lang='lat' dir='ltr'><strong>quam</strong></span> <span class='ocrx_word' id='word_1_255' title='bbox 1568 2448 1751 2494; x_wconf 90' lang='lat' dir='ltr'><strong>nostra</strong></span> <span class='ocrx_word' id='word_1_256' title='bbox 1781 2448 1906 2494; x_wconf 88' lang='lat' dir='ltr'><strong>sunt</strong></span> <span class='ocrx_word' id='word_1_257' title='bbox 1958 2454 2080 2495; x_wconf 90' lang='lat' dir='ltr'><strong>cor-</strong></span> 
     </span>
    </p>
   </div>
   <div class='ocr_carea' id='block_1_40' title="bbox 494 2524 2074 2601">
    <p class='ocr_par' dir='ltr' id='par_1_40' title="bbox 494 2524 2074 2601">
     <span class='ocr_line' id='line_1_40' title="bbox 494 2524 2074 2601; baseline 0.001 -18"><span class='ocrx_word' id='word_1_258' title='bbox 494 2544 645 2601; x_wconf 89' lang='lat' dir='ltr'><strong>pora,</strong></span> <span class='ocrx_word' id='word_1_259' title='bbox 669 2529 965 2584; x_wconf 87' lang='lat' dir='ltr'><strong>secundum</strong></span> <span class='ocrx_word' id='word_1_260' title='bbox 996 2528 1238 2597; x_wconf 85' lang='lat' dir='ltr'><strong>Apostoli</strong></span> <span class='ocrx_word' id='word_1_261' title='bbox 1274 2524 1596 2584; x_wconf 87' lang='lat' dir='ltr'><strong>sententiam</strong></span> <span class='ocrx_word' id='word_1_262' title='bbox 1630 2569 1646 2596; x_wconf 94' lang='lat'><strong>,</strong></span> <span class='ocrx_word' id='word_1_263' title='bbox 1706 2530 1782 2583; x_wconf 92' lang='lat' dir='ltr'><strong>ita</strong></span> <span class='ocrx_word' id='word_1_264' title='bbox 1819 2529 2074 2597; x_wconf 87' lang='lat' dir='ltr'><strong>dicentis,</strong></span> 
     </span>
    </p>
   </div>
   <div class='ocr_carea' id='block_1_41' title="bbox 492 2618 2074 2689">
    <p class='ocr_par' dir='ltr' id='par_1_41' title="bbox 492 2618 2074 2689">
     <span class='ocr_line' id='line_1_41' title="bbox 492 2618 2074 2689; baseline 0.001 -15"><span class='ocrx_word' id='word_1_265' title='bbox 492 2619 565 2674; x_wconf 86' lang='lat' dir='ltr'><strong>Et</strong></span> <span class='ocrx_word' id='word_1_266' title='bbox 595 2636 814 2689; x_wconf 88' lang='lat' dir='ltr'><strong>corpora</strong></span> <span class='ocrx_word' id='word_1_267' title='bbox 849 2618 1074 2673; x_wconf 69' lang='lat' dir='ltr'><strong>caelestia</strong></span> <span class='ocrx_word' id='word_1_268' title='bbox 1104 2628 1152 2672; x_wconf 88' lang='lat' dir='ltr'><strong>et</strong></span> <span class='ocrx_word' id='word_1_269' title='bbox 1190 2636 1405 2688; x_wconf 88' lang='lat' dir='ltr'><strong>corpora</strong></span> <span class='ocrx_word' id='word_1_270' title='bbox 1430 2620 1733 2686; x_wconf 81' lang='lat' dir='ltr'><strong>terrestria;</strong></span> <span class='ocrx_word' id='word_1_271' title='bbox 1764 2627 1819 2675; x_wconf 91' lang='lat' dir='ltr'><strong>et</strong></span> <span class='ocrx_word' id='word_1_272' title='bbox 1856 2620 2074 2686; x_wconf 87' lang='lat' dir='ltr'><strong>iterum,</strong></span> 
     </span>
    </p>
   </div>
   <div class='ocr_carea' id='block_1_42' title="bbox 490 2707 2074 2778">
    <p class='ocr_par' dir='ltr' id='par_1_42' title="bbox 490 2707 2074 2778">
     <span class='ocr_line' id='line_1_42' title="bbox 490 2707 2074 2778; baseline -0.001 -15"><span class='ocrx_word' id='word_1_273' title='bbox 490 2710 783 2777; x_wconf 81' lang='lat' dir='ltr'><strong>seminatur</strong></span> <span class='ocrx_word' id='word_1_274' title='bbox 828 2724 1020 2777; x_wconf 83' lang='lat' dir='ltr'><strong>corpus</strong></span> <span class='ocrx_word' id='word_1_275' title='bbox 1067 2707 1312 2771; x_wconf 84' lang='lat' dir='ltr'><strong>animale,</strong></span> <span class='ocrx_word' id='word_1_276' title='bbox 1371 2718 1544 2777; x_wconf 84' lang='lat' dir='ltr'><strong>surget</strong></span> <span class='ocrx_word' id='word_1_277' title='bbox 1603 2724 1791 2778; x_wconf 86' lang='lat' dir='ltr'><strong>corpus</strong></span> <span class='ocrx_word' id='word_1_278' title='bbox 1819 2708 2074 2778; x_wconf 84' lang='lat' dir='ltr'><strong>spiritale.</strong></span> 
     </span>
    </p>
   </div>
   <div class='ocr_carea' id='block_1_43' title="bbox 494 2797 2074 2869">
    <p class='ocr_par' dir='ltr' id='par_1_43' title="bbox 494 2797 2074 2869">
     <span class='ocr_line' id='line_1_43' title="bbox 494 2797 2074 2869; baseline 0 -17"><span class='ocrx_word' id='word_1_279' title='bbox 494 2798 702 2864; x_wconf 84' lang='lat' dir='ltr'><strong>Quibus</strong></span> <span class='ocrx_word' id='word_1_280' title='bbox 728 2797 1014 2852; x_wconf 79' lang='lat' dir='ltr'><strong>manifeste</strong></span> <span class='ocrx_word' id='word_1_281' title='bbox 1067 2797 1337 2869; x_wconf 84' lang='lat' dir='ltr'><strong>colligitur</strong></span> <span class='ocrx_word' id='word_1_282' title='bbox 1363 2798 1496 2852; x_wconf 89' lang='lat' dir='ltr'><strong>nihil</strong></span> <span class='ocrx_word' id='word_1_283' title='bbox 1526 2812 1646 2853; x_wconf 89' lang='lat' dir='ltr'><strong>esse</strong></span> <span class='ocrx_word' id='word_1_284' title='bbox 1697 2799 2074 2869; x_wconf 88' lang='lat' dir='ltr'><strong>incorporeum</strong></span> 
     </span>
    </p>
   </div>
   <div class='ocr_carea' id='block_1_44' title="bbox 492 2885 2076 2956">
    <p class='ocr_par' dir='ltr' id='par_1_44' title="bbox 492 2885 2076 2956">
     <span class='ocr_line' id='line_1_44' title="bbox 492 2885 2076 2956; baseline 0.002 -17"><span class='ocrx_word' id='word_1_285' title='bbox 492 2887 598 2941; x_wconf 85' lang='lat' dir='ltr'><strong>nisi</strong></span> <span class='ocrx_word' id='word_1_286' title='bbox 631 2887 799 2940; x_wconf 90' lang='lat' dir='ltr'><strong>Deum</strong></span> <span class='ocrx_word' id='word_1_287' title='bbox 825 2886 1021 2949; x_wconf 87' lang='lat' dir='ltr'><strong>solum,</strong></span> <span class='ocrx_word' id='word_1_288' title='bbox 1052 2893 1105 2940; x_wconf 89' lang='lat' dir='ltr'><strong>et</strong></span> <span class='ocrx_word' id='word_1_289' title='bbox 1128 2885 1332 2939; x_wconf 90' lang='lat' dir='ltr'><strong>idcirco</strong></span> <span class='ocrx_word' id='word_1_290' title='bbox 1376 2886 1476 2955; x_wconf 86' lang='lat' dir='ltr'><strong>ipsi</strong></span> <span class='ocrx_word' id='word_1_291' title='bbox 1509 2887 1883 2942; x_wconf 88' lang='lat' dir='ltr'><strong>tantummodo</strong></span> <span class='ocrx_word' id='word_1_292' title='bbox 1917 2902 2076 2956; x_wconf 85' lang='lat' dir='ltr'><strong>posse</strong></span> 
     </span>
    </p>
   </div>
   <div class='ocr_carea' id='block_1_45' title="bbox 492 2976 2073 3048">
    <p class='ocr_par' dir='ltr' id='par_1_45' title="bbox 492 2976 2073 3048">
     <span class='ocr_line' id='line_1_45' title="bbox 492 2976 2073 3048; baseline 0.001 -17"><span class='ocrx_word' id='word_1_293' title='bbox 492 2976 853 3048; x_wconf 82' lang='lat' dir='ltr'><strong>penetrabiles</strong></span> <span class='ocrx_word' id='word_1_294' title='bbox 914 2991 1102 3032; x_wconf 88' lang='lat' dir='ltr'><strong>omnes</strong></span> <span class='ocrx_word' id='word_1_295' title='bbox 1149 2976 1419 3047; x_wconf 81' lang='lat' dir='ltr'><strong>spiritales</strong></span> <span class='ocrx_word' id='word_1_296' title='bbox 1470 2986 1632 3045; x_wconf 88' lang='lat' dir='ltr'><strong>atque</strong></span> <span class='ocrx_word' id='word_1_297' title='bbox 1682 2977 2073 3047; x_wconf 84' lang='lat' dir='ltr'><strong>intellectuales</strong></span> 
     </span>
    </p>
   </div>
   <div class='ocr_carea' id='block_1_46' title="bbox 491 3068 2077 3139">
    <p class='ocr_par' dir='ltr' id='par_1_46' title="bbox 491 3068 2077 3139">
     <span class='ocr_line' id='line_1_46' title="bbox 491 3068 2077 3139; baseline -0.001 -16"><span class='ocrx_word' id='word_1_298' title='bbox 491 3083 614 3124; x_wconf 88' lang='lat' dir='ltr'><strong>esse</strong></span> <span class='ocrx_word' id='word_1_299' title='bbox 653 3068 1005 3133; x_wconf 82' lang='lat' dir='ltr'><strong>substantias,</strong></span> <span class='ocrx_word' id='word_1_300' title='bbox 1039 3083 1104 3124; x_wconf 91' lang='lat' dir='ltr'><strong>co</strong></span> <span class='ocrx_word' id='word_1_301' title='bbox 1154 3069 1297 3138; x_wconf 89' lang='lat' dir='ltr'><strong>quod</strong></span> <span class='ocrx_word' id='word_1_302' title='bbox 1344 3068 1489 3123; x_wconf 89' lang='lat' dir='ltr'><strong>solus</strong></span> <span class='ocrx_word' id='word_1_303' title='bbox 1518 3068 1573 3123; x_wconf 81' lang='lat' dir='ltr'><strong>et</strong></span> <span class='ocrx_word' id='word_1_304' title='bbox 1600 3078 1747 3124; x_wconf 90' lang='lat' dir='ltr'><strong>totus</strong></span> <span class='ocrx_word' id='word_1_305' title='bbox 1794 3077 1847 3125; x_wconf 90' lang='lat' dir='ltr'><strong>et</strong></span> <span class='ocrx_word' id='word_1_306' title='bbox 1876 3070 2077 3139; x_wconf 89' lang='lat' dir='ltr'><strong>ubique</strong></span> 
     </span>
    </p>
   </div>
   <div class='ocr_carea' id='block_1_47' title="bbox 490 3160 2076 3229">
    <p class='ocr_par' dir='ltr' id='par_1_47' title="bbox 490 3160 2076 3229">
     <span class='ocr_line' id='line_1_47' title="bbox 490 3160 2076 3229; baseline 0.001 -16"><span class='ocrx_word' id='word_1_307' title='bbox 490 3167 548 3213; x_wconf 85' lang='lat' dir='ltr'><strong>et</strong></span> <span class='ocrx_word' id='word_1_308' title='bbox 599 3160 652 3213; x_wconf 92' lang='lat' dir='ltr'><strong>in</strong></span> <span class='ocrx_word' id='word_1_309' title='bbox 688 3160 939 3213; x_wconf 88' lang='lat' dir='ltr'><strong>omnibus</strong></span> <span class='ocrx_word' id='word_1_310' title='bbox 987 3161 1078 3223; x_wconf 89' lang='lat' dir='ltr'><strong>sit,</strong></span> <span class='ocrx_word' id='word_1_311' title='bbox 1125 3160 1199 3214; x_wconf 91' lang='lat' dir='ltr'><strong>ita</strong></span> <span class='ocrx_word' id='word_1_312' title='bbox 1237 3169 1295 3213; x_wconf 89' lang='lat' dir='ltr'><strong>ut</strong></span> <span class='ocrx_word' id='word_1_313' title='bbox 1330 3160 1681 3229; x_wconf 80' lang='lat' dir='ltr'><strong>cogitationes</strong></span> <span class='ocrx_word' id='word_1_314' title='bbox 1711 3162 1988 3217; x_wconf 88' lang='lat' dir='ltr'><strong>hominum</strong></span> <span class='ocrx_word' id='word_1_315' title='bbox 2020 3169 2076 3216; x_wconf 92' lang='lat' dir='ltr'><strong>et</strong></span> 
     </span>
    </p>
   </div>
   <div class='ocr_carea' id='block_1_48' title="bbox 492 3250 2074 3321">
    <p class='ocr_par' dir='ltr' id='par_1_48' title="bbox 492 3250 2074 3321">
     <span class='ocr_line' id='line_1_48' title="bbox 492 3250 2074 3321; baseline 0.001 -17"><span class='ocrx_word' id='word_1_316' title='bbox 492 3250 739 3305; x_wconf 89' lang='lat' dir='ltr'><strong>internos</strong></span> <span class='ocrx_word' id='word_1_317' title='bbox 780 3258 977 3315; x_wconf 86' lang='lat' dir='ltr'><strong>motus,</strong></span> <span class='ocrx_word' id='word_1_318' title='bbox 1027 3250 1283 3319; x_wconf 89' lang='lat' dir='ltr'><strong>aditaquc</strong></span> <span class='ocrx_word' id='word_1_319' title='bbox 1335 3252 1533 3305; x_wconf 89' lang='lat' dir='ltr'><strong>mentis</strong></span> <span class='ocrx_word' id='word_1_320' title='bbox 1591 3252 1847 3306; x_wconf 87' lang='lat' dir='ltr'><strong>universa</strong></span> <span class='ocrx_word' id='word_1_321' title='bbox 1902 3251 2074 3321; x_wconf 85' lang='lat' dir='ltr'><strong>inspi—</strong></span> 
     </span>
    </p>
   </div>
   <div class='ocr_carea' id='block_1_49' title="bbox 492 3340 2075 3414">
    <p class='ocr_par' dir='ltr' id='par_1_49' title="bbox 492 3340 2075 3414">
     <span class='ocr_line' id='line_1_49' title="bbox 492 3340 2075 3414; baseline 0.004 -20"><span class='ocrx_word' id='word_1_322' title='bbox 492 3343 603 3394; x_wconf 86' lang='lat' dir='ltr'><strong>ciat</strong></span> <span class='ocrx_word' id='word_1_323' title='bbox 640 3348 799 3410; x_wconf 90' lang='lat' dir='ltr'><strong>atque</strong></span> <span class='ocrx_word' id='word_1_324' title='bbox 825 3340 1134 3411; x_wconf 72' lang='lat' dir='ltr'><strong>perlustrat.</strong></span> <span class='ocrx_word' id='word_1_325' title='bbox 1165 3340 1239 3395; x_wconf 91' lang='lat' dir='ltr'><strong>De</strong></span> <span class='ocrx_word' id='word_1_326' title='bbox 1270 3342 1385 3411; x_wconf 91' lang='lat' dir='ltr'><strong>ipso</strong></span> <span class='ocrx_word' id='word_1_327' title='bbox 1414 3343 1679 3412; x_wconf 86' lang='lat' dir='ltr'><strong>siquidem</strong></span> <span class='ocrx_word' id='word_1_328' title='bbox 1706 3343 1822 3398; x_wconf 91' lang='lat' dir='ltr'><strong>solo</strong></span> <span class='ocrx_word' id='word_1_329' title='bbox 1843 3360 2075 3414; x_wconf 87' lang='lat' dir='ltr'><strong>pronun-</strong></span> 
     </span>
    </p>
   </div>
   <div class='ocr_carea' id='block_1_50' title="bbox 494 3430 2073 3501">
    <p class='ocr_par' dir='ltr' id='par_1_50' title="bbox 494 3430 2073 3501">
     <span class='ocr_line' id='line_1_50' title="bbox 494 3430 2073 3501; baseline 0.002 -17"><span class='ocrx_word' id='word_1_330' title='bbox 494 3432 647 3485; x_wconf 80' lang='lat' dir='ltr'><strong>tiavit</strong></span> <span class='ocrx_word' id='word_1_331' title='bbox 664 3432 853 3486; x_wconf 87' lang='lat' dir='ltr'><strong>beatus</strong></span> <span class='ocrx_word' id='word_1_332' title='bbox 884 3430 1171 3501; x_wconf 73' lang='lat' dir='ltr'><strong>Apostolus</strong></span> <span class='ocrx_word' id='word_1_333' title='bbox 1201 3432 1387 3488; x_wconf 85' lang='lat' dir='ltr'><strong>dicens</strong></span> <span class='ocrx_word' id='word_1_334' title='bbox 1420 3451 1433 3487; x_wconf 92' lang='lat'>:</span> <span class='ocrx_word' id='word_1_335' title='bbox 1460 3432 1627 3488; x_wconf 80' lang='lat' dir='ltr'><strong>Unius</strong></span> <span class='ocrx_word' id='word_1_336' title='bbox 1652 3437 1785 3489; x_wconf 90' lang='lat' dir='ltr'><strong>enim</strong></span> <span class='ocrx_word' id='word_1_337' title='bbox 1810 3445 1884 3489; x_wconf 85' lang='lat' dir='ltr'><strong>est</strong></span> <span class='ocrx_word' id='word_1_338' title='bbox 1905 3451 2073 3489; x_wconf 77' lang='lat' dir='ltr'><strong>sermo</strong></span> 
     </span>
    </p>
   </div>
   <div class='ocr_carea' id='block_1_51' title="bbox 494 3522 2073 3597">
    <p class='ocr_par' dir='ltr' id='par_1_51' title="bbox 494 3522 2073 3597">
     <span class='ocr_line' id='line_1_51' title="bbox 494 3522 2073 3597; baseline 0.003 -22"><span class='ocrx_word' id='word_1_339' title='bbox 494 3522 613 3587; x_wconf 87' lang='lat' dir='ltr'><strong>Dei,</strong></span> <span class='ocrx_word' id='word_1_340' title='bbox 660 3533 708 3576; x_wconf 90' lang='lat' dir='ltr'><strong>et</strong></span> <span class='ocrx_word' id='word_1_341' title='bbox 741 3524 936 3593; x_wconf 65' lang='lat' dir='ltr'><strong>eﬂicax</strong></span> <span class='ocrx_word' id='word_1_342' title='bbox 967 3531 1013 3575; x_wconf 87' lang='lat' dir='ltr'><strong>et</strong></span> <span class='ocrx_word' id='word_1_343' title='bbox 1056 3524 1263 3576; x_wconf 84' lang='lat' dir='ltr'><strong>acutior</strong></span> <span class='ocrx_word' id='word_1_344' title='bbox 1288 3540 1444 3595; x_wconf 81' lang='lat' dir='ltr'><strong>super</strong></span> <span class='ocrx_word' id='word_1_345' title='bbox 1486 3542 1687 3580; x_wconf 87' lang='lat' dir='ltr'><strong>omnem</strong></span> <span class='ocrx_word' id='word_1_346' title='bbox 1713 3525 1951 3597; x_wconf 82' lang='lat' dir='ltr'><strong>gladium</strong></span> <span class='ocrx_word' id='word_1_347' title='bbox 1974 3543 2073 3580; x_wconf 89' lang='lat' dir='ltr'><strong>an-</strong></span> 
     </span>
    </p>
   </div>
   <div class='ocr_carea' id='block_1_52' title="bbox 493 3615 2074 3685">
    <p class='ocr_par' dir='ltr' id='par_1_52' title="bbox 493 3615 2074 3685">
     <span class='ocr_line' id='line_1_52' title="bbox 493 3615 2074 3685; baseline 0.003 -18"><span class='ocrx_word' id='word_1_348' title='bbox 493 3615 697 3684; x_wconf 65' lang='lat' dir='ltr'><strong>cipitem</strong></span> <span class='ocrx_word' id='word_1_349' title='bbox 742 3624 789 3668; x_wconf 83' lang='lat' dir='ltr'><strong>et</strong></span> <span class='ocrx_word' id='word_1_350' title='bbox 824 3616 1126 3685; x_wconf 79' lang='lat' dir='ltr'><strong>pertingens</strong></span> <span class='ocrx_word' id='word_1_351' title='bbox 1166 3632 1325 3685; x_wconf 83' lang='lat' dir='ltr'><strong>usque</strong></span> <span class='ocrx_word' id='word_1_352' title='bbox 1353 3617 1420 3669; x_wconf 85' lang='lat' dir='ltr'><strong>ad</strong></span> <span class='ocrx_word' id='word_1_353' title='bbox 1451 3617 1755 3672; x_wconf 78' lang='lat' dir='ltr'><strong>divisionem</strong></span> <span class='ocrx_word' id='word_1_354' title='bbox 1791 3620 1982 3671; x_wconf 79' lang='lat' dir='ltr'><strong>anima:</strong></span> <span class='ocrx_word' id='word_1_355' title='bbox 2023 3626 2074 3671; x_wconf 86' lang='lat' dir='ltr'><strong>et</strong></span> 
     </span>
    </p>
   </div>
   <div class='ocr_carea' id='block_1_53' title="bbox 492 3706 2071 3775">
    <p class='ocr_par' dir='ltr' id='par_1_53' title="bbox 492 3706 2071 3775">
     <span class='ocr_line' id='line_1_53' title="bbox 492 3706 2071 3775; baseline 0.001 -16"><span class='ocrx_word' id='word_1_356' title='bbox 492 3706 729 3775; x_wconf 78' lang='lat' dir='ltr'><strong>spiritus,</strong></span> <span class='ocrx_word' id='word_1_357' title='bbox 781 3721 1087 3775; x_wconf 88' lang='lat' dir='ltr'><strong>compagum</strong></span> <span class='ocrx_word' id='word_1_358' title='bbox 1124 3722 1348 3775; x_wconf 82' lang='lat' dir='ltr'><strong>quoque,</strong></span> <span class='ocrx_word' id='word_1_359' title='bbox 1374 3716 1419 3759; x_wconf 86' lang='lat' dir='ltr'><strong>et</strong></span> <span class='ocrx_word' id='word_1_360' title='bbox 1462 3706 1834 3772; x_wconf 82' lang='lat' dir='ltr'><strong>medullarum,</strong></span> <span class='ocrx_word' id='word_1_361' title='bbox 1867 3718 1912 3760; x_wconf 87' lang='lat' dir='ltr'><strong>et</strong></span> <span class='ocrx_word' id='word_1_362' title='bbox 1960 3707 2071 3762; x_wconf 87' lang='lat' dir='ltr'><strong>dis-</strong></span> 
     </span>
    </p>
   </div>
   <div class='ocr_carea' id='block_1_54' title="bbox 494 3798 2074 3867">
    <p class='ocr_par' dir='ltr' id='par_1_54' title="bbox 494 3798 2074 3867">
     <span class='ocr_line' id='line_1_54' title="bbox 494 3798 2074 3867; baseline 0.001 -18"><span class='ocrx_word' id='word_1_363' title='bbox 494 3808 665 3851; x_wconf 87' lang='lat' dir='ltr'><strong>crelor</strong></span> <span class='ocrx_word' id='word_1_364' title='bbox 717 3798 1091 3867; x_wconf 86' lang='lat' dir='ltr'><strong>cogitationum</strong></span> <span class='ocrx_word' id='word_1_365' title='bbox 1138 3809 1184 3851; x_wconf 88' lang='lat' dir='ltr'><strong>et</strong></span> <span class='ocrx_word' id='word_1_366' title='bbox 1237 3798 1579 3851; x_wconf 88' lang='lat' dir='ltr'><strong>intentionum</strong></span> <span class='ocrx_word' id='word_1_367' title='bbox 1639 3798 1831 3863; x_wconf 83' lang='lat' dir='ltr'><strong>cordis,</strong></span> <span class='ocrx_word' id='word_1_368' title='bbox 1880 3806 1928 3852; x_wconf 87' lang='lat' dir='ltr'><strong>et</strong></span> <span class='ocrx_word' id='word_1_369' title='bbox 1969 3815 2074 3851; x_wconf 89' lang='lat' dir='ltr'><strong>non</strong></span> 
     </span>
    </p>
   </div>
   <div class='ocr_carea' id='block_1_55' title="bbox 492 3885 2074 3955">
    <p class='ocr_par' dir='ltr' id='par_1_55' title="bbox 492 3885 2074 3955">
     <span class='ocr_line' id='line_1_55' title="bbox 492 3885 2074 3955; baseline 0.001 -16"><span class='ocrx_word' id='word_1_370' title='bbox 492 3896 568 3940; x_wconf 85' lang='lat' dir='ltr'><strong>est</strong></span> <span class='ocrx_word' id='word_1_371' title='bbox 608 3885 717 3939; x_wconf 87' lang='lat' dir='ltr'><strong>ulla</strong></span> <span class='ocrx_word' id='word_1_372' title='bbox 746 3896 987 3939; x_wconf 85' lang='lat' dir='ltr'><strong>creatura</strong></span> <span class='ocrx_word' id='word_1_373' title='bbox 1014 3885 1285 3939; x_wconf 85' lang='lat' dir='ltr'><strong>invisibilis</strong></span> <span class='ocrx_word' id='word_1_374' title='bbox 1316 3886 1369 3939; x_wconf 89' lang='lat' dir='ltr'><strong>in</strong></span> <span class='ocrx_word' id='word_1_375' title='bbox 1396 3897 1669 3955; x_wconf 85' lang='lat' dir='ltr'><strong>conspectu</strong></span> <span class='ocrx_word' id='word_1_376' title='bbox 1721 3886 1854 3955; x_wconf 85' lang='lat' dir='ltr'><strong>ejus,</strong></span> <span class='ocrx_word' id='word_1_377' title='bbox 1896 3888 2074 3941; x_wconf 87' lang='lat' dir='ltr'><strong>omnia</strong></span> 
     </span>
    </p>
   </div>
   <div class='ocr_carea' id='block_1_56' title="bbox 495 3976 2073 4047">
    <p class='ocr_par' dir='ltr' id='par_1_56' title="bbox 495 3976 2073 4047">
     <span class='ocr_line' id='line_1_56' title="bbox 495 3976 2073 4047; baseline 0 -16"><span class='ocrx_word' id='word_1_378' title='bbox 495 3986 670 4031; x_wconf 88' lang='lat' dir='ltr'><strong>autem</strong></span> <span class='ocrx_word' id='word_1_379' title='bbox 712 3976 854 4030; x_wconf 87' lang='lat' dir='ltr'><strong>nuda</strong></span> <span class='ocrx_word' id='word_1_380' title='bbox 898 3986 945 4030; x_wconf 88' lang='lat' dir='ltr'><strong>et</strong></span> <span class='ocrx_word' id='word_1_381' title='bbox 996 3985 1175 4047; x_wconf 87' lang='lat' dir='ltr'><strong>aperta</strong></span> <span class='ocrx_word' id='word_1_382' title='bbox 1217 3986 1337 4030; x_wconf 83' lang='lat' dir='ltr'><strong>sunt</strong></span> <span class='ocrx_word' id='word_1_383' title='bbox 1374 3976 1537 4029; x_wconf 88' lang='lat' dir='ltr'><strong>oculis</strong></span> <span class='ocrx_word' id='word_1_384' title='bbox 1581 3977 1714 4046; x_wconf 85' lang='lat' dir='ltr'><strong>ejus.</strong></span> <span class='ocrx_word' id='word_1_385' title='bbox 1768 3976 1834 4029; x_wconf 86' lang='lat' dir='ltr'><strong>Et</strong></span> <span class='ocrx_word' id='word_1_386' title='bbox 1882 3977 2073 4033; x_wconf 79' lang='lat' dir='ltr'><strong>beatus</strong></span> 
     </span>
    </p>
   </div>
   <div class='ocr_carea' id='block_1_57' title="bbox 496 4065 2073 4137">
    <p class='ocr_par' dir='ltr' id='par_1_57' title="bbox 496 4065 2073 4137">
     <span class='ocr_line' id='line_1_57' title="bbox 496 4065 2073 4137; baseline 0 -16"><span class='ocrx_word' id='word_1_387' title='bbox 496 4066 684 4132; x_wconf 81' lang='lat' dir='ltr'><strong>David,</strong></span> <span class='ocrx_word' id='word_1_388' title='bbox 711 4065 814 4131; x_wconf 84' lang='lat' dir='ltr'><strong>Qui</strong></span> <span class='ocrx_word' id='word_1_389' title='bbox 846 4067 1017 4136; x_wconf 82' lang='lat' dir='ltr'><strong>ﬁngit,</strong></span> <span class='ocrx_word' id='word_1_390' title='bbox 1068 4067 1263 4136; x_wconf 89' lang='lat' dir='ltr'><strong>inquit,</strong></span> <span class='ocrx_word' id='word_1_391' title='bbox 1295 4066 1563 4137; x_wconf 87' lang='lat' dir='ltr'><strong>sigillatim</strong></span> <span class='ocrx_word' id='word_1_392' title='bbox 1587 4068 1745 4121; x_wconf 85' lang='lat' dir='ltr'><strong>corda</strong></span> <span class='ocrx_word' id='word_1_393' title='bbox 1775 4084 1974 4121; x_wconf 86' lang='lat' dir='ltr'><strong>eorum.</strong></span> <span class='ocrx_word' id='word_1_394' title='bbox 2008 4068 2073 4121; x_wconf 85' lang='lat' dir='ltr'><strong>Et</strong></span> 
     </span>
    </p>
   </div>
   <div class='ocr_carea' id='block_1_58' title="bbox 496 4154 2076 4226">
    <p class='ocr_par' dir='ltr' id='par_1_58' title="bbox 496 4154 2076 4226">
     <span class='ocr_line' id='line_1_58' title="bbox 496 4154 2076 4226; baseline 0 -14"><span class='ocrx_word' id='word_1_395' title='bbox 496 4159 692 4212; x_wconf 88' lang='lat' dir='ltr'><strong>iterum</strong></span> <span class='ocrx_word' id='word_1_396' title='bbox 731 4174 743 4210; x_wconf 89' lang='lat'><strong>:</strong></span> <span class='ocrx_word' id='word_1_397' title='bbox 786 4154 907 4226; x_wconf 84' lang='lat' dir='ltr'><strong>Ipse</strong></span> <span class='ocrx_word' id='word_1_398' title='bbox 958 4157 1095 4210; x_wconf 88' lang='lat' dir='ltr'><strong>enim</strong></span> <span class='ocrx_word' id='word_1_399' title='bbox 1143 4158 1279 4210; x_wconf 84' lang='lat' dir='ltr'><strong>novit</strong></span> <span class='ocrx_word' id='word_1_400' title='bbox 1330 4157 1531 4225; x_wconf 84' lang='lat' dir='ltr'><strong>occulta</strong></span> <span class='ocrx_word' id='word_1_401' title='bbox 1593 4159 1781 4211; x_wconf 87' lang='lat' dir='ltr'><strong>cordis.</strong></span> <span class='ocrx_word' id='word_1_402' title='bbox 1829 4157 2076 4214; x_wconf 84' lang='lat' dir='ltr'><strong>Animale</strong></span> 
     </span>
    </p>
   </div>
   <div class='ocr_carea' id='block_1_59' title="bbox 497 4248 2073 4320">
    <p class='ocr_par' dir='ltr' id='par_1_59' title="bbox 497 4248 2073 4320">
     <span class='ocr_line' id='line_1_59' title="bbox 497 4248 2073 4320; baseline 0.001 -17"><span class='ocrx_word' id='word_1_403' title='bbox 497 4263 693 4317; x_wconf 87' lang='lat' dir='ltr'><strong>corpus</strong></span> <span class='ocrx_word' id='word_1_404' title='bbox 722 4256 822 4313; x_wconf 87' lang='lat' dir='ltr'><strong>est,</strong></span> <span class='ocrx_word' id='word_1_405' title='bbox 854 4249 980 4301; x_wconf 88' lang='lat' dir='ltr'><strong>dum</strong></span> <span class='ocrx_word' id='word_1_406' title='bbox 1009 4248 1142 4302; x_wconf 89' lang='lat' dir='ltr'><strong>cibis</strong></span> <span class='ocrx_word' id='word_1_407' title='bbox 1167 4256 1499 4302; x_wconf 87' lang='lat' dir='ltr'><strong>sustentatur</strong></span> <span class='ocrx_word' id='word_1_408' title='bbox 1539 4258 1599 4315; x_wconf 81' lang='lat' dir='ltr'><strong>ut</strong></span> <span class='ocrx_word' id='word_1_409' title='bbox 1624 4250 1798 4320; x_wconf 89' lang='lat' dir='ltr'><strong>juvat,</strong></span> <span class='ocrx_word' id='word_1_410' title='bbox 1827 4250 2073 4319; x_wconf 84' lang='lat' dir='ltr'><strong>spiritale</strong></span> 
     </span>
    </p>
   </div>
   <div class='ocr_carea' id='block_1_60' title="bbox 496 4338 2075 4409">
    <p class='ocr_par' dir='ltr' id='par_1_60' title="bbox 496 4338 2075 4409">
     <span class='ocr_line' id='line_1_60' title="bbox 496 4338 2075 4409; baseline 0.001 -17"><span class='ocrx_word' id='word_1_411' title='bbox 496 4347 674 4393; x_wconf 88' lang='lat' dir='ltr'><strong>autem</strong></span> <span class='ocrx_word' id='word_1_412' title='bbox 698 4352 839 4405; x_wconf 75' lang='lat' dir='ltr'><strong>cum</strong></span> <span class='ocrx_word' id='word_1_413' title='bbox 887 4338 1078 4391; x_wconf 88' lang='lat' dir='ltr'><strong>horum</strong></span> <span class='ocrx_word' id='word_1_414' title='bbox 1102 4338 1234 4392; x_wconf 86' lang='lat' dir='ltr'><strong>nihil</strong></span> <span class='ocrx_word' id='word_1_415' title='bbox 1272 4338 1527 4409; x_wconf 87' lang='lat' dir='ltr'><strong>indigebit</strong></span> <span class='ocrx_word' id='word_1_416' title='bbox 1562 4355 1884 4395; x_wconf 87' lang='lat' dir='ltr'><strong>conversum</strong></span> <span class='ocrx_word' id='word_1_417' title='bbox 1913 4341 1964 4393; x_wconf 91' lang='lat' dir='ltr'><strong>in</strong></span> <span class='ocrx_word' id='word_1_418' title='bbox 1995 4340 2075 4394; x_wconf 91' lang='lat' dir='ltr'><strong>vi-</strong></span> 
     </span>
    </p>
   </div>
   <div class='ocr_carea' id='block_1_61' title="bbox 498 4426 2073 4497">
    <p class='ocr_par' dir='ltr' id='par_1_61' title="bbox 498 4426 2073 4497">
     <span class='ocr_line' id='line_1_61' title="bbox 498 4426 2073 4497; baseline 0.001 -16"><span class='ocrx_word' id='word_1_419' title='bbox 498 4438 627 4482; x_wconf 86' lang='lat' dir='ltr'><strong>tam.</strong></span> <span class='ocrx_word' id='word_1_420' title='bbox 668 4426 857 4483; x_wconf 89' lang='lat' dir='ltr'><strong>Omnia</strong></span> <span class='ocrx_word' id='word_1_421' title='bbox 890 4428 1196 4497; x_wconf 87' lang='lat' dir='ltr'><strong>supradicta</strong></span> <span class='ocrx_word' id='word_1_422' title='bbox 1225 4428 1327 4482; x_wconf 86' lang='lat' dir='ltr'><strong>hoc</strong></span> <span class='ocrx_word' id='word_1_423' title='bbox 1374 4443 1532 4482; x_wconf 87' lang='lat' dir='ltr'><strong>sensu</strong></span> <span class='ocrx_word' id='word_1_424' title='bbox 1583 4428 1921 4494; x_wconf 83' lang='lat' dir='ltr'><strong>clauduntur,</strong></span> <span class='ocrx_word' id='word_1_425' title='bbox 1965 4445 2073 4483; x_wconf 88' lang='lat' dir='ltr'><strong>non</strong></span> 
     </span>
    </p>
   </div>
   <div class='ocr_carea' id='block_1_62' title="bbox 495 4516 2074 4587">
    <p class='ocr_par' dir='ltr' id='par_1_62' title="bbox 495 4516 2074 4587">
     <span class='ocr_line' id='line_1_62' title="bbox 495 4516 2074 4587; baseline 0 -17"><span class='ocrx_word' id='word_1_426' title='bbox 495 4520 639 4571; x_wconf 89' lang='lat' dir='ltr'><strong>enim</strong></span> <span class='ocrx_word' id='word_1_427' title='bbox 686 4532 880 4586; x_wconf 90' lang='lat' dir='ltr'><strong>corpus</strong></span> <span class='ocrx_word' id='word_1_428' title='bbox 935 4516 1165 4585; x_wconf 68' lang='lat' dir='ltr'><strong>animale</strong></span> <span class='ocrx_word' id='word_1_429' title='bbox 1217 4531 1431 4586; x_wconf 88' lang='lat' dir='ltr'><strong>semper</strong></span> <span class='ocrx_word' id='word_1_430' title='bbox 1490 4518 1579 4570; x_wconf 89' lang='lat' dir='ltr'><strong>hic</strong></span> <span class='ocrx_word' id='word_1_431' title='bbox 1636 4516 1836 4571; x_wconf 87' lang='lat' dir='ltr'><strong>habere</strong></span> <span class='ocrx_word' id='word_1_432' title='bbox 1896 4525 2074 4587; x_wconf 90' lang='lat' dir='ltr'><strong>potest</strong></span> 
     </span>
    </p>
   </div>
   <div class='ocr_carea' id='block_1_63' title="bbox 2259 1971 3788 2047">
    <p class='ocr_par' dir='ltr' id='par_1_63' title="bbox 2259 1971 3788 2047">
     <span class='ocr_line' id='line_1_63' title="bbox 2259 1971 3788 2047; baseline 0.005 -21"><span class='ocrx_word' id='word_1_433' title='bbox 2259 1971 2403 2026; x_wconf 85' lang='lat' dir='ltr'><strong>Tunc</strong></span> <span class='ocrx_word' id='word_1_434' title='bbox 2422 1974 2515 2044; x_wconf 87' lang='lat' dir='ltr'><strong>qui</strong></span> <span class='ocrx_word' id='word_1_435' title='bbox 2556 1972 2613 2027; x_wconf 89' lang='lat' dir='ltr'><strong>in</strong></span> <span class='ocrx_word' id='word_1_436' title='bbox 2645 1973 2838 2028; x_wconf 76' lang='lat' dir='ltr'><strong>Judtea</strong></span> <span class='ocrx_word' id='word_1_437' title='bbox 2869 1984 2994 2028; x_wconf 89' lang='lat' dir='ltr'><strong>sunt</strong></span> <span class='ocrx_word' id='word_1_438' title='bbox 3020 1975 3230 2047; x_wconf 80' lang='lat' dir='ltr'><strong>fugiant</strong></span> <span class='ocrx_word' id='word_1_439' title='bbox 3253 1976 3307 2031; x_wconf 89' lang='lat' dir='ltr'><strong>in</strong></span> <span class='ocrx_word' id='word_1_440' title='bbox 3332 1988 3549 2033; x_wconf 85' lang='lat' dir='ltr'><strong>montes.</strong></span> <span class='ocrx_word' id='word_1_441' title='bbox 3585 1978 3788 2033; x_wconf 83' lang='lat' dir='ltr'><strong>Eccle—</strong></span> 
     </span>
    </p>
   </div>
   <div class='ocr_carea' id='block_1_64' title="bbox 2183 2058 3786 2139">
    <p class='ocr_par' dir='ltr' id='par_1_64' title="bbox 2183 2058 3786 2139">
     <span class='ocr_line' id='line_1_64' title="bbox 2183 2058 3786 2139; baseline 0.004 -20"><span class='ocrx_word' id='word_1_442' title='bbox 2183 2064 2404 2120; x_wconf 86' lang='lat' dir='ltr'><strong>siastica</strong></span> <span class='ocrx_word' id='word_1_443' title='bbox 2473 2058 2663 2120; x_wconf 81' lang='lat' dir='ltr'><strong>narrat</strong></span> <span class='ocrx_word' id='word_1_444' title='bbox 2701 2065 2954 2132; x_wconf 72' lang='lat' dir='ltr'><strong>historia“,</strong></span> <span class='ocrx_word' id='word_1_445' title='bbox 3018 2077 3244 2124; x_wconf 89' lang='lat' dir='ltr'><strong>cunctos</strong></span> <span class='ocrx_word' id='word_1_446' title='bbox 3315 2071 3409 2139; x_wconf 90' lang='lat' dir='ltr'><strong>qui</strong></span> <span class='ocrx_word' id='word_1_447' title='bbox 3474 2070 3530 2124; x_wconf 93' lang='lat' dir='ltr'><strong>in</strong></span> <span class='ocrx_word' id='word_1_448' title='bbox 3584 2069 3786 2125; x_wconf 74' lang='lat' dir='ltr'><strong>Judzea</strong></span> 
     </span>
    </p>
   </div>
   <div class='ocr_carea' id='block_1_65' title="bbox 2182 2152 3785 2231">
    <p class='ocr_par' dir='ltr' id='par_1_65' title="bbox 2182 2152 3785 2231">
     <span class='ocr_line' id='line_1_65' title="bbox 2182 2152 3785 2231; baseline 0.002 -21"><span class='ocrx_word' id='word_1_449' title='bbox 2182 2163 2342 2210; x_wconf 88' lang='lat' dir='ltr'><strong>erant</strong></span> <span class='ocrx_word' id='word_1_450' title='bbox 2397 2152 2737 2212; x_wconf 87' lang='lat' dir='ltr'><strong>Christianos</strong></span> <span class='ocrx_word' id='word_1_451' title='bbox 2768 2155 3084 2212; x_wconf 86' lang='lat' dir='ltr'><strong>imminente</strong></span> <span class='ocrx_word' id='word_1_452' title='bbox 3136 2158 3633 2231; x_wconf 86' lang='lat' dir='ltr'><strong>Hierosolymorum</strong></span> <span class='ocrx_word' id='word_1_453' title='bbox 3682 2172 3785 2214; x_wconf 77' lang='lat' dir='ltr'><strong>cx-</strong></span> 
     </span>
    </p>
   </div>
   <div class='ocr_carea' id='block_1_66' title="bbox 2183 2244 3791 2315">
    <p class='ocr_par' dir='ltr' id='par_1_66' title="bbox 2183 2244 3791 2315">
     <span class='ocr_line' id='line_1_66' title="bbox 2183 2244 3791 2315; baseline 0.005 -16"><span class='ocrx_word' id='word_1_454' title='bbox 2183 2244 2324 2299; x_wconf 90' lang='lat' dir='ltr'><strong>cidio</strong></span> <span class='ocrx_word' id='word_1_455' title='bbox 2379 2245 2739 2302; x_wconf 88' lang='lat' dir='ltr'><strong>commonitos</strong></span> <span class='ocrx_word' id='word_1_456' title='bbox 2791 2261 2821 2301; x_wconf 91' lang='lat' dir='ltr'><strong>a</strong></span> <span class='ocrx_word' id='word_1_457' title='bbox 2870 2246 3099 2303; x_wconf 89' lang='lat' dir='ltr'><strong>Domino</strong></span> <span class='ocrx_word' id='word_1_458' title='bbox 3152 2248 3272 2305; x_wconf 88' lang='lat' dir='ltr'><strong>loco</strong></span> <span class='ocrx_word' id='word_1_459' title='bbox 3346 2250 3665 2315; x_wconf 89' lang='lat' dir='ltr'><strong>decessisse,</strong></span> <span class='ocrx_word' id='word_1_460' title='bbox 3716 2262 3791 2306; x_wconf 84' lang='lat' dir='ltr'><strong>et</strong></span> 
     </span>
    </p>
   </div>
   <div class='ocr_carea' id='block_1_67' title="bbox 2181 2321 3791 2410">
    <p class='ocr_par' dir='ltr' id='par_1_67' title="bbox 2181 2321 3791 2410">
     <span class='ocr_line' id='line_1_67' title="bbox 2181 2321 3791 2410; baseline 0.005 -20"><span class='ocrx_word' id='word_1_461' title='bbox 2181 2344 2334 2390; x_wconf 88' lang='lat' dir='ltr'><strong>trans</strong></span> <span class='ocrx_word' id='word_1_462' title='bbox 2375 2321 2671 2392; x_wconf 51' lang='lat' dir='ltr'><strong>Iordanem</strong></span> <span class='ocrx_word' id='word_1_463' title='bbox 2718 2338 2774 2393; x_wconf 91' lang='lat' dir='ltr'><strong>in</strong></span> <span class='ocrx_word' id='word_1_464' title='bbox 2831 2338 3051 2395; x_wconf 88' lang='lat' dir='ltr'><strong>civitate</strong></span> <span class='ocrx_word' id='word_1_465' title='bbox 3092 2340 3327 2410; x_wconf 90' lang='lat' dir='ltr'><strong>quadam</strong></span> <span class='ocrx_word' id='word_1_466' title='bbox 3361 2340 3506 2397; x_wconf 87' lang='lat' dir='ltr'><strong>Pella</strong></span> <span class='ocrx_word' id='word_1_467' title='bbox 3554 2343 3791 2398; x_wconf 87' lang='lat' dir='ltr'><strong>nomine</strong></span> 
     </span>
    </p>
   </div>
   <div class='ocr_carea' id='block_1_68' title="bbox 2181 2425 3588 2500">
    <p class='ocr_par' dir='ltr' id='par_1_68' title="bbox 2181 2425 3588 2500">
     <span class='ocr_line' id='line_1_68' title="bbox 2181 2425 3588 2500; baseline 0.004 -19"><span class='ocrx_word' id='word_1_468' title='bbox 2181 2425 2352 2482; x_wconf 90' lang='lat' dir='ltr'><strong>donec</strong></span> <span class='ocrx_word' id='word_1_469' title='bbox 2379 2425 2641 2483; x_wconf 89' lang='lat' dir='ltr'><strong>dcsolatio</strong></span> <span class='ocrx_word' id='word_1_470' title='bbox 2661 2426 2865 2484; x_wconf 69' lang='lat' dir='ltr'><strong>Judaue</strong></span> <span class='ocrx_word' id='word_1_471' title='bbox 2889 2430 3255 2500; x_wconf 89' lang='lat' dir='ltr'><strong>compleretur</strong></span> <span class='ocrx_word' id='word_1_472' title='bbox 3292 2432 3588 2488; x_wconf 88' lang='lat' dir='ltr'><strong>habitasse.</strong></span> 
     </span>
    </p>
   </div>
   <div class='ocr_carea' id='block_1_69' title="bbox 2250 2517 3787 2595">
    <p class='ocr_par' dir='ltr' id='par_1_69' title="bbox 2250 2517 3787 2595">
     <span class='ocr_line' id='line_1_69' title="bbox 2250 2517 3787 2595; baseline 0.005 -24"><span class='ocrx_word' id='word_1_473' title='bbox 2250 2517 2321 2572; x_wconf 86' lang='lat' dir='ltr'><strong>Et</strong></span> <span class='ocrx_word' id='word_1_474' title='bbox 2345 2520 2435 2589; x_wconf 89' lang='lat' dir='ltr'><strong>qui</strong></span> <span class='ocrx_word' id='word_1_475' title='bbox 2455 2520 2509 2573; x_wconf 88' lang='lat' dir='ltr'><strong>in</strong></span> <span class='ocrx_word' id='word_1_476' title='bbox 2534 2520 2703 2574; x_wconf 85' lang='lat' dir='ltr'><strong>medio</strong></span> <span class='ocrx_word' id='word_1_477' title='bbox 2750 2520 2886 2591; x_wconf 84' lang='lat' dir='ltr'><strong>ejus,</strong></span> <span class='ocrx_word' id='word_1_478' title='bbox 2914 2521 3185 2577; x_wconf 83' lang='lat' dir='ltr'><strong>discedant</strong></span> <span class='ocrx_word' id='word_1_479' title='bbox 3212 2537 3233 2576; x_wconf 89' lang='lat'><strong><em>:</em></strong></span> <span class='ocrx_word' id='word_1_480' title='bbox 3257 2534 3305 2577; x_wconf 88' lang='lat' dir='ltr'><strong>et</strong></span> <span class='ocrx_word' id='word_1_481' title='bbox 3338 2524 3427 2595; x_wconf 85' lang='lat' dir='ltr'><strong>qui</strong></span> <span class='ocrx_word' id='word_1_482' title='bbox 3457 2524 3513 2577; x_wconf 87' lang='lat' dir='ltr'><strong>in</strong></span> <span class='ocrx_word' id='word_1_483' title='bbox 3544 2526 3787 2595; x_wconf 87' lang='lat' dir='ltr'><strong>regioni-</strong></span> 
     </span>
    </p>
   </div>
   <div class='ocr_carea' id='block_1_70' title="bbox 2180 2608 3787 2679">
    <p class='ocr_par' dir='ltr' id='par_1_70' title="bbox 2180 2608 3787 2679">
     <span class='ocr_line' id='line_1_70' title="bbox 2180 2608 3787 2679; baseline 0.004 -16"><span class='ocrx_word' id='word_1_484' title='bbox 2180 2608 2296 2674; x_wconf 87' lang='lat' dir='ltr'><strong>bus,</strong></span> <span class='ocrx_word' id='word_1_485' title='bbox 2336 2610 3023 2677; x_wconf 84' lang='lat' dir='ltr'><strong>nonintrentineam.Quia</strong></span> <span class='ocrx_word' id='word_1_486' title='bbox 3051 2612 3161 2667; x_wconf 84' lang='lat' dir='ltr'><strong>dies</strong></span> <span class='ocrx_word' id='word_1_487' title='bbox 3186 2612 3404 2667; x_wconf 83' lang='lat' dir='ltr'><strong>ultionis</strong></span> <span class='ocrx_word' id='word_1_488' title='bbox 3445 2612 3499 2667; x_wconf 79' lang='lat' dir='ltr'><strong>hi</strong></span> <span class='ocrx_word' id='word_1_489' title='bbox 3542 2624 3684 2679; x_wconf 79' lang='lat' dir='ltr'><strong>sunt,</strong></span> <span class='ocrx_word' id='word_1_490' title='bbox 3718 2627 3787 2669; x_wconf 82' lang='lat' dir='ltr'><strong>ut</strong></span> 
     </span>
    </p>
   </div>
   <div class='ocr_carea' id='block_1_71' title="bbox 2178 2698 3788 2773">
    <p class='ocr_par' dir='ltr' id='par_1_71' title="bbox 2178 2698 3788 2773">
     <span class='ocr_line' id='line_1_71' title="bbox 2178 2698 3788 2773; baseline 0.004 -21"><span class='ocrx_word' id='word_1_491' title='bbox 2178 2698 2495 2767; x_wconf 87' lang='lat' dir='ltr'><strong>impleantur</strong></span> <span class='ocrx_word' id='word_1_492' title='bbox 2555 2701 2731 2753; x_wconf 88' lang='lat' dir='ltr'><strong>omnia</strong></span> <span class='ocrx_word' id='word_1_493' title='bbox 2780 2717 2900 2771; x_wconf 77' lang='lat' dir='ltr'><strong>qua:</strong></span> <span class='ocrx_word' id='word_1_494' title='bbox 2951 2702 3147 2769; x_wconf 87' lang='lat' dir='ltr'><strong>scripta</strong></span> <span class='ocrx_word' id='word_1_495' title='bbox 3190 2711 3334 2755; x_wconf 88' lang='lat' dir='ltr'><strong>sunt.</strong></span> <span class='ocrx_word' id='word_1_496' title='bbox 3373 2702 3598 2757; x_wconf 77' lang='lat' dir='ltr'><strong>Videtur</strong></span> <span class='ocrx_word' id='word_1_497' title='bbox 3651 2705 3788 2773; x_wconf 87' lang='lat' dir='ltr'><strong>qui-</strong></span> 
     </span>
    </p>
   </div>
   <div class='ocr_carea' id='block_1_72' title="bbox 2178 2790 3785 2864">
    <p class='ocr_par' dir='ltr' id='par_1_72' title="bbox 2178 2790 3785 2864">
     <span class='ocr_line' id='line_1_72' title="bbox 2178 2790 3785 2864; baseline 0.003 -20"><span class='ocrx_word' id='word_1_498' title='bbox 2178 2790 2299 2845; x_wconf 89' lang='lat' dir='ltr'><strong>dem</strong></span> <span class='ocrx_word' id='word_1_499' title='bbox 2347 2791 2414 2845; x_wconf 89' lang='lat' dir='ltr'><strong>ad</strong></span> <span class='ocrx_word' id='word_1_500' title='bbox 2462 2805 2757 2861; x_wconf 85' lang='lat' dir='ltr'><strong>congruam</strong></span> <span class='ocrx_word' id='word_1_501' title='bbox 2787 2791 3061 2861; x_wconf 87' lang='lat' dir='ltr'><strong>pertinere</strong></span> <span class='ocrx_word' id='word_1_502' title='bbox 3096 2793 3518 2849; x_wconf 87' lang='lat' dir='ltr'><strong>admonitionem</strong></span> <span class='ocrx_word' id='word_1_503' title='bbox 3569 2804 3629 2849; x_wconf 91' lang='lat' dir='ltr'><strong>ut</strong></span> <span class='ocrx_word' id='word_1_504' title='bbox 3675 2795 3785 2864; x_wconf 86' lang='lat' dir='ltr'><strong>qui</strong></span> 
     </span>
    </p>
   </div>
   <div class='ocr_carea' id='block_1_73' title="bbox 2176 2883 3783 2954">
    <p class='ocr_par' dir='ltr' id='par_1_73' title="bbox 2176 2883 3783 2954">
     <span class='ocr_line' id='line_1_73' title="bbox 2176 2883 3783 2954; baseline 0.004 -18"><span class='ocrx_word' id='word_1_505' title='bbox 2176 2890 2333 2936; x_wconf 75' lang='lat' dir='ltr'><strong>extra</strong></span> <span class='ocrx_word' id='word_1_506' title='bbox 2370 2891 2518 2949; x_wconf 91' lang='lat' dir='ltr'><strong>sunt,</strong></span> <span class='ocrx_word' id='word_1_507' title='bbox 2566 2899 2675 2938; x_wconf 88' lang='lat' dir='ltr'><strong>non</strong></span> <span class='ocrx_word' id='word_1_508' title='bbox 2709 2883 2765 2937; x_wconf 89' lang='lat' dir='ltr'><strong>in</strong></span> <span class='ocrx_word' id='word_1_509' title='bbox 2794 2900 2914 2940; x_wconf 89' lang='lat' dir='ltr'><strong>eam</strong></span> <span class='ocrx_word' id='word_1_510' title='bbox 2958 2886 3180 2941; x_wconf 86' lang='lat' dir='ltr'><strong>intrent.</strong></span> <span class='ocrx_word' id='word_1_511' title='bbox 3229 2886 3332 2954; x_wconf 87' lang='lat' dir='ltr'><strong>Qui</strong></span> <span class='ocrx_word' id='word_1_512' title='bbox 3364 2895 3543 2942; x_wconf 88' lang='lat' dir='ltr'><strong>autem</strong></span> <span class='ocrx_word' id='word_1_513' title='bbox 3570 2888 3622 2942; x_wconf 91' lang='lat' dir='ltr'><strong>in</strong></span> <span class='ocrx_word' id='word_1_514' title='bbox 3652 2904 3783 2943; x_wconf 87' lang='lat' dir='ltr'><strong>me-</strong></span> 
     </span>
    </p>
   </div>
   <div class='ocr_carea' id='block_1_74' title="bbox 2179 2974 3785 3047">
    <p class='ocr_par' dir='ltr' id='par_1_74' title="bbox 2179 2974 3785 3047">
     <span class='ocr_line' id='line_1_74' title="bbox 2179 2974 3785 3047; baseline 0.004 -19"><span class='ocrx_word' id='word_1_515' title='bbox 2179 2974 2268 3029; x_wconf 90' lang='lat' dir='ltr'><strong>dio</strong></span> <span class='ocrx_word' id='word_1_516' title='bbox 2300 2982 2425 3028; x_wconf 90' lang='lat' dir='ltr'><strong>sunt</strong></span> <span class='ocrx_word' id='word_1_517' title='bbox 2477 2976 2743 3043; x_wconf 84' lang='lat' dir='ltr'><strong>quomodo</strong></span> <span class='ocrx_word' id='word_1_518' title='bbox 2783 2976 3061 3032; x_wconf 88' lang='lat' dir='ltr'><strong>discedent</strong></span> <span class='ocrx_word' id='word_1_519' title='bbox 3096 2978 3164 3032; x_wconf 87' lang='lat' dir='ltr'><strong>ab</strong></span> <span class='ocrx_word' id='word_1_520' title='bbox 3198 2979 3445 3034; x_wconf 82' lang='lat' dir='ltr'><strong>exercitu</strong></span> <span class='ocrx_word' id='word_1_521' title='bbox 3473 2977 3583 3047; x_wconf 83' lang='lat' dir='ltr'><strong>jam</strong></span> <span class='ocrx_word' id='word_1_522' title='bbox 3628 2980 3785 3035; x_wconf 84' lang='lat' dir='ltr'><strong>civi-</strong></span> 
     </span>
    </p>
   </div>
   <div class='ocr_carea' id='block_1_75' title="bbox 2176 3063 3778 3138">
    <p class='ocr_par' dir='ltr' id='par_1_75' title="bbox 2176 3063 3778 3138">
     <span class='ocr_line' id='line_1_75' title="bbox 2176 3063 3778 3138; baseline 0.006 -23"><span class='ocrx_word' id='word_1_523' title='bbox 2176 3069 2292 3117; x_wconf 83' lang='lat' dir='ltr'><strong>tate</strong></span> <span class='ocrx_word' id='word_1_524' title='bbox 2314 3063 2691 3118; x_wconf 82' lang='lat' dir='ltr'><strong>circumdata?</strong></span> <span class='ocrx_word' id='word_1_525' title='bbox 2757 3065 2862 3120; x_wconf 87' lang='lat' dir='ltr'><strong>nisi</strong></span> <span class='ocrx_word' id='word_1_526' title='bbox 2906 3065 3045 3122; x_wconf 78' lang='lat' dir='ltr'><strong>forte</strong></span> <span class='ocrx_word' id='word_1_527' title='bbox 3088 3068 3232 3136; x_wconf 91' lang='lat' dir='ltr'><strong>quod</strong></span> <span class='ocrx_word' id='word_1_528' title='bbox 3282 3069 3565 3138; x_wconf 68' lang='lat' dir='ltr'><strong>prmmisit,</strong></span> <span class='ocrx_word' id='word_1_529' title='bbox 3617 3078 3778 3137; x_wconf 88' lang='lat' dir='ltr'><strong>tunc,</strong></span> 
     </span>
    </p>
   </div>
   <div class='ocr_carea' id='block_1_76' title="bbox 2180 3151 3781 3233">
    <p class='ocr_par' dir='ltr' id='par_1_76' title="bbox 2180 3151 3781 3233">
     <span class='ocr_line' id='line_1_76' title="bbox 2180 3151 3781 3233; baseline 0.006 -27"><span class='ocrx_word' id='word_1_530' title='bbox 2180 3151 2234 3207; x_wconf 91' lang='lat' dir='ltr'><strong>id</strong></span> <span class='ocrx_word' id='word_1_531' title='bbox 2255 3160 2358 3219; x_wconf 88' lang='lat' dir='ltr'><strong>est,</strong></span> <span class='ocrx_word' id='word_1_532' title='bbox 2393 3161 2516 3208; x_wconf 88' lang='lat' dir='ltr'><strong>tunc</strong></span> <span class='ocrx_word' id='word_1_533' title='bbox 2534 3155 2623 3222; x_wconf 88' lang='lat' dir='ltr'><strong>qui</strong></span> <span class='ocrx_word' id='word_1_534' title='bbox 2655 3155 2711 3233; x_wconf 83' lang='lat' dir='ltr'><strong>in</strong></span> <span class='ocrx_word' id='word_1_535' title='bbox 2732 3155 2924 3211; x_wconf 79' lang='lat' dir='ltr'><strong>Judtea</strong></span> <span class='ocrx_word' id='word_1_536' title='bbox 2953 3166 3073 3211; x_wconf 86' lang='lat' dir='ltr'><strong>sunt</strong></span> <span class='ocrx_word' id='word_1_537' title='bbox 3095 3158 3321 3228; x_wconf 77' lang='lat' dir='ltr'><strong>fugiant,</strong></span> <span class='ocrx_word' id='word_1_538' title='bbox 3352 3174 3459 3215; x_wconf 91' lang='lat' dir='ltr'><strong>non</strong></span> <span class='ocrx_word' id='word_1_539' title='bbox 3488 3160 3554 3215; x_wconf 87' lang='lat' dir='ltr'><strong>ad</strong></span> <span class='ocrx_word' id='word_1_540' title='bbox 3587 3160 3781 3230; x_wconf 86' lang='lat' dir='ltr'><strong>ipsum</strong></span> 
     </span>
    </p>
   </div>
   <div class='ocr_carea' id='block_1_77' title="bbox 2099 3238 3779 3315">
    <p class='ocr_par' dir='ltr' id='par_1_77' title="bbox 2099 3238 3779 3315">
     <span class='ocr_line' id='line_1_77' title="bbox 2099 3238 3779 3315; baseline 0.007 -21"><span class='ocrx_word' id='word_1_541' title='bbox 2099 3238 2147 3300; x_wconf 86' lang='lat' dir='ltr'><strong><em>C</em></strong></span> <span class='ocrx_word' id='word_1_542' title='bbox 2178 3248 2394 3311; x_wconf 89' lang='lat' dir='ltr'><strong>tempus</strong></span> <span class='ocrx_word' id='word_1_543' title='bbox 2415 3242 2731 3308; x_wconf 90' lang='lat' dir='ltr'><strong>obsidionis,</strong></span> <span class='ocrx_word' id='word_1_544' title='bbox 2756 3244 2850 3299; x_wconf 90' lang='lat' dir='ltr'><strong>sed</strong></span> <span class='ocrx_word' id='word_1_545' title='bbox 2872 3245 2941 3299; x_wconf 90' lang='lat' dir='ltr'><strong>ad</strong></span> <span class='ocrx_word' id='word_1_546' title='bbox 2960 3246 3265 3315; x_wconf 82' lang='lat' dir='ltr'><strong>proximum</strong></span> <span class='ocrx_word' id='word_1_547' title='bbox 3288 3257 3413 3305; x_wconf 88' lang='lat' dir='ltr'><strong>ante</strong></span> <span class='ocrx_word' id='word_1_548' title='bbox 3431 3249 3779 3306; x_wconf 89' lang='lat' dir='ltr'><strong>obsidionem</strong></span> 
     </span>
    </p>
   </div>
   <div class='ocr_carea' id='block_1_78' title="bbox 2182 3334 3785 3410">
    <p class='ocr_par' dir='ltr' id='par_1_78' title="bbox 2182 3334 3785 3410">
     <span class='ocr_line' id='line_1_78' title="bbox 2182 3334 3785 3410; baseline 0.008 -25"><span class='ocrx_word' id='word_1_549' title='bbox 2182 3339 2414 3401; x_wconf 89' lang='lat' dir='ltr'><strong>tempus,</strong></span> <span class='ocrx_word' id='word_1_550' title='bbox 2452 3347 2574 3387; x_wconf 92' lang='lat' dir='ltr'><strong>cum</strong></span> <span class='ocrx_word' id='word_1_551' title='bbox 2619 3348 2677 3388; x_wconf 91' lang='lat' dir='ltr'><strong>se</strong></span> <span class='ocrx_word' id='word_1_552' title='bbox 2708 3334 2885 3403; x_wconf 88' lang='lat' dir='ltr'><strong>primo</strong></span> <span class='ocrx_word' id='word_1_553' title='bbox 2911 3336 3063 3390; x_wconf 86' lang='lat' dir='ltr'><strong>miles</strong></span> <span class='ocrx_word' id='word_1_554' title='bbox 3096 3336 3373 3395; x_wconf 82' lang='lat' dir='ltr'><strong>Romanus</strong></span> <span class='ocrx_word' id='word_1_555' title='bbox 3402 3355 3500 3410; x_wconf 90' lang='lat' dir='ltr'><strong>per</strong></span> <span class='ocrx_word' id='word_1_556' title='bbox 3532 3340 3785 3398; x_wconf 63' lang='lat' dir='ltr'><strong>Gallittae</strong></span> 
     </span>
    </p>
   </div>
   <div class='ocr_carea' id='block_1_79' title="bbox 2179 3421 3784 3501">
    <p class='ocr_par' dir='ltr' id='par_1_79' title="bbox 2179 3421 3784 3501">
     <span class='ocr_line' id='line_1_79' title="bbox 2179 3421 3784 3501; baseline 0.009 -26"><span class='ocrx_word' id='word_1_557' title='bbox 2179 3421 2263 3475; x_wconf 90' lang='lat' dir='ltr'><strong>vel</strong></span> <span class='ocrx_word' id='word_1_558' title='bbox 2315 3421 2575 3476; x_wconf 63' lang='lat' dir='ltr'><strong>Samaria</strong></span> <span class='ocrx_word' id='word_1_559' title='bbox 2629 3425 2766 3478; x_wconf 84' lang='lat' dir='ltr'><strong>lines</strong></span> <span class='ocrx_word' id='word_1_560' title='bbox 2826 3426 3082 3494; x_wconf 71' lang='lat' dir='ltr'><strong>empisset</strong></span> <span class='ocrx_word' id='word_1_561' title='bbox 3135 3427 3435 3485; x_wconf 72' lang='lat' dir='ltr'><strong>dillundere</strong></span> <span class='ocrx_word' id='word_1_562' title='bbox 3494 3422 3784 3501; x_wconf 78' lang='lat' dir='ltr'><strong>pertinere</strong></span> 
     </span>
    </p>
   </div>
   <div class='ocr_carea' id='block_1_80' title="bbox 2177 3511 3783 3590">
    <p class='ocr_par' dir='ltr' id='par_1_80' title="bbox 2177 3511 3783 3590">
     <span class='ocr_line' id='line_1_80' title="bbox 2177 3511 3783 3590; baseline 0.005 -23"><span class='ocrx_word' id='word_1_563' title='bbox 2177 3511 2439 3578; x_wconf 84' lang='lat' dir='ltr'><strong>dicamus,</strong></span> <span class='ocrx_word' id='word_1_564' title='bbox 2475 3519 2533 3566; x_wconf 92' lang='lat' dir='ltr'><strong>ut</strong></span> <span class='ocrx_word' id='word_1_565' title='bbox 2570 3521 2697 3568; x_wconf 90' lang='lat' dir='ltr'><strong>tunc</strong></span> <span class='ocrx_word' id='word_1_566' title='bbox 2726 3513 2911 3584; x_wconf 83' lang='lat' dir='ltr'><strong>fugere</strong></span> <span class='ocrx_word' id='word_1_567' title='bbox 2935 3517 3187 3587; x_wconf 87' lang='lat' dir='ltr'><strong>quisque,</strong></span> <span class='ocrx_word' id='word_1_568' title='bbox 3232 3534 3353 3574; x_wconf 87' lang='lat' dir='ltr'><strong>cum</strong></span> <span class='ocrx_word' id='word_1_569' title='bbox 3378 3518 3561 3590; x_wconf 83' lang='lat' dir='ltr'><strong>fugere</strong></span> <span class='ocrx_word' id='word_1_570' title='bbox 3585 3520 3783 3576; x_wconf 88' lang='lat' dir='ltr'><strong>adhuc</strong></span> 
     </span>
    </p>
   </div>
   <div class='ocr_carea' id='block_1_81' title="bbox 2178 3606 3779 3675">
    <p class='ocr_par' dir='ltr' id='par_1_81' title="bbox 2178 3606 3779 3675">
     <span class='ocr_line' id='line_1_81' title="bbox 2178 3606 3779 3675; baseline 0.005 -17"><span class='ocrx_word' id='word_1_571' title='bbox 2178 3612 2392 3675; x_wconf 88' lang='lat' dir='ltr'><strong>tempus</strong></span> <span class='ocrx_word' id='word_1_572' title='bbox 2431 3612 2607 3671; x_wconf 89' lang='lat' dir='ltr'><strong>esset,</strong></span> <span class='ocrx_word' id='word_1_573' title='bbox 2653 3606 3003 3662; x_wconf 87' lang='lat' dir='ltr'><strong>acceleraret.</strong></span> <span class='ocrx_word' id='word_1_574' title='bbox 3046 3608 3170 3663; x_wconf 83' lang='lat' dir='ltr'><strong>Dies</strong></span> <span class='ocrx_word' id='word_1_575' title='bbox 3221 3620 3395 3664; x_wconf 85' lang='lat' dir='ltr'><strong>autem</strong></span> <span class='ocrx_word' id='word_1_576' title='bbox 3439 3611 3651 3666; x_wconf 83' lang='lat' dir='ltr'><strong>ultionis</strong></span> <span class='ocrx_word' id='word_1_577' title='bbox 3709 3612 3779 3665; x_wconf 82' lang='lat' dir='ltr'><strong>hi</strong></span> 
     </span>
    </p>
   </div>
   <div class='ocr_carea' id='block_1_82' title="bbox 2178 3696 3773 3772">
    <p class='ocr_par' dir='ltr' id='par_1_82' title="bbox 2178 3696 3773 3772">
     <span class='ocr_line' id='line_1_82' title="bbox 2178 3696 3773 3772; baseline 0.003 -21"><span class='ocrx_word' id='word_1_578' title='bbox 2178 3706 2319 3763; x_wconf 86' lang='lat' dir='ltr'><strong>sunt,</strong></span> <span class='ocrx_word' id='word_1_579' title='bbox 2344 3696 2609 3753; x_wconf 91' lang='lat' dir='ltr'><strong>Dominici</strong></span> <span class='ocrx_word' id='word_1_580' title='bbox 2629 3698 2880 3754; x_wconf 88' lang='lat' dir='ltr'><strong>videlicet</strong></span> <span class='ocrx_word' id='word_1_581' title='bbox 2908 3700 3185 3771; x_wconf 85' lang='lat' dir='ltr'><strong>sanguinis</strong></span> <span class='ocrx_word' id='word_1_582' title='bbox 3210 3701 3469 3757; x_wconf 88' lang='lat' dir='ltr'><strong>ultionem</strong></span> <span class='ocrx_word' id='word_1_583' title='bbox 3492 3710 3773 3772; x_wconf 86' lang='lat' dir='ltr'><strong>petentes.</strong></span> 
     </span>
    </p>
   </div>
   <div class='ocr_carea' id='block_1_83' title="bbox 2264 3786 3777 3859">
    <p class='ocr_par' dir='ltr' id='par_1_83' title="bbox 2264 3786 3777 3859">
     <span class='ocr_line' id='line_1_83' title="bbox 2264 3786 3777 3859; baseline 0.007 -22"><span class='ocrx_word' id='word_1_584' title='bbox 2264 3786 2349 3841; x_wconf 77' lang='grc' dir='ltr'><strong>νιε</strong></span> <span class='ocrx_word' id='word_1_585' title='bbox 2378 3796 2553 3841; x_wconf 88' lang='lat' dir='ltr'><strong>autem</strong></span> <span class='ocrx_word' id='word_1_586' title='bbox 2608 3790 2999 3859; x_wconf 80' lang='lat' dir='ltr'><strong>prcegnantibus</strong></span> <span class='ocrx_word' id='word_1_587' title='bbox 3041 3802 3087 3844; x_wconf 86' lang='lat' dir='ltr'><strong>et</strong></span> <span class='ocrx_word' id='word_1_588' title='bbox 3143 3791 3491 3847; x_wconf 86' lang='lat' dir='ltr'><strong>nutrientibus</strong></span> <span class='ocrx_word' id='word_1_589' title='bbox 3544 3794 3596 3845; x_wconf 89' lang='lat' dir='ltr'><strong>in</strong></span> <span class='ocrx_word' id='word_1_590' title='bbox 3655 3792 3777 3847; x_wconf 76' lang='lat' dir='ltr'><strong>illis</strong></span> 
     </span>
    </p>
   </div>
   <div class='ocr_carea' id='block_1_84' title="bbox 2175 3879 3781 3957">
    <p class='ocr_par' dir='ltr' id='par_1_84' title="bbox 2175 3879 3781 3957">
     <span class='ocr_line' id='line_1_84' title="bbox 2175 3879 3781 3957; baseline 0.006 -25"><span class='ocrx_word' id='word_1_591' title='bbox 2175 3879 2375 3933; x_wconf 86' lang='lat' dir='ltr'><strong>diebus.</strong></span> <span class='ocrx_word' id='word_1_592' title='bbox 2432 3879 2524 3934; x_wconf 76' lang='lat' dir='ltr'><strong>Va:</strong></span> <span class='ocrx_word' id='word_1_593' title='bbox 2575 3890 2840 3949; x_wconf 78' lang='lat' dir='ltr'><strong>praesente</strong></span> <span class='ocrx_word' id='word_1_594' title='bbox 2880 3882 3191 3951; x_wconf 85' lang='lat' dir='ltr'><strong>captivitate</strong></span> <span class='ocrx_word' id='word_1_595' title='bbox 3254 3885 3653 3955; x_wconf 54' lang='lat' dir='ltr'><strong>praegnantibus</strong></span> <span class='ocrx_word' id='word_1_596' title='bbox 3708 3896 3781 3957; x_wconf 77' lang='lat' dir='ltr'><strong>et</strong></span> 
     </span>
    </p>
   </div>
   <div class='ocr_carea' id='block_1_85' title="bbox 2176 3970 3774 4053">
    <p class='ocr_par' dir='ltr' id='par_1_85' title="bbox 2176 3970 3774 4053">
     <span class='ocr_line' id='line_1_85' title="bbox 2176 3970 3774 4053; baseline 0.006 -29"><span class='ocrx_word' id='word_1_597' title='bbox 2176 3970 2538 4053; x_wconf 79' lang='lat' dir='ltr'><strong>nutrientibus</strong></span> <span class='ocrx_word' id='word_1_598' title='bbox 2588 3972 2701 4027; x_wconf 85' lang='lat' dir='ltr'><strong>sive</strong></span> <span class='ocrx_word' id='word_1_599' title='bbox 2748 3977 3191 4041; x_wconf 88' lang='lat' dir='ltr'><strong>mammantibus,</strong></span> <span class='ocrx_word' id='word_1_600' title='bbox 3230 3984 3291 4030; x_wconf 85' lang='lat' dir='ltr'><strong>ut</strong></span> <span class='ocrx_word' id='word_1_601' title='bbox 3318 3977 3536 4047; x_wconf 88' lang='lat' dir='ltr'><strong>quidam</strong></span> <span class='ocrx_word' id='word_1_602' title='bbox 3584 3977 3774 4033; x_wconf 86' lang='lat' dir='ltr'><strong>inter—-</strong></span> 
     </span>
    </p>
   </div>
   <div class='ocr_carea' id='block_1_86' title="bbox 2172 4050 3776 4131">
    <p class='ocr_par' dir='ltr' id='par_1_86' title="bbox 2172 4050 3776 4131">
     <span class='ocr_line' id='line_1_86' title="bbox 2172 4050 3776 4131; baseline 0.005 -17"><span class='ocrx_word' id='word_1_603' title='bbox 2172 4050 2475 4130; x_wconf 74' lang='lat' dir='ltr'><strong>pretantur,</strong></span> <span class='ocrx_word' id='word_1_604' title='bbox 2525 4050 2754 4131; x_wconf 81' lang='lat' dir='ltr'><strong>quarum</strong></span> <span class='ocrx_word' id='word_1_605' title='bbox 2781 4064 2864 4118; x_wconf 88' lang='lat' dir='ltr'><strong>vel</strong></span> <span class='ocrx_word' id='word_1_606' title='bbox 2906 4066 3043 4119; x_wconf 89' lang='lat' dir='ltr'><strong>uteri</strong></span> <span class='ocrx_word' id='word_1_607' title='bbox 3081 4075 3135 4120; x_wconf 88' lang='lat' dir='ltr'><strong>et</strong></span> <span class='ocrx_word' id='word_1_608' title='bbox 3158 4081 3349 4121; x_wconf 86' lang='lat' dir='ltr'><strong>manus</strong></span> <span class='ocrx_word' id='word_1_609' title='bbox 3388 4067 3614 4121; x_wconf 82' lang='lat' dir='ltr'><strong>ﬁliorum</strong></span> <span class='ocrx_word' id='word_1_610' title='bbox 3642 4083 3776 4123; x_wconf 82' lang='lat' dir='ltr'><strong>sar-</strong></span> 
     </span>
    </p>
   </div>
   <div class='ocr_carea' id='block_1_87' title="bbox 2176 4150 3773 4221">
    <p class='ocr_par' dir='ltr' id='par_1_87' title="bbox 2176 4150 3773 4221">
     <span class='ocr_line' id='line_1_87' title="bbox 2176 4150 3773 4221; baseline 0.004 -18"><span class='ocrx_word' id='word_1_611' title='bbox 2176 4150 2311 4204; x_wconf 63' lang='lat' dir='ltr'><strong>cinae</strong></span> <span class='ocrx_word' id='word_1_612' title='bbox 2353 4161 2703 4221; x_wconf 83' lang='lat' dir='ltr'><strong>praegravatae</strong></span> <span class='ocrx_word' id='word_1_613' title='bbox 2727 4151 2863 4221; x_wconf 70' lang='lat' dir='ltr'><strong>lugze</strong></span> <span class='ocrx_word' id='word_1_614' title='bbox 2902 4156 3281 4210; x_wconf 69' lang='lat' dir='ltr'><strong>necessimtein</strong></span> <span class='ocrx_word' id='word_1_615' title='bbox 3342 4170 3449 4209; x_wconf 89' lang='lat' dir='ltr'><strong>non</strong></span> <span class='ocrx_word' id='word_1_616' title='bbox 3473 4156 3773 4217; x_wconf 78' lang='lat' dir='ltr'><strong>minimum</strong></span> 
     </span>
    </p>
   </div>
   <div class='ocr_carea' id='block_1_88' title="bbox 2177 4241 3769 4315">
    <p class='ocr_par' dir='ltr' id='par_1_88' title="bbox 2177 4241 3769 4315">
     <span class='ocr_line' id='line_1_88' title="bbox 2177 4241 3769 4315; baseline 0.004 -20"><span class='ocrx_word' id='word_1_617' title='bbox 2177 4241 2519 4313; x_wconf 85' lang='lat' dir='ltr'><strong>impediunt;</strong></span> <span class='ocrx_word' id='word_1_618' title='bbox 2576 4242 2691 4315; x_wconf 87' lang='lat' dir='ltr'><strong>lege</strong></span> <span class='ocrx_word' id='word_1_619' title='bbox 2732 4242 2939 4313; x_wconf 83' lang='lat' dir='ltr'><strong>Regum</strong></span> <span class='ocrx_word' id='word_1_620' title='bbox 2978 4245 3284 4311; x_wconf 85' lang='lat' dir='ltr'><strong>historiam,</strong></span> <span class='ocrx_word' id='word_1_621' title='bbox 3336 4244 3429 4300; x_wconf 90' lang='lat' dir='ltr'><strong>ubi</strong></span> <span class='ocrx_word' id='word_1_622' title='bbox 3484 4261 3619 4300; x_wconf 79' lang='lat' dir='ltr'><strong>uxor</strong></span> <span class='ocrx_word' id='word_1_623' title='bbox 3658 4243 3769 4301; x_wconf 76' lang='lat' dir='ltr'><strong>Jo-</strong></span> 
     </span>
    </p>
   </div>
   <div class='ocr_carea' id='block_1_89' title="bbox 2176 4332 3769 4409">
    <p class='ocr_par' dir='ltr' id='par_1_89' title="bbox 2176 4332 3769 4409">
     <span class='ocr_line' id='line_1_89' title="bbox 2176 4332 3769 4409; baseline 0.003 -21"><span class='ocrx_word' id='word_1_624' title='bbox 2176 4334 2354 4388; x_wconf 75' lang='lat' dir='ltr'><strong>nathte</strong></span> <span class='ocrx_word' id='word_1_625' title='bbox 2406 4332 2608 4388; x_wconf 90' lang='lat' dir='ltr'><strong>malum</strong></span> <span class='ocrx_word' id='word_1_626' title='bbox 2675 4336 3007 4405; x_wconf 88' lang='lat' dir='ltr'><strong>captivitatis</strong></span> <span class='ocrx_word' id='word_1_627' title='bbox 3052 4352 3284 4409; x_wconf 86' lang='lat' dir='ltr'><strong>propera</strong></span> <span class='ocrx_word' id='word_1_628' title='bbox 3334 4336 3458 4406; x_wconf 86' lang='lat' dir='ltr'><strong>fuga</strong></span> <span class='ocrx_word' id='word_1_629' title='bbox 3514 4336 3769 4405; x_wconf 82' lang='lat' dir='ltr'><strong>vitando,</strong></span> 
     </span>
    </p>
   </div>
   <div class='ocr_carea' id='block_1_90' title="bbox 2174 4423 3687 4498">
    <p class='ocr_par' dir='ltr' id='par_1_90' title="bbox 2174 4423 3687 4498">
     <span class='ocr_line' id='line_1_90' title="bbox 2174 4423 3687 4498; baseline 0.003 -21"><span class='ocrx_word' id='word_1_630' title='bbox 2174 4423 2326 4495; x_wconf 90' lang='lat' dir='ltr'><strong>lapso</strong></span> <span class='ocrx_word' id='word_1_631' title='bbox 2355 4440 2453 4480; x_wconf 90' lang='lat' dir='ltr'><strong>suo</strong></span> <span class='ocrx_word' id='word_1_632' title='bbox 2492 4424 2618 4489; x_wconf 84' lang='lat' dir='ltr'><strong>lilio,</strong></span> <span class='ocrx_word' id='word_1_633' title='bbox 2656 4437 2917 4497; x_wconf 86' lang='lat' dir='ltr'><strong>perpetuo</strong></span> <span class='ocrx_word' id='word_1_634' title='bbox 2960 4427 3111 4484; x_wconf 87' lang='lat' dir='ltr'><strong>illum</strong></span> <span class='ocrx_word' id='word_1_635' title='bbox 3154 4429 3405 4485; x_wconf 90' lang='lat' dir='ltr'><strong>claudum</strong></span> <span class='ocrx_word' id='word_1_636' title='bbox 3452 4428 3687 4498; x_wconf 83' lang='lat' dir='ltr'><strong>recepit.</strong></span> 
     </span>
    </p>
   </div>
   <div class='ocr_carea' id='block_1_91' title="bbox 2247 4516 3773 4590">
    <p class='ocr_par' dir='ltr' id='par_1_91' title="bbox 2247 4516 3773 4590">
     <span class='ocr_line' id='line_1_91' title="bbox 2247 4516 3773 4590; baseline 0.001 -21"><span class='ocrx_word' id='word_1_637' title='bbox 2247 4516 2365 4569; x_wconf 86' lang='lat' dir='ltr'><strong>Erit</strong></span> <span class='ocrx_word' id='word_1_638' title='bbox 2387 4516 2523 4570; x_wconf 86' lang='lat' dir='ltr'><strong>enim</strong></span> <span class='ocrx_word' id='word_1_639' title='bbox 2544 4534 2761 4587; x_wconf 88' lang='lat' dir='ltr'><strong>presura</strong></span> <span class='ocrx_word' id='word_1_640' title='bbox 2818 4535 3011 4589; x_wconf 86' lang='lat' dir='ltr'><strong>magna</strong></span> <span class='ocrx_word' id='word_1_641' title='bbox 3055 4534 3211 4590; x_wconf 86' lang='lat' dir='ltr'><strong>super</strong></span> <span class='ocrx_word' id='word_1_642' title='bbox 3243 4528 3458 4587; x_wconf 80' lang='lat' dir='ltr'><strong>terram,</strong></span> <span class='ocrx_word' id='word_1_643' title='bbox 3489 4528 3537 4572; x_wconf 89' lang='lat' dir='ltr'><strong>et</strong></span> <span class='ocrx_word' id='word_1_644' title='bbox 3561 4520 3643 4571; x_wconf 85' lang='lat' dir='ltr'><strong>ira</strong></span> <span class='ocrx_word' id='word_1_645' title='bbox 3667 4534 3773 4587; x_wconf 79' lang='lat' dir='ltr'><strong>pc-</strong></span> 
     </span>
    </p>
   </div>
   <div class='ocr_carea' id='block_1_92' title="bbox 498 4582 3774 4687">
    <p class='ocr_par' dir='ltr' id='par_1_92' title="bbox 498 4582 3774 4687">
     <span class='ocr_line' id='line_1_92' title="bbox 498 4582 3774 4687; baseline 0.001 -27"><span class='ocrx_word' id='word_1_646' title='bbox 498 4607 759 4677; x_wconf 82' lang='lat' dir='ltr'><strong>Spiritum</strong></span> <span class='ocrx_word' id='word_1_647' title='bbox 781 4582 799 4586; x_wconf 49' lang='lat'><strong><em>—</em></strong></span> <span class='ocrx_word' id='word_1_648' title='bbox 820 4616 1085 4661; x_wconf 90' lang='lat' dir='ltr'><strong>sanctum.</strong></span> <span class='ocrx_word' id='word_1_649' title='bbox 1118 4582 1303 4660; x_wconf 21' lang='lat' dir='ltr'><strong>uTunc</strong></span> <span class='ocrx_word' id='word_1_650' title='bbox 1334 4582 1488 4660; x_wconf 46' lang='lat' dir='ltr'><strong>_vero</strong></span> <span class='ocrx_word' id='word_1_651' title='bbox 1518 4646 1531 4672; x_wconf 93' lang='lat'><strong>,</strong></span> <span class='ocrx_word' id='word_1_652' title='bbox 1586 4606 1641 4660; x_wconf 90' lang='lat' dir='ltr'><strong>id</strong></span> <span class='ocrx_word' id='word_1_653' title='bbox 1691 4614 1805 4671; x_wconf 82' lang='lat' dir='ltr'><strong>est,</strong></span> <span class='ocrx_word' id='word_1_654' title='bbox 1882 4582 2069 4660; x_wconf 71' lang='lat' dir='ltr'><strong>resur-</strong></span> <span class='ocrx_word' id='word_1_655' title='bbox 2098 4582 2150 4641; x_wconf 80' lang='lat' dir='ltr'><strong>D</strong></span> <span class='ocrx_word' id='word_1_656' title='bbox 2174 4606 2297 4677; x_wconf 89' lang='lat' dir='ltr'><strong>pulo</strong></span> <span class='ocrx_word' id='word_1_657' title='bbox 2341 4606 2483 4687; x_wconf 85' lang='lat' dir='ltr'><strong>huic.</strong></span> <span class='ocrx_word' id='word_1_658' title='bbox 2539 4582 2663 4662; x_wconf 65' lang='lat' dir='ltr'><strong>llaec</strong></span> <span class='ocrx_word' id='word_1_659' title='bbox 2701 4582 2956 4678; x_wconf 70' lang='lat' dir='ltr'><strong>pressura</strong></span> <span class='ocrx_word' id='word_1_660' title='bbox 3001 4618 3056 4663; x_wconf 92' lang='lat' dir='ltr'><strong>et</strong></span> <span class='ocrx_word' id='word_1_661' title='bbox 3106 4582 3185 4663; x_wconf 80' lang='lat' dir='ltr'><strong>ira</strong></span> <span class='ocrx_word' id='word_1_662' title='bbox 3215 4609 3412 4680; x_wconf 89' lang='lat' dir='ltr'><strong>populo</strong></span> <span class='ocrx_word' id='word_1_663' title='bbox 3443 4582 3537 4663; x_wconf 31' lang='lat' dir='ltr'><strong>villi</strong></span> <span class='ocrx_word' id='word_1_664' title='bbox 3582 4582 3774 4678; x_wconf 77' lang='lat' dir='ltr'><strong>usqite</strong></span> 
     </span>
    </p>
   </div>
   <div class='ocr_carea' id='block_1_93' title="bbox 497 4694 2073 4767">
    <p class='ocr_par' dir='ltr' id='par_1_93' title="bbox 497 4694 2073 4767">
     <span class='ocr_line' id='line_1_93' title="bbox 497 4694 2073 4767; baseline 0 -16"><span class='ocrx_word' id='word_1_665' title='bbox 497 4697 735 4751; x_wconf 85' lang='lat' dir='ltr'><strong>rectione</strong></span> <span class='ocrx_word' id='word_1_666' title='bbox 780 4711 993 4765; x_wconf 85' lang='lat' dir='ltr'><strong>semper</strong></span> <span class='ocrx_word' id='word_1_667' title='bbox 1044 4696 1283 4750; x_wconf 86' lang='lat' dir='ltr'><strong>manebit</strong></span> <span class='ocrx_word' id='word_1_668' title='bbox 1342 4696 1395 4749; x_wconf 91' lang='lat' dir='ltr'><strong>in</strong></span> <span class='ocrx_word' id='word_1_669' title='bbox 1438 4696 1657 4751; x_wconf 89' lang='lat' dir='ltr'><strong>sanctis.</strong></span> <span class='ocrx_word' id='word_1_670' title='bbox 1716 4694 1913 4767; x_wconf 86' lang='lat' dir='ltr'><strong>Surget</strong></span> <span class='ocrx_word' id='word_1_671' title='bbox 1953 4711 2073 4751; x_wconf 86' lang='lat' dir='ltr'><strong>cor—</strong></span> 
     </span>
    </p>
   </div>
   <div class='ocr_carea' id='block_1_94' title="bbox 498 4787 1997 4867">
    <p class='ocr_par' dir='ltr' id='par_1_94' title="bbox 498 4787 1997 4867">
     <span class='ocr_line' id='line_1_94' title="bbox 498 4787 1997 4867; baseline 0.001 -27"><span class='ocrx_word' id='word_1_672' title='bbox 498 4805 598 4867; x_wconf 82' lang='lat' dir='ltr'><strong>pus</strong></span> <span class='ocrx_word' id='word_1_673' title='bbox 644 4787 903 4858; x_wconf 88' lang='lat' dir='ltr'><strong>spiritale,</strong></span> <span class='ocrx_word' id='word_1_674' title='bbox 959 4789 1102 4858; x_wconf 86' lang='lat' dir='ltr'><strong>quod</strong></span> <span class='ocrx_word' id='word_1_675' title='bbox 1156 4788 1327 4859; x_wconf 90' lang='lat' dir='ltr'><strong>possit</strong></span> <span class='ocrx_word' id='word_1_676' title='bbox 1379 4789 1457 4841; x_wconf 88' lang='lat' dir='ltr'><strong>ire</strong></span> <span class='ocrx_word' id='word_1_677' title='bbox 1510 4788 1723 4843; x_wconf 86' lang='lat' dir='ltr'><strong>obviam</strong></span> <span class='ocrx_word' id='word_1_678' title='bbox 1762 4788 1997 4844; x_wconf 89' lang='lat' dir='ltr'><strong>Christo.</strong></span> 
     </span>
    </p>
   </div>
   <div class='ocr_carea' id='block_1_95' title="bbox 571 4875 2073 4947">
    <p class='ocr_par' dir='ltr' id='par_1_95' title="bbox 571 4875 2073 4947">
     <span class='ocr_line' id='line_1_95' title="bbox 571 4875 2073 4947; baseline 0.001 -14"><span class='ocrx_word' id='word_1_679' title='bbox 571 4879 720 4934; x_wconf 88' lang='lat' dir='ltr'><strong>Sicut</strong></span> <span class='ocrx_word' id='word_1_680' title='bbox 746 4879 1006 4947; x_wconf 89' lang='lat' dir='ltr'><strong>scriptum</strong></span> <span class='ocrx_word' id='word_1_681' title='bbox 1026 4886 1108 4932; x_wconf 92' lang='lat' dir='ltr'><strong>est</strong></span> <span class='ocrx_word' id='word_1_682' title='bbox 1131 4894 1144 4930; x_wconf 94' lang='lat'>:</span> <span class='ocrx_word' id='word_1_683' title='bbox 1170 4875 1366 4931; x_wconf 87' lang='lat' dir='ltr'><strong>Factus</strong></span> <span class='ocrx_word' id='word_1_684' title='bbox 1393 4887 1468 4931; x_wconf 87' lang='lat' dir='ltr'><strong>est</strong></span> <span class='ocrx_word' id='word_1_685' title='bbox 1497 4878 1695 4947; x_wconf 88' lang='lat' dir='ltr'><strong>primus</strong></span> <span class='ocrx_word' id='word_1_686' title='bbox 1730 4879 1882 4932; x_wconf 85' lang='lat' dir='ltr'><strong>homo</strong></span> <span class='ocrx_word' id='word_1_687' title='bbox 1904 4880 2073 4935; x_wconf 77' lang='lat' dir='ltr'><strong>Adam</strong></span> 
     </span>
    </p>
   </div>
   <div class='ocr_carea' id='block_1_96' title="bbox 438 4963 2073 5039">
    <p class='ocr_par' dir='ltr' id='par_1_96' title="bbox 438 4963 2073 5039">
     <span class='ocr_line' id='line_1_96' title="bbox 438 4963 2073 5039; baseline 0.001 -17"><span class='ocrx_word' id='word_1_688' title='bbox 438 4998 439 5001; x_wconf 58' lang='grc' dir='ltr'><strong>η</strong></span> <span class='ocrx_word' id='word_1_689' title='bbox 498 4963 553 5023; x_wconf 84' lang='lat' dir='ltr'><strong>in</strong></span> <span class='ocrx_word' id='word_1_690' title='bbox 588 4970 821 5022; x_wconf 89' lang='lat' dir='ltr'><strong>animam</strong></span> <span class='ocrx_word' id='word_1_691' title='bbox 852 4969 1120 5034; x_wconf 82' lang='lat' dir='ltr'><strong>viventem,</strong></span> <span class='ocrx_word' id='word_1_692' title='bbox 1157 4968 1463 5021; x_wconf 83' lang='lat' dir='ltr'><strong>novissimus</strong></span> <span class='ocrx_word' id='word_1_693' title='bbox 1507 4966 1678 5021; x_wconf 82' lang='lat' dir='ltr'><strong>Adam</strong></span> <span class='ocrx_word' id='word_1_694' title='bbox 1734 4969 1789 5021; x_wconf 90' lang='lat' dir='ltr'><strong>in</strong></span> <span class='ocrx_word' id='word_1_695' title='bbox 1829 4970 2073 5039; x_wconf 75' lang='lat' dir='ltr'><strong>spiritum</strong></span> 
     </span>
    </p>
   </div>
   <div class='ocr_carea' id='block_1_97' title="bbox 497 5058 2075 5129">
    <p class='ocr_par' dir='ltr' id='par_1_97' title="bbox 497 5058 2075 5129">
     <span class='ocr_line' id='line_1_97' title="bbox 497 5058 2075 5129; baseline -0.001 -14"><span class='ocrx_word' id='word_1_696' title='bbox 497 5059 865 5129; x_wconf 79' lang='lat' dir='ltr'><strong>viviﬁcantem.</strong></span> <span class='ocrx_word' id='word_1_697' title='bbox 894 5059 1197 5114; x_wconf 88' lang='lat' dir='ltr'><strong>Notandum</strong></span> <span class='ocrx_word' id='word_1_698' title='bbox 1226 5069 1328 5125; x_wconf 86' lang='lat' dir='ltr'><strong>est,</strong></span> <span class='ocrx_word' id='word_1_699' title='bbox 1361 5058 1504 5126; x_wconf 91' lang='lat' dir='ltr'><strong>quod</strong></span> <span class='ocrx_word' id='word_1_700' title='bbox 1554 5073 1677 5113; x_wconf 91' lang='lat' dir='ltr'><strong>cum</strong></span> <span class='ocrx_word' id='word_1_701' title='bbox 1724 5058 1858 5114; x_wconf 91' lang='lat' dir='ltr'><strong>duos</strong></span> <span class='ocrx_word' id='word_1_702' title='bbox 1902 5059 2075 5114; x_wconf 87' lang='lat' dir='ltr'><strong>Adam</strong></span> 
     </span>
    </p>
   </div>
   <div class='ocr_carea' id='block_1_98' title="bbox 498 5147 2075 5220">
    <p class='ocr_par' dir='ltr' id='par_1_98' title="bbox 498 5147 2075 5220">
     <span class='ocr_line' id='line_1_98' title="bbox 498 5147 2075 5220; baseline -0.001 -15"><span class='ocrx_word' id='word_1_703' title='bbox 498 5150 631 5207; x_wconf 86' lang='lat' dir='ltr'><strong>dicit</strong></span> <span class='ocrx_word' id='word_1_704' title='bbox 678 5151 917 5220; x_wconf 87' lang='lat' dir='ltr'><strong>ejusdem</strong></span> <span class='ocrx_word' id='word_1_705' title='bbox 961 5158 1167 5204; x_wconf 69' lang='lat' dir='ltr'><strong>naturae</strong></span> <span class='ocrx_word' id='word_1_706' title='bbox 1201 5160 1461 5219; x_wconf 90' lang='lat' dir='ltr'><strong>utrosque</strong></span> <span class='ocrx_word' id='word_1_707' title='bbox 1517 5149 1869 5203; x_wconf 90' lang='lat' dir='ltr'><strong>demonstrat.</strong></span> <span class='ocrx_word' id='word_1_708' title='bbox 1919 5147 2075 5215; x_wconf 86' lang='lat' dir='ltr'><strong>Quod</strong></span> 
     </span>
    </p>
   </div>
   <div class='ocr_carea' id='block_1_99' title="bbox 499 5237 2073 5309">
    <p class='ocr_par' dir='ltr' id='par_1_99' title="bbox 499 5237 2073 5309">
     <span class='ocr_line' id='line_1_99' title="bbox 499 5237 2073 5309; baseline -0.001 -14"><span class='ocrx_word' id='word_1_709' title='bbox 499 5248 690 5295; x_wconf 85' lang='lat' dir='ltr'><strong>contra</strong></span> <span class='ocrx_word' id='word_1_710' title='bbox 738 5240 1057 5295; x_wconf 82' lang='lat' dir='ltr'><strong>Manichaeos</strong></span> <span class='ocrx_word' id='word_1_711' title='bbox 1090 5249 1145 5294; x_wconf 89' lang='lat' dir='ltr'><strong>et</strong></span> <span class='ocrx_word' id='word_1_712' title='bbox 1177 5240 1601 5309; x_wconf 80' lang='lat' dir='ltr'><strong>Apollonaristas</strong></span> <span class='ocrx_word' id='word_1_713' title='bbox 1640 5237 1793 5305; x_wconf 77' lang='lat' dir='ltr'><strong>facit,</strong></span> <span class='ocrx_word' id='word_1_714' title='bbox 1851 5240 1942 5309; x_wconf 93' lang='lat' dir='ltr'><strong>qui</strong></span> <span class='ocrx_word' id='word_1_715' title='bbox 1973 5255 2073 5294; x_wconf 89' lang='lat' dir='ltr'><strong>ne-</strong></span> 
     </span>
    </p>
   </div>
   <div class='ocr_carea' id='block_1_100' title="bbox 496 5323 2119 5405">
    <p class='ocr_par' dir='ltr' id='par_1_100' title="bbox 496 5323 2119 5405">
     <span class='ocr_line' id='line_1_100' title="bbox 496 5323 2119 5405; baseline 0 -23"><span class='ocrx_word' id='word_1_716' title='bbox 496 5337 628 5401; x_wconf 84' lang='lat' dir='ltr'><strong>gant</strong></span> <span class='ocrx_word' id='word_1_717' title='bbox 675 5328 771 5383; x_wconf 90' lang='lat' dir='ltr'><strong>Dei</strong></span> <span class='ocrx_word' id='word_1_718' title='bbox 796 5329 959 5383; x_wconf 89' lang='lat' dir='ltr'><strong>verbo</strong></span> <span class='ocrx_word' id='word_1_719' title='bbox 988 5328 1281 5398; x_wconf 81' lang='lat' dir='ltr'><strong>perlectum</strong></span> <span class='ocrx_word' id='word_1_720' title='bbox 1311 5329 1581 5383; x_wconf 89' lang='lat' dir='ltr'><strong>hominem</strong></span> <span class='ocrx_word' id='word_1_721' title='bbox 1601 5343 1720 5384; x_wconf 90' lang='lat' dir='ltr'><strong>esse</strong></span> <span class='ocrx_word' id='word_1_722' title='bbox 1744 5323 2071 5398; x_wconf 83' lang='lat' dir='ltr'><strong>susceptum.</strong></span> <span class='ocrx_word' id='word_1_723' title='bbox 2112 5402 2119 5405; x_wconf 15' lang='grc' dir='ltr'><strong>Ἴ</strong></span> 
     </span>
    </p>
   </div>
   <div class='ocr_carea' id='block_1_101' title="bbox 498 5418 2075 5490">
    <p class='ocr_par' dir='ltr' id='par_1_101' title="bbox 498 5418 2075 5490">
     <span class='ocr_line' id='line_1_101' title="bbox 498 5418 2075 5490; baseline 0.001 -16"><span class='ocrx_word' id='word_1_724' title='bbox 498 5418 610 5475; x_wconf 87' lang='lat' dir='ltr'><strong>Sed</strong></span> <span class='ocrx_word' id='word_1_725' title='bbox 658 5434 764 5474; x_wconf 91' lang='lat' dir='ltr'><strong>non</strong></span> <span class='ocrx_word' id='word_1_726' title='bbox 810 5419 959 5489; x_wconf 88' lang='lat' dir='ltr'><strong>prius</strong></span> <span class='ocrx_word' id='word_1_727' title='bbox 987 5420 1127 5489; x_wconf 84' lang='lat' dir='ltr'><strong>quod</strong></span> <span class='ocrx_word' id='word_1_728' title='bbox 1152 5420 1393 5490; x_wconf 89' lang='lat' dir='ltr'><strong>spiritale</strong></span> <span class='ocrx_word' id='word_1_729' title='bbox 1416 5428 1520 5486; x_wconf 89' lang='lat' dir='ltr'><strong>est,</strong></span> <span class='ocrx_word' id='word_1_730' title='bbox 1561 5420 1653 5475; x_wconf 90' lang='lat' dir='ltr'><strong>sed</strong></span> <span class='ocrx_word' id='word_1_731' title='bbox 1684 5421 1825 5490; x_wconf 88' lang='lat' dir='ltr'><strong>quod</strong></span> <span class='ocrx_word' id='word_1_732' title='bbox 1844 5420 2075 5475; x_wconf 87' lang='lat' dir='ltr'><strong>animale</strong></span> 
     </span>
    </p>
   </div>
   <div class='ocr_carea' id='block_1_102' title="bbox 498 5508 1289 5579">
    <p class='ocr_par' dir='ltr' id='par_1_102' title="bbox 498 5508 1289 5579">
     <span class='ocr_line' id='line_1_102' title="bbox 498 5508 1289 5579; baseline 0 -16"><span class='ocrx_word' id='word_1_733' title='bbox 498 5518 605 5564; x_wconf 88' lang='lat' dir='ltr'><strong>est.</strong></span> <span class='ocrx_word' id='word_1_734' title='bbox 631 5508 834 5563; x_wconf 87' lang='lat' dir='ltr'><strong>Deinde</strong></span> <span class='ocrx_word' id='word_1_735' title='bbox 858 5508 1001 5579; x_wconf 87' lang='lat' dir='ltr'><strong>quod</strong></span> <span class='ocrx_word' id='word_1_736' title='bbox 1032 5510 1289 5579; x_wconf 86' lang='lat' dir='ltr'><strong>spiritale.</strong></span> 
     </span>
    </p>
   </div>
   <div class='ocr_carea' id='block_1_103' title="bbox 568 5597 2071 5667">
    <p class='ocr_par' dir='ltr' id='par_1_103' title="bbox 568 5597 2071 5667">
     <span class='ocr_line' id='line_1_103' title="bbox 568 5597 2071 5667; baseline 0.003 -15"><span class='ocrx_word' id='word_1_737' title='bbox 568 5597 786 5655; x_wconf 84' lang='lat' dir='ltr'><strong>Primus</strong></span> <span class='ocrx_word' id='word_1_738' title='bbox 818 5600 968 5654; x_wconf 87' lang='lat' dir='ltr'><strong>homo</strong></span> <span class='ocrx_word' id='word_1_739' title='bbox 992 5600 1055 5653; x_wconf 87' lang='lat' dir='ltr'><strong>de</strong></span> <span class='ocrx_word' id='word_1_740' title='bbox 1082 5610 1220 5653; x_wconf 85' lang='lat' dir='ltr'><strong>terra</strong></span> <span class='ocrx_word' id='word_1_741' title='bbox 1249 5612 1501 5667; x_wconf 87' lang='lat' dir='ltr'><strong>terrenus,</strong></span> <span class='ocrx_word' id='word_1_742' title='bbox 1524 5600 1782 5655; x_wconf 87' lang='lat' dir='ltr'><strong>secundus</strong></span> <span class='ocrx_word' id='word_1_743' title='bbox 1829 5601 1982 5655; x_wconf 80' lang='lat' dir='ltr'><strong>homo</strong></span> <span class='ocrx_word' id='word_1_744' title='bbox 2007 5601 2071 5657; x_wconf 87' lang='lat' dir='ltr'><strong>de</strong></span> 
     </span>
    </p>
   </div>
   <div class='ocr_carea' id='block_1_104' title="bbox 576 5782 3506 5857">
    <p class='ocr_par' dir='ltr' id='par_1_104' title="bbox 576 5782 3506 5857">
     <span class='ocr_line' id='line_1_104' title="bbox 576 5782 3506 5857; baseline -0 -20"><span class='ocrx_word' id='word_1_745' title='bbox 576 5790 599 5819; x_wconf 73' lang='grc'><strong><em>⁸</em></strong></span> <span class='ocrx_word' id='word_1_746' title='bbox 630 5784 744 5841; x_wconf 84' lang='lat' dir='ltr'><strong>Vid.</strong></span> <span class='ocrx_word' id='word_1_747' title='bbox 772 5784 993 5857; x_wconf 83' lang='lat' dir='ltr'><strong>Dionys.</strong></span> <span class='ocrx_word' id='word_1_748' title='bbox 1025 5784 1227 5841; x_wconf 85' lang='lat' dir='ltr'><strong>Petavii</strong></span> <span class='ocrx_word' id='word_1_749' title='bbox 1259 5784 1517 5852; x_wconf 80' lang='lat' dir='ltr'><strong>Dogmata</strong></span> <span class='ocrx_word' id='word_1_750' title='bbox 1545 5784 1780 5853; x_wconf 81' lang='lat' dir='ltr'><strong>thcolog.</strong></span> <span class='ocrx_word' id='word_1_751' title='bbox 1815 5794 1851 5838; x_wconf 92' lang='lat' dir='ltr'><strong>t.</strong></span> <span class='ocrx_word' id='word_1_752' title='bbox 1887 5783 1967 5846; x_wconf 87' lang='lat' dir='ltr'><strong>lll,</strong></span> <span class='ocrx_word' id='word_1_753' title='bbox 1993 5790 2150 5839; x_wconf 85' lang='lat' dir='ltr'><strong>tract.</strong></span> <span class='ocrx_word' id='word_1_754' title='bbox 2178 5783 2243 5839; x_wconf 90' lang='lat' dir='ltr'><strong>de</strong></span> <span class='ocrx_word' id='word_1_755' title='bbox 2263 5783 2500 5853; x_wconf 83' lang='lat' dir='ltr'><strong>Angelis,</strong></span> <span class='ocrx_word' id='word_1_756' title='bbox 2524 5785 2617 5841; x_wconf 89' lang='lat' dir='ltr'><strong>lib.</strong></span> <span class='ocrx_word' id='word_1_757' title='bbox 2645 5800 2680 5850; x_wconf 83' lang='grc' dir='ltr'><em>ι,</em></span> <span class='ocrx_word' id='word_1_758' title='bbox 2712 5800 2829 5854; x_wconf 87' lang='lat' dir='ltr'><strong>cap.</strong></span> <span class='ocrx_word' id='word_1_759' title='bbox 2851 5785 2906 5848; x_wconf 75' lang='grc'><em>2,</em></span> <span class='ocrx_word' id='word_1_760' title='bbox 2932 5799 2986 5854; x_wconf 91' lang='lat' dir='ltr'><strong>p.</strong></span> <span class='ocrx_word' id='word_1_761' title='bbox 3013 5786 3065 5849; x_wconf 82' lang='lat'><strong>&#39;5,</strong></span> <span class='ocrx_word' id='word_1_762' title='bbox 3091 5784 3219 5839; x_wconf 87' lang='lat' dir='ltr'><strong>edit.</strong></span> <span class='ocrx_word' id='word_1_763' title='bbox 3246 5782 3506 5853; x_wconf 80' lang='lat' dir='ltr'><strong>Antuerp.</strong></span> 
     </span>
    </p>
   </div>
   <div class='ocr_carea' id='block_1_105' title="bbox 2173 4698 3772 4770">
    <p class='ocr_par' dir='ltr' id='par_1_105' title="bbox 2173 4698 3772 4770">
     <span class='ocr_line' id='line_1_105' title="bbox 2173 4698 3772 4770; baseline 0.002 -19"><span class='ocrx_word' id='word_1_764' title='bbox 2173 4698 2333 4751; x_wconf 91' lang='lat' dir='ltr'><strong>hodie</strong></span> <span class='ocrx_word' id='word_1_765' title='bbox 2369 4712 2467 4767; x_wconf 90' lang='lat' dir='ltr'><strong>per</strong></span> <span class='ocrx_word' id='word_1_766' title='bbox 2514 4712 2701 4753; x_wconf 91' lang='lat' dir='ltr'><strong>omnes</strong></span> <span class='ocrx_word' id='word_1_767' title='bbox 2753 4708 2942 4769; x_wconf 85' lang='lat' dir='ltr'><strong>gentes</strong></span> <span class='ocrx_word' id='word_1_768' title='bbox 2979 4700 3224 4770; x_wconf 89' lang='lat' dir='ltr'><strong>disperso</strong></span> <span class='ocrx_word' id='word_1_769' title='bbox 3260 4699 3533 4755; x_wconf 86' lang='lat' dir='ltr'><strong>individua</strong></span> <span class='ocrx_word' id='word_1_770' title='bbox 3572 4712 3772 4754; x_wconf 80' lang='lat' dir='ltr'><strong>comes</strong></span> 
     </span>
    </p>
   </div>
   <div class='ocr_carea' id='block_1_106' title="bbox 2178 4787 3769 4852">
    <p class='ocr_par' dir='ltr' id='par_1_106' title="bbox 2178 4787 3769 4852">
     <span class='ocr_line' id='line_1_106' title="bbox 2178 4787 3769 4852; baseline 0.001 -11"><span class='ocrx_word' id='word_1_771' title='bbox 2178 4787 2436 4852; x_wconf 58' lang='lat' dir='ltr'><strong>adhaeret,</strong></span> <span class='ocrx_word' id='word_1_772' title='bbox 2492 4802 2601 4842; x_wconf 90' lang='lat' dir='ltr'><strong>non</strong></span> <span class='ocrx_word' id='word_1_773' title='bbox 2664 4795 2846 4843; x_wconf 89' lang='lat' dir='ltr'><strong>tamen</strong></span> <span class='ocrx_word' id='word_1_774' title='bbox 2906 4789 2961 4843; x_wconf 90' lang='lat' dir='ltr'><strong>in</strong></span> <span class='ocrx_word' id='word_1_775' title='bbox 3006 4798 3268 4844; x_wconf 76' lang='lat' dir='ltr'><strong>teternum</strong></span> <span class='ocrx_word' id='word_1_776' title='bbox 3310 4788 3589 4843; x_wconf 66' lang='lat' dir='ltr'><strong>adhaesum</strong></span> <span class='ocrx_word' id='word_1_777' title='bbox 3632 4800 3769 4842; x_wconf 81' lang='lat' dir='ltr'><strong>cre-</strong></span> 
     </span>
    </p>
   </div>
   <div class='ocr_carea' id='block_1_107' title="bbox 2177 4860 3771 4950">
    <p class='ocr_par' dir='ltr' id='par_1_107' title="bbox 2177 4860 3771 4950">
     <span class='ocr_line' id='line_1_107' title="bbox 2177 4860 3771 4950; baseline -0.001 -18"><span class='ocrx_word' id='word_1_778' title='bbox 2177 4876 2352 4932; x_wconf 90' lang='lat' dir='ltr'><strong>denda</strong></span> <span class='ocrx_word' id='word_1_779' title='bbox 2379 4885 2463 4931; x_wconf 90' lang='lat' dir='ltr'><strong>est</strong></span> <span class='ocrx_word' id='word_1_780' title='bbox 2490 4895 2502 4930; x_wconf 92' lang='lat'>:</span> <span class='ocrx_word' id='word_1_781' title='bbox 2530 4892 2655 4931; x_wconf 90' lang='lat' dir='ltr'><strong>nam</strong></span> <span class='ocrx_word' id='word_1_782' title='bbox 2678 4888 2965 4949; x_wconf 90' lang='lat' dir='ltr'><strong>postquam</strong></span> <span class='ocrx_word' id='word_1_783' title='bbox 2987 4860 3236 4933; x_wconf 80' lang='lat' dir='ltr'><strong>ordinem</strong></span> <span class='ocrx_word' id='word_1_784' title='bbox 3259 4876 3498 4950; x_wconf 81' lang='lat' dir='ltr'><strong>ejusdem</strong></span> <span class='ocrx_word' id='word_1_785' title='bbox 3527 4889 3771 4946; x_wconf 80' lang='lat' dir='ltr'><strong>pressu-</strong></span> 
     </span>
    </p>
   </div>
   <div class='ocr_carea' id='block_1_108' title="bbox 2175 4966 3266 5036">
    <p class='ocr_par' dir='ltr' id='par_1_108' title="bbox 2175 4966 3266 5036">
     <span class='ocr_line' id='line_1_108' title="bbox 2175 4966 3266 5036; baseline 0.004 -16"><span class='ocrx_word' id='word_1_786' title='bbox 2175 4981 2250 5021; x_wconf 71' lang='lat' dir='ltr'><strong>rae</strong></span> <span class='ocrx_word' id='word_1_787' title='bbox 2278 4966 2483 5021; x_wconf 70' lang='lat' dir='ltr'><strong>velira:</strong></span> <span class='ocrx_word' id='word_1_788' title='bbox 2514 4968 2771 5023; x_wconf 88' lang='lat' dir='ltr'><strong>Dominus</strong></span> <span class='ocrx_word' id='word_1_789' title='bbox 2800 4968 3037 5023; x_wconf 86' lang='lat' dir='ltr'><strong>ostendit</strong></span> <span class='ocrx_word' id='word_1_790' title='bbox 3064 4969 3266 5036; x_wconf 86' lang='lat' dir='ltr'><strong>dicens,</strong></span> 
     </span>
    </p>
   </div>
   <div class='ocr_carea' id='block_1_109' title="bbox 2248 5058 3771 5131">
    <p class='ocr_par' dir='ltr' id='par_1_109' title="bbox 2248 5058 3771 5131">
     <span class='ocr_line' id='line_1_109' title="bbox 2248 5058 3771 5131; baseline 0.003 -20"><span class='ocrx_word' id='word_1_791' title='bbox 2248 5058 2318 5111; x_wconf 91' lang='lat' dir='ltr'><strong>Et</strong></span> <span class='ocrx_word' id='word_1_792' title='bbox 2360 5059 2544 5112; x_wconf 80' lang='lat' dir='ltr'><strong>cadent</strong></span> <span class='ocrx_word' id='word_1_793' title='bbox 2591 5059 2647 5113; x_wconf 89' lang='lat' dir='ltr'><strong>in</strong></span> <span class='ocrx_word' id='word_1_794' title='bbox 2693 5076 2780 5114; x_wconf 90' lang='lat' dir='ltr'><strong>ore</strong></span> <span class='ocrx_word' id='word_1_795' title='bbox 2822 5059 3004 5130; x_wconf 86' lang='lat' dir='ltr'><strong>gladii,</strong></span> <span class='ocrx_word' id='word_1_796' title='bbox 3043 5070 3089 5115; x_wconf 88' lang='lat' dir='ltr'><strong>et</strong></span> <span class='ocrx_word' id='word_1_797' title='bbox 3148 5061 3340 5131; x_wconf 82' lang='lat' dir='ltr'><strong>captivi</strong></span> <span class='ocrx_word' id='word_1_798' title='bbox 3384 5060 3641 5113; x_wconf 84' lang='lat' dir='ltr'><strong>ducentur</strong></span> <span class='ocrx_word' id='word_1_799' title='bbox 3705 5061 3771 5115; x_wconf 68' lang='lat' dir='ltr'><strong>in</strong></span> 
     </span>
    </p>
   </div>
   <div class='ocr_carea' id='block_1_110' title="bbox 2178 5151 3767 5222">
    <p class='ocr_par' dir='ltr' id='par_1_110' title="bbox 2178 5151 3767 5222">
     <span class='ocr_line' id='line_1_110' title="bbox 2178 5151 3767 5222; baseline 0.001 -17"><span class='ocrx_word' id='word_1_800' title='bbox 2178 5167 2352 5205; x_wconf 89' lang='lat' dir='ltr'><strong>omnes</strong></span> <span class='ocrx_word' id='word_1_801' title='bbox 2409 5162 2605 5222; x_wconf 86' lang='lat' dir='ltr'><strong>gentes,</strong></span> <span class='ocrx_word' id='word_1_802' title='bbox 2660 5161 2707 5206; x_wconf 85' lang='lat' dir='ltr'><strong>et</strong></span> <span class='ocrx_word' id='word_1_803' title='bbox 2754 5151 3052 5207; x_wconf 85' lang='lat' dir='ltr'><strong>Jerusalem</strong></span> <span class='ocrx_word' id='word_1_804' title='bbox 3092 5152 3383 5207; x_wconf 87' lang='lat' dir='ltr'><strong>calcabitur</strong></span> <span class='ocrx_word' id='word_1_805' title='bbox 3424 5168 3457 5205; x_wconf 78' lang='grc' dir='ltr'><em>α</em></span> <span class='ocrx_word' id='word_1_806' title='bbox 3495 5152 3767 5222; x_wconf 80' lang='lat' dir='ltr'><strong>gentibus,</strong></span> 
     </span>
    </p>
   </div>
   <div class='ocr_carea' id='block_1_111' title="bbox 2174 5237 3783 5314">
    <p class='ocr_par' dir='ltr' id='par_1_111' title="bbox 2174 5237 3783 5314">
     <span class='ocr_line' id='line_1_111' title="bbox 2174 5237 3783 5314; baseline 0.002 -18"><span class='ocrx_word' id='word_1_807' title='bbox 2174 5242 2420 5313; x_wconf 88' lang='lat' dir='ltr'><strong>protinus</strong></span> <span class='ocrx_word' id='word_1_808' title='bbox 2456 5237 2611 5312; x_wconf 74' lang='lat' dir='ltr'><strong>juxta</strong></span> <span class='ocrx_word' id='word_1_809' title='bbox 2656 5242 3022 5313; x_wconf 88' lang='lat' dir='ltr'><strong>Prophetlam,</strong></span> <span class='ocrx_word' id='word_1_810' title='bbox 3059 5260 3178 5314; x_wconf 72' lang='lat' dir='ltr'><strong>qua:</strong></span> <span class='ocrx_word' id='word_1_811' title='bbox 3215 5245 3380 5309; x_wconf 87' lang='lat' dir='ltr'><strong>canit,</strong></span> <span class='ocrx_word' id='word_1_812' title='bbox 3408 5245 3463 5297; x_wconf 87' lang='lat' dir='ltr'><strong>in</strong></span> <span class='ocrx_word' id='word_1_813' title='bbox 3496 5243 3579 5296; x_wconf 88' lang='lat' dir='ltr'><strong>ira</strong></span> <span class='ocrx_word' id='word_1_814' title='bbox 3608 5244 3783 5299; x_wconf 78' lang='lat' dir='ltr'><strong>mise-</strong></span> 
     </span>
    </p>
   </div>
   <div class='ocr_carea' id='block_1_112' title="bbox 2178 5332 3447 5403">
    <p class='ocr_par' dir='ltr' id='par_1_112' title="bbox 2178 5332 3447 5403">
     <span class='ocr_line' id='line_1_112' title="bbox 2178 5332 3447 5403; baseline 0.001 -18"><span class='ocrx_word' id='word_1_815' title='bbox 2178 5332 2417 5385; x_wconf 71' lang='lat' dir='ltr'><strong>ricordiae</strong></span> <span class='ocrx_word' id='word_1_816' title='bbox 2438 5348 2637 5386; x_wconf 88' lang='lat' dir='ltr'><strong>memor</strong></span> <span class='ocrx_word' id='word_1_817' title='bbox 2670 5332 2794 5398; x_wconf 84' lang='lat' dir='ltr'><strong>eris,</strong></span> <span class='ocrx_word' id='word_1_818' title='bbox 2824 5334 3121 5401; x_wconf 79' lang='lat' dir='ltr'><strong>subjunxit,</strong></span> <span class='ocrx_word' id='word_1_819' title='bbox 3146 5342 3308 5403; x_wconf 85' lang='lat' dir='ltr'><strong>atque</strong></span> <span class='ocrx_word' id='word_1_820' title='bbox 3328 5334 3409 5387; x_wconf 86' lang='lat' dir='ltr'><strong>ait</strong></span> <span class='ocrx_word' id='word_1_821' title='bbox 3433 5350 3447 5387; x_wconf 90' lang='lat'>:</span> 
     </span>
    </p>
   </div>
   <div class='ocr_carea' id='block_1_113' title="bbox 2257 5420 3770 5493">
    <p class='ocr_par' dir='ltr' id='par_1_113' title="bbox 2257 5420 3770 5493">
     <span class='ocr_line' id='line_1_113' title="bbox 2257 5420 3770 5493; baseline 0.004 -20"><span class='ocrx_word' id='word_1_822' title='bbox 2257 5420 2425 5473; x_wconf 86' lang='lat' dir='ltr'><strong>Donec</strong></span> <span class='ocrx_word' id='word_1_823' title='bbox 2489 5421 2802 5490; x_wconf 86' lang='lat' dir='ltr'><strong>impleantur</strong></span> <span class='ocrx_word' id='word_1_824' title='bbox 2851 5433 3082 5493; x_wconf 87' lang='lat' dir='ltr'><strong>tempora</strong></span> <span class='ocrx_word' id='word_1_825' title='bbox 3129 5425 3418 5477; x_wconf 83' lang='lat' dir='ltr'><strong>nationum.</strong></span> <span class='ocrx_word' id='word_1_826' title='bbox 3488 5423 3770 5493; x_wconf 75' lang='lat' dir='ltr'><strong>Tempora</strong></span> 
     </span>
    </p>
   </div>
   <div class='ocr_carea' id='block_1_114' title="bbox 2179 5511 3775 5584">
    <p class='ocr_par' dir='ltr' id='par_1_114' title="bbox 2179 5511 3775 5584">
     <span class='ocr_line' id='line_1_114' title="bbox 2179 5511 3775 5584; baseline 0.003 -21"><span class='ocrx_word' id='word_1_827' title='bbox 2179 5511 2375 5580; x_wconf 90' lang='lat' dir='ltr'><strong>quippe</strong></span> <span class='ocrx_word' id='word_1_828' title='bbox 2409 5511 2687 5565; x_wconf 86' lang='lat' dir='ltr'><strong>nationum</strong></span> <span class='ocrx_word' id='word_1_829' title='bbox 2720 5512 2810 5565; x_wconf 84' lang='lat' dir='ltr'><strong>illa</strong></span> <span class='ocrx_word' id='word_1_830' title='bbox 2858 5523 3003 5577; x_wconf 88' lang='lat' dir='ltr'><strong>sunt,</strong></span> <span class='ocrx_word' id='word_1_831' title='bbox 3053 5529 3172 5582; x_wconf 73' lang='lat' dir='ltr'><strong>quae</strong></span> <span class='ocrx_word' id='word_1_832' title='bbox 3205 5522 3597 5568; x_wconf 89' lang='lat' dir='ltr'><strong>commemorat</strong></span> <span class='ocrx_word' id='word_1_833' title='bbox 3621 5514 3775 5584; x_wconf 79' lang='lat' dir='ltr'><strong>Apo-</strong></span> 
     </span>
    </p>
   </div>
   <div class='ocr_carea' id='block_1_115' title="bbox 2176 5600 3775 5673">
    <p class='ocr_par' dir='ltr' id='par_1_115' title="bbox 2176 5600 3775 5673">
     <span class='ocr_line' id='line_1_115' title="bbox 2176 5600 3775 5673; baseline 0.002 -18"><span class='ocrx_word' id='word_1_834' title='bbox 2176 5600 2347 5657; x_wconf 87' lang='lat' dir='ltr'><strong>stolus</strong></span> <span class='ocrx_word' id='word_1_835' title='bbox 2397 5600 2599 5667; x_wconf 88' lang='lat' dir='ltr'><strong>dicens,</strong></span> <span class='ocrx_word' id='word_1_836' title='bbox 2652 5602 2777 5672; x_wconf 87' lang='lat' dir='ltr'><strong>quia</strong></span> <span class='ocrx_word' id='word_1_837' title='bbox 2832 5605 3037 5657; x_wconf 81' lang='lat' dir='ltr'><strong>cwcitas</strong></span> <span class='ocrx_word' id='word_1_838' title='bbox 3085 5618 3149 5657; x_wconf 78' lang='lat' dir='ltr'><strong>ea:</strong></span> <span class='ocrx_word' id='word_1_839' title='bbox 3208 5613 3357 5673; x_wconf 84' lang='lat' dir='ltr'><strong>parte</strong></span> <span class='ocrx_word' id='word_1_840' title='bbox 3398 5602 3547 5672; x_wconf 76' lang='lat' dir='ltr'><strong>facta</strong></span> <span class='ocrx_word' id='word_1_841' title='bbox 3595 5606 3775 5658; x_wconf 79' lang='lat' dir='ltr'><strong>estin</strong></span> 
     </span>
    </p>
   </div>
   <div class='ocr_carea' id='block_1_116' title="bbox 3599 5784 3768 5841">
    <p class='ocr_par' dir='ltr' id='par_1_116' title="bbox 3599 5784 3768 5841">
     <span class='ocr_line' id='line_1_116' title="bbox 3599 5784 3768 5841; baseline 0.006 -3"><span class='ocrx_word' id='word_1_842' title='bbox 3599 5784 3768 5841; x_wconf 73' lang='lat' dir='ltr'><strong>Eutr.</strong></span> 
     </span>
    </p>
   </div>
  </div>
