  <div class='ocr_page' id='page_1' title='image "/cluster/home/n/w/nwhite01/storage/ocr_20150623/110/uva.x000827066/214.png"; bbox 0 0 3960 6332; ppageno 0'>
   <div class='ocr_carea' id='block_1_1' title="bbox 185 404 289 462">
    <p class='ocr_par' dir='ltr' id='par_1_1' title="bbox 185 404 289 462">
     <span class='ocr_line' id='line_1_1' title="bbox 185 404 289 462; baseline -0.019 -1"><span class='ocrx_word' id='word_1_1' title='bbox 185 404 289 462; x_wconf 68' lang='lat' dir='ltr'><strong>M3</strong></span> 
     </span>
    </p>
   </div>
   <div class='ocr_carea' id='block_1_2' title="bbox 1256 400 2346 461">
    <p class='ocr_par' dir='ltr' id='par_1_2' title="bbox 1256 400 2346 461">
     <span class='ocr_line' id='line_1_2' title="bbox 1256 400 2346 461; baseline 0.003 -4"><span class='ocrx_word' id='word_1_2' title='bbox 1256 401 1560 460; x_wconf 70' lang='lat' dir='ltr'><strong>HOMILLE</strong></span> <span class='ocrx_word' id='word_1_3' title='bbox 1603 401 1669 457; x_wconf 78' lang='lat' dir='ltr'><strong>IN</strong></span> <span class='ocrx_word' id='word_1_4' title='bbox 1708 400 1961 461; x_wconf 73' lang='lat' dir='ltr'><strong>EVANG.</strong></span> <span class='ocrx_word' id='word_1_5' title='bbox 2002 404 2090 459; x_wconf 85' lang='lat' dir='ltr'><strong>ET</strong></span> <span class='ocrx_word' id='word_1_6' title='bbox 2130 404 2346 460; x_wconf 82' lang='lat' dir='ltr'><strong>EPIST.</strong></span> 
     </span>
    </p>
   </div>
   <div class='ocr_carea' id='block_1_3' title="bbox 3356 402 3462 458">
    <p class='ocr_par' dir='ltr' id='par_1_3' title="bbox 3356 402 3462 458">
     <span class='ocr_line' id='line_1_3' title="bbox 3356 402 3462 458; baseline 0.009 -1"><span class='ocrx_word' id='word_1_7' title='bbox 3356 402 3462 458; x_wconf 68' lang='grc' dir='ltr'><strong>ιη</strong></span> 
     </span>
    </p>
   </div>
   <div class='ocr_carea' id='block_1_4' title="bbox 189 512 3461 587">
    <p class='ocr_par' dir='ltr' id='par_1_4' title="bbox 189 512 3461 587">
     <span class='ocr_line' id='line_1_4' title="bbox 189 512 3461 587; baseline -0.001 -14"><span class='ocrx_word' id='word_1_8' title='bbox 189 515 361 573; x_wconf 82' lang='lat' dir='ltr'><strong>Israel</strong></span> <span class='ocrx_word' id='word_1_9' title='bbox 384 515 548 569; x_wconf 86' lang='lat' dir='ltr'><strong>donec</strong></span> <span class='ocrx_word' id='word_1_10' title='bbox 587 514 858 585; x_wconf 80' lang='lat' dir='ltr'><strong>plenitudo</strong></span> <span class='ocrx_word' id='word_1_11' title='bbox 887 512 1119 584; x_wconf 85' lang='lat' dir='ltr'><strong>gentium</strong></span> <span class='ocrx_word' id='word_1_12' title='bbox 1152 512 1386 568; x_wconf 75' lang='lat' dir='ltr'><strong>introiret</strong></span> <span class='ocrx_word' id='word_1_13' title='bbox 1415 524 1463 567; x_wconf 88' lang='lat' dir='ltr'><strong>et</strong></span> <span class='ocrx_word' id='word_1_14' title='bbox 1510 531 1584 568; x_wconf 76' lang='lat' dir='ltr'><strong>sic</strong></span> <span class='ocrx_word' id='word_1_15' title='bbox 1611 517 1780 570; x_wconf 88' lang='lat' dir='ltr'><strong>omnis</strong></span> <span class='ocrx_word' id='word_1_16' title='bbox 1808 521 1857 580; x_wconf 80' lang='grc' dir='ltr'><strong>Α</strong></span> <span class='ocrx_word' id='word_1_17' title='bbox 1884 528 2187 573; x_wconf 90' lang='lat' dir='ltr'><strong>marcescet</strong></span> <span class='ocrx_word' id='word_1_18' title='bbox 2208 557 2224 584; x_wconf 93' lang='lat'><strong>,</strong></span> <span class='ocrx_word' id='word_1_19' title='bbox 2264 517 2389 586; x_wconf 84' lang='lat' dir='ltr'><strong>quia</strong></span> <span class='ocrx_word' id='word_1_20' title='bbox 2422 516 2554 571; x_wconf 76' lang='lat' dir='ltr'><strong>fides</strong></span> <span class='ocrx_word' id='word_1_21' title='bbox 2587 515 2707 572; x_wconf 84' lang='lat' dir='ltr'><strong>sine</strong></span> <span class='ocrx_word' id='word_1_22' title='bbox 2741 514 2994 587; x_wconf 84' lang='lat' dir='ltr'><strong>operibus</strong></span> <span class='ocrx_word' id='word_1_23' title='bbox 3030 522 3239 569; x_wconf 88' lang='lat' dir='ltr'><strong>mortua</strong></span> <span class='ocrx_word' id='word_1_24' title='bbox 3277 523 3361 570; x_wconf 89' lang='lat' dir='ltr'><strong>cst</strong></span> <span class='ocrx_word' id='word_1_25' title='bbox 3403 514 3461 571; x_wconf 86' lang='lat' dir='ltr'><strong>io</strong></span> 
     </span>
    </p>
   </div>
   <div class='ocr_carea' id='block_1_5' title="bbox 191 601 1776 673">
    <p class='ocr_par' dir='ltr' id='par_1_5' title="bbox 191 601 1776 673">
     <span class='ocr_line' id='line_1_5' title="bbox 191 601 1776 673; baseline -0.001 -11"><span class='ocrx_word' id='word_1_26' title='bbox 191 605 362 663; x_wconf 80' lang='lat' dir='ltr'><strong>Israel</strong></span> <span class='ocrx_word' id='word_1_27' title='bbox 407 604 586 660; x_wconf 75' lang='lat' dir='ltr'><strong>salvus</strong></span> <span class='ocrx_word' id='word_1_28' title='bbox 629 606 800 673; x_wconf 81' lang='lat' dir='ltr'><strong>ﬁeret,</strong></span> <span class='ocrx_word' id='word_1_29' title='bbox 856 604 1093 673; x_wconf 84' lang='lat' dir='ltr'><strong>quicum</strong></span> <span class='ocrx_word' id='word_1_30' title='bbox 1131 606 1396 671; x_wconf 85' lang='lat' dir='ltr'><strong>promissa</strong></span> <span class='ocrx_word' id='word_1_31' title='bbox 1451 601 1625 659; x_wconf 86' lang='lat' dir='ltr'><strong>salute</strong></span> <span class='ocrx_word' id='word_1_32' title='bbox 1659 606 1776 661; x_wconf 88' lang='lat' dir='ltr'><strong>l&#39;ue-</strong></span> 
     </span>
    </p>
   </div>
   <div class='ocr_carea' id='block_1_6' title="bbox 192 694 1773 771">
    <p class='ocr_par' dir='ltr' id='par_1_6' title="bbox 192 694 1773 771">
     <span class='ocr_line' id='line_1_6' title="bbox 192 694 1773 771; baseline -0.003 -17"><span class='ocrx_word' id='word_1_33' title='bbox 192 702 269 754; x_wconf 90' lang='lat' dir='ltr'><strong>rit</strong></span> <span class='ocrx_word' id='word_1_34' title='bbox 318 700 540 771; x_wconf 89' lang='lat' dir='ltr'><strong>potitus,</strong></span> <span class='ocrx_word' id='word_1_35' title='bbox 589 697 829 767; x_wconf 90' lang='lat' dir='ltr'><strong>patrium</strong></span> <span class='ocrx_word' id='word_1_36' title='bbox 873 710 1084 765; x_wconf 90' lang='lat' dir='ltr'><strong>quoque</strong></span> <span class='ocrx_word' id='word_1_37' title='bbox 1130 696 1404 750; x_wconf 85' lang='lat' dir='ltr'><strong>rediturus</strong></span> <span class='ocrx_word' id='word_1_38' title='bbox 1460 695 1529 749; x_wconf 86' lang='lat' dir='ltr'><strong>ad</strong></span> <span class='ocrx_word' id='word_1_39' title='bbox 1577 694 1773 760; x_wconf 81' lang='lat' dir='ltr'><strong>solum,</strong></span> 
     </span>
    </p>
   </div>
   <div class='ocr_carea' id='block_1_7' title="bbox 190 787 1773 858">
    <p class='ocr_par' dir='ltr' id='par_1_7' title="bbox 190 787 1773 858">
     <span class='ocr_line' id='line_1_7' title="bbox 190 787 1773 858; baseline -0.003 -13"><span class='ocrx_word' id='word_1_40' title='bbox 190 800 251 846; x_wconf 85' lang='lat' dir='ltr'><strong>et</strong></span> <span class='ocrx_word' id='word_1_41' title='bbox 278 789 593 858; x_wconf 73' lang='lat' dir='ltr'><strong>metropolis</strong></span> <span class='ocrx_word' id='word_1_42' title='bbox 627 788 898 858; x_wconf 90' lang='lat' dir='ltr'><strong>quondam</strong></span> <span class='ocrx_word' id='word_1_43' title='bbox 930 802 1039 841; x_wconf 68' lang='lat' dir='ltr'><strong>sua:</strong></span> <span class='ocrx_word' id='word_1_44' title='bbox 1065 787 1459 857; x_wconf 83' lang='lat' dir='ltr'><strong>possessionem</strong></span> <span class='ocrx_word' id='word_1_45' title='bbox 1490 794 1653 855; x_wconf 88' lang='lat' dir='ltr'><strong>atque</strong></span> <span class='ocrx_word' id='word_1_46' title='bbox 1684 788 1773 841; x_wconf 90' lang='lat' dir='ltr'><strong>in-</strong></span> 
     </span>
    </p>
   </div>
   <div class='ocr_carea' id='block_1_8' title="bbox 189 876 1777 948">
    <p class='ocr_par' dir='ltr' id='par_1_8' title="bbox 189 876 1777 948">
     <span class='ocr_line' id='line_1_8' title="bbox 189 876 1777 948; baseline -0.003 -11"><span class='ocrx_word' id='word_1_47' title='bbox 189 879 584 937; x_wconf 79' lang='lat' dir='ltr'><strong>babitationem</strong></span> <span class='ocrx_word' id='word_1_48' title='bbox 614 888 884 948; x_wconf 81' lang='lat' dir='ltr'><strong>speratur,</strong></span> <span class='ocrx_word' id='word_1_49' title='bbox 927 879 1052 947; x_wconf 82' lang='lat' dir='ltr'><strong>quia</strong></span> <span class='ocrx_word' id='word_1_50' title='bbox 1093 892 1200 931; x_wconf 89' lang='lat' dir='ltr'><strong>non</strong></span> <span class='ocrx_word' id='word_1_51' title='bbox 1248 877 1301 931; x_wconf 93' lang='lat' dir='ltr'><strong>in</strong></span> <span class='ocrx_word' id='word_1_52' title='bbox 1336 876 1653 947; x_wconf 87' lang='lat' dir='ltr'><strong>perpetuum</strong></span> <span class='ocrx_word' id='word_1_53' title='bbox 1685 878 1777 933; x_wconf 87' lang='lat' dir='ltr'><strong>sed</strong></span> 
     </span>
    </p>
   </div>
   <div class='ocr_carea' id='block_1_9' title="bbox 190 967 1775 1041">
    <p class='ocr_par' dir='ltr' id='par_1_9' title="bbox 190 967 1775 1041">
     <span class='ocr_line' id='line_1_9' title="bbox 190 967 1775 1041; baseline -0.004 -13"><span class='ocrx_word' id='word_1_54' title='bbox 190 974 366 1028; x_wconf 87' lang='lat' dir='ltr'><strong>donec</strong></span> <span class='ocrx_word' id='word_1_55' title='bbox 387 980 631 1041; x_wconf 85' lang='lat' dir='ltr'><strong>tempora</strong></span> <span class='ocrx_word' id='word_1_56' title='bbox 657 971 933 1025; x_wconf 75' lang='lat' dir='ltr'><strong>nationum</strong></span> <span class='ocrx_word' id='word_1_57' title='bbox 965 967 1309 1038; x_wconf 76' lang='lat' dir='ltr'><strong>impleantur,</strong></span> <span class='ocrx_word' id='word_1_58' title='bbox 1349 968 1426 1021; x_wconf 87' lang='lat' dir='ltr'><strong>ira</strong></span> <span class='ocrx_word' id='word_1_59' title='bbox 1452 968 1775 1035; x_wconf 80' lang='lat' dir='ltr'><strong>premendus</strong></span> 
     </span>
    </p>
   </div>
   <div class='ocr_carea' id='block_1_10' title="bbox 189 1059 1777 1128">
    <p class='ocr_par' dir='ltr' id='par_1_10' title="bbox 189 1059 1777 1128">
     <span class='ocr_line' id='line_1_10' title="bbox 189 1059 1777 1128; baseline -0.004 -9"><span class='ocrx_word' id='word_1_60' title='bbox 189 1078 315 1119; x_wconf 83' lang='lat' dir='ltr'><strong>esse</strong></span> <span class='ocrx_word' id='word_1_61' title='bbox 343 1074 615 1117; x_wconf 75' lang='lat' dir='ltr'><strong>narratur.</strong></span> <span class='ocrx_word' id='word_1_62' title='bbox 657 1060 796 1128; x_wconf 85' lang='lat' dir='ltr'><strong>Quid</strong></span> <span class='ocrx_word' id='word_1_63' title='bbox 823 1069 1025 1124; x_wconf 88' lang='lat' dir='ltr'><strong>autem,</strong></span> <span class='ocrx_word' id='word_1_64' title='bbox 1060 1059 1295 1128; x_wconf 81' lang='lat' dir='ltr'><strong>impletis</strong></span> <span class='ocrx_word' id='word_1_65' title='bbox 1338 1059 1614 1112; x_wconf 83' lang='lat' dir='ltr'><strong>nationum</strong></span> <span class='ocrx_word' id='word_1_66' title='bbox 1643 1068 1777 1113; x_wconf 81' lang='lat' dir='ltr'><strong>tem-</strong></span> 
     </span>
    </p>
   </div>
   <div class='ocr_carea' id='block_1_11' title="bbox 189 1150 1778 1229">
    <p class='ocr_par' dir='ltr' id='par_1_11' title="bbox 189 1150 1778 1229">
     <span class='ocr_line' id='line_1_11' title="bbox 189 1150 1778 1229; baseline -0.004 -19"><span class='ocrx_word' id='word_1_67' title='bbox 189 1155 437 1229; x_wconf 79' lang='lat' dir='ltr'><strong>poribus,</strong></span> <span class='ocrx_word' id='word_1_68' title='bbox 464 1162 519 1208; x_wconf 82' lang='lat' dir='ltr'><strong>et</strong></span> <span class='ocrx_word' id='word_1_69' title='bbox 562 1154 640 1209; x_wconf 89' lang='lat' dir='ltr'><strong>sic</strong></span> <span class='ocrx_word' id='word_1_70' title='bbox 668 1154 817 1209; x_wconf 90' lang='lat' dir='ltr'><strong>omni</strong></span> <span class='ocrx_word' id='word_1_71' title='bbox 841 1152 1006 1206; x_wconf 83' lang='lat' dir='ltr'><strong>Israel</strong></span> <span class='ocrx_word' id='word_1_72' title='bbox 1050 1150 1258 1205; x_wconf 85' lang='lat' dir='ltr'><strong>salvato</strong></span> <span class='ocrx_word' id='word_1_73' title='bbox 1284 1159 1563 1219; x_wconf 83' lang='lat' dir='ltr'><strong>sequatur,</strong></span> <span class='ocrx_word' id='word_1_74' title='bbox 1600 1150 1778 1204; x_wconf 86' lang='lat' dir='ltr'><strong>Domi—</strong></span> 
     </span>
    </p>
   </div>
   <div class='ocr_carea' id='block_1_12' title="bbox 189 1238 1777 1299">
    <p class='ocr_par' dir='ltr' id='par_1_12' title="bbox 189 1238 1777 1299">
     <span class='ocr_line' id='line_1_12' title="bbox 189 1238 1777 1299; baseline -0.003 0"><span class='ocrx_word' id='word_1_75' title='bbox 189 1258 294 1299; x_wconf 87' lang='lat' dir='ltr'><strong>nus</strong></span> <span class='ocrx_word' id='word_1_76' title='bbox 322 1259 389 1298; x_wconf 77' lang='lat' dir='ltr'><strong>ex</strong></span> <span class='ocrx_word' id='word_1_77' title='bbox 414 1242 605 1297; x_wconf 85' lang='lat' dir='ltr'><strong>ordine</strong></span> <span class='ocrx_word' id='word_1_78' title='bbox 630 1240 959 1296; x_wconf 73' lang='lat' dir='ltr'><strong>manifestat.</strong></span> <span class='ocrx_word' id='word_1_79' title='bbox 1003 1238 1136 1295; x_wconf 84' lang='lat' dir='ltr'><strong>Nam</strong></span> <span class='ocrx_word' id='word_1_80' title='bbox 1162 1250 1219 1295; x_wconf 89' lang='lat' dir='ltr'><strong>et</strong></span> <span class='ocrx_word' id='word_1_81' title='bbox 1244 1242 1310 1295; x_wconf 89' lang='lat' dir='ltr'><strong>de</strong></span> <span class='ocrx_word' id='word_1_82' title='bbox 1350 1239 1453 1294; x_wconf 80' lang='lat' dir='ltr'><strong>hoc</strong></span> <span class='ocrx_word' id='word_1_83' title='bbox 1482 1239 1777 1294; x_wconf 86' lang='lat' dir='ltr'><strong>secundum</strong></span> 
     </span>
    </p>
   </div>
   <div class='ocr_carea' id='block_1_13' title="bbox 188 1329 1777 1404">
    <p class='ocr_par' dir='ltr' id='par_1_13' title="bbox 188 1329 1777 1404">
     <span class='ocr_line' id='line_1_13' title="bbox 188 1329 1777 1404; baseline -0.003 -15"><span class='ocrx_word' id='word_1_84' title='bbox 188 1333 502 1389; x_wconf 68' lang='lat' dir='ltr'><strong>Nattbaaum</strong></span> <span class='ocrx_word' id='word_1_85' title='bbox 570 1332 818 1404; x_wconf 83' lang='lat' dir='ltr'><strong>discipuli</strong></span> <span class='ocrx_word' id='word_1_86' title='bbox 905 1334 1302 1402; x_wconf 74' lang='lat' dir='ltr'><strong>interrogantes</strong></span> <span class='ocrx_word' id='word_1_87' title='bbox 1328 1372 1344 1398; x_wconf 94' lang='lat'><strong>,</strong></span> <span class='ocrx_word' id='word_1_88' title='bbox 1424 1345 1532 1386; x_wconf 89' lang='lat' dir='ltr'><strong>non</strong></span> <span class='ocrx_word' id='word_1_89' title='bbox 1602 1329 1777 1386; x_wconf 87' lang='lat' dir='ltr'><strong>solum</strong></span> 
     </span>
    </p>
   </div>
   <div class='ocr_carea' id='block_1_14' title="bbox 190 1426 1779 1500">
    <p class='ocr_par' dir='ltr' id='par_1_14' title="bbox 190 1426 1779 1500">
     <span class='ocr_line' id='line_1_14' title="bbox 190 1426 1779 1500; baseline 0 -17"><span class='ocrx_word' id='word_1_90' title='bbox 190 1430 376 1500; x_wconf 84' lang='lat' dir='ltr'><strong>templi</strong></span> <span class='ocrx_word' id='word_1_91' title='bbox 432 1431 706 1485; x_wconf 83' lang='lat' dir='ltr'><strong>evertendi</strong></span> <span class='ocrx_word' id='word_1_92' title='bbox 764 1426 995 1500; x_wconf 80' lang='lat' dir='ltr'><strong>tempus,</strong></span> <span class='ocrx_word' id='word_1_93' title='bbox 1042 1431 1137 1485; x_wconf 86' lang='lat' dir='ltr'><strong>sed</strong></span> <span class='ocrx_word' id='word_1_94' title='bbox 1193 1438 1252 1484; x_wconf 89' lang='lat' dir='ltr'><strong>et</strong></span> <span class='ocrx_word' id='word_1_95' title='bbox 1312 1430 1525 1499; x_wconf 82' lang='lat' dir='ltr'><strong>signum</strong></span> <span class='ocrx_word' id='word_1_96' title='bbox 1574 1429 1779 1484; x_wconf 89' lang='lat' dir='ltr'><strong>adven-</strong></span> 
     </span>
    </p>
   </div>
   <div class='ocr_carea' id='block_1_15' title="bbox 188 1520 1777 1591">
    <p class='ocr_par' dir='ltr' id='par_1_15' title="bbox 188 1520 1777 1591">
     <span class='ocr_line' id='line_1_15' title="bbox 188 1520 1777 1591; baseline 0.001 -16"><span class='ocrx_word' id='word_1_97' title='bbox 188 1529 279 1576; x_wconf 90' lang='lat' dir='ltr'><strong>tus</strong></span> <span class='ocrx_word' id='word_1_98' title='bbox 353 1520 505 1590; x_wconf 84' lang='lat' dir='ltr'><strong>ejus,</strong></span> <span class='ocrx_word' id='word_1_99' title='bbox 574 1531 629 1576; x_wconf 88' lang='lat' dir='ltr'><strong>et</strong></span> <span class='ocrx_word' id='word_1_100' title='bbox 700 1522 1184 1577; x_wconf 82' lang='lat' dir='ltr'><strong>consummationis</strong></span> <span class='ocrx_word' id='word_1_101' title='bbox 1256 1520 1481 1581; x_wconf 64' lang='lat' dir='ltr'><strong>saeculi,</strong></span> <span class='ocrx_word' id='word_1_102' title='bbox 1570 1535 1777 1591; x_wconf 69' lang='lat' dir='ltr'><strong>quaere-</strong></span> 
     </span>
    </p>
   </div>
   <div class='ocr_carea' id='block_1_16' title="bbox 187 1612 341 1668">
    <p class='ocr_par' dir='ltr' id='par_1_16' title="bbox 187 1612 341 1668">
     <span class='ocr_line' id='line_1_16' title="bbox 187 1612 341 1668; baseline -0.013 0"><span class='ocrx_word' id='word_1_103' title='bbox 187 1612 341 1668; x_wconf 80' lang='lat' dir='ltr'><strong>bant.</strong></span> 
     </span>
    </p>
   </div>
   <div class='ocr_carea' id='block_1_17' title="bbox 257 1702 1774 1774">
    <p class='ocr_par' dir='ltr' id='par_1_17' title="bbox 257 1702 1774 1774">
     <span class='ocr_line' id='line_1_17' title="bbox 257 1702 1774 1774; baseline 0 -18"><span class='ocrx_word' id='word_1_104' title='bbox 257 1703 327 1756; x_wconf 84' lang='lat' dir='ltr'><strong>Et</strong></span> <span class='ocrx_word' id='word_1_105' title='bbox 381 1713 534 1757; x_wconf 89' lang='lat' dir='ltr'><strong>erunt</strong></span> <span class='ocrx_word' id='word_1_106' title='bbox 574 1706 723 1774; x_wconf 84' lang='lat' dir='ltr'><strong>signa</strong></span> <span class='ocrx_word' id='word_1_107' title='bbox 778 1705 833 1759; x_wconf 90' lang='lat' dir='ltr'><strong>in</strong></span> <span class='ocrx_word' id='word_1_108' title='bbox 880 1702 1008 1769; x_wconf 90' lang='lat' dir='ltr'><strong>sole,</strong></span> <span class='ocrx_word' id='word_1_109' title='bbox 1060 1714 1109 1757; x_wconf 85' lang='lat' dir='ltr'><strong>et</strong></span> <span class='ocrx_word' id='word_1_110' title='bbox 1148 1702 1297 1768; x_wconf 84' lang='lat' dir='ltr'><strong>luna,</strong></span> <span class='ocrx_word' id='word_1_111' title='bbox 1339 1713 1385 1757; x_wconf 91' lang='lat' dir='ltr'><strong>et</strong></span> <span class='ocrx_word' id='word_1_112' title='bbox 1416 1703 1598 1768; x_wconf 85' lang='lat' dir='ltr'><strong>stellis,</strong></span> <span class='ocrx_word' id='word_1_113' title='bbox 1648 1704 1774 1757; x_wconf 84' lang='lat' dir='ltr'><strong>etin</strong></span> 
     </span>
    </p>
   </div>
   <div class='ocr_carea' id='block_1_18' title="bbox 183 1795 1772 1864">
    <p class='ocr_par' dir='ltr' id='par_1_18' title="bbox 183 1795 1772 1864">
     <span class='ocr_line' id='line_1_18' title="bbox 183 1795 1772 1864; baseline 0.001 -17"><span class='ocrx_word' id='word_1_114' title='bbox 183 1796 343 1847; x_wconf 81' lang='lat' dir='ltr'><strong>terris</strong></span> <span class='ocrx_word' id='word_1_115' title='bbox 373 1811 618 1863; x_wconf 72' lang='lat' dir='ltr'><strong>pressura</strong></span> <span class='ocrx_word' id='word_1_116' title='bbox 662 1796 887 1864; x_wconf 86' lang='lat' dir='ltr'><strong>gentium</strong></span> <span class='ocrx_word' id='word_1_117' title='bbox 918 1812 1027 1863; x_wconf 81' lang='lat' dir='ltr'><strong>pra:</strong></span> <span class='ocrx_word' id='word_1_118' title='bbox 1050 1795 1355 1864; x_wconf 79' lang='lat' dir='ltr'><strong>confusione</strong></span> <span class='ocrx_word' id='word_1_119' title='bbox 1378 1796 1580 1849; x_wconf 87' lang='lat' dir='ltr'><strong>sonitus</strong></span> <span class='ocrx_word' id='word_1_120' title='bbox 1611 1796 1772 1849; x_wconf 83' lang='lat' dir='ltr'><strong>maris</strong></span> 
     </span>
    </p>
   </div>
   <div class='ocr_carea' id='block_1_19' title="bbox 185 1883 1779 1956">
    <p class='ocr_par' dir='ltr' id='par_1_19' title="bbox 185 1883 1779 1956">
     <span class='ocr_line' id='line_1_19' title="bbox 185 1883 1779 1956; baseline 0 -18"><span class='ocrx_word' id='word_1_121' title='bbox 185 1894 231 1938; x_wconf 84' lang='lat' dir='ltr'><strong>et</strong></span> <span class='ocrx_word' id='word_1_122' title='bbox 253 1886 531 1952; x_wconf 80' lang='lat' dir='ltr'><strong>ﬂuctuum.</strong></span> <span class='ocrx_word' id='word_1_123' title='bbox 566 1883 699 1949; x_wconf 85' lang='lat' dir='ltr'><strong>Quia</strong></span> <span class='ocrx_word' id='word_1_124' title='bbox 736 1900 864 1955; x_wconf 80' lang='lat' dir='ltr'><strong>ergo</strong></span> <span class='ocrx_word' id='word_1_125' title='bbox 889 1884 1030 1939; x_wconf 87' lang='lat' dir='ltr'><strong>sicut</strong></span> <span class='ocrx_word' id='word_1_126' title='bbox 1069 1886 1327 1939; x_wconf 82' lang='lat' dir='ltr'><strong>Dominus</strong></span> <span class='ocrx_word' id='word_1_127' title='bbox 1348 1887 1401 1939; x_wconf 91' lang='lat' dir='ltr'><strong>in</strong></span> <span class='ocrx_word' id='word_1_128' title='bbox 1429 1885 1779 1956; x_wconf 85' lang='lat' dir='ltr'><strong>sequentibus</strong></span> 
     </span>
    </p>
   </div>
   <div class='ocr_carea' id='block_1_20' title="bbox 188 1966 1781 2045">
    <p class='ocr_par' dir='ltr' id='par_1_20' title="bbox 188 1966 1781 2045">
     <span class='ocr_line' id='line_1_20' title="bbox 188 1966 1781 2045; baseline -0.001 -16"><span class='ocrx_word' id='word_1_129' title='bbox 188 1973 411 2028; x_wconf 89' lang='lat' dir='ltr'><strong>intimat</strong></span> <span class='ocrx_word' id='word_1_130' title='bbox 468 1983 762 2045; x_wconf 85' lang='lat' dir='ltr'><strong>apparente</strong></span> <span class='ocrx_word' id='word_1_131' title='bbox 808 1974 1098 2029; x_wconf 80' lang='lat' dir='ltr'><strong>universali</strong></span> <span class='ocrx_word' id='word_1_132' title='bbox 1124 1966 1330 2042; x_wconf 78' lang='lat' dir='ltr'><strong>judicio</strong></span> <span class='ocrx_word' id='word_1_133' title='bbox 1365 1976 1547 2028; x_wconf 71' lang='lat' dir='ltr'><strong>caelum</strong></span> <span class='ocrx_word' id='word_1_134' title='bbox 1571 1985 1618 2028; x_wconf 86' lang='lat' dir='ltr'><strong>et</strong></span> <span class='ocrx_word' id='word_1_135' title='bbox 1640 1985 1781 2028; x_wconf 88' lang='lat' dir='ltr'><strong>terra</strong></span> 
     </span>
    </p>
   </div>
   <div class='ocr_carea' id='block_1_21' title="bbox 185 2064 1779 2135">
    <p class='ocr_par' dir='ltr' id='par_1_21' title="bbox 185 2064 1779 2135">
     <span class='ocr_line' id='line_1_21' title="bbox 185 2064 1779 2135; baseline -0.001 -16"><span class='ocrx_word' id='word_1_136' title='bbox 185 2066 508 2129; x_wconf 86' lang='lat' dir='ltr'><strong>transibunt,</strong></span> <span class='ocrx_word' id='word_1_137' title='bbox 540 2074 594 2119; x_wconf 91' lang='lat' dir='ltr'><strong>et</strong></span> <span class='ocrx_word' id='word_1_138' title='bbox 650 2065 792 2119; x_wconf 88' lang='lat' dir='ltr'><strong>sicut</strong></span> <span class='ocrx_word' id='word_1_139' title='bbox 816 2066 869 2118; x_wconf 88' lang='lat' dir='ltr'><strong>in</strong></span> <span class='ocrx_word' id='word_1_140' title='bbox 917 2064 1142 2119; x_wconf 85' lang='lat' dir='ltr'><strong>Joannis</strong></span> <span class='ocrx_word' id='word_1_141' title='bbox 1173 2064 1499 2135; x_wconf 83' lang='lat' dir='ltr'><strong>Apocalypsi</strong></span> <span class='ocrx_word' id='word_1_142' title='bbox 1530 2064 1779 2134; x_wconf 77' lang='lat' dir='ltr'><strong>legimus,</strong></span> 
     </span>
    </p>
   </div>
   <div class='ocr_carea' id='block_1_22' title="bbox 186 2154 1782 2227">
    <p class='ocr_par' dir='ltr' id='par_1_22' title="bbox 186 2154 1782 2227">
     <span class='ocr_line' id='line_1_22' title="bbox 186 2154 1782 2227; baseline -0.003 -15"><span class='ocrx_word' id='word_1_143' title='bbox 186 2174 334 2213; x_wconf 73' lang='lat' dir='ltr'><strong>mare</strong></span> <span class='ocrx_word' id='word_1_144' title='bbox 354 2158 471 2227; x_wconf 87' lang='lat' dir='ltr'><strong>jam</strong></span> <span class='ocrx_word' id='word_1_145' title='bbox 499 2175 602 2211; x_wconf 86' lang='lat' dir='ltr'><strong>non</strong></span> <span class='ocrx_word' id='word_1_146' title='bbox 633 2159 750 2221; x_wconf 83' lang='lat' dir='ltr'><strong>erit,</strong></span> <span class='ocrx_word' id='word_1_147' title='bbox 791 2158 1011 2211; x_wconf 55' lang='lat' dir='ltr'><strong>&#39;merito</strong></span> <span class='ocrx_word' id='word_1_148' title='bbox 1056 2156 1247 2210; x_wconf 90' lang='lat' dir='ltr'><strong>eodem</strong></span> <span class='ocrx_word' id='word_1_149' title='bbox 1280 2154 1782 2222; x_wconf 85' lang='lat' dir='ltr'><strong>incumbentejudi-</strong></span> 
     </span>
    </p>
   </div>
   <div class='ocr_carea' id='block_1_23' title="bbox 186 2245 1779 2307">
    <p class='ocr_par' dir='ltr' id='par_1_23' title="bbox 186 2245 1779 2307">
     <span class='ocr_line' id='line_1_23' title="bbox 186 2245 1779 2307; baseline -0.004 -4"><span class='ocrx_word' id='word_1_150' title='bbox 186 2248 278 2303; x_wconf 84' lang='lat' dir='ltr'><strong>cio</strong></span> <span class='ocrx_word' id='word_1_151' title='bbox 311 2248 519 2302; x_wconf 84' lang='lat' dir='ltr'><strong>sonitus</strong></span> <span class='ocrx_word' id='word_1_152' title='bbox 549 2248 716 2303; x_wconf 86' lang='lat' dir='ltr'><strong>maris</strong></span> <span class='ocrx_word' id='word_1_153' title='bbox 745 2256 800 2303; x_wconf 90' lang='lat' dir='ltr'><strong>et</strong></span> <span class='ocrx_word' id='word_1_154' title='bbox 822 2246 1078 2301; x_wconf 82' lang='lat' dir='ltr'><strong>ﬂuctuum</strong></span> <span class='ocrx_word' id='word_1_155' title='bbox 1111 2245 1478 2307; x_wconf 85' lang='lat' dir='ltr'><strong>confunditur,</strong></span> <span class='ocrx_word' id='word_1_156' title='bbox 1514 2255 1779 2299; x_wconf 83' lang='lat' dir='ltr'><strong>terrarum</strong></span> 
     </span>
    </p>
   </div>
   <div class='ocr_carea' id='block_1_24' title="bbox 186 2334 1778 2408">
    <p class='ocr_par' dir='ltr' id='par_1_24' title="bbox 186 2334 1778 2408">
     <span class='ocr_line' id='line_1_24' title="bbox 186 2334 1778 2408; baseline -0.004 -13"><span class='ocrx_word' id='word_1_157' title='bbox 186 2338 340 2395; x_wconf 83' lang='lat' dir='ltr'><strong>orbis</strong></span> <span class='ocrx_word' id='word_1_158' title='bbox 371 2339 745 2408; x_wconf 89' lang='lat' dir='ltr'><strong>prementibus</strong></span> <span class='ocrx_word' id='word_1_159' title='bbox 800 2353 857 2393; x_wconf 88' lang='lat' dir='ltr'><strong>se</strong></span> <span class='ocrx_word' id='word_1_160' title='bbox 883 2337 1110 2391; x_wconf 85' lang='lat' dir='ltr'><strong>invicem</strong></span> <span class='ocrx_word' id='word_1_161' title='bbox 1143 2336 1349 2392; x_wconf 90' lang='lat' dir='ltr'><strong>colonis</strong></span> <span class='ocrx_word' id='word_1_162' title='bbox 1374 2334 1632 2399; x_wconf 85' lang='lat' dir='ltr'><strong>inficitur,</strong></span> <span class='ocrx_word' id='word_1_163' title='bbox 1664 2350 1778 2389; x_wconf 84' lang='lat' dir='ltr'><strong>ma-</strong></span> 
     </span>
    </p>
   </div>
   <div class='ocr_carea' id='block_1_25' title="bbox 188 2426 1782 2497">
    <p class='ocr_par' dir='ltr' id='par_1_25' title="bbox 188 2426 1782 2497">
     <span class='ocr_line' id='line_1_25' title="bbox 188 2426 1782 2497; baseline -0.001 -15"><span class='ocrx_word' id='word_1_164' title='bbox 188 2428 339 2483; x_wconf 80' lang='lat' dir='ltr'><strong>xima</strong></span> <span class='ocrx_word' id='word_1_165' title='bbox 385 2428 507 2482; x_wconf 69' lang='grc' dir='ltr'><strong>σα)ιί</strong></span> <span class='ocrx_word' id='word_1_166' title='bbox 532 2427 819 2481; x_wconf 87' lang='lat' dir='ltr'><strong>luminaria</strong></span> <span class='ocrx_word' id='word_1_167' title='bbox 848 2427 1121 2497; x_wconf 88' lang='lat' dir='ltr'><strong>percussis</strong></span> <span class='ocrx_word' id='word_1_168' title='bbox 1158 2426 1389 2480; x_wconf 81' lang='lat' dir='ltr'><strong>horrore</strong></span> <span class='ocrx_word' id='word_1_169' title='bbox 1421 2440 1560 2483; x_wconf 85' lang='lat' dir='ltr'><strong>novo</strong></span> <span class='ocrx_word' id='word_1_170' title='bbox 1612 2427 1782 2481; x_wconf 88' lang='lat' dir='ltr'><strong>radiis</strong></span> 
     </span>
    </p>
   </div>
   <div class='ocr_carea' id='block_1_26' title="bbox 186 2516 1781 2587">
    <p class='ocr_par' dir='ltr' id='par_1_26' title="bbox 186 2516 1781 2587">
     <span class='ocr_line' id='line_1_26' title="bbox 186 2516 1781 2587; baseline -0.003 -9"><span class='ocrx_word' id='word_1_171' title='bbox 186 2521 463 2578; x_wconf 84' lang='lat' dir='ltr'><strong>turbatam</strong></span> <span class='ocrx_word' id='word_1_172' title='bbox 504 2520 692 2574; x_wconf 78' lang='lat' dir='ltr'><strong>faciem</strong></span> <span class='ocrx_word' id='word_1_173' title='bbox 735 2519 935 2583; x_wconf 81' lang='lat' dir='ltr'><strong>velant,</strong></span> <span class='ocrx_word' id='word_1_174' title='bbox 991 2528 1047 2572; x_wconf 90' lang='lat' dir='ltr'><strong>et</strong></span> <span class='ocrx_word' id='word_1_175' title='bbox 1094 2518 1365 2587; x_wconf 87' lang='lat' dir='ltr'><strong>quomodo</strong></span> <span class='ocrx_word' id='word_1_176' title='bbox 1417 2516 1663 2586; x_wconf 67' lang='lat' dir='ltr'><strong>impulsas</strong></span> <span class='ocrx_word' id='word_1_177' title='bbox 1713 2519 1781 2573; x_wconf 90' lang='lat' dir='ltr'><strong>ad</strong></span> 
     </span>
    </p>
   </div>
   <div class='ocr_carea' id='block_1_27' title="bbox 186 2598 1783 2680">
    <p class='ocr_par' dir='ltr' id='par_1_27' title="bbox 186 2598 1783 2680">
     <span class='ocr_line' id='line_1_27' title="bbox 186 2598 1783 2680; baseline -0.003 -13"><span class='ocrx_word' id='word_1_178' title='bbox 186 2626 381 2667; x_wconf 80' lang='lat' dir='ltr'><strong>casum</strong></span> <span class='ocrx_word' id='word_1_179' title='bbox 405 2613 629 2664; x_wconf 85' lang='lat' dir='ltr'><strong>arbores</strong></span> <span class='ocrx_word' id='word_1_180' title='bbox 654 2609 899 2680; x_wconf 78' lang='lat' dir='ltr'><strong>fragores</strong></span> <span class='ocrx_word' id='word_1_181' title='bbox 926 2620 1211 2677; x_wconf 88' lang='lat' dir='ltr'><strong>motusque</strong></span> <span class='ocrx_word' id='word_1_182' title='bbox 1229 2598 1321 2662; x_wconf 81' lang='lat' dir='ltr'><strong>sui</strong></span> <span class='ocrx_word' id='word_1_183' title='bbox 1345 2606 1674 2677; x_wconf 60' lang='lat' dir='ltr'><strong>praemittere</strong></span> <span class='ocrx_word' id='word_1_184' title='bbox 1698 2624 1783 2663; x_wconf 84' lang='lat' dir='ltr'><strong>so-</strong></span> 
     </span>
    </p>
   </div>
   <div class='ocr_carea' id='block_1_28' title="bbox 186 2700 1780 2771">
    <p class='ocr_par' dir='ltr' id='par_1_28' title="bbox 186 2700 1780 2771">
     <span class='ocr_line' id='line_1_28' title="bbox 186 2700 1780 2771; baseline -0.002 -12"><span class='ocrx_word' id='word_1_185' title='bbox 186 2703 305 2760; x_wconf 88' lang='lat' dir='ltr'><strong>lent</strong></span> <span class='ocrx_word' id='word_1_186' title='bbox 344 2703 563 2765; x_wconf 73' lang='lat' dir='ltr'><strong>ludicra,</strong></span> <span class='ocrx_word' id='word_1_187' title='bbox 610 2702 689 2755; x_wconf 88' lang='lat' dir='ltr'><strong>sic</strong></span> <span class='ocrx_word' id='word_1_188' title='bbox 717 2702 948 2755; x_wconf 82' lang='lat' dir='ltr'><strong>termino</strong></span> <span class='ocrx_word' id='word_1_189' title='bbox 976 2700 1328 2771; x_wconf 88' lang='lat' dir='ltr'><strong>appropiante</strong></span> <span class='ocrx_word' id='word_1_190' title='bbox 1350 2701 1505 2769; x_wconf 88' lang='lat' dir='ltr'><strong>quasi</strong></span> <span class='ocrx_word' id='word_1_191' title='bbox 1530 2702 1780 2770; x_wconf 87' lang='lat' dir='ltr'><strong>paventia</strong></span> 
     </span>
    </p>
   </div>
   <div class='ocr_carea' id='block_1_29' title="bbox 187 2790 1780 2862">
    <p class='ocr_par' dir='ltr' id='par_1_29' title="bbox 187 2790 1780 2862">
     <span class='ocr_line' id='line_1_29' title="bbox 187 2790 1780 2862; baseline -0.003 -13"><span class='ocrx_word' id='word_1_192' title='bbox 187 2804 387 2851; x_wconf 75' lang='lat' dir='ltr'><strong>nutant</strong></span> <span class='ocrx_word' id='word_1_193' title='bbox 427 2807 491 2847; x_wconf 89' lang='lat' dir='ltr'><strong>ac</strong></span> <span class='ocrx_word' id='word_1_194' title='bbox 543 2790 1100 2862; x_wconf 72' lang='lat' dir='ltr'><strong>trementlelementa.</strong></span> <span class='ocrx_word' id='word_1_195' title='bbox 1148 2790 1291 2859; x_wconf 79' lang='lat' dir='ltr'><strong>Ergo</strong></span> <span class='ocrx_word' id='word_1_196' title='bbox 1341 2790 1484 2859; x_wconf 88' lang='lat' dir='ltr'><strong>quod</strong></span> <span class='ocrx_word' id='word_1_197' title='bbox 1530 2790 1605 2843; x_wconf 85' lang='lat' dir='ltr'><strong>ait</strong></span> <span class='ocrx_word' id='word_1_198' title='bbox 1644 2790 1780 2845; x_wconf 80' lang='lat' dir='ltr'><strong>Mat-</strong></span> 
     </span>
    </p>
   </div>
   <div class='ocr_carea' id='block_1_30' title="bbox 188 2880 1781 2948">
    <p class='ocr_par' dir='ltr' id='par_1_30' title="bbox 188 2880 1781 2948">
     <span class='ocr_line' id='line_1_30' title="bbox 188 2880 1781 2948; baseline -0.004 -6"><span class='ocrx_word' id='word_1_199' title='bbox 188 2887 387 2948; x_wconf 65' lang='grc' dir='ltr'><strong>ωαξης,</strong></span> <span class='ocrx_word' id='word_1_200' title='bbox 437 2884 531 2939; x_wconf 88' lang='lat' dir='ltr'><strong>Sol</strong></span> <span class='ocrx_word' id='word_1_201' title='bbox 582 2882 948 2937; x_wconf 84' lang='lat' dir='ltr'><strong>obscurabitur</strong></span> <span class='ocrx_word' id='word_1_202' title='bbox 996 2891 1042 2935; x_wconf 88' lang='lat' dir='ltr'><strong>et</strong></span> <span class='ocrx_word' id='word_1_203' title='bbox 1098 2880 1223 2934; x_wconf 84' lang='lat' dir='ltr'><strong>luna</strong></span> <span class='ocrx_word' id='word_1_204' title='bbox 1276 2897 1377 2934; x_wconf 88' lang='lat' dir='ltr'><strong>non</strong></span> <span class='ocrx_word' id='word_1_205' title='bbox 1417 2880 1564 2934; x_wconf 80' lang='lat' dir='ltr'><strong>dabit</strong></span> <span class='ocrx_word' id='word_1_206' title='bbox 1609 2881 1781 2935; x_wconf 82' lang='lat' dir='ltr'><strong>lumen</strong></span> 
     </span>
    </p>
   </div>
   <div class='ocr_carea' id='block_1_31' title="bbox 186 2971 1781 3042">
    <p class='ocr_par' dir='ltr' id='par_1_31' title="bbox 186 2971 1781 3042">
     <span class='ocr_line' id='line_1_31' title="bbox 186 2971 1781 3042; baseline -0.004 -10"><span class='ocrx_word' id='word_1_207' title='bbox 186 2994 370 3041; x_wconf 82' lang='lat' dir='ltr'><strong>suum,</strong></span> <span class='ocrx_word' id='word_1_208' title='bbox 418 2987 465 3031; x_wconf 91' lang='lat' dir='ltr'><strong>et</strong></span> <span class='ocrx_word' id='word_1_209' title='bbox 508 2975 673 3031; x_wconf 73' lang='lat' dir='ltr'><strong>stellw</strong></span> <span class='ocrx_word' id='word_1_210' title='bbox 706 2975 888 3028; x_wconf 82' lang='lat' dir='ltr'><strong>cadent</strong></span> <span class='ocrx_word' id='word_1_211' title='bbox 932 2973 995 3027; x_wconf 86' lang='lat' dir='ltr'><strong>de</strong></span> <span class='ocrx_word' id='word_1_212' title='bbox 1041 2973 1187 3037; x_wconf 74' lang='lat' dir='ltr'><strong>cmlo,</strong></span> <span class='ocrx_word' id='word_1_213' title='bbox 1230 2974 1402 3042; x_wconf 87' lang='lat' dir='ltr'><strong>ipsam</strong></span> <span class='ocrx_word' id='word_1_214' title='bbox 1429 2971 1620 3040; x_wconf 89' lang='lat' dir='ltr'><strong>judicii</strong></span> <span class='ocrx_word' id='word_1_215' title='bbox 1649 2986 1781 3042; x_wconf 74' lang='lat' dir='ltr'><strong>prec-</strong></span> 
     </span>
    </p>
   </div>
   <div class='ocr_carea' id='block_1_32' title="bbox 190 3062 1783 3138">
    <p class='ocr_par' dir='ltr' id='par_1_32' title="bbox 190 3062 1783 3138">
     <span class='ocr_line' id='line_1_32' title="bbox 190 3062 1783 3138; baseline -0.007 -12"><span class='ocrx_word' id='word_1_216' title='bbox 190 3068 432 3126; x_wconf 89' lang='lat' dir='ltr'><strong>senliam</strong></span> <span class='ocrx_word' id='word_1_217' title='bbox 461 3063 749 3138; x_wconf 80' lang='lat' dir='ltr'><strong>significat,</strong></span> <span class='ocrx_word' id='word_1_218' title='bbox 774 3065 989 3135; x_wconf 84' lang='lat' dir='ltr'><strong>quando</strong></span> <span class='ocrx_word' id='word_1_219' title='bbox 1016 3075 1310 3134; x_wconf 77' lang='lat' dir='ltr'><strong>apparente</strong></span> <span class='ocrx_word' id='word_1_220' title='bbox 1338 3078 1480 3117; x_wconf 69' lang='lat' dir='ltr'><strong>verte</strong></span> <span class='ocrx_word' id='word_1_221' title='bbox 1506 3062 1677 3134; x_wconf 82' lang='lat' dir='ltr'><strong>gloria</strong></span> <span class='ocrx_word' id='word_1_222' title='bbox 1702 3062 1783 3116; x_wconf 83' lang='lat' dir='ltr'><strong>lu-</strong></span> 
     </span>
    </p>
   </div>
   <div class='ocr_carea' id='block_1_33' title="bbox 190 3154 1781 3224">
    <p class='ocr_par' dir='ltr' id='par_1_33' title="bbox 190 3154 1781 3224">
     <span class='ocr_line' id='line_1_33' title="bbox 190 3154 1781 3224; baseline -0.006 -7"><span class='ocrx_word' id='word_1_223' title='bbox 190 3163 275 3217; x_wconf 90' lang='lat' dir='ltr'><strong>cis</strong></span> <span class='ocrx_word' id='word_1_224' title='bbox 322 3160 504 3215; x_wconf 88' lang='lat' dir='ltr'><strong>omnia</strong></span> <span class='ocrx_word' id='word_1_225' title='bbox 547 3158 730 3211; x_wconf 88' lang='lat' dir='ltr'><strong>mundi</strong></span> <span class='ocrx_word' id='word_1_226' title='bbox 761 3156 961 3210; x_wconf 89' lang='lat' dir='ltr'><strong>lumina</strong></span> <span class='ocrx_word' id='word_1_227' title='bbox 1005 3155 1242 3210; x_wconf 84' lang='lat' dir='ltr'><strong>tenebris</strong></span> <span class='ocrx_word' id='word_1_228' title='bbox 1271 3154 1584 3224; x_wconf 79' lang='lat' dir='ltr'><strong>umbrisque</strong></span> <span class='ocrx_word' id='word_1_229' title='bbox 1633 3168 1781 3208; x_wconf 90' lang='lat' dir='ltr'><strong>com-</strong></span> 
     </span>
    </p>
   </div>
   <div class='ocr_carea' id='block_1_34' title="bbox 192 3221 1852 3321">
    <p class='ocr_par' dir='ltr' id='par_1_34' title="bbox 192 3221 1852 3321">
     <span class='ocr_line' id='line_1_34' title="bbox 192 3221 1852 3321; baseline -0.004 -17"><span class='ocrx_word' id='word_1_230' title='bbox 192 3260 481 3321; x_wconf 85' lang='lat' dir='ltr'><strong>parantur.</strong></span> <span class='ocrx_word' id='word_1_231' title='bbox 536 3250 687 3316; x_wconf 84' lang='lat' dir='ltr'><strong>Quod</strong></span> <span class='ocrx_word' id='word_1_232' title='bbox 735 3263 865 3303; x_wconf 86' lang='lat' dir='ltr'><strong>vero</strong></span> <span class='ocrx_word' id='word_1_233' title='bbox 912 3246 1042 3300; x_wconf 87' lang='lat' dir='ltr'><strong>dicit</strong></span> <span class='ocrx_word' id='word_1_234' title='bbox 1088 3245 1289 3310; x_wconf 81' lang='lat' dir='ltr'><strong>Lucas,</strong></span> <span class='ocrx_word' id='word_1_235' title='bbox 1338 3255 1488 3299; x_wconf 86' lang='lat' dir='ltr'><strong>erunt</strong></span> <span class='ocrx_word' id='word_1_236' title='bbox 1545 3246 1695 3315; x_wconf 79' lang='lat' dir='ltr'><strong>signa</strong></span> <span class='ocrx_word' id='word_1_237' title='bbox 1725 3244 1779 3298; x_wconf 91' lang='lat' dir='ltr'><strong>in</strong></span> <span class='ocrx_word' id='word_1_238' title='bbox 1810 3221 1852 3281; x_wconf 65' lang='grc' dir='ltr'>Ο</span> 
     </span>
    </p>
   </div>
   <div class='ocr_carea' id='block_1_35' title="bbox 193 3333 1781 3404">
    <p class='ocr_par' dir='ltr' id='par_1_35' title="bbox 193 3333 1781 3404">
     <span class='ocr_line' id='line_1_35' title="bbox 193 3333 1781 3404; baseline -0.006 -9"><span class='ocrx_word' id='word_1_239' title='bbox 193 3341 305 3395; x_wconf 84' lang='lat' dir='ltr'><strong>sole</strong></span> <span class='ocrx_word' id='word_1_240' title='bbox 344 3351 392 3394; x_wconf 87' lang='lat' dir='ltr'><strong>et</strong></span> <span class='ocrx_word' id='word_1_241' title='bbox 432 3339 559 3393; x_wconf 79' lang='lat' dir='ltr'><strong>luna</strong></span> <span class='ocrx_word' id='word_1_242' title='bbox 598 3349 645 3392; x_wconf 90' lang='lat' dir='ltr'><strong>et</strong></span> <span class='ocrx_word' id='word_1_243' title='bbox 673 3336 855 3400; x_wconf 81' lang='lat' dir='ltr'><strong>stellis,</strong></span> <span class='ocrx_word' id='word_1_244' title='bbox 909 3350 1273 3404; x_wconf 61' lang='lat' dir='ltr'><strong>prmcursores</strong></span> <span class='ocrx_word' id='word_1_245' title='bbox 1331 3334 1491 3388; x_wconf 79' lang='lat' dir='ltr'><strong>vicini</strong></span> <span class='ocrx_word' id='word_1_246' title='bbox 1543 3333 1781 3401; x_wconf 82' lang='lat' dir='ltr'><strong>ejusdem</strong></span> 
     </span>
    </p>
   </div>
   <div class='ocr_carea' id='block_1_36' title="bbox 187 3424 1783 3503">
    <p class='ocr_par' dir='ltr' id='par_1_36' title="bbox 187 3424 1783 3503">
     <span class='ocr_line' id='line_1_36' title="bbox 187 3424 1783 3503; baseline -0.006 -15"><span class='ocrx_word' id='word_1_247' title='bbox 187 3432 381 3503; x_wconf 75' lang='lat' dir='ltr'><strong>iudicii</strong></span> <span class='ocrx_word' id='word_1_248' title='bbox 430 3432 585 3502; x_wconf 86' lang='lat' dir='ltr'><strong>quasi</strong></span> <span class='ocrx_word' id='word_1_249' title='bbox 632 3429 847 3483; x_wconf 88' lang='lat' dir='ltr'><strong>nuntios</strong></span> <span class='ocrx_word' id='word_1_250' title='bbox 900 3427 1121 3482; x_wconf 87' lang='lat' dir='ltr'><strong>indicat.</strong></span> <span class='ocrx_word' id='word_1_251' title='bbox 1181 3426 1223 3479; x_wconf 86' lang='lat' dir='ltr'><strong>E</strong></span> <span class='ocrx_word' id='word_1_252' title='bbox 1258 3426 1459 3495; x_wconf 77' lang='lat' dir='ltr'><strong>quibus</strong></span> <span class='ocrx_word' id='word_1_253' title='bbox 1512 3424 1783 3479; x_wconf 61' lang='lat' dir='ltr'><strong>est&#39;illud</strong></span> 
     </span>
    </p>
   </div>
   <div class='ocr_carea' id='block_1_37' title="bbox 193 3514 1787 3598">
    <p class='ocr_par' dir='ltr' id='par_1_37' title="bbox 193 3514 1787 3598">
     <span class='ocr_line' id='line_1_37' title="bbox 193 3514 1787 3598; baseline -0.008 -19"><span class='ocrx_word' id='word_1_254' title='bbox 193 3525 494 3598; x_wconf 62' lang='lat' dir='ltr'><strong>prophetat,</strong></span> <span class='ocrx_word' id='word_1_255' title='bbox 545 3520 621 3575; x_wconf 87' lang='lat' dir='ltr'><strong>sol</strong></span> <span class='ocrx_word' id='word_1_256' title='bbox 647 3529 873 3573; x_wconf 80' lang='lat' dir='ltr'><strong>vertetur</strong></span> <span class='ocrx_word' id='word_1_257' title='bbox 924 3519 979 3571; x_wconf 88' lang='lat' dir='ltr'><strong>in</strong></span> <span class='ocrx_word' id='word_1_258' title='bbox 1022 3517 1262 3570; x_wconf 82' lang='lat' dir='ltr'><strong>tenebras</strong></span> <span class='ocrx_word' id='word_1_259' title='bbox 1314 3524 1361 3569; x_wconf 89' lang='lat' dir='ltr'><strong>et</strong></span> <span class='ocrx_word' id='word_1_260' title='bbox 1390 3514 1514 3567; x_wconf 88' lang='lat' dir='ltr'><strong>luna</strong></span> <span class='ocrx_word' id='word_1_261' title='bbox 1560 3516 1613 3567; x_wconf 85' lang='lat' dir='ltr'><strong>in</strong></span> <span class='ocrx_word' id='word_1_262' title='bbox 1659 3530 1787 3567; x_wconf 84' lang='lat' dir='ltr'><strong>san-</strong></span> 
     </span>
    </p>
   </div>
   <div class='ocr_carea' id='block_1_38' title="bbox 195 3608 1784 3689">
    <p class='ocr_par' dir='ltr' id='par_1_38' title="bbox 195 3608 1784 3689">
     <span class='ocr_line' id='line_1_38' title="bbox 195 3608 1784 3689; baseline -0.008 -19"><span class='ocrx_word' id='word_1_263' title='bbox 195 3616 408 3689; x_wconf 85' lang='lat' dir='ltr'><strong>guinem</strong></span> <span class='ocrx_word' id='word_1_264' title='bbox 437 3623 715 3682; x_wconf 84' lang='lat' dir='ltr'><strong>antequam</strong></span> <span class='ocrx_word' id='word_1_265' title='bbox 750 3611 917 3664; x_wconf 79' lang='lat' dir='ltr'><strong>veniat</strong></span> <span class='ocrx_word' id='word_1_266' title='bbox 938 3610 1051 3662; x_wconf 81' lang='lat' dir='ltr'><strong>dies</strong></span> <span class='ocrx_word' id='word_1_267' title='bbox 1088 3608 1302 3661; x_wconf 86' lang='lat' dir='ltr'><strong>Domini</strong></span> <span class='ocrx_word' id='word_1_268' title='bbox 1333 3624 1553 3676; x_wconf 82' lang='lat' dir='ltr'><strong>magnus</strong></span> <span class='ocrx_word' id='word_1_269' title='bbox 1602 3616 1649 3659; x_wconf 90' lang='lat' dir='ltr'><strong>et</strong></span> <span class='ocrx_word' id='word_1_270' title='bbox 1676 3622 1784 3659; x_wconf 56' lang='lat' dir='ltr'><strong>ma-</strong></span> 
     </span>
    </p>
   </div>
   <div class='ocr_carea' id='block_1_39' title="bbox 198 3700 1784 3777">
    <p class='ocr_par' dir='ltr' id='par_1_39' title="bbox 198 3700 1784 3777">
     <span class='ocr_line' id='line_1_39' title="bbox 198 3700 1784 3777; baseline -0.009 -15"><span class='ocrx_word' id='word_1_271' title='bbox 198 3707 441 3777; x_wconf 72' lang='lat' dir='ltr'><strong>nifestus.</strong></span> <span class='ocrx_word' id='word_1_272' title='bbox 486 3705 617 3759; x_wconf 86' lang='lat' dir='ltr'><strong>Item</strong></span> <span class='ocrx_word' id='word_1_273' title='bbox 655 3703 797 3772; x_wconf 90' lang='lat' dir='ltr'><strong>quod</strong></span> <span class='ocrx_word' id='word_1_274' title='bbox 827 3701 998 3755; x_wconf 86' lang='lat' dir='ltr'><strong>Lucas</strong></span> <span class='ocrx_word' id='word_1_275' title='bbox 1028 3700 1124 3763; x_wconf 88' lang='lat' dir='ltr'><strong>ait,</strong></span> <span class='ocrx_word' id='word_1_276' title='bbox 1172 3709 1218 3753; x_wconf 85' lang='lat' dir='ltr'><strong>et</strong></span> <span class='ocrx_word' id='word_1_277' title='bbox 1250 3700 1301 3751; x_wconf 85' lang='lat' dir='ltr'><strong>in</strong></span> <span class='ocrx_word' id='word_1_278' title='bbox 1354 3700 1506 3751; x_wconf 86' lang='lat' dir='ltr'><strong>terris</strong></span> <span class='ocrx_word' id='word_1_279' title='bbox 1540 3711 1784 3765; x_wconf 78' lang='lat' dir='ltr'><strong>pressura</strong></span> 
     </span>
    </p>
   </div>
   <div class='ocr_carea' id='block_1_40' title="bbox 196 3790 1782 3872">
    <p class='ocr_par' dir='ltr' id='par_1_40' title="bbox 196 3790 1782 3872">
     <span class='ocr_line' id='line_1_40' title="bbox 196 3790 1782 3872; baseline -0.007 -20"><span class='ocrx_word' id='word_1_280' title='bbox 196 3800 451 3872; x_wconf 83' lang='lat' dir='ltr'><strong>gentium,</strong></span> <span class='ocrx_word' id='word_1_281' title='bbox 484 3797 659 3866; x_wconf 89' lang='lat' dir='ltr'><strong>ipsum</strong></span> <span class='ocrx_word' id='word_1_282' title='bbox 705 3811 824 3850; x_wconf 87' lang='lat' dir='ltr'><strong>esse</strong></span> <span class='ocrx_word' id='word_1_283' title='bbox 852 3810 971 3849; x_wconf 84' lang='lat' dir='ltr'><strong>reor</strong></span> <span class='ocrx_word' id='word_1_284' title='bbox 999 3793 1141 3861; x_wconf 90' lang='lat' dir='ltr'><strong>quod</strong></span> <span class='ocrx_word' id='word_1_285' title='bbox 1194 3790 1513 3845; x_wconf 80' lang='lat' dir='ltr'><strong>Antichristi</strong></span> <span class='ocrx_word' id='word_1_286' title='bbox 1545 3799 1782 3858; x_wconf 84' lang='lat' dir='ltr'><strong>tempora</strong></span> 
     </span>
    </p>
   </div>
   <div class='ocr_carea' id='block_1_41' title="bbox 198 3880 1784 3949">
    <p class='ocr_par' dir='ltr' id='par_1_41' title="bbox 198 3880 1784 3949">
     <span class='ocr_line' id='line_1_41' title="bbox 198 3880 1784 3949; baseline -0.012 0"><span class='ocrx_word' id='word_1_287' title='bbox 198 3890 513 3949; x_wconf 88' lang='lat' dir='ltr'><strong>describens</strong></span> <span class='ocrx_word' id='word_1_288' title='bbox 574 3887 859 3941; x_wconf 71' lang='lat' dir='ltr'><strong>Mattltaeus</strong></span> <span class='ocrx_word' id='word_1_289' title='bbox 904 3886 1034 3939; x_wconf 88' lang='lat' dir='ltr'><strong>dicit</strong></span> <span class='ocrx_word' id='word_1_290' title='bbox 1066 3901 1079 3937; x_wconf 87' lang='lat'><strong>:</strong></span> <span class='ocrx_word' id='word_1_291' title='bbox 1108 3883 1225 3935; x_wconf 84' lang='lat' dir='ltr'><strong>Erit</strong></span> <span class='ocrx_word' id='word_1_292' title='bbox 1280 3883 1416 3935; x_wconf 85' lang='lat' dir='ltr'><strong>enim</strong></span> <span class='ocrx_word' id='word_1_293' title='bbox 1458 3890 1579 3933; x_wconf 82' lang='lat' dir='ltr'><strong>tunc</strong></span> <span class='ocrx_word' id='word_1_294' title='bbox 1622 3880 1784 3931; x_wconf 86' lang='lat' dir='ltr'><strong>tribu-</strong></span> 
     </span>
    </p>
   </div>
   <div class='ocr_carea' id='block_1_42' title="bbox 198 3971 1786 4049">
    <p class='ocr_par' dir='ltr' id='par_1_42' title="bbox 198 3971 1786 4049">
     <span class='ocr_line' id='line_1_42' title="bbox 198 3971 1786 4049; baseline -0.009 -13"><span class='ocrx_word' id='word_1_295' title='bbox 198 3982 331 4036; x_wconf 84' lang='lat' dir='ltr'><strong>latio</strong></span> <span class='ocrx_word' id='word_1_296' title='bbox 368 3996 580 4049; x_wconf 87' lang='lat' dir='ltr'><strong>magna,</strong></span> <span class='ocrx_word' id='word_1_297' title='bbox 627 3976 797 4047; x_wconf 82' lang='lat' dir='ltr'><strong>qualis</strong></span> <span class='ocrx_word' id='word_1_298' title='bbox 828 3993 930 4029; x_wconf 87' lang='lat' dir='ltr'><strong>non</strong></span> <span class='ocrx_word' id='word_1_299' title='bbox 966 3974 1064 4043; x_wconf 80' lang='lat' dir='ltr'><strong>fuit</strong></span> <span class='ocrx_word' id='word_1_300' title='bbox 1100 3973 1163 4027; x_wconf 86' lang='lat' dir='ltr'><strong>ab</strong></span> <span class='ocrx_word' id='word_1_301' title='bbox 1196 3973 1345 4025; x_wconf 87' lang='lat' dir='ltr'><strong>initio</strong></span> <span class='ocrx_word' id='word_1_302' title='bbox 1402 3971 1585 4023; x_wconf 87' lang='lat' dir='ltr'><strong>mundi</strong></span> <span class='ocrx_word' id='word_1_303' title='bbox 1622 3984 1786 4039; x_wconf 80' lang='lat' dir='ltr'><strong>usque</strong></span> 
     </span>
    </p>
   </div>
   <div class='ocr_carea' id='block_1_43' title="bbox 198 4057 1785 4134">
    <p class='ocr_par' dir='ltr' id='par_1_43' title="bbox 198 4057 1785 4134">
     <span class='ocr_line' id='line_1_43' title="bbox 198 4057 1785 4134; baseline -0.008 -8"><span class='ocrx_word' id='word_1_304' title='bbox 198 4070 357 4127; x_wconf 76' lang='lat' dir='ltr'><strong>modo</strong></span> <span class='ocrx_word' id='word_1_305' title='bbox 404 4086 493 4122; x_wconf 86' lang='lat' dir='ltr'><strong>nec</strong></span> <span class='ocrx_word' id='word_1_306' title='bbox 524 4068 631 4134; x_wconf 77' lang='lat' dir='ltr'><strong>fiet.</strong></span> <span class='ocrx_word' id='word_1_307' title='bbox 684 4066 835 4132; x_wconf 85' lang='lat' dir='ltr'><strong>Quod</strong></span> <span class='ocrx_word' id='word_1_308' title='bbox 864 4074 1043 4118; x_wconf 82' lang='lat' dir='ltr'><strong>autem</strong></span> <span class='ocrx_word' id='word_1_309' title='bbox 1098 4062 1269 4116; x_wconf 85' lang='lat' dir='ltr'><strong>Lucas</strong></span> <span class='ocrx_word' id='word_1_310' title='bbox 1318 4060 1610 4129; x_wconf 78' lang='lat' dir='ltr'><strong>subjungit,</strong></span> <span class='ocrx_word' id='word_1_311' title='bbox 1663 4057 1785 4113; x_wconf 78' lang='lat' dir='ltr'><strong>Praz</strong></span> 
     </span>
    </p>
   </div>
   <div class='ocr_carea' id='block_1_44' title="bbox 200 4150 1780 4230">
    <p class='ocr_par' dir='ltr' id='par_1_44' title="bbox 200 4150 1780 4230">
     <span class='ocr_line' id='line_1_44' title="bbox 200 4150 1780 4230; baseline -0.008 -14"><span class='ocrx_word' id='word_1_312' title='bbox 200 4160 508 4230; x_wconf 77' lang='lat' dir='ltr'><strong>confusione</strong></span> <span class='ocrx_word' id='word_1_313' title='bbox 530 4158 730 4212; x_wconf 84' lang='lat' dir='ltr'><strong>sonitus</strong></span> <span class='ocrx_word' id='word_1_314' title='bbox 756 4158 914 4209; x_wconf 84' lang='lat' dir='ltr'><strong>maris</strong></span> <span class='ocrx_word' id='word_1_315' title='bbox 938 4163 985 4208; x_wconf 88' lang='lat' dir='ltr'><strong>et</strong></span> <span class='ocrx_word' id='word_1_316' title='bbox 1010 4155 1288 4223; x_wconf 83' lang='lat' dir='ltr'><strong>ﬂuctuum,</strong></span> <span class='ocrx_word' id='word_1_317' title='bbox 1315 4166 1492 4220; x_wconf 73' lang='lat' dir='ltr'><strong>prteco</strong></span> <span class='ocrx_word' id='word_1_318' title='bbox 1514 4159 1598 4203; x_wconf 87' lang='lat' dir='ltr'><strong>est</strong></span> <span class='ocrx_word' id='word_1_319' title='bbox 1618 4150 1780 4215; x_wconf 89' lang='lat' dir='ltr'><strong>illius,</strong></span> 
     </span>
    </p>
   </div>
   <div class='ocr_carea' id='block_1_45' title="bbox 202 4240 1786 4323">
    <p class='ocr_par' dir='ltr' id='par_1_45' title="bbox 202 4240 1786 4323">
     <span class='ocr_line' id='line_1_45' title="bbox 202 4240 1786 4323; baseline -0.008 -16"><span class='ocrx_word' id='word_1_320' title='bbox 202 4252 348 4323; x_wconf 88' lang='lat' dir='ltr'><strong>quod</strong></span> <span class='ocrx_word' id='word_1_321' title='bbox 391 4251 529 4304; x_wconf 90' lang='lat' dir='ltr'><strong>inter</strong></span> <span class='ocrx_word' id='word_1_322' title='bbox 578 4257 770 4303; x_wconf 75' lang='lat' dir='ltr'><strong>caetera</strong></span> <span class='ocrx_word' id='word_1_323' title='bbox 805 4244 1081 4300; x_wconf 86' lang='lat' dir='ltr'><strong>mutabilia</strong></span> <span class='ocrx_word' id='word_1_324' title='bbox 1136 4243 1317 4298; x_wconf 64' lang='lat' dir='ltr'><strong>sazculi</strong></span> <span class='ocrx_word' id='word_1_325' title='bbox 1360 4240 1601 4305; x_wconf 70' lang='lat' dir='ltr'><strong>Joannes</strong></span> <span class='ocrx_word' id='word_1_326' title='bbox 1636 4256 1786 4295; x_wconf 89' lang='lat' dir='ltr'><strong>mare</strong></span> 
     </span>
    </p>
   </div>
   <div class='ocr_carea' id='block_1_46' title="bbox 202 4338 808 4409">
    <p class='ocr_par' dir='ltr' id='par_1_46' title="bbox 202 4338 808 4409">
     <span class='ocr_line' id='line_1_46' title="bbox 202 4338 808 4409; baseline -0.012 -11"><span class='ocrx_word' id='word_1_327' title='bbox 202 4344 475 4398; x_wconf 84' lang='lat' dir='ltr'><strong>abiturum</strong></span> <span class='ocrx_word' id='word_1_328' title='bbox 506 4338 808 4409; x_wconf 81' lang='lat' dir='ltr'><strong>conspexit.</strong></span> 
     </span>
    </p>
   </div>
   <div class='ocr_carea' id='block_1_47' title="bbox 279 4424 1787 4495">
    <p class='ocr_par' dir='ltr' id='par_1_47' title="bbox 279 4424 1787 4495">
     <span class='ocr_line' id='line_1_47' title="bbox 279 4424 1787 4495; baseline -0.009 -4"><span class='ocrx_word' id='word_1_329' title='bbox 279 4434 637 4491; x_wconf 81' lang='lat' dir='ltr'><strong>Arescentibus</strong></span> <span class='ocrx_word' id='word_1_330' title='bbox 668 4431 960 4485; x_wconf 78' lang='lat' dir='ltr'><strong>hominibus</strong></span> <span class='ocrx_word' id='word_1_331' title='bbox 986 4444 1094 4495; x_wconf 78' lang='lat' dir='ltr'><strong>pra:</strong></span> <span class='ocrx_word' id='word_1_332' title='bbox 1122 4428 1306 4481; x_wconf 86' lang='lat' dir='ltr'><strong>timore</strong></span> <span class='ocrx_word' id='word_1_333' title='bbox 1333 4434 1380 4478; x_wconf 89' lang='lat' dir='ltr'><strong>et</strong></span> <span class='ocrx_word' id='word_1_334' title='bbox 1409 4424 1787 4493; x_wconf 76' lang='lat' dir='ltr'><strong>exspectatione</strong></span> 
     </span>
    </p>
   </div>
   <div class='ocr_carea' id='block_1_48' title="bbox 202 4512 1787 4597">
    <p class='ocr_par' dir='ltr' id='par_1_48' title="bbox 202 4512 1787 4597">
     <span class='ocr_line' id='line_1_48' title="bbox 202 4512 1787 4597; baseline -0.008 -19"><span class='ocrx_word' id='word_1_335' title='bbox 202 4540 323 4597; x_wconf 70' lang='lat' dir='ltr'><strong>quae</strong></span> <span class='ocrx_word' id='word_1_336' title='bbox 357 4521 715 4592; x_wconf 79' lang='lat' dir='ltr'><strong>supervenient</strong></span> <span class='ocrx_word' id='word_1_337' title='bbox 751 4519 987 4572; x_wconf 77' lang='lat' dir='ltr'><strong>uniuerso</strong></span> <span class='ocrx_word' id='word_1_338' title='bbox 1025 4516 1154 4569; x_wconf 89' lang='lat' dir='ltr'><strong>orbi.</strong></span> <span class='ocrx_word' id='word_1_339' title='bbox 1193 4513 1368 4569; x_wconf 87' lang='lat' dir='ltr'><strong>Credo</strong></span> <span class='ocrx_word' id='word_1_340' title='bbox 1398 4513 1568 4582; x_wconf 87' lang='lat' dir='ltr'><strong>ipsum</strong></span> <span class='ocrx_word' id='word_1_341' title='bbox 1590 4512 1787 4582; x_wconf 84' lang='lat' dir='ltr'><strong>judicis</strong></span> 
     </span>
    </p>
   </div>
   <div class='ocr_carea' id='block_1_49' title="bbox 207 4591 1871 4676">
    <p class='ocr_par' dir='ltr' id='par_1_49' title="bbox 207 4591 1871 4676">
     <span class='ocr_line' id='line_1_49' title="bbox 207 4591 1871 4676; baseline -0.008 -7"><span class='ocrx_word' id='word_1_342' title='bbox 207 4591 499 4669; x_wconf 75' lang='lat' dir='ltr'><strong>adventum</strong></span> <span class='ocrx_word' id='word_1_343' title='bbox 529 4610 630 4663; x_wconf 85' lang='lat' dir='ltr'><strong>hac</strong></span> <span class='ocrx_word' id='word_1_344' title='bbox 656 4602 919 4663; x_wconf 82' lang='lat' dir='ltr'><strong>sententia</strong></span> <span class='ocrx_word' id='word_1_345' title='bbox 945 4604 1213 4676; x_wconf 79' lang='lat' dir='ltr'><strong>designari</strong></span> <span class='ocrx_word' id='word_1_346' title='bbox 1242 4605 1455 4674; x_wconf 87' lang='lat' dir='ltr'><strong>quando</strong></span> <span class='ocrx_word' id='word_1_347' title='bbox 1476 4602 1630 4671; x_wconf 84' lang='lat' dir='ltr'><strong>juxta</strong></span> <span class='ocrx_word' id='word_1_348' title='bbox 1659 4602 1794 4657; x_wconf 88' lang='lat' dir='ltr'><strong>alte—</strong></span> <span class='ocrx_word' id='word_1_349' title='bbox 1818 4591 1871 4649; x_wconf 83' lang='lat' dir='ltr'><strong>D</strong></span> 
     </span>
    </p>
   </div>
   <div class='ocr_carea' id='block_1_50' title="bbox 208 4692 1795 4771">
    <p class='ocr_par' dir='ltr' id='par_1_50' title="bbox 208 4692 1795 4771">
     <span class='ocr_line' id='line_1_50' title="bbox 208 4692 1795 4771; baseline -0.009 -10"><span class='ocrx_word' id='word_1_350' title='bbox 208 4706 326 4761; x_wconf 86' lang='lat' dir='ltr'><strong>rius</strong></span> <span class='ocrx_word' id='word_1_351' title='bbox 348 4702 450 4757; x_wconf 89' lang='lat' dir='ltr'><strong>loci</strong></span> <span class='ocrx_word' id='word_1_352' title='bbox 477 4698 785 4771; x_wconf 88' lang='lat' dir='ltr'><strong>parabolam</strong></span> <span class='ocrx_word' id='word_1_353' title='bbox 802 4712 1009 4764; x_wconf 89' lang='lat' dir='ltr'><strong>omnes,</strong></span> <span class='ocrx_word' id='word_1_354' title='bbox 1035 4698 1136 4751; x_wconf 82' lang='lat' dir='ltr'><strong>hoc</strong></span> <span class='ocrx_word' id='word_1_355' title='bbox 1151 4704 1233 4750; x_wconf 88' lang='lat' dir='ltr'><strong>est</strong></span> <span class='ocrx_word' id='word_1_356' title='bbox 1252 4694 1539 4765; x_wconf 89' lang='lat' dir='ltr'><strong>prudentes</strong></span> <span class='ocrx_word' id='word_1_357' title='bbox 1562 4700 1617 4747; x_wconf 90' lang='lat' dir='ltr'><strong>et</strong></span> <span class='ocrx_word' id='word_1_358' title='bbox 1633 4692 1795 4747; x_wconf 82' lang='lat' dir='ltr'><strong>fatuae</strong></span> 
     </span>
    </p>
   </div>
   <div class='ocr_carea' id='block_1_51' title="bbox 207 4782 1792 4865">
    <p class='ocr_par' dir='ltr' id='par_1_51' title="bbox 207 4782 1792 4865">
     <span class='ocr_line' id='line_1_51' title="bbox 207 4782 1792 4865; baseline -0.009 -16"><span class='ocrx_word' id='word_1_359' title='bbox 207 4794 451 4865; x_wconf 74' lang='lat' dir='ltr'><strong>virgines</strong></span> <span class='ocrx_word' id='word_1_360' title='bbox 474 4788 689 4844; x_wconf 87' lang='lat' dir='ltr'><strong>insolito</strong></span> <span class='ocrx_word' id='word_1_361' title='bbox 718 4786 953 4842; x_wconf 86' lang='lat' dir='ltr'><strong>clamore</strong></span> <span class='ocrx_word' id='word_1_362' title='bbox 982 4785 1253 4839; x_wconf 72' lang='lat' dir='ltr'><strong>suscitata:</strong></span> <span class='ocrx_word' id='word_1_363' title='bbox 1274 4782 1545 4851; x_wconf 84' lang='lat' dir='ltr'><strong>lampades</strong></span> <span class='ocrx_word' id='word_1_364' title='bbox 1570 4790 1792 4847; x_wconf 88' lang='lat' dir='ltr'><strong>ornant,</strong></span> 
     </span>
    </p>
   </div>
   <div class='ocr_carea' id='block_1_52' title="bbox 212 4872 1797 4946">
    <p class='ocr_par' dir='ltr' id='par_1_52' title="bbox 212 4872 1797 4946">
     <span class='ocr_line' id='line_1_52' title="bbox 212 4872 1797 4946; baseline -0.009 -6"><span class='ocrx_word' id='word_1_365' title='bbox 212 4886 358 4941; x_wconf 87' lang='lat' dir='ltr'><strong>idem</strong></span> <span class='ocrx_word' id='word_1_366' title='bbox 412 4897 508 4937; x_wconf 89' lang='lat' dir='ltr'><strong>sua</strong></span> <span class='ocrx_word' id='word_1_367' title='bbox 548 4892 730 4935; x_wconf 87' lang='lat' dir='ltr'><strong>secum</strong></span> <span class='ocrx_word' id='word_1_368' title='bbox 766 4890 927 4946; x_wconf 78' lang='lat' dir='ltr'><strong>Opera</strong></span> <span class='ocrx_word' id='word_1_369' title='bbox 967 4882 1282 4939; x_wconf 84' lang='lat' dir='ltr'><strong>numerant,</strong></span> <span class='ocrx_word' id='word_1_370' title='bbox 1320 4888 1419 4942; x_wconf 87' lang='lat' dir='ltr'><strong>pro</strong></span> <span class='ocrx_word' id='word_1_371' title='bbox 1453 4872 1646 4941; x_wconf 76' lang='lat' dir='ltr'><strong>quibus</strong></span> <span class='ocrx_word' id='word_1_372' title='bbox 1683 4887 1797 4926; x_wconf 90' lang='lat' dir='ltr'><strong>ma-</strong></span> 
     </span>
    </p>
   </div>
   <div class='ocr_carea' id='block_1_53' title="bbox 211 4964 1798 5037">
    <p class='ocr_par' dir='ltr' id='par_1_53' title="bbox 211 4964 1798 5037">
     <span class='ocr_line' id='line_1_53' title="bbox 211 4964 1798 5037; baseline -0.008 -7"><span class='ocrx_word' id='word_1_373' title='bbox 211 4973 362 5031; x_wconf 75' lang='lat' dir='ltr'><strong>ximo</strong></span> <span class='ocrx_word' id='word_1_374' title='bbox 381 4988 507 5028; x_wconf 91' lang='lat' dir='ltr'><strong>cum</strong></span> <span class='ocrx_word' id='word_1_375' title='bbox 531 4972 723 5025; x_wconf 89' lang='lat' dir='ltr'><strong>timore</strong></span> <span class='ocrx_word' id='word_1_376' title='bbox 749 4967 861 5037; x_wconf 89' lang='lat' dir='ltr'><strong>jam</strong></span> <span class='ocrx_word' id='word_1_377' title='bbox 892 4965 1111 5036; x_wconf 87' lang='lat' dir='ltr'><strong>jamque</strong></span> <span class='ocrx_word' id='word_1_378' title='bbox 1144 4966 1433 5019; x_wconf 83' lang='lat' dir='ltr'><strong>instantem</strong></span> <span class='ocrx_word' id='word_1_379' title='bbox 1465 4964 1655 5019; x_wconf 56' lang='lat' dir='ltr'><strong>aeterni</strong></span> <span class='ocrx_word' id='word_1_380' title='bbox 1690 4964 1798 5017; x_wconf 73' lang='lat' dir='ltr'><strong>dis~</strong></span> 
     </span>
    </p>
   </div>
   <div class='ocr_carea' id='block_1_54' title="bbox 212 5054 1799 5132">
    <p class='ocr_par' dir='ltr' id='par_1_54' title="bbox 212 5054 1799 5132">
     <span class='ocr_line' id='line_1_54' title="bbox 212 5054 1799 5132; baseline -0.009 -9"><span class='ocrx_word' id='word_1_381' title='bbox 212 5064 464 5124; x_wconf 88' lang='lat' dir='ltr'><strong>criminis</strong></span> <span class='ocrx_word' id='word_1_382' title='bbox 499 5067 819 5132; x_wconf 76' lang='lat' dir='ltr'><strong>exSpcctant</strong></span> <span class='ocrx_word' id='word_1_383' title='bbox 854 5069 1127 5112; x_wconf 82' lang='lat' dir='ltr'><strong>eventum.</strong></span> <span class='ocrx_word' id='word_1_384' title='bbox 1167 5056 1300 5109; x_wconf 83' lang='lat' dir='ltr'><strong>Nam</strong></span> <span class='ocrx_word' id='word_1_385' title='bbox 1336 5064 1559 5110; x_wconf 90' lang='lat' dir='ltr'><strong>eatenus</strong></span> <span class='ocrx_word' id='word_1_386' title='bbox 1595 5054 1799 5124; x_wconf 85' lang='lat' dir='ltr'><strong>absque</strong></span> 
     </span>
    </p>
   </div>
   <div class='ocr_carea' id='block_1_55' title="bbox 212 5146 1799 5219">
    <p class='ocr_par' dir='ltr' id='par_1_55' title="bbox 212 5146 1799 5219">
     <span class='ocr_line' id='line_1_55' title="bbox 212 5146 1799 5219; baseline -0.008 -8"><span class='ocrx_word' id='word_1_387' title='bbox 212 5154 329 5212; x_wconf 81' lang='lat' dir='ltr'><strong>ullo</strong></span> <span class='ocrx_word' id='word_1_388' title='bbox 380 5153 575 5207; x_wconf 85' lang='lat' dir='ltr'><strong>timore</strong></span> <span class='ocrx_word' id='word_1_389' title='bbox 618 5149 817 5219; x_wconf 87' lang='lat' dir='ltr'><strong>judicis</strong></span> <span class='ocrx_word' id='word_1_390' title='bbox 866 5148 1146 5201; x_wconf 84' lang='lat' dir='ltr'><strong>universus</strong></span> <span class='ocrx_word' id='word_1_391' title='bbox 1192 5160 1327 5216; x_wconf 89' lang='lat' dir='ltr'><strong>pene</strong></span> <span class='ocrx_word' id='word_1_392' title='bbox 1380 5146 1525 5200; x_wconf 88' lang='lat' dir='ltr'><strong>orbis</strong></span> <span class='ocrx_word' id='word_1_393' title='bbox 1580 5155 1799 5199; x_wconf 87' lang='lat' dir='ltr'><strong>acturus</strong></span> 
     </span>
    </p>
   </div>
   <div class='ocr_carea' id='block_1_56' title="bbox 214 5234 1799 5313">
    <p class='ocr_par' dir='ltr' id='par_1_56' title="bbox 214 5234 1799 5313">
     <span class='ocr_line' id='line_1_56' title="bbox 214 5234 1799 5313; baseline -0.008 -14"><span class='ocrx_word' id='word_1_394' title='bbox 214 5254 335 5312; x_wconf 83' lang='lat' dir='ltr'><strong>est,</strong></span> <span class='ocrx_word' id='word_1_395' title='bbox 366 5242 621 5313; x_wconf 85' lang='lat' dir='ltr'><strong>Apostolo</strong></span> <span class='ocrx_word' id='word_1_396' title='bbox 646 5248 949 5297; x_wconf 85' lang='lat' dir='ltr'><strong>attestante,</strong></span> <span class='ocrx_word' id='word_1_397' title='bbox 983 5238 1072 5306; x_wconf 82' lang='lat' dir='ltr'><strong>qui</strong></span> <span class='ocrx_word' id='word_1_398' title='bbox 1099 5237 1212 5289; x_wconf 88' lang='lat' dir='ltr'><strong>ait:</strong></span> <span class='ocrx_word' id='word_1_399' title='bbox 1245 5234 1375 5290; x_wconf 88' lang='lat' dir='ltr'><strong>Cum</strong></span> <span class='ocrx_word' id='word_1_400' title='bbox 1406 5238 1541 5290; x_wconf 86' lang='lat' dir='ltr'><strong>enim</strong></span> <span class='ocrx_word' id='word_1_401' title='bbox 1570 5236 1799 5290; x_wconf 68' lang='lat' dir='ltr'><strong>dixerint</strong></span> 
     </span>
    </p>
   </div>
   <div class='ocr_carea' id='block_1_57' title="bbox 214 5328 1799 5412">
    <p class='ocr_par' dir='ltr' id='par_1_57' title="bbox 214 5328 1799 5412">
     <span class='ocr_line' id='line_1_57' title="bbox 214 5328 1799 5412; baseline -0.008 -20"><span class='ocrx_word' id='word_1_402' title='bbox 214 5354 326 5412; x_wconf 65' lang='lat' dir='ltr'><strong>pax</strong></span> <span class='ocrx_word' id='word_1_403' title='bbox 359 5344 406 5389; x_wconf 87' lang='lat' dir='ltr'><strong>et</strong></span> <span class='ocrx_word' id='word_1_404' title='bbox 442 5333 731 5397; x_wconf 71' lang='lat' dir='ltr'><strong>securitas,</strong></span> <span class='ocrx_word' id='word_1_405' title='bbox 765 5340 886 5383; x_wconf 85' lang='lat' dir='ltr'><strong>tunc</strong></span> <span class='ocrx_word' id='word_1_406' title='bbox 923 5329 1218 5399; x_wconf 85' lang='lat' dir='ltr'><strong>repentinus</strong></span> <span class='ocrx_word' id='word_1_407' title='bbox 1254 5328 1327 5382; x_wconf 87' lang='lat' dir='ltr'><strong>eis</strong></span> <span class='ocrx_word' id='word_1_408' title='bbox 1360 5328 1682 5397; x_wconf 85' lang='lat' dir='ltr'><strong>superveniet</strong></span> <span class='ocrx_word' id='word_1_409' title='bbox 1718 5328 1799 5380; x_wconf 84' lang='lat' dir='ltr'><strong>in-</strong></span> 
     </span>
    </p>
   </div>
   <div class='ocr_carea' id='block_1_58' title="bbox 215 5418 1799 5489">
    <p class='ocr_par' dir='ltr' id='par_1_58' title="bbox 215 5418 1799 5489">
     <span class='ocr_line' id='line_1_58' title="bbox 215 5418 1799 5489; baseline -0.009 -4"><span class='ocrx_word' id='word_1_410' title='bbox 215 5428 425 5485; x_wconf 80' lang='lat' dir='ltr'><strong>teritus.</strong></span> <span class='ocrx_word' id='word_1_411' title='bbox 458 5423 610 5477; x_wconf 87' lang='lat' dir='ltr'><strong>Tunc</strong></span> <span class='ocrx_word' id='word_1_412' title='bbox 639 5422 819 5489; x_wconf 87' lang='lat' dir='ltr'><strong>itaque</strong></span> <span class='ocrx_word' id='word_1_413' title='bbox 850 5420 1257 5489; x_wconf 85' lang='lat' dir='ltr'><strong>superveniente</strong></span> <span class='ocrx_word' id='word_1_414' title='bbox 1292 5420 1543 5473; x_wconf 83' lang='lat' dir='ltr'><strong>universo</strong></span> <span class='ocrx_word' id='word_1_415' title='bbox 1578 5418 1695 5473; x_wconf 89' lang='lat' dir='ltr'><strong>orbi</strong></span> <span class='ocrx_word' id='word_1_416' title='bbox 1735 5418 1799 5472; x_wconf 86' lang='lat' dir='ltr'><strong>ti-</strong></span> 
     </span>
    </p>
   </div>
   <div class='ocr_carea' id='block_1_59' title="bbox 218 5510 1797 5581">
    <p class='ocr_par' dir='ltr' id='par_1_59' title="bbox 218 5510 1797 5581">
     <span class='ocr_line' id='line_1_59' title="bbox 218 5510 1797 5581; baseline -0.006 -8"><span class='ocrx_word' id='word_1_417' title='bbox 218 5531 374 5574; x_wconf 81' lang='lat' dir='ltr'><strong>more</strong></span> <span class='ocrx_word' id='word_1_418' title='bbox 406 5522 461 5568; x_wconf 89' lang='lat' dir='ltr'><strong>et</strong></span> <span class='ocrx_word' id='word_1_419' title='bbox 495 5511 898 5581; x_wconf 78' lang='lat' dir='ltr'><strong>exspectatione</strong></span> <span class='ocrx_word' id='word_1_420' title='bbox 934 5510 1163 5567; x_wconf 87' lang='lat' dir='ltr'><strong>districti</strong></span> <span class='ocrx_word' id='word_1_421' title='bbox 1193 5510 1477 5575; x_wconf 78' lang='lat' dir='ltr'><strong>examinis,</strong></span> <span class='ocrx_word' id='word_1_422' title='bbox 1516 5510 1670 5564; x_wconf 89' lang='lat' dir='ltr'><strong>multi</strong></span> <span class='ocrx_word' id='word_1_423' title='bbox 1706 5511 1797 5580; x_wconf 89' lang='lat' dir='ltr'><strong>qui</strong></span> 
     </span>
    </p>
   </div>
   <div class='ocr_carea' id='block_1_60' title="bbox 219 5601 1799 5669">
    <p class='ocr_par' dir='ltr' id='par_1_60' title="bbox 219 5601 1799 5669">
     <span class='ocr_line' id='line_1_60' title="bbox 219 5601 1799 5669; baseline -0.008 -2"><span class='ocrx_word' id='word_1_424' title='bbox 219 5612 278 5666; x_wconf 88' lang='lat' dir='ltr'><strong>in</strong></span> <span class='ocrx_word' id='word_1_425' title='bbox 317 5610 423 5665; x_wconf 86' lang='lat' dir='ltr'><strong>hoc</strong></span> <span class='ocrx_word' id='word_1_426' title='bbox 458 5605 658 5660; x_wconf 88' lang='lat' dir='ltr'><strong>mundo</strong></span> <span class='ocrx_word' id='word_1_427' title='bbox 688 5601 877 5658; x_wconf 85' lang='lat' dir='ltr'><strong>ﬂorere</strong></span> <span class='ocrx_word' id='word_1_428' title='bbox 908 5603 1247 5669; x_wconf 76' lang='lat' dir='ltr'><strong>videbantur,</strong></span> <span class='ocrx_word' id='word_1_429' title='bbox 1279 5618 1399 5659; x_wconf 90' lang='lat' dir='ltr'><strong>cum</strong></span> <span class='ocrx_word' id='word_1_430' title='bbox 1442 5618 1507 5657; x_wconf 86' lang='lat' dir='ltr'><strong>se</strong></span> <span class='ocrx_word' id='word_1_431' title='bbox 1537 5603 1654 5657; x_wconf 91' lang='lat' dir='ltr'><strong>sine</strong></span> <span class='ocrx_word' id='word_1_432' title='bbox 1687 5601 1799 5655; x_wconf 85' lang='lat' dir='ltr'><strong>fru-</strong></span> 
     </span>
    </p>
   </div>
   <div class='ocr_carea' id='block_1_61' title="bbox 218 5691 1800 5764">
    <p class='ocr_par' dir='ltr' id='par_1_61' title="bbox 218 5691 1800 5764">
     <span class='ocr_line' id='line_1_61' title="bbox 218 5691 1800 5764; baseline -0.004 -11"><span class='ocrx_word' id='word_1_433' title='bbox 218 5709 310 5754; x_wconf 85' lang='lat' dir='ltr'><strong>ctu</strong></span> <span class='ocrx_word' id='word_1_434' title='bbox 361 5693 776 5764; x_wconf 79' lang='lat' dir='ltr'><strong>conspexerint,</strong></span> <span class='ocrx_word' id='word_1_435' title='bbox 822 5702 1087 5748; x_wconf 85' lang='lat' dir='ltr'><strong>arescent.</strong></span> <span class='ocrx_word' id='word_1_436' title='bbox 1139 5694 1290 5748; x_wconf 88' lang='lat' dir='ltr'><strong>Tunc</strong></span> <span class='ocrx_word' id='word_1_437' title='bbox 1342 5691 1470 5748; x_wconf 75' lang='lat' dir='ltr'><strong>fides</strong></span> <span class='ocrx_word' id='word_1_438' title='bbox 1516 5710 1633 5763; x_wconf 77' lang='lat' dir='ltr'><strong>qua:</strong></span> <span class='ocrx_word' id='word_1_439' title='bbox 1683 5694 1800 5748; x_wconf 88' lang='lat' dir='ltr'><strong>sine</strong></span> 
     </span>
    </p>
   </div>
   <div class='ocr_carea' id='block_1_62' title="bbox 219 5782 1798 5860">
    <p class='ocr_par' dir='ltr' id='par_1_62' title="bbox 219 5782 1798 5860">
     <span class='ocr_line' id='line_1_62' title="bbox 219 5782 1798 5860; baseline -0.003 -16"><span class='ocrx_word' id='word_1_440' title='bbox 219 5786 482 5860; x_wconf 84' lang='lat' dir='ltr'><strong>operibus</strong></span> <span class='ocrx_word' id='word_1_441' title='bbox 529 5784 795 5848; x_wconf 88' lang='lat' dir='ltr'><strong>virucrat,</strong></span> <span class='ocrx_word' id='word_1_442' title='bbox 840 5783 1104 5853; x_wconf 86' lang='lat' dir='ltr'><strong>probante</strong></span> <span class='ocrx_word' id='word_1_443' title='bbox 1156 5799 1213 5839; x_wconf 89' lang='lat' dir='ltr'><strong>se</strong></span> <span class='ocrx_word' id='word_1_444' title='bbox 1259 5782 1386 5852; x_wconf 82' lang='lat' dir='ltr'><strong>justi</strong></span> <span class='ocrx_word' id='word_1_445' title='bbox 1434 5785 1629 5853; x_wconf 84' lang='lat' dir='ltr'><strong>judicis</strong></span> <span class='ocrx_word' id='word_1_446' title='bbox 1680 5784 1798 5855; x_wconf 81' lang='lat' dir='ltr'><strong>igne</strong></span> 
     </span>
    </p>
   </div>
   <div class='ocr_carea' id='block_1_63' title="bbox 1878 606 3466 679">
    <p class='ocr_par' dir='ltr' id='par_1_63' title="bbox 1878 606 3466 679">
     <span class='ocr_line' id='line_1_63' title="bbox 1878 606 3466 679; baseline 0.001 -16"><span class='ocrx_word' id='word_1_447' title='bbox 1878 609 2191 679; x_wconf 88' lang='lat' dir='ltr'><strong>semetipsa.</strong></span> <span class='ocrx_word' id='word_1_448' title='bbox 2248 609 2455 663; x_wconf 81' lang='lat' dir='ltr'><strong>Reddet</strong></span> <span class='ocrx_word' id='word_1_449' title='bbox 2506 608 2651 663; x_wconf 78' lang='lat' dir='ltr'><strong>enim</strong></span> <span class='ocrx_word' id='word_1_450' title='bbox 2710 617 2836 662; x_wconf 89' lang='lat' dir='ltr'><strong>tunc</strong></span> <span class='ocrx_word' id='word_1_451' title='bbox 2883 606 3050 677; x_wconf 79' lang='lat' dir='ltr'><strong>judex</strong></span> <span class='ocrx_word' id='word_1_452' title='bbox 3105 608 3351 662; x_wconf 87' lang='lat' dir='ltr'><strong>vivorum</strong></span> <span class='ocrx_word' id='word_1_453' title='bbox 3407 618 3466 664; x_wconf 89' lang='lat' dir='ltr'><strong>et</strong></span> 
     </span>
    </p>
   </div>
   <div class='ocr_carea' id='block_1_64' title="bbox 1879 694 3465 752">
    <p class='ocr_par' dir='ltr' id='par_1_64' title="bbox 1879 694 3465 752">
     <span class='ocr_line' id='line_1_64' title="bbox 1879 694 3465 752; baseline 0 -1"><span class='ocrx_word' id='word_1_454' title='bbox 1879 706 2213 752; x_wconf 89' lang='lat' dir='ltr'><strong>mortuorum</strong></span> <span class='ocrx_word' id='word_1_455' title='bbox 2263 697 2518 751; x_wconf 89' lang='lat' dir='ltr'><strong>Dominus</strong></span> <span class='ocrx_word' id='word_1_456' title='bbox 2562 705 2746 752; x_wconf 85' lang='lat' dir='ltr'><strong>noster</strong></span> <span class='ocrx_word' id='word_1_457' title='bbox 2778 695 2934 751; x_wconf 82' lang='lat' dir='ltr'><strong>Jesus</strong></span> <span class='ocrx_word' id='word_1_458' title='bbox 2971 696 3220 751; x_wconf 86' lang='lat' dir='ltr'><strong>Christus</strong></span> <span class='ocrx_word' id='word_1_459' title='bbox 3251 694 3465 751; x_wconf 68' lang='lat' dir='ltr'><strong>unicul~</strong></span> 
     </span>
    </p>
   </div>
   <div class='ocr_carea' id='block_1_65' title="bbox 1882 789 2678 859">
    <p class='ocr_par' dir='ltr' id='par_1_65' title="bbox 1882 789 2678 859">
     <span class='ocr_line' id='line_1_65' title="bbox 1882 789 2678 859; baseline -0.004 -15"><span class='ocrx_word' id='word_1_460' title='bbox 1882 804 1988 859; x_wconf 89' lang='lat' dir='ltr'><strong>que</strong></span> <span class='ocrx_word' id='word_1_461' title='bbox 2027 789 2323 844; x_wconf 90' lang='lat' dir='ltr'><strong>secundum</strong></span> <span class='ocrx_word' id='word_1_462' title='bbox 2361 802 2521 855; x_wconf 80' lang='lat' dir='ltr'><strong>Opera</strong></span> <span class='ocrx_word' id='word_1_463' title='bbox 2563 803 2678 842; x_wconf 89' lang='lat' dir='ltr'><strong>sua.</strong></span> 
     </span>
    </p>
   </div>
   <div class='ocr_carea' id='block_1_66' title="bbox 2368 898 2963 953">
    <p class='ocr_par' dir='ltr' id='par_1_66' title="bbox 2368 898 2963 953">
     <span class='ocr_line' id='line_1_66' title="bbox 2368 898 2963 953; baseline 0.003 -4"><span class='ocrx_word' id='word_1_464' title='bbox 2368 898 2644 953; x_wconf 83' lang='lat' dir='ltr'><strong>llOMlLlA</strong></span> <span class='ocrx_word' id='word_1_465' title='bbox 2681 898 2963 953; x_wconf 75' lang='lat' dir='ltr'><strong>CXXXIX.</strong></span> 
     </span>
    </p>
   </div>
   <div class='ocr_carea' id='block_1_67' title="bbox 2537 1005 2802 1044">
    <p class='ocr_par' dir='ltr' id='par_1_67' title="bbox 2537 1005 2802 1044">
     <span class='ocr_line' id='line_1_67' title="bbox 2537 1005 2802 1044; baseline -0.008 0"><span class='ocrx_word' id='word_1_466' title='bbox 2537 1005 2694 1044; x_wconf 66' lang='lat' dir='ltr'><strong>FEBiA</strong></span> <span class='ocrx_word' id='word_1_467' title='bbox 2730 1006 2802 1042; x_wconf 77' lang='lat' dir='ltr'><strong>VL</strong></span> 
     </span>
    </p>
   </div>
   <div class='ocr_carea' id='block_1_68' title="bbox 2021 1079 3310 1150">
    <p class='ocr_par' dir='ltr' id='par_1_68' title="bbox 2021 1079 3310 1150">
     <span class='ocr_line' id='line_1_68' title="bbox 2021 1079 3310 1150; baseline 0.001 -15"><span class='ocrx_word' id='word_1_468' title='bbox 2021 1079 2208 1135; x_wconf 87' lang='lat' dir='ltr'><strong>Lectio</strong></span> <span class='ocrx_word' id='word_1_469' title='bbox 2245 1081 2417 1135; x_wconf 88' lang='lat' dir='ltr'><strong>sancti</strong></span> <span class='ocrx_word' id='word_1_470' title='bbox 2456 1080 2727 1150; x_wconf 75' lang='lat' dir='ltr'><strong>Evangelii</strong></span> <span class='ocrx_word' id='word_1_471' title='bbox 2764 1081 3054 1135; x_wconf 81' lang='lat' dir='ltr'><strong>secundum</strong></span> <span class='ocrx_word' id='word_1_472' title='bbox 3090 1080 3310 1136; x_wconf 80' lang='lat' dir='ltr'><strong>Lucam.</strong></span> 
     </span>
    </p>
   </div>
   <div class='ocr_carea' id='block_1_69' title="bbox 1950 1190 3464 1263">
    <p class='ocr_par' dir='ltr' id='par_1_69' title="bbox 1950 1190 3464 1263">
     <span class='ocr_line' id='line_1_69' title="bbox 1950 1190 3464 1263; baseline -0.004 -16"><span class='ocrx_word' id='word_1_473' title='bbox 1950 1193 2018 1247; x_wconf 88' lang='lat' dir='ltr'><strong>In</strong></span> <span class='ocrx_word' id='word_1_474' title='bbox 2052 1193 2142 1247; x_wconf 88' lang='lat' dir='ltr'><strong>illo</strong></span> <span class='ocrx_word' id='word_1_475' title='bbox 2181 1204 2404 1261; x_wconf 82' lang='lat' dir='ltr'><strong>tempore</strong></span> <span class='ocrx_word' id='word_1_476' title='bbox 2432 1190 2564 1247; x_wconf 72' lang='lat' dir='ltr'><strong>dixit</strong></span> <span class='ocrx_word' id='word_1_477' title='bbox 2600 1191 2756 1247; x_wconf 70' lang='lat' dir='ltr'><strong>Iesus</strong></span> <span class='ocrx_word' id='word_1_478' title='bbox 2785 1192 3054 1263; x_wconf 83' lang='lat' dir='ltr'><strong>discipulis</strong></span> <span class='ocrx_word' id='word_1_479' title='bbox 3084 1193 3191 1246; x_wconf 87' lang='lat' dir='ltr'><strong>suis</strong></span> <span class='ocrx_word' id='word_1_480' title='bbox 3219 1206 3237 1243; x_wconf 89' lang='lat'><strong><em>:</em></strong></span> <span class='ocrx_word' id='word_1_481' title='bbox 3276 1193 3464 1246; x_wconf 71' lang='lat' dir='ltr'><strong>Atten-</strong></span> 
     </span>
    </p>
   </div>
   <div class='ocr_carea' id='block_1_70' title="bbox 1878 1282 3454 1353">
    <p class='ocr_par' dir='ltr' id='par_1_70' title="bbox 1878 1282 3454 1353">
     <span class='ocr_line' id='line_1_70' title="bbox 1878 1282 3454 1353; baseline -0.002 -16"><span class='ocrx_word' id='word_1_482' title='bbox 1878 1285 1984 1339; x_wconf 86' lang='lat' dir='ltr'><strong>dite</strong></span> <span class='ocrx_word' id='word_1_483' title='bbox 2032 1284 2199 1348; x_wconf 81' lang='lat' dir='ltr'><strong>vobis,</strong></span> <span class='ocrx_word' id='word_1_484' title='bbox 2255 1300 2317 1337; x_wconf 89' lang='lat' dir='ltr'><strong>ne</strong></span> <span class='ocrx_word' id='word_1_485' title='bbox 2351 1285 2484 1353; x_wconf 74' lang='lat' dir='ltr'><strong>forte</strong></span> <span class='ocrx_word' id='word_1_486' title='bbox 2516 1294 2800 1353; x_wconf 76' lang='lat' dir='ltr'><strong>graventur</strong></span> <span class='ocrx_word' id='word_1_487' title='bbox 2837 1283 2998 1337; x_wconf 85' lang='lat' dir='ltr'><strong>corda</strong></span> <span class='ocrx_word' id='word_1_488' title='bbox 3034 1292 3206 1336; x_wconf 86' lang='lat' dir='ltr'><strong>vestra</strong></span> <span class='ocrx_word' id='word_1_489' title='bbox 3240 1282 3294 1335; x_wconf 90' lang='lat' dir='ltr'><strong>in</strong></span> <span class='ocrx_word' id='word_1_490' title='bbox 3333 1297 3454 1334; x_wconf 56' lang='lat' dir='ltr'><strong>cra-</strong></span> 
     </span>
    </p>
   </div>
   <div class='ocr_carea' id='block_1_71' title="bbox 1877 1371 3460 1453">
    <p class='ocr_par' dir='ltr' id='par_1_71' title="bbox 1877 1371 3460 1453">
     <span class='ocr_line' id='line_1_71' title="bbox 1877 1371 3460 1453; baseline -0.001 -27"><span class='ocrx_word' id='word_1_491' title='bbox 1877 1374 2034 1443; x_wconf 85' lang='lat' dir='ltr'><strong>pula,</strong></span> <span class='ocrx_word' id='word_1_492' title='bbox 2066 1383 2111 1427; x_wconf 87' lang='lat' dir='ltr'><strong>et</strong></span> <span class='ocrx_word' id='word_1_493' title='bbox 2143 1374 2419 1438; x_wconf 84' lang='lat' dir='ltr'><strong>ebrietate,</strong></span> <span class='ocrx_word' id='word_1_494' title='bbox 2447 1382 2494 1427; x_wconf 86' lang='lat' dir='ltr'><strong>et</strong></span> <span class='ocrx_word' id='word_1_495' title='bbox 2523 1374 2662 1426; x_wconf 88' lang='lat' dir='ltr'><strong>curis</strong></span> <span class='ocrx_word' id='word_1_496' title='bbox 2689 1373 2847 1443; x_wconf 84' lang='lat' dir='ltr'><strong>hujus</strong></span> <span class='ocrx_word' id='word_1_497' title='bbox 2878 1372 3105 1453; x_wconf 36' lang='lat' dir='ltr'><strong>uitteket</strong></span> <span class='ocrx_word' id='word_1_498' title='bbox 3132 1371 3460 1442; x_wconf 75' lang='lat' dir='ltr'><strong>superveniat</strong></span> 
     </span>
    </p>
   </div>
   <div class='ocr_carea' id='block_1_72' title="bbox 1878 1449 3459 1533">
    <p class='ocr_par' dir='ltr' id='par_1_72' title="bbox 1878 1449 3459 1533">
     <span class='ocr_line' id='line_1_72' title="bbox 1878 1449 3459 1533; baseline -0.002 -15"><span class='ocrx_word' id='word_1_499' title='bbox 1878 1465 1933 1518; x_wconf 87' lang='lat' dir='ltr'><strong>iu</strong></span> <span class='ocrx_word' id='word_1_500' title='bbox 1961 1481 2046 1518; x_wconf 86' lang='lat' dir='ltr'><strong>vos</strong></span> <span class='ocrx_word' id='word_1_501' title='bbox 2075 1463 2183 1516; x_wconf 86' lang='lat' dir='ltr'><strong>dies</strong></span> <span class='ocrx_word' id='word_1_502' title='bbox 2210 1462 2304 1515; x_wconf 83' lang='lat' dir='ltr'><strong>illa</strong></span> <span class='ocrx_word' id='word_1_503' title='bbox 2331 1477 2349 1513; x_wconf 87' lang='lat'><strong><em>:</em></strong></span> <span class='ocrx_word' id='word_1_504' title='bbox 2381 1471 2631 1533; x_wconf 87' lang='lat' dir='ltr'><strong>tanquam</strong></span> <span class='ocrx_word' id='word_1_505' title='bbox 2658 1461 2871 1531; x_wconf 75' lang='lat' dir='ltr'><strong>laqueus</strong></span> <span class='ocrx_word' id='word_1_506' title='bbox 2897 1449 3459 1531; x_wconf 28' lang='lat' dir='ltr'><strong>enimvsuperveniet‘in</strong></span> 
     </span>
    </p>
   </div>
   <div class='ocr_carea' id='block_1_73' title="bbox 1879 1546 3349 1624">
    <p class='ocr_par' dir='ltr' id='par_1_73' title="bbox 1879 1546 3349 1624">
     <span class='ocr_line' id='line_1_73' title="bbox 1879 1546 3349 1624; baseline -0.003 -17"><span class='ocrx_word' id='word_1_507' title='bbox 1879 1546 2057 1607; x_wconf 65' lang='lat' dir='ltr'><strong>omnes</strong></span> <span class='ocrx_word' id='word_1_508' title='bbox 2086 1554 2175 1624; x_wconf 85' lang='lat' dir='ltr'><strong>qui</strong></span> <span class='ocrx_word' id='word_1_509' title='bbox 2206 1552 2381 1606; x_wconf 85' lang='lat' dir='ltr'><strong>sedent</strong></span> <span class='ocrx_word' id='word_1_510' title='bbox 2412 1569 2569 1621; x_wconf 81' lang='lat' dir='ltr'><strong>super</strong></span> <span class='ocrx_word' id='word_1_511' title='bbox 2596 1551 2787 1619; x_wconf 76' lang='lat' dir='ltr'><strong>faciem</strong></span> <span class='ocrx_word' id='word_1_512' title='bbox 2817 1551 2985 1605; x_wconf 86' lang='lat' dir='ltr'><strong>omnis</strong></span> <span class='ocrx_word' id='word_1_513' title='bbox 3013 1558 3167 1603; x_wconf 80' lang='lat' dir='ltr'><strong>terrte</strong></span> <span class='ocrx_word' id='word_1_514' title='bbox 3188 1590 3203 1614; x_wconf 94' lang='lat'><strong>,</strong></span> <span class='ocrx_word' id='word_1_515' title='bbox 3242 1557 3349 1603; x_wconf 90' lang='lat' dir='ltr'><strong>etc.</strong></span> 
     </span>
    </p>
   </div>
   <div class='ocr_carea' id='block_1_74' title="bbox 1950 1641 3458 1713">
    <p class='ocr_par' dir='ltr' id='par_1_74' title="bbox 1950 1641 3458 1713">
     <span class='ocr_line' id='line_1_74' title="bbox 1950 1641 3458 1713; baseline -0.005 -13"><span class='ocrx_word' id='word_1_516' title='bbox 1950 1644 1993 1700; x_wconf 92' lang='grc' dir='ltr'>Ο</span> <span class='ocrx_word' id='word_1_517' title='bbox 2026 1645 2187 1700; x_wconf 87' lang='lat' dir='ltr'><strong>stulta</strong></span> <span class='ocrx_word' id='word_1_518' title='bbox 2224 1644 2571 1713; x_wconf 62' lang='lat' dir='ltr'><strong>prmsumptio</strong></span> <span class='ocrx_word' id='word_1_519' title='bbox 2603 1642 2782 1698; x_wconf 88' lang='lat' dir='ltr'><strong>cordis</strong></span> <span class='ocrx_word' id='word_1_520' title='bbox 2811 1642 3063 1707; x_wconf 86' lang='lat' dir='ltr'><strong>humani,</strong></span> <span class='ocrx_word' id='word_1_521' title='bbox 3095 1657 3216 1696; x_wconf 90' lang='lat' dir='ltr'><strong>cum</strong></span> <span class='ocrx_word' id='word_1_522' title='bbox 3253 1641 3458 1695; x_wconf 86' lang='lat' dir='ltr'><strong>lamen—</strong></span> 
     </span>
    </p>
   </div>
   <div class='ocr_carea' id='block_1_75' title="bbox 1879 1733 3461 1807">
    <p class='ocr_par' dir='ltr' id='par_1_75' title="bbox 1879 1733 3461 1807">
     <span class='ocr_line' id='line_1_75' title="bbox 1879 1733 3461 1807; baseline -0.004 -14"><span class='ocrx_word' id='word_1_523' title='bbox 1879 1738 2096 1793; x_wconf 80' lang='lat' dir='ltr'><strong>tabilem</strong></span> <span class='ocrx_word' id='word_1_524' title='bbox 2126 1738 2289 1791; x_wconf 79' lang='lat' dir='ltr'><strong>linem</strong></span> <span class='ocrx_word' id='word_1_525' title='bbox 2322 1736 2631 1807; x_wconf 84' lang='lat' dir='ltr'><strong>cupiditatis</strong></span> <span class='ocrx_word' id='word_1_526' title='bbox 2652 1777 2665 1801; x_wconf 94' lang='lat'><strong>,</strong></span> <span class='ocrx_word' id='word_1_527' title='bbox 2699 1735 2979 1789; x_wconf 88' lang='lat' dir='ltr'><strong>ebrietatis</strong></span> <span class='ocrx_word' id='word_1_528' title='bbox 3005 1742 3060 1789; x_wconf 87' lang='lat' dir='ltr'><strong>et</strong></span> <span class='ocrx_word' id='word_1_529' title='bbox 3090 1733 3321 1803; x_wconf 70' lang='lat' dir='ltr'><strong>crapulae</strong></span> <span class='ocrx_word' id='word_1_530' title='bbox 3360 1747 3461 1787; x_wconf 85' lang='lat' dir='ltr'><strong>nec</strong></span> 
     </span>
    </p>
   </div>
   <div class='ocr_carea' id='block_1_76' title="bbox 1811 1822 3462 1921">
    <p class='ocr_par' dir='ltr' id='par_1_76' title="bbox 1811 1822 3462 1921">
     <span class='ocr_line' id='line_1_76' title="bbox 1811 1822 3462 1921; baseline -0.005 -37"><span class='ocrx_word' id='word_1_531' title='bbox 1811 1865 1853 1921; x_wconf 78' lang='grc' dir='ltr'><strong>Β</strong></span> <span class='ocrx_word' id='word_1_532' title='bbox 1884 1831 1997 1899; x_wconf 86' lang='lat' dir='ltr'><strong>ipso</strong></span> <span class='ocrx_word' id='word_1_533' title='bbox 2019 1828 2203 1897; x_wconf 86' lang='lat' dir='ltr'><strong>judice</strong></span> <span class='ocrx_word' id='word_1_534' title='bbox 2227 1837 2565 1882; x_wconf 84' lang='lat' dir='ltr'><strong>contestante</strong></span> <span class='ocrx_word' id='word_1_535' title='bbox 2592 1827 2911 1895; x_wconf 54' lang='lat' dir='ltr'><strong>praevideat,</strong></span> <span class='ocrx_word' id='word_1_536' title='bbox 2938 1826 3033 1879; x_wconf 81' lang='lat' dir='ltr'><strong>sed</strong></span> <span class='ocrx_word' id='word_1_537' title='bbox 3059 1824 3291 1878; x_wconf 89' lang='lat' dir='ltr'><strong>edictum</strong></span> <span class='ocrx_word' id='word_1_538' title='bbox 3318 1822 3462 1893; x_wconf 86' lang='lat' dir='ltr'><strong>regis</strong></span> 
     </span>
    </p>
   </div>
   <div class='ocr_carea' id='block_1_77' title="bbox 1884 1916 3465 1987">
    <p class='ocr_par' dir='ltr' id='par_1_77' title="bbox 1884 1916 3465 1987">
     <span class='ocr_line' id='line_1_77' title="bbox 1884 1916 3465 1987; baseline -0.006 -10"><span class='ocrx_word' id='word_1_539' title='bbox 1884 1923 2074 1977; x_wconf 56' lang='lat' dir='ltr'><strong>aeterni</strong></span> <span class='ocrx_word' id='word_1_540' title='bbox 2105 1937 2257 1975; x_wconf 89' lang='lat' dir='ltr'><strong>more</strong></span> <span class='ocrx_word' id='word_1_541' title='bbox 2288 1921 2429 1974; x_wconf 82' lang='lat' dir='ltr'><strong>servi</strong></span> <span class='ocrx_word' id='word_1_542' title='bbox 2458 1933 2689 1987; x_wconf 89' lang='lat' dir='ltr'><strong>nequam</strong></span> <span class='ocrx_word' id='word_1_543' title='bbox 2720 1927 3004 1987; x_wconf 82' lang='lat' dir='ltr'><strong>postquam</strong></span> <span class='ocrx_word' id='word_1_544' title='bbox 3035 1916 3284 1971; x_wconf 88' lang='lat' dir='ltr'><strong>didicerit</strong></span> <span class='ocrx_word' id='word_1_545' title='bbox 3312 1928 3465 1984; x_wconf 87' lang='lat' dir='ltr'><strong>sper—</strong></span> 
     </span>
    </p>
   </div>
   <div class='ocr_carea' id='block_1_78' title="bbox 1880 2007 3461 2078">
    <p class='ocr_par' dir='ltr' id='par_1_78' title="bbox 1880 2007 3461 2078">
     <span class='ocr_line' id='line_1_78' title="bbox 1880 2007 3461 2078; baseline -0.007 -9"><span class='ocrx_word' id='word_1_546' title='bbox 1880 2015 2005 2069; x_wconf 78' lang='lat' dir='ltr'><strong>nat!</strong></span> <span class='ocrx_word' id='word_1_547' title='bbox 2046 2012 2114 2066; x_wconf 84' lang='lat' dir='ltr'><strong>Et</strong></span> <span class='ocrx_word' id='word_1_548' title='bbox 2145 2021 2294 2065; x_wconf 84' lang='lat' dir='ltr'><strong>certe</strong></span> <span class='ocrx_word' id='word_1_549' title='bbox 2330 2010 2374 2065; x_wconf 92' lang='lat' dir='ltr'><strong>si</strong></span> <span class='ocrx_word' id='word_1_550' title='bbox 2405 2010 2527 2078; x_wconf 90' lang='lat' dir='ltr'><strong>quis</strong></span> <span class='ocrx_word' id='word_1_551' title='bbox 2564 2010 2721 2064; x_wconf 84' lang='lat' dir='ltr'><strong>nobis</strong></span> <span class='ocrx_word' id='word_1_552' title='bbox 2754 2009 2959 2078; x_wconf 87' lang='lat' dir='ltr'><strong>peritus</strong></span> <span class='ocrx_word' id='word_1_553' title='bbox 2998 2022 3060 2061; x_wconf 88' lang='lat' dir='ltr'><strong>ac</strong></span> <span class='ocrx_word' id='word_1_554' title='bbox 3095 2007 3311 2075; x_wconf 89' lang='lat' dir='ltr'><strong>sapiens</strong></span> <span class='ocrx_word' id='word_1_555' title='bbox 3345 2019 3461 2059; x_wconf 91' lang='lat' dir='ltr'><strong>me-</strong></span> 
     </span>
    </p>
   </div>
   <div class='ocr_carea' id='block_1_79' title="bbox 1882 2096 3466 2177">
    <p class='ocr_par' dir='ltr' id='par_1_79' title="bbox 1882 2096 3466 2177">
     <span class='ocr_line' id='line_1_79' title="bbox 1882 2096 3466 2177; baseline -0.005 -19"><span class='ocrx_word' id='word_1_556' title='bbox 1882 2103 2032 2177; x_wconf 84' lang='lat' dir='ltr'><strong>dicus</strong></span> <span class='ocrx_word' id='word_1_557' title='bbox 2070 2102 2141 2155; x_wconf 84' lang='lat' dir='ltr'><strong>ita</strong></span> <span class='ocrx_word' id='word_1_558' title='bbox 2179 2101 2496 2170; x_wconf 62' lang='lat' dir='ltr'><strong>praeciperet</strong></span> <span class='ocrx_word' id='word_1_559' title='bbox 2527 2116 2539 2152; x_wconf 93' lang='lat'>:</span> <span class='ocrx_word' id='word_1_560' title='bbox 2569 2099 2864 2162; x_wconf 80' lang='lat' dir='ltr'><strong>Attendite,</strong></span> <span class='ocrx_word' id='word_1_561' title='bbox 2896 2098 3161 2167; x_wconf 89' lang='lat' dir='ltr'><strong>inquiens,</strong></span> <span class='ocrx_word' id='word_1_562' title='bbox 3189 2096 3358 2159; x_wconf 80' lang='lat' dir='ltr'><strong>vobis,</strong></span> <span class='ocrx_word' id='word_1_563' title='bbox 3396 2110 3466 2150; x_wconf 91' lang='lat' dir='ltr'><strong>ne</strong></span> 
     </span>
    </p>
   </div>
   <div class='ocr_carea' id='block_1_80' title="bbox 1880 2186 3460 2261">
    <p class='ocr_par' dir='ltr' id='par_1_80' title="bbox 1880 2186 3460 2261">
     <span class='ocr_line' id='line_1_80' title="bbox 1880 2186 3460 2261; baseline -0.004 -15"><span class='ocrx_word' id='word_1_564' title='bbox 1880 2192 2002 2261; x_wconf 83' lang='lat' dir='ltr'><strong>quis</strong></span> <span class='ocrx_word' id='word_1_565' title='bbox 2028 2190 2184 2245; x_wconf 83' lang='lat' dir='ltr'><strong>verbi</strong></span> <span class='ocrx_word' id='word_1_566' title='bbox 2207 2190 2382 2259; x_wconf 87' lang='lat' dir='ltr'><strong>gratia</strong></span> <span class='ocrx_word' id='word_1_567' title='bbox 2412 2189 2479 2243; x_wconf 89' lang='lat' dir='ltr'><strong>de</strong></span> <span class='ocrx_word' id='word_1_568' title='bbox 2514 2188 2657 2243; x_wconf 91' lang='lat' dir='ltr'><strong>illius</strong></span> <span class='ocrx_word' id='word_1_569' title='bbox 2689 2196 2743 2243; x_wconf 89' lang='lat' dir='ltr'><strong>et</strong></span> <span class='ocrx_word' id='word_1_570' title='bbox 2773 2188 2914 2241; x_wconf 88' lang='lat' dir='ltr'><strong>illius</strong></span> <span class='ocrx_word' id='word_1_571' title='bbox 2946 2188 3128 2242; x_wconf 66' lang='lat' dir='ltr'><strong>herbae</strong></span> <span class='ocrx_word' id='word_1_572' title='bbox 3156 2200 3315 2241; x_wconf 86' lang='lat' dir='ltr'><strong>succo</strong></span> <span class='ocrx_word' id='word_1_573' title='bbox 3344 2186 3460 2239; x_wconf 88' lang='lat' dir='ltr'><strong>avi-</strong></span> 
     </span>
    </p>
   </div>
   <div class='ocr_carea' id='block_1_81' title="bbox 1881 2279 3464 2351">
    <p class='ocr_par' dir='ltr' id='par_1_81' title="bbox 1881 2279 3464 2351">
     <span class='ocr_line' id='line_1_81' title="bbox 1881 2279 3464 2351; baseline -0.007 -10"><span class='ocrx_word' id='word_1_574' title='bbox 1881 2285 2001 2341; x_wconf 89' lang='lat' dir='ltr'><strong>dius</strong></span> <span class='ocrx_word' id='word_1_575' title='bbox 2033 2292 2243 2345; x_wconf 86' lang='lat' dir='ltr'><strong>sumat,</strong></span> <span class='ocrx_word' id='word_1_576' title='bbox 2280 2281 2425 2351; x_wconf 90' lang='lat' dir='ltr'><strong>quod</strong></span> <span class='ocrx_word' id='word_1_577' title='bbox 2463 2280 2509 2334; x_wconf 92' lang='lat' dir='ltr'><strong>si</strong></span> <span class='ocrx_word' id='word_1_578' title='bbox 2549 2279 2738 2335; x_wconf 84' lang='lat' dir='ltr'><strong>fecerit</strong></span> <span class='ocrx_word' id='word_1_579' title='bbox 2769 2279 3085 2349; x_wconf 79' lang='lat' dir='ltr'><strong>repentinus</strong></span> <span class='ocrx_word' id='word_1_580' title='bbox 3123 2279 3171 2333; x_wconf 88' lang='lat' dir='ltr'><strong>ei</strong></span> <span class='ocrx_word' id='word_1_581' title='bbox 3207 2291 3464 2348; x_wconf 81' lang='lat' dir='ltr'><strong>superve—</strong></span> 
     </span>
    </p>
   </div>
   <div class='ocr_carea' id='block_1_82' title="bbox 1882 2368 3463 2439">
    <p class='ocr_par' dir='ltr' id='par_1_82' title="bbox 1882 2368 3463 2439">
     <span class='ocr_line' id='line_1_82' title="bbox 1882 2368 3463 2439; baseline -0.004 -11"><span class='ocrx_word' id='word_1_582' title='bbox 1882 2375 1996 2429; x_wconf 82' lang='lat' dir='ltr'><strong>niet</strong></span> <span class='ocrx_word' id='word_1_583' title='bbox 2030 2373 2286 2426; x_wconf 89' lang='lat' dir='ltr'><strong>interitus</strong></span> <span class='ocrx_word' id='word_1_584' title='bbox 2313 2412 2326 2436; x_wconf 86' lang='lat'><strong>,</strong></span> <span class='ocrx_word' id='word_1_585' title='bbox 2365 2380 2569 2439; x_wconf 86' lang='lat' dir='ltr'><strong>quanto</strong></span> <span class='ocrx_word' id='word_1_586' title='bbox 2605 2370 2833 2439; x_wconf 89' lang='lat' dir='ltr'><strong>quisque</strong></span> <span class='ocrx_word' id='word_1_587' title='bbox 2870 2369 3046 2424; x_wconf 88' lang='lat' dir='ltr'><strong>studio</strong></span> <span class='ocrx_word' id='word_1_588' title='bbox 3079 2368 3463 2437; x_wconf 59' lang='lat' dir='ltr'><strong>praemonentis</strong></span> 
     </span>
    </p>
   </div>
   <div class='ocr_carea' id='block_1_83' title="bbox 1884 2460 3462 2527">
    <p class='ocr_par' dir='ltr' id='par_1_83' title="bbox 1884 2460 3462 2527">
     <span class='ocr_line' id='line_1_83' title="bbox 1884 2460 3462 2527; baseline -0.006 -6"><span class='ocrx_word' id='word_1_589' title='bbox 1884 2466 2078 2521; x_wconf 86' lang='lat' dir='ltr'><strong>medici</strong></span> <span class='ocrx_word' id='word_1_590' title='bbox 2118 2464 2369 2518; x_wconf 83' lang='lat' dir='ltr'><strong>mandata</strong></span> <span class='ocrx_word' id='word_1_591' title='bbox 2409 2470 2678 2527; x_wconf 85' lang='lat' dir='ltr'><strong>servaret,</strong></span> <span class='ocrx_word' id='word_1_592' title='bbox 2721 2476 2788 2515; x_wconf 90' lang='lat' dir='ltr'><strong>ne</strong></span> <span class='ocrx_word' id='word_1_593' title='bbox 2822 2462 3069 2515; x_wconf 87' lang='lat' dir='ltr'><strong>videlicet</strong></span> <span class='ocrx_word' id='word_1_594' title='bbox 3109 2460 3332 2514; x_wconf 88' lang='lat' dir='ltr'><strong>vetitum</strong></span> <span class='ocrx_word' id='word_1_595' title='bbox 3370 2473 3462 2527; x_wconf 82' lang='lat' dir='ltr'><strong>gu-</strong></span> 
     </span>
    </p>
   </div>
   <div class='ocr_carea' id='block_1_84' title="bbox 1884 2552 3464 2626">
    <p class='ocr_par' dir='ltr' id='par_1_84' title="bbox 1884 2552 3464 2626">
     <span class='ocr_line' id='line_1_84' title="bbox 1884 2552 3464 2626; baseline -0.004 -15"><span class='ocrx_word' id='word_1_596' title='bbox 1884 2557 2077 2612; x_wconf 78' lang='lat' dir='ltr'><strong>sta‘ndo</strong></span> <span class='ocrx_word' id='word_1_597' title='bbox 2129 2556 2356 2626; x_wconf 86' lang='lat' dir='ltr'><strong>periretl</strong></span> <span class='ocrx_word' id='word_1_598' title='bbox 2398 2555 2469 2608; x_wconf 86' lang='lat' dir='ltr'><strong>At</strong></span> <span class='ocrx_word' id='word_1_599' title='bbox 2519 2570 2663 2609; x_wconf 91' lang='lat' dir='ltr'><strong>nunc</strong></span> <span class='ocrx_word' id='word_1_600' title='bbox 2706 2554 3009 2608; x_wconf 89' lang='lat' dir='ltr'><strong>animarum</strong></span> <span class='ocrx_word' id='word_1_601' title='bbox 3047 2552 3205 2606; x_wconf 88' lang='lat' dir='ltr'><strong>simul</strong></span> <span class='ocrx_word' id='word_1_602' title='bbox 3245 2559 3301 2604; x_wconf 88' lang='lat' dir='ltr'><strong>et</strong></span> <span class='ocrx_word' id='word_1_603' title='bbox 3341 2565 3464 2606; x_wconf 88' lang='lat' dir='ltr'><strong>cor-</strong></span> 
     </span>
    </p>
   </div>
   <div class='ocr_carea' id='block_1_85' title="bbox 1883 2640 3465 2719">
    <p class='ocr_par' dir='ltr' id='par_1_85' title="bbox 1883 2640 3465 2719">
     <span class='ocr_line' id='line_1_85' title="bbox 1883 2640 3465 2719; baseline -0.005 -16"><span class='ocrx_word' id='word_1_604' title='bbox 1883 2659 2073 2719; x_wconf 88' lang='lat' dir='ltr'><strong>porum</strong></span> <span class='ocrx_word' id='word_1_605' title='bbox 2109 2650 2349 2701; x_wconf 86' lang='lat' dir='ltr'><strong>salvator</strong></span> <span class='ocrx_word' id='word_1_606' title='bbox 2376 2661 2439 2700; x_wconf 91' lang='lat' dir='ltr'><strong>ac</strong></span> <span class='ocrx_word' id='word_1_607' title='bbox 2469 2645 2728 2699; x_wconf 90' lang='lat' dir='ltr'><strong>Dominus</strong></span> <span class='ocrx_word' id='word_1_608' title='bbox 2752 2643 2905 2714; x_wconf 87' lang='lat' dir='ltr'><strong>jubet</strong></span> <span class='ocrx_word' id='word_1_609' title='bbox 2935 2642 3211 2698; x_wconf 76' lang='lat' dir='ltr'><strong>ebrietatis</strong></span> <span class='ocrx_word' id='word_1_610' title='bbox 3242 2640 3465 2707; x_wconf 83' lang='lat' dir='ltr'><strong>herbam</strong></span> 
     </span>
    </p>
   </div>
   <div class='ocr_carea' id='block_1_86' title="bbox 1883 2728 3464 2807">
    <p class='ocr_par' dir='ltr' id='par_1_86' title="bbox 1883 2728 3464 2807">
     <span class='ocr_line' id='line_1_86' title="bbox 1883 2728 3464 2807; baseline -0.007 -15"><span class='ocrx_word' id='word_1_611' title='bbox 1883 2747 1938 2793; x_wconf 86' lang='lat' dir='ltr'><strong>ct</strong></span> <span class='ocrx_word' id='word_1_612' title='bbox 1991 2736 2223 2807; x_wconf 66' lang='lat' dir='ltr'><strong>crapula:</strong></span> <span class='ocrx_word' id='word_1_613' title='bbox 2274 2736 2583 2799; x_wconf 74' lang='lat' dir='ltr'><strong>vitandam,</strong></span> <span class='ocrx_word' id='word_1_614' title='bbox 2639 2750 2741 2789; x_wconf 88' lang='lat' dir='ltr'><strong>nec</strong></span> <span class='ocrx_word' id='word_1_615' title='bbox 2790 2749 2894 2787; x_wconf 91' lang='lat' dir='ltr'><strong>non</strong></span> <span class='ocrx_word' id='word_1_616' title='bbox 2942 2746 3192 2787; x_wconf 89' lang='lat' dir='ltr'><strong>curarum</strong></span> <span class='ocrx_word' id='word_1_617' title='bbox 3246 2728 3464 2785; x_wconf 62' lang='lat' dir='ltr'><strong>saecula-</strong></span> 
     </span>
    </p>
   </div>
   <div class='ocr_carea' id='block_1_87' title="bbox 1885 2822 3465 2894">
    <p class='ocr_par' dir='ltr' id='par_1_87' title="bbox 1885 2822 3465 2894">
     <span class='ocr_line' id='line_1_87' title="bbox 1885 2822 3465 2894; baseline -0.007 -10"><span class='ocrx_word' id='word_1_618' title='bbox 1885 2832 2054 2894; x_wconf 88' lang='lat' dir='ltr'><strong>rium,</strong></span> <span class='ocrx_word' id='word_1_619' title='bbox 2100 2828 2247 2882; x_wconf 87' lang='lat' dir='ltr'><strong>velut</strong></span> <span class='ocrx_word' id='word_1_620' title='bbox 2290 2825 2595 2883; x_wconf 74' lang='lat' dir='ltr'><strong>mortiferos</strong></span> <span class='ocrx_word' id='word_1_621' title='bbox 2642 2840 2831 2881; x_wconf 88' lang='lat' dir='ltr'><strong>succos</strong></span> <span class='ocrx_word' id='word_1_622' title='bbox 2876 2839 2998 2880; x_wconf 89' lang='lat' dir='ltr'><strong>esse</strong></span> <span class='ocrx_word' id='word_1_623' title='bbox 3049 2822 3320 2878; x_wconf 84' lang='lat' dir='ltr'><strong>cavendos</strong></span> <span class='ocrx_word' id='word_1_624' title='bbox 3348 2861 3362 2885; x_wconf 94' lang='lat'><strong>,</strong></span> <span class='ocrx_word' id='word_1_625' title='bbox 3411 2826 3465 2875; x_wconf 89' lang='lat' dir='ltr'><strong>et</strong></span> 
     </span>
    </p>
   </div>
   <div class='ocr_carea' id='block_1_88' title="bbox 1885 2912 3462 2991">
    <p class='ocr_par' dir='ltr' id='par_1_88' title="bbox 1885 2912 3462 2991">
     <span class='ocr_line' id='line_1_88' title="bbox 1885 2912 3462 2991; baseline -0.007 -16"><span class='ocrx_word' id='word_1_626' title='bbox 1885 2921 2073 2991; x_wconf 85' lang='lat' dir='ltr'><strong>quanti</strong></span> <span class='ocrx_word' id='word_1_627' title='bbox 2115 2928 2292 2973; x_wconf 88' lang='lat' dir='ltr'><strong>tamen</strong></span> <span class='ocrx_word' id='word_1_628' title='bbox 2334 2928 2580 2974; x_wconf 89' lang='lat' dir='ltr'><strong>nostrum</strong></span> <span class='ocrx_word' id='word_1_629' title='bbox 2619 2919 2703 2972; x_wconf 88' lang='lat' dir='ltr'><strong>his</strong></span> <span class='ocrx_word' id='word_1_630' title='bbox 2736 2912 2840 2971; x_wconf 72' lang='lat' dir='ltr'><strong>non</strong></span> <span class='ocrx_word' id='word_1_631' title='bbox 2872 2916 3044 2973; x_wconf 85' lang='lat' dir='ltr'><strong>solum</strong></span> <span class='ocrx_word' id='word_1_632' title='bbox 3074 2913 3341 2977; x_wconf 84' lang='lat' dir='ltr'><strong>sauciari,</strong></span> <span class='ocrx_word' id='word_1_633' title='bbox 3372 2912 3462 2967; x_wconf 70' lang='lat' dir='ltr'><strong>sed</strong></span> 
     </span>
    </p>
   </div>
   <div class='ocr_carea' id='block_1_89' title="bbox 1885 3002 3462 3070">
    <p class='ocr_par' dir='ltr' id='par_1_89' title="bbox 1885 3002 3462 3070">
     <span class='ocr_line' id='line_1_89' title="bbox 1885 3002 3462 3070; baseline -0.01 0"><span class='ocrx_word' id='word_1_634' title='bbox 1885 3024 1940 3070; x_wconf 89' lang='lat' dir='ltr'><strong>et</strong></span> <span class='ocrx_word' id='word_1_635' title='bbox 1993 3013 2155 3067; x_wconf 84' lang='lat' dir='ltr'><strong>etiam</strong></span> <span class='ocrx_word' id='word_1_636' title='bbox 2214 3011 2459 3066; x_wconf 87' lang='lat' dir='ltr'><strong>consumi</strong></span> <span class='ocrx_word' id='word_1_637' title='bbox 2513 3025 2617 3063; x_wconf 91' lang='lat' dir='ltr'><strong>non</strong></span> <span class='ocrx_word' id='word_1_638' title='bbox 2674 3008 2895 3063; x_wconf 81' lang='lat' dir='ltr'><strong>timent!</strong></span> <span class='ocrx_word' id='word_1_639' title='bbox 2940 3006 3095 3059; x_wconf 83' lang='lat' dir='ltr'><strong>Nulla</strong></span> <span class='ocrx_word' id='word_1_640' title='bbox 3150 3002 3309 3058; x_wconf 88' lang='lat' dir='ltr'><strong>credo</strong></span> <span class='ocrx_word' id='word_1_641' title='bbox 3362 3002 3462 3055; x_wconf 87' lang='lat' dir='ltr'><strong>alia</strong></span> 
     </span>
    </p>
   </div>
   <div class='ocr_carea' id='block_1_90' title="bbox 1884 3091 3463 3171">
    <p class='ocr_par' dir='ltr' id='par_1_90' title="bbox 1884 3091 3463 3171">
     <span class='ocr_line' id='line_1_90' title="bbox 1884 3091 3463 3171; baseline -0.008 -13"><span class='ocrx_word' id='word_1_642' title='bbox 1884 3119 2046 3158; x_wconf 82' lang='lat' dir='ltr'><strong>causa</strong></span> <span class='ocrx_word' id='word_1_643' title='bbox 2078 3102 2179 3157; x_wconf 88' lang='lat' dir='ltr'><strong>nisi</strong></span> <span class='ocrx_word' id='word_1_644' title='bbox 2214 3101 2339 3171; x_wconf 88' lang='lat' dir='ltr'><strong>quia</strong></span> <span class='ocrx_word' id='word_1_645' title='bbox 2376 3096 2535 3154; x_wconf 82' lang='lat' dir='ltr'><strong>ﬁdem</strong></span> <span class='ocrx_word' id='word_1_646' title='bbox 2566 3114 2725 3169; x_wconf 89' lang='lat' dir='ltr'><strong>quam</strong></span> <span class='ocrx_word' id='word_1_647' title='bbox 2761 3096 2982 3151; x_wconf 82' lang='lat' dir='ltr'><strong>medicis</strong></span> <span class='ocrx_word' id='word_1_648' title='bbox 3009 3095 3281 3165; x_wconf 79' lang='lat' dir='ltr'><strong>praebent,</strong></span> <span class='ocrx_word' id='word_1_649' title='bbox 3311 3091 3463 3151; x_wconf 72' lang='lat' dir='ltr'><strong>dictis</strong></span> 
     </span>
    </p>
   </div>
   <div class='ocr_carea' id='block_1_91' title="bbox 1886 3174 3465 3264">
    <p class='ocr_par' dir='ltr' id='par_1_91' title="bbox 1886 3174 3465 3264">
     <span class='ocr_line' id='line_1_91' title="bbox 1886 3174 3465 3264; baseline -0.01 -15"><span class='ocrx_word' id='word_1_650' title='bbox 1886 3194 2097 3250; x_wconf 86' lang='lat' dir='ltr'><strong>Domini</strong></span> <span class='ocrx_word' id='word_1_651' title='bbox 2139 3194 2380 3264; x_wconf 82' lang='lat' dir='ltr'><strong>praebere</strong></span> <span class='ocrx_word' id='word_1_652' title='bbox 2418 3198 2784 3246; x_wconf 84' lang='lat' dir='ltr'><strong>contemnunt.</strong></span> <span class='ocrx_word' id='word_1_653' title='bbox 2818 3187 2873 3241; x_wconf 87' lang='lat' dir='ltr'><strong>Si</strong></span> <span class='ocrx_word' id='word_1_654' title='bbox 2902 3174 3044 3241; x_wconf 76' lang='lat' dir='ltr'><strong>enim</strong></span> <span class='ocrx_word' id='word_1_655' title='bbox 3087 3184 3465 3245; x_wconf 87' lang='lat' dir='ltr'><strong>credidissent,</strong></span> 
     </span>
    </p>
   </div>
   <div class='ocr_carea' id='block_1_92' title="bbox 1886 3274 3470 3353">
    <p class='ocr_par' dir='ltr' id='par_1_92' title="bbox 1886 3274 3470 3353">
     <span class='ocr_line' id='line_1_92' title="bbox 1886 3274 3470 3353; baseline -0.011 -11"><span class='ocrx_word' id='word_1_656' title='bbox 1886 3276 2155 3342; x_wconf 74' lang='lat' dir='ltr'><strong>credendo</strong></span> <span class='ocrx_word' id='word_1_657' title='bbox 2181 3286 2366 3353; x_wconf 86' lang='lat' dir='ltr'><strong>utique</strong></span> <span class='ocrx_word' id='word_1_658' title='bbox 2396 3284 2666 3344; x_wconf 81' lang='lat' dir='ltr'><strong>timerent,</strong></span> <span class='ocrx_word' id='word_1_659' title='bbox 2689 3278 2929 3335; x_wconf 88' lang='lat' dir='ltr'><strong>timendo</strong></span> <span class='ocrx_word' id='word_1_660' title='bbox 2945 3286 3125 3331; x_wconf 86' lang='lat' dir='ltr'><strong>autem</strong></span> <span class='ocrx_word' id='word_1_661' title='bbox 3154 3274 3470 3342; x_wconf 87' lang='lat' dir='ltr'><strong>impendens</strong></span> 
     </span>
    </p>
   </div>
   <div class='ocr_carea' id='block_1_93' title="bbox 1884 3363 3468 3446">
    <p class='ocr_par' dir='ltr' id='par_1_93' title="bbox 1884 3363 3468 3446">
     <span class='ocr_line' id='line_1_93' title="bbox 1884 3363 3468 3446; baseline -0.011 -14"><span class='ocrx_word' id='word_1_662' title='bbox 1884 3375 2183 3446; x_wconf 87' lang='lat' dir='ltr'><strong>periculum</strong></span> <span class='ocrx_word' id='word_1_663' title='bbox 2220 3382 2502 3438; x_wconf 88' lang='lat' dir='ltr'><strong>caverent;</strong></span> <span class='ocrx_word' id='word_1_664' title='bbox 2561 3372 2656 3427; x_wconf 90' lang='lat' dir='ltr'><strong>sed</strong></span> <span class='ocrx_word' id='word_1_665' title='bbox 2708 3371 2779 3425; x_wconf 87' lang='lat' dir='ltr'><strong>illi</strong></span> <span class='ocrx_word' id='word_1_666' title='bbox 2838 3383 2867 3423; x_wconf 91' lang='lat' dir='ltr'><strong>e</strong></span> <span class='ocrx_word' id='word_1_667' title='bbox 2918 3376 3107 3423; x_wconf 84' lang='lat' dir='ltr'><strong>contra</strong></span> <span class='ocrx_word' id='word_1_668' title='bbox 3166 3363 3468 3433; x_wconf 79' lang='lat' dir='ltr'><strong>torpendo,</strong></span> 
     </span>
    </p>
   </div>
   <div class='ocr_carea' id='block_1_94' title="bbox 1885 3454 3471 3538">
    <p class='ocr_par' dir='ltr' id='par_1_94' title="bbox 1885 3454 3471 3538">
     <span class='ocr_line' id='line_1_94' title="bbox 1885 3454 3471 3538; baseline -0.01 -16"><span class='ocrx_word' id='word_1_669' title='bbox 1885 3484 2043 3538; x_wconf 87' lang='lat' dir='ltr'><strong>quam</strong></span> <span class='ocrx_word' id='word_1_670' title='bbox 2085 3466 2227 3535; x_wconf 88' lang='lat' dir='ltr'><strong>juste</strong></span> <span class='ocrx_word' id='word_1_671' title='bbox 2270 3466 2469 3519; x_wconf 88' lang='lat' dir='ltr'><strong>dictum</strong></span> <span class='ocrx_word' id='word_1_672' title='bbox 2513 3464 2582 3517; x_wconf 90' lang='lat' dir='ltr'><strong>sit</strong></span> <span class='ocrx_word' id='word_1_673' title='bbox 2622 3463 2880 3531; x_wconf 85' lang='lat' dir='ltr'><strong>probant,</strong></span> <span class='ocrx_word' id='word_1_674' title='bbox 2917 3458 3083 3513; x_wconf 87' lang='lat' dir='ltr'><strong>Filius</strong></span> <span class='ocrx_word' id='word_1_675' title='bbox 3107 3454 3341 3511; x_wconf 81' lang='lat' dir='ltr'><strong>hominis</strong></span> <span class='ocrx_word' id='word_1_676' title='bbox 3378 3466 3471 3507; x_wconf 84' lang='lat' dir='ltr'><strong>ve-</strong></span> 
     </span>
    </p>
   </div>
   <div class='ocr_carea' id='block_1_95' title="bbox 1884 3550 2976 3629">
    <p class='ocr_par' dir='ltr' id='par_1_95' title="bbox 1884 3550 2976 3629">
     <span class='ocr_line' id='line_1_95' title="bbox 1884 3550 2976 3629; baseline -0.014 -13"><span class='ocrx_word' id='word_1_677' title='bbox 1884 3564 2039 3617; x_wconf 85' lang='lat' dir='ltr'><strong>niens</strong></span> <span class='ocrx_word' id='word_1_678' title='bbox 2068 3558 2493 3629; x_wconf 59' lang='lat' dir='ltr'><strong>putasdnveniet</strong></span> <span class='ocrx_word' id='word_1_679' title='bbox 2520 3554 2678 3609; x_wconf 83' lang='lat' dir='ltr'><strong>ﬁdem</strong></span> <span class='ocrx_word' id='word_1_680' title='bbox 2709 3554 2762 3606; x_wconf 92' lang='lat' dir='ltr'><strong>in</strong></span> <span class='ocrx_word' id='word_1_681' title='bbox 2792 3550 2976 3608; x_wconf 78' lang='lat' dir='ltr'><strong>terra?</strong></span> 
     </span>
    </p>
   </div>
   <div class='ocr_carea' id='block_1_96' title="bbox 1968 3634 3468 3719">
    <p class='ocr_par' dir='ltr' id='par_1_96' title="bbox 1968 3634 3468 3719">
     <span class='ocr_line' id='line_1_96' title="bbox 1968 3634 3468 3719; baseline -0.011 -17"><span class='ocrx_word' id='word_1_682' title='bbox 1968 3648 2192 3719; x_wconf 80' lang='lat' dir='ltr'><strong>Vigilate</strong></span> <span class='ocrx_word' id='word_1_683' title='bbox 2241 3649 2413 3717; x_wconf 87' lang='lat' dir='ltr'><strong>itaque</strong></span> <span class='ocrx_word' id='word_1_684' title='bbox 2463 3646 2603 3698; x_wconf 87' lang='lat' dir='ltr'><strong>omni</strong></span> <span class='ocrx_word' id='word_1_685' title='bbox 2654 3654 2880 3711; x_wconf 85' lang='lat' dir='ltr'><strong>tempore</strong></span> <span class='ocrx_word' id='word_1_686' title='bbox 2925 3648 3171 3702; x_wconf 86' lang='lat' dir='ltr'><strong>orantes,</strong></span> <span class='ocrx_word' id='word_1_687' title='bbox 3220 3645 3274 3689; x_wconf 90' lang='lat' dir='ltr'><strong>ut</strong></span> <span class='ocrx_word' id='word_1_688' title='bbox 3322 3634 3468 3704; x_wconf 86' lang='lat' dir='ltr'><strong>digni</strong></span> 
     </span>
    </p>
   </div>
   <div class='ocr_carea' id='block_1_97' title="bbox 1886 3732 3468 3810">
    <p class='ocr_par' dir='ltr' id='par_1_97' title="bbox 1886 3732 3468 3810">
     <span class='ocr_line' id='line_1_97' title="bbox 1886 3732 3468 3810; baseline -0.011 -15"><span class='ocrx_word' id='word_1_689' title='bbox 1886 3742 2185 3796; x_wconf 77' lang='lat' dir='ltr'><strong>liabeamini</strong></span> <span class='ocrx_word' id='word_1_690' title='bbox 2236 3741 2414 3810; x_wconf 79' lang='lat' dir='ltr'><strong>fugere</strong></span> <span class='ocrx_word' id='word_1_691' title='bbox 2462 3738 2566 3805; x_wconf 72' lang='lat' dir='ltr'><strong>ista</strong></span> <span class='ocrx_word' id='word_1_692' title='bbox 2609 3736 2785 3789; x_wconf 83' lang='lat' dir='ltr'><strong>omnia</strong></span> <span class='ocrx_word' id='word_1_693' title='bbox 2832 3749 2949 3802; x_wconf 73' lang='lat' dir='ltr'><strong>qua:</strong></span> <span class='ocrx_word' id='word_1_694' title='bbox 2997 3732 3179 3800; x_wconf 82' lang='lat' dir='ltr'><strong>futura</strong></span> <span class='ocrx_word' id='word_1_695' title='bbox 3220 3736 3371 3790; x_wconf 83' lang='lat' dir='ltr'><strong>sunt,</strong></span> <span class='ocrx_word' id='word_1_696' title='bbox 3421 3736 3468 3779; x_wconf 82' lang='lat' dir='ltr'><strong>et</strong></span> 
     </span>
    </p>
   </div>
   <div class='ocr_carea' id='block_1_98' title="bbox 1888 3815 3467 3897">
    <p class='ocr_par' dir='ltr' id='par_1_98' title="bbox 1888 3815 3467 3897">
     <span class='ocr_line' id='line_1_98' title="bbox 1888 3815 3467 3897; baseline -0.011 -10"><span class='ocrx_word' id='word_1_697' title='bbox 1888 3834 2027 3887; x_wconf 77' lang='lat' dir='ltr'><strong>stare</strong></span> <span class='ocrx_word' id='word_1_698' title='bbox 2069 3840 2188 3884; x_wconf 90' lang='lat' dir='ltr'><strong>ante</strong></span> <span class='ocrx_word' id='word_1_699' title='bbox 2229 3830 2399 3897; x_wconf 78' lang='lat' dir='ltr'><strong>ﬁlium</strong></span> <span class='ocrx_word' id='word_1_700' title='bbox 2442 3826 2686 3881; x_wconf 84' lang='lat' dir='ltr'><strong>hominis.</strong></span> <span class='ocrx_word' id='word_1_701' title='bbox 2734 3824 2835 3891; x_wconf 82' lang='lat' dir='ltr'><strong>Qui</strong></span> <span class='ocrx_word' id='word_1_702' title='bbox 2881 3830 3005 3877; x_wconf 85' lang='lat' dir='ltr'><strong>ante</strong></span> <span class='ocrx_word' id='word_1_703' title='bbox 3036 3815 3204 3874; x_wconf 81' lang='lat' dir='ltr'><strong>filium</strong></span> <span class='ocrx_word' id='word_1_704' title='bbox 3230 3817 3467 3873; x_wconf 84' lang='lat' dir='ltr'><strong>hominis</strong></span> 
     </span>
    </p>
   </div>
   <div class='ocr_carea' id='block_1_99' title="bbox 1891 3909 3471 3990">
    <p class='ocr_par' dir='ltr' id='par_1_99' title="bbox 1891 3909 3471 3990">
     <span class='ocr_line' id='line_1_99' title="bbox 1891 3909 3471 3990; baseline -0.01 -14"><span class='ocrx_word' id='word_1_705' title='bbox 1891 3930 2036 3977; x_wconf 86' lang='lat' dir='ltr'><strong>stare</strong></span> <span class='ocrx_word' id='word_1_706' title='bbox 2058 3961 2071 3985; x_wconf 95' lang='lat'><strong>,</strong></span> <span class='ocrx_word' id='word_1_707' title='bbox 2104 3918 2439 3990; x_wconf 82' lang='lat' dir='ltr'><strong>eiquejuxta</strong></span> <span class='ocrx_word' id='word_1_708' title='bbox 2468 3915 2843 3987; x_wconf 85' lang='lat' dir='ltr'><strong>Apocalypsim</strong></span> <span class='ocrx_word' id='word_1_709' title='bbox 2885 3912 3109 3968; x_wconf 79' lang='lat' dir='ltr'><strong>Joannis</strong></span> <span class='ocrx_word' id='word_1_710' title='bbox 3149 3909 3236 3963; x_wconf 85' lang='lat' dir='ltr'><strong>die</strong></span> <span class='ocrx_word' id='word_1_711' title='bbox 3281 3914 3471 3961; x_wconf 89' lang='lat' dir='ltr'><strong>noctu-</strong></span> 
     </span>
    </p>
   </div>
   <div class='ocr_carea' id='block_1_100' title="bbox 1887 3990 3471 4080">
    <p class='ocr_par' dir='ltr' id='par_1_100' title="bbox 1887 3990 3471 4080">
     <span class='ocr_line' id='line_1_100' title="bbox 1887 3990 3471 4080; baseline -0.011 -17"><span class='ocrx_word' id='word_1_712' title='bbox 1887 4024 1993 4080; x_wconf 87' lang='lat' dir='ltr'><strong>que</strong></span> <span class='ocrx_word' id='word_1_713' title='bbox 2038 4009 2093 4062; x_wconf 89' lang='lat' dir='ltr'><strong>in</strong></span> <span class='ocrx_word' id='word_1_714' title='bbox 2140 4006 2338 4075; x_wconf 86' lang='lat' dir='ltr'><strong>templo</strong></span> <span class='ocrx_word' id='word_1_715' title='bbox 2382 4005 2497 4074; x_wconf 87' lang='lat' dir='ltr'><strong>ejus</strong></span> <span class='ocrx_word' id='word_1_716' title='bbox 2538 4003 2742 4057; x_wconf 88' lang='lat' dir='ltr'><strong>servire</strong></span> <span class='ocrx_word' id='word_1_717' title='bbox 2766 4000 3054 4062; x_wconf 85' lang='lat' dir='ltr'><strong>desiderat,</strong></span> <span class='ocrx_word' id='word_1_718' title='bbox 3099 4010 3198 4050; x_wconf 90' lang='lat' dir='ltr'><strong>nec</strong></span> <span class='ocrx_word' id='word_1_719' title='bbox 3241 3996 3308 4047; x_wconf 90' lang='lat' dir='ltr'><strong>ab</strong></span> <span class='ocrx_word' id='word_1_720' title='bbox 3354 3990 3471 4060; x_wconf 88' lang='lat' dir='ltr'><strong>ejus</strong></span> 
     </span>
    </p>
   </div>
   <div class='ocr_carea' id='block_1_101' title="bbox 1888 4084 3466 4172">
    <p class='ocr_par' dir='ltr' id='par_1_101' title="bbox 1888 4084 3466 4172">
     <span class='ocr_line' id='line_1_101' title="bbox 1888 4084 3466 4172; baseline -0.013 -15"><span class='ocrx_word' id='word_1_721' title='bbox 1888 4101 2197 4172; x_wconf 84' lang='lat' dir='ltr'><strong>aspectibus</strong></span> <span class='ocrx_word' id='word_1_722' title='bbox 2244 4100 2297 4151; x_wconf 91' lang='lat' dir='ltr'><strong>in</strong></span> <span class='ocrx_word' id='word_1_723' title='bbox 2347 4098 2524 4167; x_wconf 82' lang='lat' dir='ltr'><strong>ignem</strong></span> <span class='ocrx_word' id='word_1_724' title='bbox 2575 4103 2836 4149; x_wconf 66' lang='lat' dir='ltr'><strong>aaternum</strong></span> <span class='ocrx_word' id='word_1_725' title='bbox 2892 4090 3209 4145; x_wconf 89' lang='lat' dir='ltr'><strong>maledictus</strong></span> <span class='ocrx_word' id='word_1_726' title='bbox 3260 4084 3466 4153; x_wconf 88' lang='lat' dir='ltr'><strong>abjici:</strong></span> 
     </span>
    </p>
   </div>
   <div class='ocr_carea' id='block_1_102' title="bbox 1888 4174 3468 4249">
    <p class='ocr_par' dir='ltr' id='par_1_102' title="bbox 1888 4174 3468 4249">
     <span class='ocr_line' id='line_1_102' title="bbox 1888 4174 3468 4249; baseline -0.012 -3"><span class='ocrx_word' id='word_1_727' title='bbox 1888 4208 1997 4247; x_wconf 88' lang='lat' dir='ltr'><strong>non</strong></span> <span class='ocrx_word' id='word_1_728' title='bbox 2030 4190 2210 4245; x_wconf 83' lang='lat' dir='ltr'><strong>solum</strong></span> <span class='ocrx_word' id='word_1_729' title='bbox 2256 4189 2324 4249; x_wconf 88' lang='lat' dir='ltr'><strong>ab</strong></span> <span class='ocrx_word' id='word_1_730' title='bbox 2370 4184 2639 4241; x_wconf 88' lang='lat' dir='ltr'><strong>illecebris</strong></span> <span class='ocrx_word' id='word_1_731' title='bbox 2686 4181 3034 4239; x_wconf 66' lang='lat' dir='ltr'><strong>smcularibus</strong></span> <span class='ocrx_word' id='word_1_732' title='bbox 3074 4178 3330 4246; x_wconf 79' lang='lat' dir='ltr'><strong>castigari</strong></span> <span class='ocrx_word' id='word_1_733' title='bbox 3374 4174 3468 4229; x_wconf 89' lang='lat' dir='ltr'><strong>sed</strong></span> 
     </span>
    </p>
   </div>
   <div class='ocr_carea' id='block_1_103' title="bbox 1887 4264 3469 4348">
    <p class='ocr_par' dir='ltr' id='par_1_103' title="bbox 1887 4264 3469 4348">
     <span class='ocr_line' id='line_1_103' title="bbox 1887 4264 3469 4348; baseline -0.013 -12"><span class='ocrx_word' id='word_1_734' title='bbox 1887 4291 1941 4337; x_wconf 86' lang='lat' dir='ltr'><strong>et</strong></span> <span class='ocrx_word' id='word_1_735' title='bbox 1985 4294 2143 4334; x_wconf 90' lang='lat' dir='ltr'><strong>orare</strong></span> <span class='ocrx_word' id='word_1_736' title='bbox 2185 4287 2240 4333; x_wconf 89' lang='lat' dir='ltr'><strong>et</strong></span> <span class='ocrx_word' id='word_1_737' title='bbox 2278 4277 2531 4348; x_wconf 79' lang='lat' dir='ltr'><strong>vigilare,</strong></span> <span class='ocrx_word' id='word_1_738' title='bbox 2572 4283 2627 4329; x_wconf 90' lang='lat' dir='ltr'><strong>et</strong></span> <span class='ocrx_word' id='word_1_739' title='bbox 2663 4274 2764 4328; x_wconf 84' lang='lat' dir='ltr'><strong>hoc</strong></span> <span class='ocrx_word' id='word_1_740' title='bbox 2802 4286 2907 4325; x_wconf 89' lang='lat' dir='ltr'><strong>non</strong></span> <span class='ocrx_word' id='word_1_741' title='bbox 2944 4270 3108 4324; x_wconf 87' lang='lat' dir='ltr'><strong>certis</strong></span> <span class='ocrx_word' id='word_1_742' title='bbox 3149 4264 3469 4334; x_wconf 87' lang='lat' dir='ltr'><strong>quibusdam</strong></span> 
     </span>
    </p>
   </div>
   <div class='ocr_carea' id='block_1_104' title="bbox 1887 4353 3469 4437">
    <p class='ocr_par' dir='ltr' id='par_1_104' title="bbox 1887 4353 3469 4437">
     <span class='ocr_line' id='line_1_104' title="bbox 1887 4353 3469 4437; baseline -0.013 -10"><span class='ocrx_word' id='word_1_743' title='bbox 1887 4373 2076 4427; x_wconf 78' lang='lat' dir='ltr'><strong>diebus</strong></span> <span class='ocrx_word' id='word_1_744' title='bbox 2105 4370 2199 4424; x_wconf 90' lang='lat' dir='ltr'><strong>sed</strong></span> <span class='ocrx_word' id='word_1_745' title='bbox 2226 4369 2371 4423; x_wconf 89' lang='lat' dir='ltr'><strong>omni</strong></span> <span class='ocrx_word' id='word_1_746' title='bbox 2404 4376 2643 4437; x_wconf 88' lang='lat' dir='ltr'><strong>tempore</strong></span> <span class='ocrx_word' id='word_1_747' title='bbox 2682 4364 2859 4418; x_wconf 86' lang='lat' dir='ltr'><strong>facere</strong></span> <span class='ocrx_word' id='word_1_748' title='bbox 2903 4361 3078 4416; x_wconf 88' lang='lat' dir='ltr'><strong>debet.</strong></span> <span class='ocrx_word' id='word_1_749' title='bbox 3125 4356 3285 4412; x_wconf 74' lang='lat' dir='ltr'><strong>Juxta</strong></span> <span class='ocrx_word' id='word_1_750' title='bbox 3328 4353 3469 4426; x_wconf 86' lang='lat' dir='ltr'><strong>quod</strong></span> 
     </span>
    </p>
   </div>
   <div class='ocr_carea' id='block_1_105' title="bbox 1887 4448 3467 4517">
    <p class='ocr_par' dir='ltr' id='par_1_105' title="bbox 1887 4448 3467 4517">
     <span class='ocr_line' id='line_1_105' title="bbox 1887 4448 3467 4517; baseline -0.011 -1"><span class='ocrx_word' id='word_1_751' title='bbox 1887 4461 2171 4517; x_wconf 83' lang='lat' dir='ltr'><strong>Psalmista</strong></span> <span class='ocrx_word' id='word_1_752' title='bbox 2219 4460 2332 4512; x_wconf 86' lang='lat' dir='ltr'><strong>ait:</strong></span> <span class='ocrx_word' id='word_1_753' title='bbox 2375 4456 2689 4511; x_wconf 86' lang='lat' dir='ltr'><strong>Benedicam</strong></span> <span class='ocrx_word' id='word_1_754' title='bbox 2730 4453 3013 4507; x_wconf 88' lang='lat' dir='ltr'><strong>Dominum</strong></span> <span class='ocrx_word' id='word_1_755' title='bbox 3053 4451 3110 4502; x_wconf 87' lang='lat' dir='ltr'><strong>in</strong></span> <span class='ocrx_word' id='word_1_756' title='bbox 3143 4448 3295 4505; x_wconf 80' lang='lat' dir='ltr'><strong>omni</strong></span> <span class='ocrx_word' id='word_1_757' title='bbox 3336 4456 3467 4499; x_wconf 87' lang='lat' dir='ltr'><strong>tem-</strong></span> 
     </span>
    </p>
   </div>
   <div class='ocr_carea' id='block_1_106' title="bbox 1894 4541 3471 4624">
    <p class='ocr_par' dir='ltr' id='par_1_106' title="bbox 1894 4541 3471 4624">
     <span class='ocr_line' id='line_1_106' title="bbox 1894 4541 3471 4624; baseline -0.011 -17"><span class='ocrx_word' id='word_1_758' title='bbox 1894 4569 2017 4624; x_wconf 82' lang='lat' dir='ltr'><strong>pore</strong></span> <span class='ocrx_word' id='word_1_759' title='bbox 2036 4593 2051 4617; x_wconf 94' lang='lat'><strong>,</strong></span> <span class='ocrx_word' id='word_1_760' title='bbox 2082 4566 2283 4621; x_wconf 82' lang='lat' dir='ltr'><strong>semper</strong></span> <span class='ocrx_word' id='word_1_761' title='bbox 2313 4548 2428 4602; x_wconf 88' lang='lat' dir='ltr'><strong>laus</strong></span> <span class='ocrx_word' id='word_1_762' title='bbox 2456 4548 2570 4617; x_wconf 83' lang='lat' dir='ltr'><strong>ejus</strong></span> <span class='ocrx_word' id='word_1_763' title='bbox 2602 4546 2656 4599; x_wconf 89' lang='lat' dir='ltr'><strong>in</strong></span> <span class='ocrx_word' id='word_1_764' title='bbox 2685 4561 2773 4597; x_wconf 85' lang='lat' dir='ltr'><strong>ore</strong></span> <span class='ocrx_word' id='word_1_765' title='bbox 2802 4559 2933 4596; x_wconf 88' lang='lat' dir='ltr'><strong>meo.</strong></span> <span class='ocrx_word' id='word_1_766' title='bbox 2954 4558 2955 4561; x_wconf 72' lang='lat'>‘</span> <span class='ocrx_word' id='word_1_767' title='bbox 2975 4541 3063 4595; x_wconf 85' lang='lat' dir='ltr'><strong>Sic</strong></span> <span class='ocrx_word' id='word_1_768' title='bbox 3099 4551 3329 4607; x_wconf 71' lang='lat' dir='ltr'><strong>namque</strong></span> <span class='ocrx_word' id='word_1_769' title='bbox 3359 4550 3471 4589; x_wconf 75' lang='lat' dir='ltr'><strong>me-</strong></span> 
     </span>
    </p>
   </div>
   <div class='ocr_carea' id='block_1_107' title="bbox 1897 4629 3471 4702">
    <p class='ocr_par' dir='ltr' id='par_1_107' title="bbox 1897 4629 3471 4702">
     <span class='ocr_line' id='line_1_107' title="bbox 1897 4629 3471 4702; baseline -0.013 -1"><span class='ocrx_word' id='word_1_770' title='bbox 1897 4647 2103 4702; x_wconf 88' lang='lat' dir='ltr'><strong>rebitur</strong></span> <span class='ocrx_word' id='word_1_771' title='bbox 2149 4644 2393 4698; x_wconf 87' lang='lat' dir='ltr'><strong>habitare</strong></span> <span class='ocrx_word' id='word_1_772' title='bbox 2444 4642 2495 4695; x_wconf 91' lang='lat' dir='ltr'><strong>in</strong></span> <span class='ocrx_word' id='word_1_773' title='bbox 2545 4640 2704 4695; x_wconf 85' lang='lat' dir='ltr'><strong>domo</strong></span> <span class='ocrx_word' id='word_1_774' title='bbox 2753 4635 2960 4690; x_wconf 89' lang='lat' dir='ltr'><strong>Domini</strong></span> <span class='ocrx_word' id='word_1_775' title='bbox 3018 4642 3072 4688; x_wconf 90' lang='lat' dir='ltr'><strong>et</strong></span> <span class='ocrx_word' id='word_1_776' title='bbox 3121 4632 3172 4685; x_wconf 90' lang='lat' dir='ltr'><strong>in</strong></span> <span class='ocrx_word' id='word_1_777' title='bbox 3218 4629 3471 4684; x_wconf 63' lang='lat' dir='ltr'><strong>sacculum</strong></span> 
     </span>
    </p>
   </div>
   <div class='ocr_carea' id='block_1_108' title="bbox 1899 4723 3471 4794">
    <p class='ocr_par' dir='ltr' id='par_1_108' title="bbox 1899 4723 3471 4794">
     <span class='ocr_line' id='line_1_108' title="bbox 1899 4723 3471 4794; baseline -0.013 -1"><span class='ocrx_word' id='word_1_778' title='bbox 1899 4736 2078 4793; x_wconf 75' lang='lat' dir='ltr'><strong>smculi</strong></span> <span class='ocrx_word' id='word_1_779' title='bbox 2132 4735 2353 4789; x_wconf 86' lang='lat' dir='ltr'><strong>laudare</strong></span> <span class='ocrx_word' id='word_1_780' title='bbox 2407 4748 2550 4788; x_wconf 91' lang='lat' dir='ltr'><strong>eum.</strong></span> <span class='ocrx_word' id='word_1_781' title='bbox 2608 4729 2904 4783; x_wconf 76' lang='lat' dir='ltr'><strong>Prtestante</strong></span> <span class='ocrx_word' id='word_1_782' title='bbox 2954 4726 3070 4794; x_wconf 90' lang='lat' dir='ltr'><strong>ipso</strong></span> <span class='ocrx_word' id='word_1_783' title='bbox 3110 4723 3471 4791; x_wconf 83' lang='lat' dir='ltr'><strong>Redemptore</strong></span> 
     </span>
    </p>
   </div>
   <div class='ocr_carea' id='block_1_109' title="bbox 1898 4812 3472 4895">
    <p class='ocr_par' dir='ltr' id='par_1_109' title="bbox 1898 4812 3472 4895">
     <span class='ocr_line' id='line_1_109' title="bbox 1898 4812 3472 4895; baseline -0.011 -12"><span class='ocrx_word' id='word_1_784' title='bbox 1898 4837 1952 4883; x_wconf 88' lang='lat' dir='ltr'><strong>et</strong></span> <span class='ocrx_word' id='word_1_785' title='bbox 1982 4827 2263 4883; x_wconf 86' lang='lat' dir='ltr'><strong>Salvatore</strong></span> <span class='ocrx_word' id='word_1_786' title='bbox 2294 4824 2505 4895; x_wconf 85' lang='lat' dir='ltr'><strong>generis</strong></span> <span class='ocrx_word' id='word_1_787' title='bbox 2547 4819 2763 4875; x_wconf 87' lang='lat' dir='ltr'><strong>humani</strong></span> <span class='ocrx_word' id='word_1_788' title='bbox 2810 4817 3035 4872; x_wconf 88' lang='lat' dir='ltr'><strong>Domino</strong></span> <span class='ocrx_word' id='word_1_789' title='bbox 3082 4812 3330 4868; x_wconf 82' lang='lat' dir='ltr'><strong>videlicet</strong></span> <span class='ocrx_word' id='word_1_790' title='bbox 3372 4826 3472 4867; x_wconf 52' lang='lat' dir='ltr'><strong>no-</strong></span> 
     </span>
    </p>
   </div>
   <div class='ocr_carea' id='block_1_110' title="bbox 1898 4905 3475 4983">
    <p class='ocr_par' dir='ltr' id='par_1_110' title="bbox 1898 4905 3475 4983">
     <span class='ocr_line' id='line_1_110' title="bbox 1898 4905 3475 4983; baseline -0.013 -8"><span class='ocrx_word' id='word_1_791' title='bbox 1898 4930 2011 4975; x_wconf 90' lang='lat' dir='ltr'><strong>stro</strong></span> <span class='ocrx_word' id='word_1_792' title='bbox 2055 4918 2183 4974; x_wconf 85' lang='lat' dir='ltr'><strong>Jesu</strong></span> <span class='ocrx_word' id='word_1_793' title='bbox 2231 4916 2445 4972; x_wconf 87' lang='lat' dir='ltr'><strong>Christo</strong></span> <span class='ocrx_word' id='word_1_794' title='bbox 2488 4913 2581 4983; x_wconf 90' lang='lat' dir='ltr'><strong>qui</strong></span> <span class='ocrx_word' id='word_1_795' title='bbox 2623 4927 2741 4968; x_wconf 92' lang='lat' dir='ltr'><strong>cum</strong></span> <span class='ocrx_word' id='word_1_796' title='bbox 2792 4909 2953 4964; x_wconf 85' lang='lat' dir='ltr'><strong>Patre</strong></span> <span class='ocrx_word' id='word_1_797' title='bbox 2998 4916 3053 4961; x_wconf 91' lang='lat' dir='ltr'><strong>et</strong></span> <span class='ocrx_word' id='word_1_798' title='bbox 3102 4905 3304 4974; x_wconf 90' lang='lat' dir='ltr'><strong>Spiritu</strong></span> <span class='ocrx_word' id='word_1_799' title='bbox 3347 4917 3475 4957; x_wconf 59' lang='lat' dir='ltr'><strong>sanv</strong></span> 
     </span>
    </p>
   </div>
   <div class='ocr_carea' id='block_1_111' title="bbox 1898 4998 3483 5078">
    <p class='ocr_par' dir='ltr' id='par_1_111' title="bbox 1898 4998 3483 5078">
     <span class='ocr_line' id='line_1_111' title="bbox 1898 4998 3483 5078; baseline -0.013 -10"><span class='ocrx_word' id='word_1_800' title='bbox 1898 5022 1986 5067; x_wconf 89' lang='lat' dir='ltr'><strong>cto</strong></span> <span class='ocrx_word' id='word_1_801' title='bbox 2031 5012 2086 5066; x_wconf 90' lang='lat' dir='ltr'><strong>in</strong></span> <span class='ocrx_word' id='word_1_802' title='bbox 2136 5012 2341 5065; x_wconf 88' lang='lat' dir='ltr'><strong>unitate</strong></span> <span class='ocrx_word' id='word_1_803' title='bbox 2390 5007 2629 5078; x_wconf 87' lang='lat' dir='ltr'><strong>perfecta</strong></span> <span class='ocrx_word' id='word_1_804' title='bbox 2675 5010 2862 5074; x_wconf 87' lang='lat' dir='ltr'><strong>regnat</strong></span> <span class='ocrx_word' id='word_1_805' title='bbox 2906 5002 2962 5055; x_wconf 89' lang='lat' dir='ltr'><strong>in</strong></span> <span class='ocrx_word' id='word_1_806' title='bbox 3006 4998 3329 5069; x_wconf 83' lang='lat' dir='ltr'><strong>sempiterna</strong></span> <span class='ocrx_word' id='word_1_807' title='bbox 3373 5007 3483 5049; x_wconf 65' lang='lat' dir='ltr'><strong>ss:-</strong></span> 
     </span>
    </p>
   </div>
   <div class='ocr_carea' id='block_1_112' title="bbox 1899 5103 2284 5159">
    <p class='ocr_par' dir='ltr' id='par_1_112' title="bbox 1899 5103 2284 5159">
     <span class='ocr_line' id='line_1_112' title="bbox 1899 5103 2284 5159; baseline -0.013 0"><span class='ocrx_word' id='word_1_808' title='bbox 1899 5103 2039 5159; x_wconf 89' lang='lat' dir='ltr'><strong>cula.</strong></span> <span class='ocrx_word' id='word_1_809' title='bbox 2092 5103 2284 5157; x_wconf 81' lang='lat' dir='ltr'><strong>Amen.</strong></span> 
     </span>
    </p>
   </div>
   <div class='ocr_carea' id='block_1_113' title="bbox 2444 5180 2915 5243">
    <p class='ocr_par' dir='ltr' id='par_1_113' title="bbox 2444 5180 2915 5243">
     <span class='ocr_line' id='line_1_113' title="bbox 2444 5180 2915 5243; baseline -0.013 0"><span class='ocrx_word' id='word_1_810' title='bbox 2444 5185 2724 5243; x_wconf 81' lang='lat' dir='ltr'><strong>HOMILIA</strong></span> <span class='ocrx_word' id='word_1_811' title='bbox 2760 5180 2915 5241; x_wconf 72' lang='lat' dir='ltr'><strong>CXL.</strong></span> 
     </span>
    </p>
   </div>
   <div class='ocr_carea' id='block_1_114' title="bbox 2176 5286 3203 5365">
    <p class='ocr_par' dir='ltr' id='par_1_114' title="bbox 2176 5286 3203 5365">
     <span class='ocr_line' id='line_1_114' title="bbox 2176 5286 3203 5365; baseline -0.011 -28"><span class='ocrx_word' id='word_1_812' title='bbox 2176 5296 2490 5337; x_wconf 65' lang='lat' dir='ltr'><strong>UEBDOMADA</strong></span> <span class='ocrx_word' id='word_1_813' title='bbox 2530 5294 2605 5333; x_wconf 77' lang='lat' dir='ltr'><strong>xu</strong></span> <span class='ocrx_word' id='word_1_814' title='bbox 2643 5292 2770 5331; x_wconf 78' lang='lat' dir='ltr'><strong>POST</strong></span> <span class='ocrx_word' id='word_1_815' title='bbox 2810 5286 3203 5365; x_wconf 60' lang='grc' dir='ltr'><strong>νεκτεςοετεκ.</strong></span> 
     </span>
    </p>
   </div>
   <div class='ocr_carea' id='block_1_115' title="bbox 2078 5382 3298 5463">
    <p class='ocr_par' dir='ltr' id='par_1_115' title="bbox 2078 5382 3298 5463">
     <span class='ocr_line' id='line_1_115' title="bbox 2078 5382 3298 5463; baseline -0.008 -13"><span class='ocrx_word' id='word_1_816' title='bbox 2078 5395 2263 5451; x_wconf 90' lang='lat' dir='ltr'><strong>Lectio</strong></span> <span class='ocrx_word' id='word_1_817' title='bbox 2306 5391 2557 5463; x_wconf 71' lang='lat' dir='ltr'><strong>Epistulae</strong></span> <span class='ocrx_word' id='word_1_818' title='bbox 2596 5391 2657 5444; x_wconf 89' lang='lat' dir='ltr'><strong>B.</strong></span> <span class='ocrx_word' id='word_1_819' title='bbox 2689 5388 2840 5442; x_wconf 89' lang='lat' dir='ltr'><strong>Pauli</strong></span> <span class='ocrx_word' id='word_1_820' title='bbox 2874 5387 2941 5441; x_wconf 85' lang='lat' dir='ltr'><strong>ad</strong></span> <span class='ocrx_word' id='word_1_821' title='bbox 2970 5382 3298 5441; x_wconf 71' lang='lat' dir='ltr'><strong>Corinthios.</strong></span> 
     </span>
    </p>
   </div>
   <div class='ocr_carea' id='block_1_116' title="bbox 1976 5499 3311 5573">
    <p class='ocr_par' dir='ltr' id='par_1_116' title="bbox 1976 5499 3311 5573">
     <span class='ocr_line' id='line_1_116' title="bbox 1976 5499 3311 5573; baseline -0.007 -12"><span class='ocrx_word' id='word_1_822' title='bbox 1976 5508 2191 5561; x_wconf 81' lang='lat' dir='ltr'><strong>Fratres</strong></span> <span class='ocrx_word' id='word_1_823' title='bbox 2210 5548 2225 5573; x_wconf 92' lang='lat'><strong>,</strong></span> <span class='ocrx_word' id='word_1_824' title='bbox 2259 5516 2437 5560; x_wconf 88' lang='lat' dir='ltr'><strong>notum</strong></span> <span class='ocrx_word' id='word_1_825' title='bbox 2466 5504 2607 5557; x_wconf 75' lang='lat' dir='ltr'><strong>vobis</strong></span> <span class='ocrx_word' id='word_1_826' title='bbox 2637 5502 2773 5572; x_wconf 77' lang='lat' dir='ltr'><strong>facio</strong></span> <span class='ocrx_word' id='word_1_827' title='bbox 2806 5499 3176 5569; x_wconf 85' lang='lat' dir='ltr'><strong>Euangelium,</strong></span> <span class='ocrx_word' id='word_1_828' title='bbox 3206 5503 3311 5552; x_wconf 88' lang='lat' dir='ltr'><strong>etc.</strong></span> 
     </span>
    </p>
   </div>
   <div class='ocr_carea' id='block_1_117' title="bbox 1977 5584 3476 5668">
    <p class='ocr_par' dir='ltr' id='par_1_117' title="bbox 1977 5584 3476 5668">
     <span class='ocr_line' id='line_1_117' title="bbox 1977 5584 3476 5668; baseline -0.011 -15"><span class='ocrx_word' id='word_1_829' title='bbox 1977 5598 2073 5653; x_wconf 85' lang='lat' dir='ltr'><strong>llic</strong></span> <span class='ocrx_word' id='word_1_830' title='bbox 2100 5597 2463 5668; x_wconf 78' lang='lat' dir='ltr'><strong>praetermisso</strong></span> <span class='ocrx_word' id='word_1_831' title='bbox 2486 5594 2674 5648; x_wconf 87' lang='lat' dir='ltr'><strong>ordine</strong></span> <span class='ocrx_word' id='word_1_832' title='bbox 2698 5588 3051 5661; x_wconf 62' lang='lat' dir='ltr'><strong>praedicandi,</strong></span> <span class='ocrx_word' id='word_1_833' title='bbox 3080 5588 3147 5642; x_wconf 86' lang='lat' dir='ltr'><strong>ad</strong></span> <span class='ocrx_word' id='word_1_834' title='bbox 3177 5584 3476 5642; x_wconf 77' lang='lat' dir='ltr'><strong>doctrinam</strong></span> 
     </span>
    </p>
   </div>
   <div class='ocr_carea' id='block_1_118' title="bbox 1904 5674 3470 5751">
    <p class='ocr_par' dir='ltr' id='par_1_118' title="bbox 1904 5674 3470 5751">
     <span class='ocr_line' id='line_1_118' title="bbox 1904 5674 3470 5751; baseline -0.011 -4"><span class='ocrx_word' id='word_1_835' title='bbox 1904 5707 1963 5747; x_wconf 86' lang='lat' dir='ltr'><strong>se</strong></span> <span class='ocrx_word' id='word_1_836' title='bbox 1995 5688 2219 5744; x_wconf 87' lang='lat' dir='ltr'><strong>contulit</strong></span> <span class='ocrx_word' id='word_1_837' title='bbox 2248 5684 2694 5748; x_wconf 85' lang='lat' dir='ltr'><strong>resurrectionis,</strong></span> <span class='ocrx_word' id='word_1_838' title='bbox 2727 5697 2791 5737; x_wconf 90' lang='lat' dir='ltr'><strong>eo</strong></span> <span class='ocrx_word' id='word_1_839' title='bbox 2818 5680 2960 5751; x_wconf 88' lang='lat' dir='ltr'><strong>quod</strong></span> <span class='ocrx_word' id='word_1_840' title='bbox 3000 5676 3241 5733; x_wconf 87' lang='lat' dir='ltr'><strong>nonnulli</strong></span> <span class='ocrx_word' id='word_1_841' title='bbox 3283 5674 3470 5732; x_wconf 77' lang='lat' dir='ltr'><strong>Corin-</strong></span> 
     </span>
    </p>
   </div>
   <div class='ocr_carea' id='block_1_119' title="bbox 1907 5772 3098 5838">
    <p class='ocr_par' dir='ltr' id='par_1_119' title="bbox 1907 5772 3098 5838">
     <span class='ocr_line' id='line_1_119' title="bbox 1907 5772 3098 5838; baseline -0.012 1"><span class='ocrx_word' id='word_1_842' title='bbox 1907 5785 2143 5838; x_wconf 77' lang='lat' dir='ltr'><strong>thiorum</strong></span> <span class='ocrx_word' id='word_1_843' title='bbox 2199 5781 2263 5835; x_wconf 85' lang='lat' dir='ltr'><strong>de</strong></span> <span class='ocrx_word' id='word_1_844' title='bbox 2320 5777 2714 5833; x_wconf 87' lang='lat' dir='ltr'><strong>resurrectione</strong></span> <span class='ocrx_word' id='word_1_845' title='bbox 2766 5772 3098 5829; x_wconf 84' lang='lat' dir='ltr'><strong>dubitabant.</strong></span> 
     </span>
    </p>
   </div>
  </div>
