3960 6348
492 393 595 452 “5

1128 387 1190 442 Β.
1231 383 1484 440 ΒΑΒΑΝΙ
1523 381 1743 439 MAUIU
1778 378 2099 436 ARCHIEP.
2132 376 2444 436 MOGUNT.
2487 375 2770 433 OPERUM
2813 376 2991 432 PARS
3026 375 3090 430 II.

3664 375 3778 430 46

568 508 722 575 Quod
771 514 818 560 et
867 502 1157 573 accepistis.
1208 500 1266 555 ld
1303 508 1420 564 est,
1455 497 1613 568 quod
1659 502 1937 566 acceptum
1975 494 2077 548 ha-
2105 495 2159 555 Α
2254 487 2457 544 Deinde
2499 485 2763 558 Apostolis
2805 485 3065 541 omnibus.
3113 483 3264 539 Multi
3311 484 3399 540 hic
3443 484 3774 555 Apostolus,

495 598 713 655 buistis.
768 596 836 650 Et
876 595 992 649 hrec
1038 593 1199 657 dicit,
1254 604 1323 646 ne
1362 589 1435 644 illi
1477 591 1581 644 hoc
1629 602 1736 641 non
1782 584 2080 641 credidisse

492 689 831 744 Viderentur.

571 775 641 831 In
677 790 781 846 quo
816 782 862 827 et
899 772 1071 827 statis.
1103 770 1161 825 Id
1189 779 1274 825 est
1297 811 1311 836 ,
1341 770 1397 825 in
1424 769 1582 826 bonis
1607 767 2083 838 operibusperse-

456 886 457 889 η
496 872 754 922 verantes
774 906 789 931 ,
819 864 874 918 in
903 862 1058 931 cujus
1087 863 1333 918 doctrina
1365 861 1431 916 ad
1459 860 1699 915 coelestia
1731 858 1862 913 estis
1891 857 2080 912 erecti.

572 954 682 1011 Per
707 955 847 1026 quod
873 963 921 1008 et
947 952 1245 1008 salvamini.
1288 951 1349 1006 Id
1389 960 1509 1015 est,
1550 964 1649 1020 per
1692 947 1845 1017 cujus
1884 946 2085 1001 doctri-

499 1060 628 1104 nam
669 1045 901 1102 salutem
941 1042 1203 1112 speratis,
1234 1049 1301 1095 et
1339 1040 1643 1094 animarum
1683 1048 1739 1093 et
1780 1054 1812 1091 a
1857 1038 2087 1093 diversis

499 1134 912 1194 Inlirmitatibus
959 1134 1284 1203 corporum,
1336 1131 1460 1200 quia
1517 1130 1636 1185 sine
1688 1130 1791 1185 ﬁde
1844 1143 2089 1185 resurre-

502 1222 698 1283 ctionis
740 1225 883 1295 perit
922 1224 1233 1279 omnimodo
1280 1238 1405 1293 spes
1449 1222 1659 1294 salutis.

576 1317 697 1384 Qua
747 1317 952 1370 ratione
988 1316 1385 1387 pra'dicaverim‘
1425 1315 1585 1368 vobis.
1634 1313 1713 1368 Ac
1754 1314 1800 1368 si
1844 1313 2087 1379 diceret,

503 1407 640 1463 Tota
685 1408 824 1462 ratio
854 1405 1255 1476 praedicationis
1285 1414 1483 1458 nostra:
1514 1405 1629 1459 haec
1658 1411 1772 1468 est,
1804 1412 1865 1457 ut
1907 1418 2088 1457 resur-

505 1498 805 1554 rectionem
851 1496 1108 1551 credatis.
1158 1489 1273 1549 Iloc
1323 1503 1405 1549 est
1454 1494 1599 1548 enim
1645 1494 1926 1563 praemium
1974 1508 2090 1548 om-

504 1591 655 1645 nium
712 1588 804 1657 qui
856 1586 1129 1641 Christum
1178 1585 1558 1650 crediderunt,
1612 1584 1849 1655 alioquin
1905 1598 2091 1655 super-

502 1680 645 1738 ﬂuus
701 1689 785 1735 est
837 1678 1033 1735 omnis
1087 1678 1242 1734 labor
1300 1677 1674 1747 jejuniorum,
1736 1670 1791 1732 et
1848 1676 2092 1735 omnium

505 1772 916 1829 tribulationum
942 1811 956 1835 ,
1007 1784 1144 1840 quas
1188 1769 1241 1823 in
1288 1769 1392 1824 hac
1434 1769 1546 1823 vita
1591 1783 1690 1838 pro
1736 1766 1954 1823 Christo
2000 1783 2095 1838 pa-

510 1861 708 1918 limini.

581 1951 644 2007 Si
692 1952 964 2015 retinetis,
1010 1950 1109 2004 nisi
1160 1949 1359 2019 frustra
1404 1948 1716 2004 credidistis.
1765 1948 1825 2005 Id
1865 1956 1950 2003 est
1990 1948 2097 2004 nisi

503 2039 656 2095 obliti
707 2039 871 2103 estis,
924 2039 1007 2093 vel
1053 2048 1232 2103 certe,
1280 2038 1326 2091 si
1370 2038 1493 2093 ﬁdei
1538 2047 1733 2092 vestrae
1771 2037 1855 2093 vel
1893 2037 2097 2093 laboris

505 2129 791 2199 prazmium
827 2129 1158 2199 resurgendo
1199 2134 1304 2182 non
1332 2128 1585 2198 speratis,
1616 2144 1754 2183 vane
1785 2129 2029 2185 creditis.

582 2217 803 2272 Tradidi
830 2219 969 2272 enim
998 2218 1137 2272 vobis
1185 2204 1454 2288 inprimis,
1489 2220 1542 2273 id
1568 2228 1652 2273 εει
1671 2259 1687 2284 ,
1714 2234 1782 2274 ex
1810 2236 1919 2289 quo
1943 2220 2098 2275 vobis

509 2305 563 2361 in
596 2308 893 2378 primordio
932 2308 1221 2377 prtedicavi
1262 2308 1461 2362 tradidi
1498 2308 1817 2378 mysterium
1853 2323 2099 2364 resurre-

509 2398 725 2465 ctionis,
762 2400 904 2469 quod
934 2399 1016 2453 vel
1046 2408 1247 2453 nostra:
1276 2407 1511 2473 constat,
1542 2398 1987 2469 vel-primum....

582 2488 738 2555 Quod
766 2500 811 2543 et
837 2491 1033 2560 accepi.
1062 2489 1324 2558 Accipere
1350 2505 1408 2544 se
1433 2490 1571 2545 dixit
1598 2490 1712 2546 sive
1742 2505 1773 2545 a
1800 2489 1919 2561 lege
1938 2530 1953 2555 ,
1982 2491 2098 2547 sive

506 2592 537 2632 a
570 2579 895 2643 senioribus,
922 2581 1035 2633 sive
1064 2581 1131 2634 ab
1162 2580 1277 2649 ipso
1306 2580 1533 2634 Domino
1561 2596 1659 2650 per
1687 2581 2093 2637 revelationem.

581 2668 842 2734 Quoniam
879 2668 1117 2723 Christus
1156 2680 1391 2724 mortuus
1420 2680 1493 2723 est
1522 2688 1617 2738 pro
1648 2673 1871 2741 peccatis
1903 2672 2095 2726 nostris

509 2761 793 2815 secundum
826 2760 1156 2830 Scripturas.
1190 2761 1259 2816 Ut
1288 2763 1492 2832 majore
1521 2772 1705 2833 posset
1732 2763 1925 2819 beatus
1950 2764 2095 2835 Apo—

509 2852 679 2908 stolus
723 2852 1049 2921 auctoritate
1092 2852 1310 2907 ﬁrmare
1369 2853 1513 2920 quod
1557 2853 1909 2922 praedicabat,
1953 2854 2095 2909 hunc

513 2961 632 3001 esse
668 2945 941 3001 Christum
978 2944 1304 2999 salvatorem
1338 2944 1523 2999 mundi
1558 2945 1719 3007 dicit,
1760 2962 1914 3015 quem
1945 2945 2097 3017 Moy-

510 3059 592 3097 ses
638 3052 685 3096 et
726 3035 1011 3111 PrOphetw
1052 3042 1525 3105 auitunsiaverunt,
1566 3041 1687 3096 ideo
1717 3050 1771 3096 et
1792 3027 2095 3096 secundum

512 3132 824 3200 Scripturas
862 3129 1181 3199 prtediotum
1210 3144 1329 3193 esse
1368 3127 1760 3184 commemorat
1784 3171 1799 3196 ,
1836 3142 1895 3185 ut
1929 3130 2092 3206 illud,

2182 576 2303 635 illos
2328 592 2516 633 omnes
2546 577 2883 647 septuaginta
2910 590 3048 645 quos
3073 575 3333 631 Dominus
3357 575 3505 630 misit
3530 577 3597 630 ad
3626 592 3777 645 ιιινιιξ-

2183 670 2470 726 dicandum
2503 662 2728 737 intelligi
2758 667 2965 722 volunt.

2257 761 2551 816 Novissime
2588 769 2760 814 autem
2804 760 3035 813 omnium
3077 768 3325 830 tanquam
3354 758 3586 816 abortivo
3630 759 3779 812 visus

2183 860 2259 905 est
2285 858 2332 904 et
2362 850 2508 903 mihi.
2544 849 2705 904 Visus
2732 855 2817 903 est
2849 847 2926 901 illi
2958 846 3012 900 in
3044 847 3129 901 via
3158 848 3373 917 quando
3404 846 3494 900 lus
3537 847 3779 902 circum-

2185 940 2336 995 fulsit
2364 955 2486 994 eum
2537 939 2652 993 sive
2681 938 2734 992 in
2765 937 2988 1006 templo.
3018 935 3144 991 Hzec
3174 937 3297 992 ideo
3324 936 3485 1001 dicit,
3518 951 3586 991 ne
3614 944 3771 1005 puta-

2187 1039 2305 1085 rent
2331 1045 2455 1084 eum
2483 1028 2663 1083 audita
2688 1027 2865 1098 potius
2887 1041 3050 1097 quam
3075 1027 3190 1081 visa
3219 1040 3466 1081 narrare.
3497 1024 3772 1097 Tanquam

2185 1121 2420 1175 abortivo
2450 1120 2611 1185 dicit,
2640 1120 2767 1188 quia
2794 1126 2880 1195 est
2905 1133 3191 1189 synagogae
3220 1126 3467 1172 mortuus
3485 1157 3500 1182 ,
3525 1124 3582 1170 et
3604 1126 3778 1173 natus

2188 1210 2461 1275 ecclesia),
2507 1219 2759 1279 tanquam
2808 1208 3076 1275 abortivo,
3127 1208 3194 1263 de
3233 1206 3393 1276 cujus
3433 1208 3545 1262 vita
3594 1205 3783 1262 fuerat

2188 1303 2531 1374 desperatum
2555 1302 2658 1357 nisi
2681 1318 2779 1372 per
2801 1302 3030 1373 gratiam
3054 1302 3267 1357 Domini
3296 1301 3783 1358 violenter'fuisset

2191 1402 2473 1451 attractus.
2518 1394 2803 1450 Attractus
2842 1402 3023 1449 autem
3050 1395 3521 1465 praedicationibus
3550 1412 3656 1451 non
3688 1412 3770 1451 ca-

2192 1484 2332 1539 tenis
2376 1493 2433 1538 et
2480 1499 2591 1553 pra:
2619 1492 2839 1554 stupore
2878 1485 3138 1539 novitatis
3181 1485 3383 1539 invitus
3404 1525 3418 1549 ,
3451 1484 3543 1554 qui
3572 1494 3691 1539 erat
3722 1486 3778 1539 in

2191 1573 2325 1645 legis
2352 1575 2657 1629 eruditione
2683 1574 2988 1644 perfectus,
3020 1574 3134 1629 sive
3164 1574 3284 1630 ideo
3309 1575 3585 1629 abortivus
3605 1615 3618 1639 ,
3647 1576 3780 1645 quia

2192 1670 2391 1726 merito
2415 1684 2688 1742 synagoga
2717 1684 2840 1724 eum
2868 1668 3008 1723 male
3030 1677 3349 1738 conceptum
3377 1667 3785 1739 imperfectum-

2194 1776 2300 1831 que
2333 1762 2564 1832 peperit.

2123 1866 2173 1926 Β
2270 1850 2385 1922 Ego
2427 1853 2564 1905 enim
2605 1868 2721 1906 sum
2760 1852 3009 1905 minimus
3051 1848 3428 1921 apostolorum.
3467 1848 3595 1905 Hace
3624 1849 3691 1906 de
3722 1864 3788 1905 se

2198 1948 2421 2014 propter
2456 1942 2818 1997 humilitatem
2856 1942 3027 2008 dicit;
3073 1949 3329 1997 cancrum
3366 1949 3485 1996 erat
3526 1941 3790 1997 minimus

2200 2045 2446 2106 tempore
2487 2049 2594 2090 non
2636 2032 2819 2088 labore
2845 2051 2857 2085 :
2887 2048 3014 2087 nam
3052 2031 3182 2086 alibi
3224 2031 3333 2097 ait,
3380 2030 3499 2103 plus
3541 2030 3789 2084 omnibus

2199 2126 2456 2182 laboravi.

2272 2217 2375 2284 Qui
2424 2228 2528 2272 nan
2573 2234 2689 2272 sum
2730 2217 2918 2288 dignus
2965 2217 3151 2271 vocari
3190 2215 3492 2287 apostolus,
3531 2215 3788 2287 quoniam

2197 2321 2499 2384 persecutus
2529 2318 2645 2366 sum
2676 2310 2968 2365 Ecclesium
2998 2310 3118 2365 Dei.
3149 2310 3327 2377 Quare
3349 2326 3457 2365 non
3484 2311 3558 2366 sit
3584 2310 3792 2381 dignus

2198 2403 2314 2473 ipse
2343 2411 2620 2473 exponens
2651 2401 2760 2467 ait,
2795 2400 3056 2467 Quoniam
3100 2412 3399 2471 persecutus
3439 2416 3556 2455 sum
3597 2398 3796 2455 Eccle-

2197 2495 2332 2549 siam
2373 2493 2492 2548 Dei.
2524 2493 2696 2549 Docet
2726 2508 2825 2548 nos
2852 2491 3100 2562 exemplo
3126 2506 3224 2547 suo
3254 2492 3419 2547 etiam
3458 2491 3504 2547 si
3544 2492 3610 2546 ad
3648 2506 3798 2562 pra:-

2198 2601 2323 2641 sens
2343 2584 2693 2655 proﬁciamus
2713 2623 2728 2649 ,
2756 2582 2952 2639 deflere
2975 2583 3249 2653 praeterita
3269 2623 3284 2648 ,
3314 2583 3507 2637 melius
3528 2593 3612 2636 est
3636 2582 3794 2637 enim

2198 2674 2422 2730 dimissa
2479 2672 2754 2728 recordari
2806 2681 3065 2743 peccata,
3117 2686 3280 2741 quam
3337 2669 3583 2726 oblivisci
3639 2686 3798 2726 com-

2197 2768 2382 2822 missa.
2417 2765 2688 2836 Scriptum
2717 2774 2802 2821 est
2832 2766 3004 2830 enim,
3034 2763 3162 2829 Fili,
3188 2764 3431 2834 peccasti,
3467 2782 3529 2819 ne
3556 2764 3798 2835 adjicias

2198 2858 2384 2912 iterum
2404 2900 2419 2924 ,
2446 2858 2538 2913 sed
2566 2868 2615 2912 et
2641 2858 2705 2912 de
2728 2857 3006 2927 praeteritis
3035 2856 3332 2927 deprecare.

2269 2948 2456 3004 Gratia
2484 2960 2659 3004 autem
2685 2949 2782 3003 Dei
2810 2965 2926 3003 sum
2954 2948 3010 3002 id
3038 2949 3177 3020 quod
3207 2965 3327 3003 sum
3346 2990 3360 3014 ,
3389 2955 3440 3003 et
3464 2948 3637 3019 gratia
3667 2949 3796 3019 ejus

2197 3043 2252 3099 in
2276 3058 2357 3095 me
2384 3058 2548 3095 vacua
2574 3056 2677 3094 non
2706 3039 2828 3108 fuit.
2870 3040 3006 3107 Quia
3035 3039 3206 3109 gratia
3250 3056 3357 3110 qua
3398 3040 3663 3110 redempti
3707 3057 3811 3096 su-

2198 3148 2321 3187 mus
2346 3131 2588 3186 laborem
2615 3138 2903 3185 conatuum
2932 3145 3040 3184 non
3067 3130 3321 3187 meritum
3347 3131 3614 3200 quaesivit.
3644 3130 3808 3198 Quo-

513 3222 665 3277 Sicut
712 3222 830 3277 ovis
874 3222 943 3275 ad
981 3222 1310 3276 occisionem
1349 3221 1595 3286 ducetur,
1642 3230 1701 3297 et
1738 3224 1893 3293 quasi
1926 3239 2096 3293 agnus
2125 3218 2167 3279 C
2202 3224 2405 3279 tidiana
2446 3233 2625 3279 autem
2656 3223 2831 3294 gratia
2888 3231 3012 3292 post
3047 3224 3377 3293 baptismum
3417 3224 3800 3294 quotidianum

512 3329 695 3370 coram
729 3314 979 3370 tondente
1007 3330 1064 3368 se
1090 3314 1452 3379 obmutescet;
1481 3322 1535 3367 et
1564 3314 1714 3379 illud,
1744 3313 1992 3368 Traditus
2021 3328 2096 3369 est

510 3415 720 3477 propter
758 3405 1057 3477 iniquitates
1090 3414 1327 3470 nostras,
1370 3412 1424 3459 et
1459 3404 1619 3458 livore
1646 3405 1760 3475 ejus
1803 3406 1976 3463 sanati
2013 3422 2098 3459 su-

511 3514 662 3564 mus,
705 3506 761 3551 ct
800 3497 967 3552 multa
1010 3496 1112 3551 alia
1156 3497 1211 3551 iu
1257 3496 1453 3550 divinis
1482 3495 1548 3550 de
1576 3496 1830 3565 passione
1856 3495 1973 3566 ejus
2014 3496 2098 3549 in—

516 3589 703 3645 venies
728 3588 1042 3659 Scripturis.

587 3680 657 3736 Et
697 3680 821 3751 quia
853 3678 1086 3749 sepultus
1116 3684 1212 3732 est.
1258 3676 1327 3733 Ut
1358 3675 1489 3731 illud
1521 3675 1672 3731 Isaia:
1696 3716 1710 3741 ,
1742 3686 1788 3730 et
1820 3675 1965 3729 dabit
1993 3676 2094 3729 im-

512 3772 627 3846 pios
669 3788 764 3842 pro
805 3768 1073 3841 sepultura
1118 3769 1269 3839 ejus,
1316 3777 1361 3822 et
1410 3768 1593 3821 divites
1632 3783 1726 3837 pro
1768 3775 1933 3820 morte
1972 3782 2093 3821 sua.

512 3864 645 3921 Item
669 3865 802 3935 ipse,
838 3862 1121 3933 Sepultum
1153 3862 1265 3931 ejus
1294 3859 1502 3914 sublata
1528 3870 1599 3913 est
1630 3859 1694 3913 de
1720 3858 1915 3914 medio.

584 3954 652 4009 Et
695 3955 819 4025 quia
862 3955 1089 4007 surrexit
1134 3954 1286 4007 tertia
1327 3954 1411 4007 die
1442 3953 1729 4007 secundum
1768 3951 2091 4023 Scripturas.

513 4044 691 4102 llahes
720 4045 776 4099 in
817 4043 953 4117 Osee
971 4086 983 4109 ,
1016 4043 1297 4111 viviﬁcabit
1326 4060 1418 4097 nos
1447 4051 1563 4113 post
1592 4043 1724 4096 duos
1753 4043 1864 4097 dies
1887 4084 1901 4109 ,
1932 4044 1987 4097 in
2012 4044 2096 4097 die

513 4140 665 4195 tertia
692 4137 962 4192 suscitabit
992 4153 1106 4201 nos,
1136 4146 1182 4189 et
1211 4136 1435 4189 vivemus
1462 4136 1517 4189 in
1549 4144 1819 4205 conspectu
1847 4136 1984 4205 ejus.

586 4226 657 4281 Et
693 4228 816 4298 quia
851 4226 990 4279 visus
1036 4234 1111 4279 est
1152 4225 1369 4295 Cephw,
1427 4226 1480 4279 id
1516 4235 1629 4291 est,
1666 4226 1847 4281 P'etro.
1884 4226 2095 4297 Cephas

514 4318 659 4373 enim
707 4316 906 4388 Syrum
956 4331 1151 4371 nomen
1196 4311 1299 4370 est.
1340 4315 1603 4385 Apparuit
1644 4317 1807 4372 Petro
1848 4318 1989 4372 sicut
2040 4318 2095 4372 in

512 4408 804 4479 Evangelio
834 4408 1093 4477 scriptum
1121 4418 1206 4463 est
1226 4448 1239 4473 ,
1270 4408 1392 4478 quia
1421 4410 1664 4478 apparuit
1694 4407 1921 4465 Simoni.

583 4500 652 4555 Et
675 4510 789 4570 post
819 4500 913 4553 hoc
940 4500 1196 4552 undecim.
1227 4499 1451 4565 Quando
1478 4498 1547 4552 ad
1572 4512 1667 4553 eos
1687 4499 1868 4569 januis
1894 4499 2093 4554 clausis

2200 3315 2481 3369 servitium
2533 3312 2736 3368 laboris
2783 3322 3083 3384 exspectat,
3127 3313 3183 3367 in
3228 3330 3335 3384 quo
3380 3315 3608 3385 quisque
3652 3316 3802 3369 bene

2199 3420 2432 3475 operans
2460 3420 2631 3475 usque
2655 3406 2710 3459 in
2736 3404 2898 3460 linem
2925 3419 3210 3476 persevera
3225 3408 3358 3463 verit
3387 3407 3440 3461 in
3468 3415 3799 3478 perpetuum

2198 3497 2382 3554 salvus
2423 3497 2548 3554 erit.

2740 3567 3023 3625 HOMILIA
3058 3566 3215 3624 CXLI

2765 3675 2897 3715 ITEI
2929 3676 2999 3714 UT
3030 3674 3214 3714 δυΡηΑ.

2356 3751 2540 3808 Lectio
2566 3751 2741 3806 sancti
2767 3749 3046 3821 Evangelii
3073 3748 3368 3805 secundum
3398 3748 3625 3804 Lucam.

2268 3865 2335 3920 In
2370 3865 2460 3920 illo
2499 3876 2726 3936 tempore
2748 3905 2762 3931 ,
2793 3865 2897 3919 duo
2930 3866 3162 3919 homines
3189 3864 3535 3918 ascenderunt
3568 3865 3623 3917 in
3655 3873 3797 3919 tem-

2195 3956 2340 4027 plum
2382 3966 2437 4009 ut
2481 3964 2735 4010 orarent:
2763 3971 2899 4009 unus
2930 3953 3240 4008 Pharisarus
3280 3962 3327 4006 et
3371 3953 3507 4006 alter
3548 3952 3797 4023 publica-

2197 4065 2296 4103 nus
2314 4089 2328 4111 ,
2361 4058 2468 4102 CIC.

2266 4138 2591 4193 Publicanus
2618 4137 2896 4192 humiliter
2920 4152 3083 4193 orans
3112 4137 3178 4191 ad
3206 4135 3296 4190 illa
3320 4134 3561 4205 praefatae
3587 4135 3791 4200 viduae,

2198 4228 2301 4283 hoc
2328 4237 2410 4283 est
2436 4226 2692 4283 Ecclesiae
2718 4226 2961 4282 membra
2990 4226 3260 4297 pertinet,
3293 4226 3360 4280 de
3389 4226 3588 4295 quibus
3618 4242 3792 4296 supra

2196 4316 2412 4379 dicitur,
2453 4316 2591 4371 Deus
2626 4326 2800 4371 autent
2838 4317 2994 4384 faciet
3025 4316 3306 4369 vindictam
3345 4313 3628 4369 electorum
3653 4334 3795 4371 suo-

2197 4426 2313 4463 rum
2357 4410 2697 4463 clamantium
2727 4409 2797 4462 ad
2826 4426 2898 4462 se.
2930 4408 3237 4462 Phariszeus
3270 4415 3451 4461 autem
3481 4407 3677 4462 merita
3707 4407 3795 4475 ja-

2197 4510 2388 4569 ctans,
2435 4503 2503 4557 ad
2540 4516 2636 4567 ea,
2679 4500 2745 4556 de
2786 4501 2983 4571 quibus
3028 4499 3286 4554 terribilis
3332 4498 3383 4551 in
3426 4498 3793 4555 conclusione

513 4590 755 4647 intravit.
800 4589 913 4645 Hoc
953 4590 1387 4670 intelligendum,
1418 4591 1545 4661 quia
1576 4592 1631 4645 in
1658 4590 1950 4660 Evangelio
1980 4606 2091 4645 non
2120 4563 2171 4623 D
2197 4593 2462 4648 sententia
2487 4592 2753 4656 subditur,
2780 4601 3130 4645 verumtamen
3151 4590 3296 4659 ﬁlius
3323 4590 3547 4646 hominis
3571 4591 3791 4645 veniens

512 4697 702 4739 ornnes
744 4683 957 4752 scriptae
1001 4690 1127 4736 sunt
1166 4681 1429 4749 visiones,
1475 4682 1569 4737 sed
1610 4688 1819 4736 tantum
1865 4696 1984 4751 qua:
2021 4680 2091 4735 ad

514 4773 849 4828 audientium
876 4771 1184 4827 sufﬁcerent
1212 4771 1393 4827 ﬁdem.

584 4863 783 4918 Deinde
809 4865 946 4918 visus
977 4871 1050 4917 est
1077 4861 1195 4931 plus
1224 4878 1381 4933 quam
1419 4862 1710 4933 quingentis
1740 4860 1991 4930 fratribus
2019 4862 2092 4915 si-

513 4959 622 5009 mul
646 4972 665 5020 ;
702 4970 768 5008 ea:
801 4953 987 5023 quibus
1019 4952 1168 5006 multi
1196 4961 1405 5007 manent
1441 4969 1601 5023 usque
1628 4952 1832 5017 adhuc,
1871 4952 2087 5023 quidam

512 5057 687 5099 autem
726 5043 1068 5099 dormierunt.
1119 5042 1189 5099 Ut
1215 5045 1359 5099 enim
1387 5042 1563 5113 major
1607 5042 1740 5099 ﬁdes
1773 5044 2086 5108 haberetur,

512 5134 909 5191 multitudinem
956 5133 1175 5187 testium
1218 5133 1559 5203 interposuit.
1591 5133 1671 5187 Ex
1700 5131 1896 5203 quibus
1934 5131 2087 5189 multi

510 5224 694 5278 vivere
732 5224 1003 5286 dicuntur,
1038 5223 1129 5292 qui
1156 5224 1365 5293 possint
1390 5224 1709 5294 interrogati
1749 5224 1930 5278 dicere
1965 5237 2086 5291 quae

511 5315 777 5371 viderunt.
809 5313 957 5367 Multi
984 5329 1112 5367 vero
1132 5312 1243 5381 jam
1273 5313 1506 5368 dormire
1532 5313 1784 5368 dicuntur
1806 5313 1860 5366 in
1889 5321 2081 5366 morte.

579 5406 781 5461 Deinde
801 5406 942 5459 visus
968 5415 1041 5459 est
1089 5404 1325 5479 Jacabo.‘
1360 5404 1561 5460 iacebo
1585 5403 1790 5474 Αἰμιιωὶ
1840 5419 2084 5459 seorsum

510 5496 791 5566 apparuit,
844 5494 1025 5549 ferunt
1069 5495 1211 5548 enim
1256 5494 1397 5563 quod
1446 5494 1560 5563 ipse
1602 5492 1835 5547 Jacobus
1881 5492 2083 5560 Alphzci

513 5593 741 5639 testatus
768 5585 869 5650 sit,
918 5584 972 5637 in
999 5598 1152 5638 coana
1181 5584 1389 5638 Domini
1418 5585 1627 5649 dicens,
1667 5574 1783 5637 non
1803 5597 1861 5637 se
1905 5598 2084 5637 come-

511 5688 717 5733 sturum
752 5694 947 5747 panem
985 5678 1286 5749 usquedum
1315 5680 1522 5734 videret
1569 5676 1845 5733 Christum
1878 5690 1909 5729 a
1939 5689 2083 5729 mor-

511 5774 617 5830 tuis
659 5782 1041 5842 resurgentem.

2194 4692 2348 4753 putas
2374 4684 2595 4737 inveniet
2622 4681 2780 4751 ﬁdem
2807 4682 2861 4735 in
2898 4691 3038 4736 terra
3060 4682 3086 4736 ?

2267 4771 2574 4829 Phariswus
2626 4782 2805 4838 stans,
2856 4774 2980 4827 hrcc-
3021 4773 3164 4842 apud
3215 4789 3269 4828 se
3321 4773 3506 4827 orabat
3554 4775 3787 4831 dicens:

2193 4864 2373 4931 Deus,
2421 4866 2621 4936 gratias
2672 4880 2770 4933 ago
2819 4864 2911 4917 tibi
2951 4864 3077 4933 quia
3116 4879 3219 4917 non
3265 4879 3380 4917 sum
3423 4879 3559 4916 sicut
3602 4876 3789 4920 cwtert

2192 4956 2493 5019 hominum,
2542 4960 2810 5024 raptores,
2858 4952 3072 5021 injusti,
3126 4950 3398 5005 adulteri:
3438 4949 3575 5003 velut
3617 4951 3791 5007 etiam

2194 5048 2279 5101 hic
2316 5046 2649 5117 publicanus.
2692 5044 2933 5112 Quatuor
2972 5050 3098 5097 sunt
3136 5042 3346 5113 species
3373 5040 3570 5110 quibus
3598 5042 3790 5115 omnis

2198 5145 2379 5192 tumor
2410 5135 2780 5207 arrogantium
2827 5135 3251 5197 demonstratur,
3285 5133 3371 5187 vel
3408 5148 3532 5188 cum
3570 5133 3784 5188 bonum

2197 5243 2227 5282 a
2285 5225 2592 5296 semetipsis
2640 5224 2843 5280 habere
2899 5238 2959 5277 se
3018 5224 3368 5286 existimant;
3426 5230 3517 5276 aut
3573 5222 3619 5276 si
3672 5222 3787 5278 sibi

2194 5314 2382 5371 datum
2422 5314 2655 5386 desuper
2698 5313 2926 5367 credunt
2971 5327 3070 5381 pro
3108 5312 3220 5367 suis
3260 5315 3318 5366 se
3358 5312 3459 5366 hoc
3499 5311 3787 5381 accepisse

2194 5405 2404 5460 meritis
2448 5412 2671 5474 putant,
2717 5411 2810 5457 aut
2852 5411 2998 5457 certe
3036 5402 3246 5471 jactant
3290 5417 3347 5455 se
3392 5401 3593 5455 habere
3631 5402 3786 5469 quod

2194 5508 2298 5548 non
2328 5494 2550 5555 habent,
2581 5502 2673 5545 aut
2700 5491 2970 5560 despectis
3000 5491 3208 5545 ueteris
3234 5490 3580 5559 singulariter
3602 5489 3782 5545 videri

2193 5594 2451 5654 appetunt
2508 5585 2744 5649 habere,
2801 5583 2942 5651 quod
2995 5583 3237 5648 habent,
3288 5583 3413 5651 quia
3464 5580 3784 5638 Pharisceus

2190 5678 2293 5731 iste
2337 5675 2613 5743 jactantiae
2658 5681 2806 5743 peste
2862 5674 3136 5729 laborasse
3185 5673 3626 5742 deprehenditur,
3678 5673 3781 5741 qui

2194 5768 2394 5823 idcirco
2427 5766 2493 5821 de
2522 5765 2717 5834 templo
2769 5765 2972 5833 absque
3018 5761 3405 5832 justiﬁeatione
3454 5762 3782 5830 descendit,
