3960 6332
166 382 257 435 ili

165 588 394 642 tribuens
412 629 427 653 ,
455 588 634 641 oranti
662 587 947 658 publicano
972 602 1031 642 se
1056 587 1311 656 praetulit.

224 678 414 749 Jejuno
456 680 533 734 bis
574 681 631 733 in
670 679 927 733 sabbato:
969 679 1211 733 decimas
1239 680 1306 731 do
1348 678 1580 732 omnium
1611 694 1728 747 qure

159 770 403 841 possideo.
467 769 722 825 Ezechiel
775 771 1037 839 propheta
1086 770 1152 824 de
1182 770 1423 831 ostensis
1463 769 1565 824 sibi
1605 768 1725 823 coeli

162 844 473 916 animalibus
502 860 724 925 scribit,
753 869 803 914 et
827 869 991 914 totum
1015 876 1202 930 corpus
1229 860 1438 930 plenum
1464 868 1576 913 erat
1604 875 1728 914 ocu-

161 949 219 1004 lis
251 952 303 1003 in
333 951 559 1007 circuitu
583 952 814 1021 ipsorum
840 960 1083 1021 quatuor.
1116 949 1353 1020 Corpora
1380 950 1576 1019 quippe
1606 951 1729 1007 ani-

162 1042 368 1096 malium
398 1042 603 1100 idcirco
626 1043 783 1112 plena
813 1042 984 1097 oculis
1009 1042 1418 1107 describuntur,
1450 1044 1576 1111 quia
1605 1057 1727 1096 san-

158 1140 357 1186 ctorum
406 1133 552 1187 actio
574 1133 641 1187 ab
664 1133 809 1186 omni
836 1140 992 1201 parte
1021 1132 1408 1202 circumspecta
1438 1139 1520 1185 est
1541 1172 1555 1196 ,
1585 1132 1725 1186 bona

158 1221 578 1277 desiderabiliter
599 1207 921 1292 praevidéns,
953 1220 1093 1275 mala
1123 1221 1350 1276 solerter
1378 1236 1598 1286 cavens,
1630 1221 1725 1275 sed

156 1327 246 1366 nos
284 1326 425 1381 saepe
467 1311 595 1365 dum
635 1311 756 1365 aliis
797 1311 959 1365 rebus
996 1311 1359 1377 intendimus,
1391 1311 1483 1376 ﬁt,
1515 1320 1575 1366 ut
1620 1311 1723 1365 alia

156 1402 512 1470 ttt‘gligamtts,
546 1401 617 1456 ibi
649 1401 835 1470 procul
868 1400 1029 1456 dubio
1056 1401 1272 1456 oculum
1304 1417 1411 1459 non
1440 1402 1720 1456 habemus.

157 1489 279 1543 Nam
306 1506 434 1544 ecce
477 1489 785 1545 Pharisasus
806 1490 873 1544 ad
912 1489 1270 1547 exhibendam
1316 1490 1721 1555 abstinentiam,

154 1583 212 1635 ad
266 1582 593 1652 implendam
646 1581 1097 1646 misericordiam,
1143 1582 1211 1636 ad
1253 1581 1563 1637 referendas
1613 1583 1723 1636 Deo

151 1675 345 1742 gratias
378 1673 594 1729 oculum
624 1672 920 1738 habuerat,
958 1672 1052 1728 sed
1093 1673 1159 1727 ad
1200 1673 1518 1728 humilitatis
1545 1683 1723 1729 custo-

151 1768 282 1818 diam
309 1780 414 1820 non
444 1764 709 1829 habebat,
737 1770 791 1818 et
817 1761 945 1831 quid
971 1763 1223 1831 prodest,
1251 1762 1393 1832 quod
1419 1770 1604 1817 contra
1625 1762 1721 1815 ho-

1235 383 1540 442 IIOMILIA'Z
1575 383 1643 440 IN
1681 381 1935 443 EVANG.
1974 384 2065 444 ET
2099 386 2317 444 EPIST.

164 496 277 564 quia
306 495 569 550 bonorum
599 510 819 572 operum
850 496 1040 551 merita
1068 497 1170 552 sibi
1198 497 1352 566 quasi
1381 495 1728 568 singulariter
1753 506 1807 568 Α

3299 389 3403 447 H8

2355 495 2635 553 HOMILIA
2672 497 2871 555 CXLII.

2480 606 2637 644 FERIA
2668 606 2742 645 ιγ.

1862 676 2046 732 Lectio
2096 678 2346 748 Epistula:
2379 680 2437 733 Β.
2477 681 2627 735 Pauli
2665 680 2887 751 apostoli
2927 682 2993 736 ad
3028 680 3359 738 Corinthios.

1902 767 2138 835 Fratres,
2170 772 2375 824 nescitis
2404 773 2525 842 quia
2554 790 2772 843 corpora
2802 784 2965 827 vestra
2993 775 3223 829 membra
3248 774 3402 830 Chri—

1829 859 1897 911 sti
1928 868 2084 923 sunt,
2116 866 2220 913 etc.

1894 948 2130 1018 Corpora
2174 957 2356 1004 nostra
2391 949 2628 1004 membra
2653 950 2849 1005 Christi
2880 961 3022 1016 sunt,
3050 953 3141 1007 sed
3178 952 3229 1006 in
3262 967 3401 1008 novo

1826 1040 2074 1104 homine,
2107 1040 2195 1109 qui
2231 1042 2524 1095 secundum
2554 1041 2720 1095 Deum
2752 1050 2964 1096 creatus
2989 1052 3098 1109 est,
3132 1045 3256 1113 quia
3286 1045 3403 1114 ipse

1825 1140 1907 1185 est
1932 1140 2090 1200 caput
2119 1131 2390 1186 Ecclesiae.

1897 1219 2103 1291 Tollens
2134 1237 2254 1291 ergo
2292 1221 2520 1274 membra
2554 1220 2782 1287 Christi,
2822 1222 3014 1291 faciam
3043 1224 3268 1277 membra
3293 1241 3401 1279 me-

1824 1313 2070 1365 retricis?
2106 1312 2269 1367 Absit.
2304 1313 2437 1379 Quia
2486 1305 2757 1368 meretrici
2797 1314 3126 1369 adhaerentia
3157 1316 3399 1371 membra

1825 1402 2074 1458 desinunt
2099 1419 2219 1459 esse
2246 1405 2484 1458 membra
2516 1403 2734 1459 Christi.

1895 1494 1976 1547 An
2002 1495 2207 1548 nescitis
2235 1496 2359 1564 quia
2386 1495 2476 1565 qui
2516 1495 2743 1548 militum
2771 1496 3027 1549 meretrici
3045 1536 3058 1559 ,
3089 1512 3251 1549 unum
3284 1512 3403 1551 cor-

1821 1601 1919 1654 pus
1944 1585 2051 1638 sit?
2090 1584 2204 1640 lloc
2242 1585 2390 1651 dicit,
2425 1585 2549 1654 quia
2595 1585 2684 1653 qui
2723 1585 3163 1640 contaminationi
3198 1602 3257 1641 se
3300 1586 3396 1641 ad-

1821 1676 2033 1741 miscet,
2057 1691 2221 1730 unum
2254 1676 2314 1728 lit
2343 1691 2572 1741 cumeo,
2595 1678 2682 1731 cui
2710 1692 2766 1731 se
2788 1677 3075 1743 admiscet;
3112 1678 3398 1735 fornicatio

1825 1765 1965 1817 enim
1999 1765 2186 1818 ambos
2212 1779 2375 1817 unum
2406 1763 2534 1818 facit
2562 1774 2619 1818 ut
2646 1768 2913 1834 quomodo
2942 1767 2995 1821 in
3026 1776 3215 1822 natura
3246 1768 3323 1823 sic
3343 1775 3399 1823 et

152 1857 305 1909 stium
336 1855 561 1910 insidias
598 1869 735 1925 pene
771 1861 882 1907 tota
921 1853 1114 1907 civitas
1149 1860 1303 1907 caute
1330 1852 1648 1915 custoditur,
1675 1850 1720 1904 si
1751 1843 1797 1901 B
1826 1854 1880 1906 in
1908 1853 2113 1907 macula
2143 1866 2307 1906 unum
2336 1854 2465 1907 sint.

150 1942 586 2005 unuml‘oramen
627 1950 871 2013 apertum
914 1940 1256 2011 relinquitur,
1287 1942 1427 1996 unde
1459 1940 1525 1995 ab
1554 1939 1716 1995 hosti-

150 2035 243 2089 bus
272 2035 546 2089 intretur?

213 2123 279 2177 Et
318 2124 661 2191 publicanus,
705 2142 737 2179 a
779 2124 929 2195 longe
950 2135 1132 2189 stans,
1180 2124 1384 2179 nolebat
1414 2141 1505 2179 nec
1542 2124 1718 2180 oculos

152 2215 212 2267 ad
251 2213 433 2272 cmlum
479 2215 689 2281 levare;
726 2217 816 2270 sed
854 2217 1172 2287 percutiebat
1208 2226 1382 2285 pectus
1419 2233 1600 2281 suum,
1630 2217 1715 2269 di-

150 2322 257 2359 cens
297 2322 315 2360 :
363 2306 542 2372 Deus,
585 2308 839 2377 prapitius
875 2317 1003 2362 .esto
1050 2306 1177 2361 milii
1224 2308 1499 2377 peccaturi.
1552 2307 1717 2361 Amen

151 2394 258 2446 dico
284 2393 424 2447 vobis
444 2434 458 2459 ,
487 2394 749 2449 descendit
773 2394 856 2449 hic
873 2394 1201 2465 justi/icatus
1232 2396 1286 2447 in
1316 2394 1526 2448 domum
1564 2411 1715 2447 suam

148 2484 347 2538 abillo.
400 2485 669 2551 Quantam
713 2488 883 2542 venias
926 2486 1177 2540 ﬁduciam
1222 2487 1380 2557 digne
1409 2487 1718 2556 poenitenti-

148 2572 240 2628 hus
269 2576 475 2649 pragbet
497 2575 639 2644 quod
669 2575 984 2645 publicanus
1011 2575 1117 2645 qui
1144 2585 1349 2630 reatum
1388 2584 1496 2631 sure
1530 2576 1719 2646 nequi-

149 2664 229 2717 tia:
270 2664 512 2734 perfecte
559 2665 845 2735 cognovit,
895 2664 1076 2732 ﬂevit,
1126 2665 1406 2721 confessus
1449 2674 1559 2730 est,
1614 2667 1716 2722 etsi

149 2753 373 2824 injustus
418 2757 487 2811 ad
540 2756 795 2827 templum
845 2758 1029 2822 venit,
1069 2755 1397 2826 justiﬁeatus
1438 2774 1468 2813 a
1518 2759 1716 2830 templo

148 2845 335 2899 rediit!
367 2846 571 2917 Typice
614 2857 792 2903 autem
825 2847 1132 2903 Phariszeus
1172 2847 1477 2904 Iudaeorum
1516 2858 1597 2905 est
1625 2865 1720 2921 po-

148 2934 296 3003 pulus
353 2937 449 3006 qui
505 2952 569 2990 ex
618 2930 1097 3005 justiticationibus
1148 2938 1282 3009 legis
1337 2940 1547 2994 extollit
1599 2957 1714 2997 me-

148 3028 243 3083 rita
286 3045 415 3095 sua;
450 3030 769 3101 publicanus
810 3046 937 3086 vero
978 3031 1192 3102 gentilis
1234 3039 1349 3098 est,
1378 3032 1470 3102 qui
1501 3032 1656 3105 longe
1683 3047 1716 3087 a

144 3118 246 3173 Deo
284 3120 498 3189 positus
535 3118 821 3175 conﬁtetur
858 3127 1078 3190 peccata
1123 3134 1218 3175 sua
1249 3138 1262 3174 :
1308 3136 1535 3191 quorum
1577 3136 1716 3177 unus

1895 1946 2061 1998 lt‘runt
2093 1945 2327 2016 (inquit),
2358 1946 2461 1997 duo
2493 1946 2546 1998 in
2575 1962 2733 2001 carne
2760 1964 2883 2001 una.
2928 1946 3265 2003 Manifestum
3294 1956 3398 2013 est,

1817 2045 1877 2091 ut
1913 2037 2036 2106 quia
2078 2035 2268 2091 mulier
2308 2038 2373 2092 de
2418 2036 2535 2092 viro
2571 2046 2693 2105 est,
2731 2040 2889 2095 ambo
2928 2041 2983 2094 in
3029 2055 3193 2095 carne
3233 2057 3401 2096 unum

1818 2129 1946 2185 sint.

1890 2219 1991 2285 Qui
2022 2230 2194 2274 autem
2220 2220 2449 2274 adliceret
2482 2221 2720 2283 Domino,
2753 2239 2885 2276 unus
2906 2224 3117 2293 spiritus
3138 2235 3231 2279 est.
3255 2225 3399 2291 Quo-

1817 2313 1959 2371 niam
2002 2312 2056 2367 in
2098 2312 2236 2368 bene
2276 2313 2556 2382 agentibus
2596 2313 2813 2382 spiritus
2850 2313 2941 2368 Dei
2984 2323 3063 2369 est
3097 2316 3400 2372 communis

1816 2419 1937 2458 cum
1968 2406 2076 2459 Deo
2101 2414 2152 2459 ct
2183 2404 2508 2458 hominibus.
2540 2404 2671 2459 Cum
2694 2407 2771 2460 sic
2800 2406 2992 2460 dicitur
3014 2424 3175 2462 unum
3204 2417 3262 2463 ut
3290 2424 3400 2464 non

1818 2498 2063 2560 addatur,
2096 2497 2223 2566 quid
2248 2514 2430 2562 unum,
2458 2506 2511 2552 et
2539 2499 2688 2567 plura
2716 2516 2877 2553 unum
2900 2501 3169 2564 dicuntur,
3206 2503 3395 2557 eadem

1818 2598 2008 2640 natura
2041 2596 2203 2657 atque
2244 2588 2478 2642 essentia
2512 2604 2617 2641 non
2662 2589 2953 2651 dissidens,
2989 2604 3162 2657 neque
3192 2591 3397 2644 dissen-

1818 2678 1959 2731 tiens
1982 2677 2342 2747 significatur;
2378 2695 2496 2733 cum
2526 2694 2651 2733 vero
2683 2680 2894 2733 additur
2932 2680 3057 2747 quid
3088 2696 3271 2739 unum.
3305 2685 3400 2749 po-

1820 2776 1924 2821 test
1968 2768 2170 2837 ahqnid
2224 2770 2515 2839 signiﬁcari
2571 2784 2635 2823 ex
2689 2770 2930 2838 pluribus
2975 2785 3137 2823 unum
3195 2769 3394 2825 factum

1817 2860 2061 2929 quamvis
2090 2859 2317 2914 diversis
2345 2866 2536 2912 natura
2556 2900 2569 2925 ,
2598 2861 2737 2914 sicut
2768 2860 2945 2913 anima
2982 2867 3035 2914 et
3069 2876 3261 2930 corpus
3290 2877 3399 2915 non

1817 2959 1942 3005 sunt
1965 2952 2149 3019 utique
2176 2965 2360 3013 unum,
2390 2950 2517 3019 quid
2540 2951 2682 3004 enim
2710 2960 2815 3004 tam
2838 2950 3145 3004 diversum?
3168 2951 3268 3005 nisi
3297 2952 3394 3005 ad-

1818 3041 1976 3093 datur
2004 3046 2097 3093 aut
2136 3039 2566 3109 subintelligatur
2611 3040 2736 3107 quid
2778 3056 2973 3103 unum,
3014 3040 3065 3095 id
3103 3048 3217 3104 est,
3260 3056 3397 3096 unus

1816 3128 2000 3193 homo,
2030 3137 2123 3182 aut
2146 3144 2310 3182 unum
2344 3129 2571 3195 animal;
2616 3130 2738 3184 inde
2778 3130 3062 3200 Apostolus
3091 3132 3181 3205 qui
3220 3119 3393 3186 acilia:—

144 3200 499 3281 supcrbiendo
543 3211 768 3266 recessit
809 3211 1151 3277 humiliatus,
1197 3212 1334 3268 alter
1370 3213 1713 3270 lamentando
1740 3209 1784 3271 C
1816 3231 1890 3275 ret
1918 3222 2192 3287 meretrici,
2219 3220 2411 3290 inquit,
2438 3213 2598 3274 unum
2620 3238 2805 3290 corpus
2832 3232 2925 3287 est,
2949 3239 3053 3276 non
3078 3200 3211 3278 dixit
3232 3239 3394 3278 unum

145 3302 568 3371 appropinquare
611 3302 808 3356 meruit
855 3301 1142 3356 exaltatus.

212 3390 349 3456 Quia
380 3390 552 3444 omnis
572 3430 585 3455 ,
616 3391 703 3460 qui
738 3407 792 3444 se
822 3390 1018 3445 exultat
1041 3431 1055 3455 ,
1098 3389 1501 3459 Itumiliabitur;
1534 3400 1581 3447 et
1625 3392 1714 3464 qui

145 3496 194 3532 se
242 3478 535 3544 liumiliat,
590 3477 928 3532 exaltabitur.
986 3478 1055 3534 Et
1110 3478 1178 3534 de
1234 3488 1462 3550 utroque
1518 3480 1714 3551 populo

145 3571 391 3640 praefato,
452 3572 627 3627 etde
677 3572 824 3626 omni
883 3574 1115 3643 superbo
1171 3573 1255 3627 vel
1312 3575 1500 3628 humili
1568 3583 1715 3630 recte

146 3673 315 3733 potest
372 3663 638 3734 intelligi,
699 3664 839 3719 sicut
897 3673 952 3719 et
1014 3664 1143 3720 illud
1202 3667 1344 3736 quod
1402 3666 1530 3722 alibi
1585 3668 1716 3740 legi-

149 3769 294 3817 mus,
357 3753 504 3808 Ante
566 3754 777 3809 ruinam
826 3754 1097 3811 exaltatur
1143 3770 1273 3821 cor,
1328 3765 1382 3810 et
1434 3768 1559 3812 ante
1607 3758 1715 3829 glo-

148 3844 272 3897 riam
321 3843 685 3909 humiliatur;
741 3852 1067 3914 quapropter
1122 3854 1177 3898 et
1218 3845 1294 3900 de
1345 3846 1527 3902 verbis
1586 3847 1713 3901 elati

147 3935 433 3999 Pharisaei,
478 3933 675 4003 quibus
719 3934 993 3988 humiliari
1038 3934 1266 4001 meruit,
1314 3950 1601 4006 possumus
1646 3951 1713 3991 ex

146 4024 352 4079 diverso
389 4023 621 4077 formam
668 4022 986 4077 humilitatis
1021 4037 1127 4092 qua
1171 4023 1522 4078 sublimemur
1565 4040 1715 4080 assu-

148 4131 316 4179 mere,
378 4115 635 4170 utsicut
688 4114 777 4169 ille
832 4114 1185 4169 consideratis
1249 4125 1304 4172 et
1348 4115 1591 4186 pejorum
1638 4118 1716 4172 vi-

150 4206 267 4265 tiis,
304 4204 509 4259 etsuis
548 4203 860 4269 virtutibus,
907 4211 992 4258 est
1035 4203 1206 4259 elatus
1250 4207 1317 4259 ad
1363 4206 1595 4271 ruinam,
1638 4207 1713 4260 ita

150 4311 239 4348 nos
283 4310 400 4365 non
450 4302 634 4349 nostra
678 4294 850 4349 solum
896 4294 1141 4363 pigritia,
1192 4295 1287 4349 sed
1330 4304 1384 4349 et
1428 4296 1711 4350 meliorum

149 4384 433 4439 virtutibus
473 4386 754 4454 inspectis,
785 4386 1130 4441 humiliemur
1176 4388 1242 4442 ad
1282 4387 1538 4457 gloriam,
1582 4403 1715 4457 qua-

150 4486 296 4529 tenus
326 4474 719 4546 unusquisque
760 4486 1004 4531 nostrum
1048 4477 1163 4531 haec
1204 4478 1343 4547 apud
1387 4492 1445 4532 se
1492 4478 1713 4547 supplex

1813 3321 1933 3369 sunt
1961 3321 2052 3366 aut
2077 3320 2241 3367 unam
2268 3320 2381 3378 est,
2415 3312 2509 3367 sed
2538 3313 2743 3367 addidit
2772 3328 2965 3383 corpus
2984 3354 2999 3378 ,
3043 3322 3295 3384 tanquam
3328 3330 3395 3370 ex

1814 3405 2021 3459 duobus
2054 3404 2277 3459 diversis
2304 3403 2598 3459 masculino
2623 3411 2677 3458 et
2707 3403 2964 3460 feminino
2997 3422 3162 3460 unum
3200 3422 3397 3476 corpus

1814 3496 2113 3565 adjectione
2141 3498 2512 3566 compositum.
2550 3497 2615 3549 Et
2650 3498 2739 3567 qui
2770 3498 2998 3551 atlhmrel
3041 3498 3284 3563 Domino,
3315 3499 3395 3553 in-

1814 3587 1951 3657 quit,
1974 3598 2107 3640 un’us
2129 3587 2340 3657 spiritus
2361 3595 2458 3651 est,
2484 3602 2589 3641 non
2611 3585 2766 3650 dixit,
2791 3588 2879 3657 qui
2906 3588 3141 3643 adhmret
3169 3587 3395 3643 Domino

1813 3692 1979 3730 unum
2006 3684 2118 3741 est,
2146 3684 2238 3730 aut
2275 3692 2445 3753 unum.
2467 3685 2609 3741 sunt,
2643 3676 2736 3731 sed
2776 3677 2975 3731 addidit
3010 3679 3230 3747 spiritus
3259 3696 3271 3731 :
3298 3679 3392 3733 Di-

1812 3780 2002 3821 versus
2026 3766 2166 3820 enim
2200 3774 2392 3821 natura
2425 3766 2643 3835 spiritus
2672 3765 2903 3820 hominis
2938 3773 2992 3821 et
3025 3768 3245 3835 spiritus
3269 3767 3389 3834 Dei,

1814 3854 1905 3908 sed
1936 3854 2246 3931 inhazrendo
2288 3854 2348 3908 lit
2387 3869 2526 3908 unus
2565 3854 2783 3924 spiritus
2818 3870 2881 3910 ex
2908 3854 3133 3911 diversis
3163 3856 3390 3926 duobus,

1813 3944 1888 3997 ita
1914 3951 1973 3996 ut
1993 3944 2111 4000 sine
2133 3946 2367 3999 humano
2390 3946 2578 4015 spiritu
2605 3946 2794 4000 beatus
2821 3946 2891 4000 sit
2914 3944 3009 4011 Dei
3032 3946 3252 4016 spiritus
3273 3964 3393 4018 per~

1814 4034 2015 4099 fectus,
2044 4035 2236 4090 beatus
2275 4046 2455 4092 autem
2482 4036 2715 4093 hominis
2743 4038 2965 4107 spiritus
3001 4054 3106 4095 non
3136 4041 3239 4096 nisi
3267 4056 3389 4096 cum

1815 4126 1942 4181 Deo.
1988 4126 2348 4193 Quamobrem
2394 4128 2507 4183 sive
2538 4129 2611 4183 ita
2646 4130 2853 4184 dicatur
2883 4131 3024 4185 Deus
3054 4131 3118 4186 de
3148 4131 3257 4187 Deo
3278 4174 3291 4196 ,
3330 4141 3390 4188 ut

1812 4224 1866 4270 et
1893 4217 2116 4286 singulis
2140 4218 2241 4271 huc
2267 4233 2461 4271 nomen
2484 4219 2787 4284 conveniat,
2812 4234 2916 4273 non
2944 4228 3117 4274 tamen
3146 4230 3205 4275 ut
3229 4221 3388 4278 ambo

1814 4306 1971 4360 simul
2012 4308 2116 4361 duo
2146 4307 2249 4371 dii,
2279 4307 2371 4361 sed
2402 4322 2541 4361 unus
2578 4306 2718 4360 Deus
2757 4308 2845 4362 sit.
2880 4306 2955 4362 Ita
2992 4309 3135 4363 enim
3167 4310 3268 4365 sibi
3296 4327 3389 4367 co-

1813 4398 2047 4462 hmrent;
2081 4398 2221 4466 quod
2257 4399 2417 4453 etiam
2460 4398 2514 4451 in
2541 4398 2864 4453 distantibus
2893 4384 3226 4470 diversisque
3262 4404 3389 4459 sub—

1817 4486 2028 4541 stantiis
2058 4486 2175 4541 ﬁeri
2206 4486 2492 4569 Appstolus
2524 4487 2673 4541 testis
2712 4472 2814 4542 est.
2855 4486 2987 4541 Nam
3018 4498 3071 4543 et
3103 4490 3246 4545 solus
3286 4492 3389 4547 Do—

150 4578 207 4616 ac
257 4564 561 4618 submissus
611 4565 895 4631 obsecret,
957 4565 1098 4620 Deus
1148 4565 1491 4635 omnipotens
1547 4567 1711 4620 mise-
1740 4545 1791 4604 D
1816 4576 1946 4629 mini
1976 4576 2224 4646 spiritus,
2257 4545 2479 4646 spiritus
2502 4586 2614 4642 est,
2646 4586 2700 4633 et
2733 4577 2876 4633 solus
2904 4578 3136 4633 hominis
3170 4579 3387 4649 spiritus

151 4669 261 4709 rere
302 4649 706 4725 supplici‘tuo,
753 4655 876 4723 quia
917 4669 1022 4709 non
1067 4670 1217 4720 sum,
1267 4656 1408 4711 sicut
1448 4655 1715 4710 innumeri

150 4744 279 4796 servi
326 4744 405 4798 tui
450 4751 755 4815 contemptu
802 4744 984 4800 surculi
1026 4746 1315 4811 sublimes,
1353 4744 1580 4814 iustitia:
1609 4760 1717 4800 me-

150 4833 246 4885 rito
286 4832 539 4901 gloriosi,
573 4834 838 4888 castitatis
875 4833 1029 4888 laude
1062 4834 1325 4904 angelici,
1369 4835 1513 4889 velut
1554 4835 1715 4890 etiam

148 4921 293 4976 multi
337 4922 556 4978 illorum
598 4923 689 4993 qui
730 4932 850 4993 post
892 4923 1090 4995 ﬂagitia
1140 4925 1355 4994 publica
1399 4926 1708 4995 paenitendo

150 5012 235 5065 tibi
290 5020 607 5067 meruerunt
659 5025 778 5068 esse
840 5013 1056 5078 devoti;
1113 5014 1206 5083 qui
1250 5014 1415 5069 etiam
1476 5014 1520 5069 si
1580 5015 1708 5084 quid

149 5100 263 5154 boui
310 5110 404 5155 tua
450 5103 622 5171 gratia
667 5102 928 5173 largiente
971 5103 1150 5158 fecero
1194 5119 1299 5172 quo
1344 5103 1448 5158 ﬁne
1493 5106 1596 5159 hoc
1628 5104 1709 5158 fa—

148 5189 313 5255 ciam,
368 5204 543 5259 quave
589 5207 618 5244 a
674 5200 727 5246 te
783 5192 1118 5247 districtione
1177 5207 1432 5263 pensetur
1486 5195 1704 5265 ignoro,

149 5281 283 5346 quia,
332 5289 392 5334 ut
433 5281 709 5350 Scriptura
751 5282 900 5348 dicit,
939 5283 1143 5351 judicia
1192 5284 1291 5337 Dei
1328 5294 1449 5337 sunt
1491 5286 1707 5354 abyssus

147 5369 346 5435 multm,
400 5371 487 5425 hic
538 5372 683 5425 enim
734 5373 882 5426 novit
928 5374 1127 5436 omnia,
1181 5382 1368 5428 etnon
1419 5383 1500 5428 est
1547 5376 1703 5444 quid-

149 5478 296 5533 quam
349 5465 727 5519 absconditum
778 5481 959 5521 coram
1011 5466 1181 5520 oculis
1228 5468 1365 5535 ejus,
1398 5468 1511 5537 ipse
1561 5468 1705 5522 enim

149 5558 285 5613 solus
328 5559 494 5621 vivit,
528 5566 583 5611 et
623 5569 811 5628 regnat
844 5561 979 5615 Deus
1018 5576 1115 5631 per
1153 5562 1328 5615 omnia
1377 5562 1573 5617 saecula
1606 5577 1707 5618 sae-

150 5648 402 5702 culorum.
452 5648 645 5701 Amen.

1811 4667 1996 4735 utique
2025 4667 2245 4736 spiritus
2271 4676 2383 4733 est,
2427 4675 2607 4721 tamen
2641 4668 2683 4722 si
2725 4668 2926 4739 haereat
2959 4668 3215 4733 Domino,
3247 4684 3387 4724 unus

1811 4755 2034 4825 spiritus
2067 4764 2167 4811 est.
2198 4754 2409 4824 Quanto
2436 4757 2603 4827 magis
2640 4756 2744 4821 ibi,
2773 4757 2857 4810 ubi
2890 4765 2973 4811 est
3000 4757 3217 4811 omnino
3246 4758 3387 4813 inse-

1808 4845 2068 4913 parabilis
2106 4853 2267 4915 atque
2309 4844 2509 4900 aeterna
2559 4846 2850 4901 connexio!
2891 4846 2980 4901 Sic
3016 4847 3261 4902 ordinata
3302 4857 3384 4904 est

1813 4949 1966 4989 mens
1992 4943 2306 4989 naturarum
2336 4936 2554 5001 ordine,
2588 4951 2692 4991 non
2724 4936 2963 4991 locorum
2986 4978 2999 5001 ,
3041 4947 3101 4991 ut
3130 4953 3289 5009 supra
3316 4940 3381 4993 il-

1812 5022 1916 5075 lam
1950 5038 2055 5077 non
2084 5023 2176 5088 sit,
2208 5024 2310 5078 nisi
2341 5026 2500 5089 Deus,
2528 5024 2757 5093 denique
2786 5040 2905 5078 cum
2936 5026 3008 5079 illi
3043 5027 3254 5095 penitus
3283 5030 3380 5084 ad-

1810 5111 2026 5166 hzeserit
2047 5128 2184 5168 unus
2204 5112 2554 5182 eritspiritus,
2585 5115 2669 5168 cui
2698 5116 2773 5168 rei
2800 5123 3083 5169 attestatur
3097 5116 3382 5185 Apostolus

1812 5200 2012 5265 dicens,
2037 5200 2139 5266 Qui
2166 5210 2343 5256 autem
2376 5203 2604 5257 adhwrct
2630 5203 2851 5257 Domino
2881 5221 3015 5258 unus
3040 5206 3251 5274 spiritus
3281 5219 3377 5274 est,

1813 5291 2101 5345 accedente
2137 5292 2352 5360 quidem
2395 5293 2497 5346 ista
2545 5294 2611 5347 ad
2649 5294 3108 5363 participationem
3154 5304 3378 5363 naturae,

1810 5368 2055 5433 veritatis
2083 5388 2138 5433 et
2166 5381 2508 5435 beatitudinis
2535 5381 2673 5436 illius
2697 5424 2711 5445 ,
2745 5398 2851 5437 non
2890 5392 3066 5438 tamen
3102 5398 3381 5442 crescente

1813 5471 1901 5525 illo
1927 5471 1979 5522 in
2012 5478 2201 5523 natura
2231 5472 2472 5526 veritatis
2496 5472 2825 5529 beatitudine
2855 5490 2978 5539 sua;
3004 5476 3055 5527 in
3086 5476 3172 5529 illa
3202 5477 3382 5545 itaque

1811 5567 2000 5612 natura
2027 5559 2108 5611 cui
2140 5557 2365 5614 feliciter
2392 5561 2661 5616 iuhm‘serit
2684 5564 3014 5617 immutabile
3046 5565 3245 5619 videbit
3267 5576 3381 5620 om-

1812 5640 1900 5713 ne,
1932 5651 2071 5718 quod
2098 5651 2311 5715 viderit,
2348 5660 2472 5707 tunc
2498 5653 2637 5707 sicut
2671 5655 2720 5708 ei
2750 5655 2927 5708 divina
2955 5654 3231 5725 Scriptura
3255 5672 3380 5726 pro-

1816 5742 1994 5806 mittit,
2019 5741 2293 5795 satiabitur
2316 5745 2367 5796 in
2392 5743 2533 5797 bonis
2555 5746 2864 5799 desiderium
2892 5746 3025 5814 ejus,
3051 5746 3100 5798 in
3126 5746 3376 5802 immuta~
