3960 6398
460 395 566 454 ιιθ

1105 393 1168 449 Β.
1209 394 1464 452 RABANI
1500 392 1720 451 MAURI
1759 389 2083 448 ARCHIEP.
2125 386 2438 449 MOGUNT.
2480 378 2766 446 OPERUM
2807 387 2987 444 PARS
3022 389 3083 444 ll.

3646 392 3759 448 420

459 511 680 578 bilibus,
705 510 811 565 hoc
834 515 946 575 est,
980 509 1098 580 ipsa
1130 510 1375 565 trinitate
1405 510 1515 565 Deo
1542 523 1660 573 suo,
1690 505 1845 576 cujus
1879 506 2057 577 imago
2086 511 2133 571 Α
2162 504 2365 575 inquit,
2395 502 2503 558 duo
2546 503 2600 557 in
2634 516 2792 557 carne
2837 520 2963 557 una.
2991 502 3244 574 Nunquid
3275 514 3459 575 posset
3489 506 3595 563 hoc
3645 508 3758 567 dici

458 609 576 665 est,
606 612 661 655 et
698 616 767 655 ne
799 583 1005 671 uspiam
1043 601 1295 672 deinceps
1319 600 1579 665 violetur,
1610 599 1713 668 erit
1746 600 1798 653 in
1822 599 2054 654 abscon-

459 676 771 748 dito'vultus
784 690 937 761 ejus,
967 699 1118 746 tanta
1145 693 1393 749 ubertate
1414 691 1528 761 ejus
1560 691 1778 763 impleta
1803 732 1817 758 ,
1851 699 1910 746 ut
1931 705 2051 746 eam

458 796 732 851 nunquam
759 797 989 852 peccare
1010 782 1257 837 delectet.
2049 772 2055 779 ’

532 872 727 943 Fugite
755 872 1178 941 fornicationem.
1214 874 1383 929 Recte
1401 874 1711 946 fugiendam
1737 880 1923 928 monet
1946 872 2054 929 for-

458 954 810 1033 nicationem,
843 979 941 1036 per
967 981 1131 1035 quam
1159 966 1255 1021 filii
1285 968 1375 1023 Dei
1400 968 1534 1021 fiunt
1560 966 1653 1021 filii
1681 966 1901 1022 diaboli.

532 1058 699 1116 Omne
759 1069 1029 1129 peccatum
1076 1060 1422 1131 quodcunque
1465 1042 1646 1130 fecerit
1690 1059 1865 1124 homo,
1904 1067 2052 1113 extra

428 1194 432 1199 »
457 1167 645 1221 corpus
668 1156 790 1205 est‘:
822 1152 913 1221 qui
930 1160 1103 1204 autem
1129 1151 1445 1219 fornicatur,
1469 1152 1524 1203 in
1550 1167 1736 1221 corpus
1759 1166 1915 1205 suum
1935 1166 2055 1221 pec-

456 1250 562 1297 cat.
596 1240 845 1297 Ostendit
886 1239 1302 1296 fornicationem
1341 1242 1721 1313 gravissimum
1770 1257 1891 1298 esse
1929 1257 2055 1312 pec-

457 1340 666 1398 catum,
695 1318 820 1402 quia
851 1348 918 1387 ex
940 1333 1044 1388 hoc
1067 1348 1228 1388 omne
1257 1334 1471 1404 deperit
1498 1320 1803 1403 corpus,'in
1838 1333 2053 1389 caeteris

458 1431 640 1478 autem
667 1423 908 1493 peccatis
930 1424 1109 1493 portio
1132 1424 1296 1495 perit,
1330 1439 1438 1479 non
1462 1432 1655 1479 totum.
1687 1424 1884 1479 Totum
1907 1425 2054 1480 enim

458 1529 657 1585 corpus
684 1514 771 1569 vir
796 1524 881 1570 est
908 1524 965 1570 et
989 1515 1204 1581 mulier,
1237 1516 1362 1585 quia
1391 1516 1571 1585 portio
1598 1515 1699 1570 viri
1721 1524 1806 1572 est
1835 1516 2049 1582 mulier,

460 1608 771 1678 quicunque
803 1607 949 1662 enim
977 1607 1124 1663 aliud
1154 1616 1438 1677 peccatum
1482 1606 1763 1662 admiserit
1805 1614 1962 1661 extra
1996 1621 2055 1663 se

455 1706 647 1770 peccat
676 1697 1049 1765 :fornicarius
1090 1713 1221 1753 vero
1283 1698 1339 1752 in
1392 1712 1615 1753 carnem
1650 1713 1802 1753 suam
1841 1707 2052 1769 peccat.

453 1788 571 1861 Age
600 1790 646 1844 si
676 1788 868 1858 laqueo
892 1790 1059 1844 vitam
1082 1788 1254 1856 finiat,
1277 1798 1371 1845 aut
1405 1789 1551 1845 ferro
1579 1805 1637 1845 se
1660 1790 1915 1856 trucidet,
1946 1784 2055 1845 non

2156 592 2224 648 de
2268 592 2388 648 aliis
2440 604 2604 662 atque
2658 592 2783 649 aliis
2828 594 3133 664 quibusque
3180 595 3515 653 facinoribus
3572 599 3763 656 homi—

2155 685 2320 741 num?
2359 684 2589 739 liberum
2615 692 2700 740 est
2724 685 2870 739 enim
2901 686 3083 741 animo
3125 687 3361 744 humano
3392 690 3448 743 in
3483 690 3608 746 aliis
3635 692 3764 762 qui-

2156 775 2365 843 busque
2407 774 2705 831 sceleribus
2728 785 2787 830 et
2810 792 2977 839 unum
3026 777 3232 847 aliquid
3276 794 3467 835 corum
3510 782 3757 852 operari,

2155 876 2210 923 et
2239 883 2303 923 eo
2326 869 2441 939 ipso
2469 876 2713 939 tempore
2741 868 2868 924 alibi
2914 869 3241 939 cogitatione
3268 871 3524 939 distendi,
3556 874 3614 927 in
3639 873 3762 929 for-

2157 960 2446 1016 nicationis
2469 970 2649 1017 autem
2676 962 2793 1031 ipso
2816 976 2980 1031 opere
3002 976 3066 1017 ac
3092 971 3333 1033 tempore
3353 979 3457 1019 non
3483 966 3612 1022 licet
3632 968 3763 1021 ani-

2164 1070 2255 1110 mo
2285 1054 2353 1111 ad
2398 1054 2541 1109 aliud
2574 1054 2779 1125 aliquid
2817 1055 3161 1125 cogitandum
3192 1055 3425 1111 liberum
3471 1073 3612 1123 esse,
3670 1060 3755 1116 sic

2156 1147 2302 1201 enim
2332 1154 2475 1219 totus
2499 1145 2663 1201 homo
2694 1145 3014 1201 absorbetur
3040 1144 3106 1199 ab
3131 1144 3269 1215 ipso,
3314 1154 3368 1201 et
3396 1146 3449 1199 in
3478 1148 3601 1216 ipso
3628 1162 3760 1204 cor-

2154 1238 2383 1307 por'e,ut
2394 1234 2509 1304 jam
2539 1236 2645 1291 dici
2665 1250 2774 1290 non
2795 1234 2968 1306 possit
2983 1236 3098 1306 ipse
3111 1236 3325 1289 animus
3337 1250 3465 1289 suus
3490 1250 3639 1303 esse,
3658 1236 3759 1293 sed

2156 1328 2316 1382 simul
2350 1337 2493 1384 totus
2526 1328 2687 1383 homo
2725 1327 2831 1383 dici
2867 1329 3055 1397 possit,
3088 1327 3232 1396 quod
3270 1342 3400 1383 caro
3432 1328 3525 1394 sit,
3556 1337 3614 1384 et
3638 1330 3757 1401 spi-

2157 1418 2294 1473 ritus
2320 1417 2540 1483 vadens,
2568 1426 2624 1475 et
2650 1432 2758 1473 non
2787 1419 3020 1473 rediens.
3042 1427 3047 1431 '
3067 1416 3159 1473 Sic
3195 1433 3326 1489 ergo
3352 1426 3644 1489 pessumus
3673 1420 3761 1476 in-

2160 1509 2397 1580 telligere
2455 1511 2583 1580 quia
2654 1526 2806 1563 omne
2852 1519 3125 1580 peccatum
3182 1510 3533 1582 quodcunque
3569 1513 3759 1584 fecerit

2157 1598 2309 1652 homo
2334 1608 2484 1654 extra
2512 1615 2699 1672 corpus
2724 1608 2821 1665 est,
2842 1601 2932 1670 qui
2955 1608 3130 1653 autem
3158 1600 3457 1670 fornicatur
3486 1603 3540 1657 in
3562 1619 3761 1668 corpus

2156 1690 2426 1760 proprium
2476 1699 2681 1761 peccat,
2727 1699 2787 1745 ut
2816 1690 3067 1745 videatur
3101 1690 3396 1760 Apostolus
3452 1692 3507 1747 in
3541 1700 3760 1749 tantum

2158 1792 2492 1851 exaggerare
2521 1779 2755 1836 voluisse
2785 1778 3160 1836 fornicationis
3191 1780 3416 1848 malum,
3447 1784 3580 1837 utin
3605 1800 3764 1840 cont-

456 1881 515 1938 in
553 1897 751 1952 corpus
796 1897 955 1937 suum
1012 1882 1228 1938 videtur
1276 1884 1549 1955 peccare?
1578 1899 1687 1939 non
1739 1885 1795 1939 in
1857 1899 2051 1955 corpus

2158 1870 2439 1940 paratione
2465 1869 2627 1939 hujus
2666 1878 2867 1927 caetera
2910 1878 3067 1927 extra
3111 1886 3308 1943 corpus
3346 1874 3597 1929 habenda
3634 1890 3764 1932 esse

453 1960 614 2047 suum
636 1982 848 2045 peccat,
880 1974 974 2029 sed
1022 1974 1079 2027 in
1124 1975 1489 2031 animamcui
1523 1974 1635 2029 vim
1685 1974 1836 2041 facit,
1877 1974 2053 2030 forni-

455 2065 573 2124 cari
592 2074 775 2121 autem
812 2064 1095 2135 corporale
1123 2066 1380 2121 delictum
1440 2074 1545 2133 est,
1581 2068 1726 2137 quod
1754 2076 1809 2123 et
1853 2081 2054 2137 corpus

454 2158 721 2229 contingit
780 2166 836 2213 et
891 2159 1171 2224 animam,
1224 2174 1333 2214 non
1396 2159 1543 2214 enim
1605 2160 1723 2216 sine
1784 2161 2054 2217 desiderio

452 2252 659 2318 carnis,
685 2252 811 2321 quia
842 2252 1005 2307 habet
1046 2259 1101 2307 et
1126 2267 1256 2307 caro
1293 2254 1573 2323 proprium
1608 2263 1839 2321 motum,
1871 2258 2053 2309 anima

452 2341 811 2411 concupiscit,
861 2348 921 2396 ut
964 2349 1155 2411 peccet
1205 2342 1261 2396 in
1328 2357 1581 2409 carnem,
1619 2345 1878 2414 quamvis
1934 2347 2053 2402 sine

453 2432 639 2486 anima
675 2430 810 2486 nihil
857 2432 1029 2501 possit
1056 2447 1153 2503 per
1192 2431 1246 2486 id
1280 2432 1427 2502 quod
1484 2433 1538 2488 in
1571 2450 1793 2490 carnem
1834 2452 1956 2506 quae
1983 2452 2054 2492 ex

452 2535 514 2578 se
537 2527 622 2577 est
649 2529 857 2591 peccat.
898 2521 983 2576 Ad
1018 2522 1287 2596 originem
1315 2524 1465 2580 enim
1510 2524 1719 2591 retulit,
1766 2526 1821 2580 in
1853 2541 2053 2598 corpus

453 2628 614 2669 suum
670 2613 870 2668 dicitur
921 2628 1183 2683 peccare,
1232 2624 1294 2671 ut
1332 2616 1545 2672 desinat
1587 2631 1615 2670 a
1666 2614 2048 2686 fornicatione,

451 2704 611 2775 quasi
650 2703 753 2759 sibi
776 2718 1027 2774 parcens.
1053 2704 1357 2762 Novatiano
1382 2715 1564 2762 tamen
1598 2708 1688 2763 hic
1738 2709 1785 2781 is
1814 2710 1907 2779 qui
1933 2690 2052 2764 for-

454 2797 667 2853 nicatur
691 2813 797 2852 non
836 2798 891 2851 in
934 2811 1132 2867 corpus
1162 2813 1321 2853 suum
1348 2799 1561 2854 videtur
1602 2815 1833 2870 peccare
1860 2802 1957 2857 sed
1995 2801 2053 2856 in

453 2888 680 2945 Christi.
743 2888 918 2944 Aliter
966 2890 1113 2945 enim
1179 2890 1497 2960 pronuntiat
1552 2893 1699 2958 hoc,
1763 2900 1824 2947 ut
1886 2892 2052 2947 etiam

454 2965 606 3038 illum
635 2983 727 3052 qui
760 2981 1063 3038 fornicatur
1089 2983 1144 3038 in
1180 2982 1441 3053 Spiritum
1467 2994 1716 3041 sanctum
1750 2987 1897 3042 dicat
1918 3003 2052 3058 pec—

456 3091 620 3140 care,
650 3083 875 3145 propter
920 3089 1143 3129 causam
1181 3088 1288 3144 qua
1325 3076 1545 3143 ,scissus
1573 3086 1657 3131 est
1682 3078 1749 3132 ab
1786 3078 2049 3136 Ecclesia.

456 3171 572 3227 lioe
592 3171 738 3226 nulla
766 3171 978 3226 ratione
1006 3171 1178 3225 astrui
1209 3179 1407 3240 potest,
1444 3185 1644 3242 corpus
1673 3170 1827 3227 enim
1847 3169 2051 3228 Christi

2160 1961 2375 2028 dixerit,
2408 1976 2745 2033 quaecunque
2765 1970 3010 2031 peccata,
3038 1969 3095 2017 et
3115 1962 3232 2017 solo
3254 1964 3356 2018 hoc
3380 1965 3761 2022 tantummodo

2157 2052 2534 2109 fornicationis
2574 2053 2717 2109 malo
2743 2054 2798 2108 in
2851 2068 3050 2123 corpus
3090 2055 3368 2123 proprium
3417 2069 3645 2124 peccare
3667 2056 3760 2113 di—

2155 2146 2320 2211 xerit,
2352 2145 2477 2215 quia
2506 2145 2712 2216 majore
2738 2144 2982 2200 libidinis
3010 2146 3206 2200 ardore
3228 2160 3334 2215 quo
3358 2147 3606 2215 superior
3634 2146 3763 2202 nul-

2156 2237 2240 2293 lus
2270 2248 2373 2305 est,
2424 2238 2674 2309 voluptas
2713 2238 2883 2309 ipsius
2918 2238 3166 2308 corporis
3197 2246 3344 2293 tenet
3389 2253 3604 2291 servum
3632 2236 3762 2294 etil-

2154 2329 2335 2399 citque
2364 2330 2659 2399 captivum.
2688 2329 2780 2384 Ait
2818 2345 2889 2382 an
2922 2329 3132 2383 nescitis
3164 2344 3385 2399 corpora
3412 2338 3595 2383 vestra
3627 2337 3767 2384 tent-

2153 2420 2301 2491 plum‘
2329 2419 2425 2474 Dei
2443 2420 2468 2474 ?
2498 2419 2654 2485 dixit,
2684 2419 2775 2476 hic
2818 2420 3069 2492 templum
3112 2420 3346 2493 Spiritus
3387 2423 3557 2476 sancti
3587 2437 3763 2493 quem

2154 2511 2368 2567 habetis
2402 2528 2433 2566 a
2456 2512 2601 2581 Deo;
2629 2515 2879 2591 superius
2908 2516 3156 2586 templum
3184 2514 3279 2569 Dei
3308 2516 3464 2582 dixit,
3495 2518 3582 2572 hic
3616 2527 3762 2573 tem-

2153 2603 2299 2674 plum
2320 2603 2553 2676 Spiritus
2583 2608 2753 2660 sancti
2777 2608 2905 2677 quia
2938 2608 2991 2663 in
3027 2608 3355 2675 substantia,
3394 2611 3500 2665 hoc
3523 2622 3606 2666 est
3633 2612 3763 2684 spi-

2156 2695 2316 2761 ritus,
2361 2697 2505 2766 quod
2533 2697 2697 2753 Deus.
2728 2697 2843 2753 Hoc
2897 2700 3099 2755 idcirco
3125 2701 3263 2756 dixit
3308 2710 3367 2756 ut
3396 2717 3621 2774 corpora
3659 2720 3767 2761 no-

2155 2796 2266 2841 stra
2300 2786 2726 2843 incontaminata
2752 2804 3056 2855 servemus,
3086 2799 3145 2846 ut
3170 2791 3341 2862 possit
3369 2792 3481 2849 illic
3516 2793 3764 2865 Spiritus

2156 2886 2380 2933 sanctus
2412 2878 2679 2934 habitare.

2227 2988 2295 3042 Et
2322 3007 2426 3043 non
2458 2992 2579 3045 estis
2606 2993 2786 3058 vestri,
2823 2993 2982 3063 empti
3015 2995 3154 3048 enim
3184 2996 3308 3051 estis
3343 2997 3509 3067 pretio
3538 3013 3762 3069 magno.

2156 3079 2497 3136 Manifestum
2524 3090 2627 3147 est,
2653 3082 2747 3154 qui
2770 3096 2985 3154 emptus
3011 3092 3116 3151 est,
3146 3101 3255 3141 non
3299 3096 3386 3167 est
3411 3089 3495 3143 sui
3516 3090 3759 3158 arbitrii,

2158 3171 2251 3227 sed
2295 3171 2411 3241 ejus
2431 3187 2463 3226 a
2493 3187 2601 3243 quo
2656 3182 2872 3244 emptus
2901 3181 3008 3240 est,
3038 3184 3094 3230 ut
3126 3192 3234 3231 non
3265 3192 3418 3232 suam
3440 3218 3455 3243 ,
3486 3180 3579 3238 sed
3609 3179 3765 3237 illius

454 3277 563 3317 non
596 3271 679 3316 est
707 3276 846 3315 unus
883 3270 977 3315 aut
1008 3262 1114 3316 duo
1142 3235 1455 3329 Christiani,
1601 3277 1812 3330 omnes,
1853 3263 2050 3335 singuli
2079 3235 2124 3298 C
2154 3235 2699 3319 faciat'voluntatcm.
2736 3235 2801 3318 litt
2829 3264 2957 3334 quia
2986 3265 3151 3322 chare
3180 3268 3345 3353 empti
3401 3284 3586 3325 sumus
3625 3286 3768 3341 pro-

454 3362 630 3409 autent
673 3355 905 3407 membra
931 3362 1077 3428 sunt.
1134 3352 1415 3420 Quomodo
1448 3370 1576 3426 ergo
1621 3356 1715 3427 qui
1748 3353 2051 3412 fornicatur

458 3444 511 3498 in
535 3443 737 3500 Christi
778 3458 973 3513 corpus
998 3456 1207 3515 peccat,
1257 3461 1379 3501 cum
1425 3460 1533 3501 non
1561 3461 1750 3503 omnes
1783 3447 2051 3505 contami-

458 3536 583 3589 net?
616 3524 769 3601 Queri
800 3535 843 3590 si
879 3535 952 3587 ita
988 3542 1154 3602 esset,
1181 3534 1562 3592 utNovatiano
1589 3534 1820 3603 videtur,
1852 3546 2050 3594 caetera

456 3626 637 3682 omnia
656 3632 879 3697 peccata
904 3613 1059 3681 extra
1097 3627 1263 3681 Deum
1294 3635 1501 3695 essent,
1531 3636 1587 3682 et
1613 3628 1726 3683 sola
1758 3626 2051 3684 fornicatio

456 3725 738 3790 peccatum
782 3728 927 3772 esset
958 3719 1011 3772 in
1044 3717 1235 3772 Deum.
1265 3718 1443 3773 Etiam
1490 3720 1582 3789 qui
1612 3718 1763 3775 vadit
1797 3720 1864 3775 ad
1906 3719 2049 3776 idola

457 3825 561 3875 non
591 3817 779 3878 peccat
810 3809 863 3861 in
897 3808 1087 3873 Deum,
1112 3823 1214 3863 nec
1243 3808 1335 3879 qui
1366 3818 1529 3881 negat
1557 3810 1611 3864 in
1651 3812 2049 3882 persecutione,

455 3900 581 3971 quia
644 3915 804 3954 omne
864 3909 1146 3969 peccatum
1197 3903 1557 3971 quodcunque
1617 3900 1811 3957 fecerit
1866 3902 2049 3970 homo,

455 4004 612 4049 extra
642 4009 839 4063 corpus
858 3993 1057 4048 Christi
1086 4002 1193 4059 est,
1226 3984 1367 4049 sicut
1401 3993 1476 4048 illi
1514 3994 1748 4050 videtur.
1781 3993 1838 4049 Si
1867 4002 2049 4049 autem

455 4094 511 4139 et
540 4085 643 4139 hoc
680 4084 837 4139 aliter
884 4084 1115 4139 voluerit
1140 4085 1515 4155 pronuntiare,
1553 4095 1609 4139 ut
1631 4093 1791 4156 neget
1833 4086 2052 4155 aliquod

456 4186 613 4230 extra
657 4190 855 4246 corpus
909 4191 1029 4231 esse
1068 4187 1350 4247 peccatum
1380 4219 1396 4245 ,
1424 4188 1650 4251 c0getur
1674 4180 1875 4243 dicere
1923 4180 2051 4249 quia

455 4268 635 4323 omnis
684 4268 992 4337 quicunque
1031 4269 1410 4339 quodcumque
1438 4278 1720 4339 peccatum
1752 4268 1965 4337 fecerit,
1996 4271 2051 4325 in

454 4357 627 4412 Deum
654 4368 861 4427 peccat,
902 4368 956 4414 et
993 4361 1044 4414 in
1080 4358 1339 4431 Spiritum
1386 4371 1656 4430 sanctum,
1699 4372 1760 4419 ut
1788 4372 1845 4418 et
1880 4363 1968 4418 fur
1996 4372 2054 4419 et

455 4448 728 4520 perjurus,
762 4459 816 4504 et
847 4451 1073 4505 mendax
1115 4451 1169 4505 in
1220 4451 1482 4522 Spiritum
1514 4463 1783 4519 sanctum,
1816 4469 2045 4526 peccare

458 4541 685 4605 dicatur,
724 4542 994 4611 quomodo
1019 4552 1103 4598 est
1128 4543 1257 4598 illud
1292 4545 1434 4615 quod
1486 4546 1562 4600 ait
1611 4546 1895 4611 Dominus,
1922 4548 2048 4618 quia

459 4630 636 4685 omnia
661 4640 873 4699 pet‘cata
896 4640 943 4684 et
978 4627 1311 4702 blasphemia:
1354 4636 1681 4689 remittantur
1724 4638 2043 4703 hominibus,

456 4722 547 4792 qui
589 4729 765 4773 autem
806 4723 1095 4789 peccaverit
1141 4724 1196 4777 in
1232 4724 1486 4793 Spiritum
1518 4724 1756 4779 sanctum
1804 4744 1910 4781 non
1966 4744 2049 4782 re-

459 4812 698 4866 mittetur
718 4812 766 4864 ei
794 4828 957 4881 neque
978 4814 1061 4866 ltic
1088 4830 1249 4885 neque
1272 4816 1326 4868 in
1360 4815 1559 4883 futuro.
1594 4816 1833 4886 Apparet
1865 4818 2052 4887 utique

458 4903 701 4973 exceptis
732 4906 971 4974 peccatis
993 4907 1204 4961 caeteris
1239 4906 1382 4961 aliud
1411 4923 1529 4963 esse
1550 4919 1834 4978 peccatum
1856 4950 1870 4974 ,
1896 4911 2055 4981 quod

458 5003 740 5064 peccatum
757 4996 954 5050 dicitur
974 4996 1025 5050 in
1042 4995 1301 5067 Spiritum
1321 5007 1589 5054 sanctum.
1607 5000 1940 5067 Quibusdam
1956 5004 2059 5057 ite-

460 5098 580 5138 rum
602 5084 815 5139 videtur
828 5087 952 5155 quia
980 5087 1071 5155 qui
1103 5087 1405 5144 fornicatur
1428 5089 1549 5145 ideo
1580 5091 1632 5144 in
1666 5107 1864 5162 corpus
1893 5108 2049 5147 suum

459 5176 657 5232 dicitur
682 5192 933 5247 peccare,
963 5178 1090 5248 quia
1127 5179 1383 5234 Ecclesire
1426 5182 1729 5237 membrum
1771 5192 1877 5247 est,
1907 5190 1962 5237 et
1991 5198 2051 5239 se

461 5269 836 5326 contaminans
866 5271 917 5323 in
950 5271 1246 5326 Ecclesiam
1275 5284 1500 5343 peccat,
1541 5276 1695 5345 cujus
1749 5277 2049 5332 membrum

440 5367 560 5411 test.
609 5357 743 5425 Quia
791 5374 921 5428 ergo
964 5360 1219 5415 Ecclesiae
1269 5364 1570 5417 membrum
1619 5373 1721 5427 est,
1764 5366 2050 5420 dicendum

460 5458 545 5505 cst
580 5449 654 5503 illi
683 5465 807 5504 cum
858 5452 1178 5519 fornicatur,
1214 5454 1340 5523 quia
1390 5470 1496 5508 non
1530 5456 1631 5510 sibi
1668 5456 1761 5510 sed
1794 5458 1846 5509 in
1873 5456 2053 5511 Eccle-

462 5544 599 5597 siam
626 5554 833 5613 peccat.
882 5544 1050 5600 Porro
1080 5556 1258 5601 autem
1299 5548 1431 5603 dicit
1471 5548 1761 5617 Apostolus
1795 5549 1920 5618 quia
1958 5550 2047 5620 qui

462 5636 761 5691 fornicatur
788 5653 883 5706 per
909 5638 960 5691 id
992 5639 1132 5708 quod
1172 5640 1227 5693 in
1257 5642 1557 5709 portionem
1604 5656 1756 5695 suam
1803 5642 2049 5711 deliquit,

458 5728 512 5782 in
540 5741 751 5797 corpus
780 5744 934 5783 suum
959 5736 1165 5798 peccat.
1202 5730 1283 5783 An
1315 5732 1539 5795 nescitis,
1576 5732 1769 5802 inquit,
1801 5733 2050 5803 quoniam

460 5821 551 5891 qui
574 5823 803 5877 adlucret
833 5824 1089 5877 meretrici
1142 5839 1301 5877 unum
1356 5839 1542 5890 corpus
1574 5837 1645 5878 est
1668 5826 1691 5878 ?
1711 5836 1860 5880 erunt
1891 5826 2045 5893 enim,

2076 4591 2126 4650 D

2151 3352 2376 3423 pensius
2430 3354 2542 3409 Deo
2573 3362 2763 3410 nostro
2813 3354 3021 3411 servire
3072 3355 3353 3423 debemus,
3406 3374 3475 3414 ne
3516 3358 3779 3423 offensus,

2154 3458 2182 3497 a
2219 3458 2325 3514 qua
2379 3459 2480 3500 nos
2533 3446 2762 3501 redemit
2792 3446 2954 3500 morti
3004 3460 3104 3502 nos
3151 3448 3387 3515 reddat,
3418 3464 3580 3520 quam
3604 3450 3765 3507 enim

2154 3536 2476 3592 charissimo
2496 3536 2674 3607 pretio
2700 3550 2800 3591 nos
2820 3536 2952 3592 emit
2978 3544 3042 3591 ut
3066 3537 3383 3607 sanguinem
3413 3554 3570 3594 suum
3598 3538 3770 3597 daret

2151 3639 2251 3695 pro
2279 3625 2463 3681 nobis!

2226 3718 2545 3774 Clarificate
2571 3726 2618 3772 et
2646 3728 2851 3789 portate
2874 3719 3045 3773 Deum
3072 3720 3128 3774 in
3158 3736 3373 3791 corpore
3417 3730 3603 3775 vestro.
3637 3720 3768 3778 Hoc

2152 3816 2237 3865 est
2258 3808 2545 3878 clari/icate
2580 3801 2627 3863 et
2653 3818 2854 3879 portate
2887 3809 3058 3864 Deum
3097 3811 3153 3864 in
3178 3826 3415 3881 corpore,
3461 3821 3521 3866 ut
3546 3827 3758 3867 secun-

2155 3902 2279 3959 dum
2303 3902 2477 3972 legem
2502 3900 2621 3972 ejus
2655 3901 3015 3967 ambulemus,
3060 3917 3159 3972 per
3208 3902 3379 3973 legem
3418 3904 3561 3959 enim
3592 3918 3764 3961 suam

2154 3996 2269 4065 ipse
2282 3995 2496 4050 videtur
2520 3994 2573 4049 in
2603 3994 2791 4059 nobis;
2819 4004 3043 4063 portate,
3078 3992 3273 4064 inquit,
3304 3995 3493 4062 Deum,
3520 3997 3623 4051 hoc
3644 4004 3761 4065 est,

2155 4088 2442 4157 imaginem
2484 4086 2580 4142 Dei
2630 4087 2683 4141 in
2722 4071 2887 4142 rebus
2919 4087 3058 4143 bene
3100 4088 3271 4157 gestis
3306 4088 3591 4143 ostendite.
3632 4089 3764 4145 Duo

2153 4187 2278 4234 sunt
2308 4186 2533 4249 peccata
2585 4186 2642 4233 et
2685 4177 2791 4233 duo
2824 4190 3022 4249 genera
3055 4186 3424 4248 peccatorum,
3480 4190 3572 4233 aut
3599 4178 3758 4235 enim

2154 4272 2208 4325 in
2258 4272 2428 4326 Deum
2470 4272 2633 4326 homo
2663 4276 2878 4341 peccat,
2918 4277 3012 4324 aut
3041 4270 3094 4323 in
3127 4270 3424 4325 hominem.
3483 4270 3764 4329 Peccatur

2156 4370 2336 4417 autem
2366 4362 2419 4416 in
2452 4360 2619 4416 Deum
2664 4360 2830 4415 etiam
2880 4360 3276 4429 corrumpendo
3324 4360 3581 4430 templum
3628 4360 3762 4431 ejus

2154 4453 2208 4508 in
2235 4463 2310 4519 te,
2340 4453 2539 4509 etenim
2574 4450 2837 4523 Dominus
2870 4451 3102 4510 redemit
3129 4460 3180 4505 te
3214 4440 3491 4522 sanguine
3514 4450 3635 4507 Filii
3662 4455 3761 4513 sui

2155 4560 2462 4616 quanquam
2486 4552 2541 4599 et
2568 4552 2859 4613 antequam
2882 4542 3250 4607 redimereris,
3284 4541 3440 4612 cujus
3470 4558 3612 4607 eras,
3639 4544 3761 4600 nisi

2152 4638 2268 4708 ejus
2288 4637 2379 4707 qui
2404 4635 2644 4691 condidit
2667 4633 2884 4690 omnia?
2909 4632 3265 4690 Peculiariter
3291 4644 3467 4689 tamen
3490 4632 3763 4703 quodam-

2153 4727 2310 4781 modo
2332 4726 2530 4781 habere
2548 4725 2718 4779 voluit
2742 4726 3079 4794 redemptum
3098 4725 3358 4795 sanguine
3374 4723 3468 4779 filii
3484 4725 3585 4780 sui.
3619 4724 3759 4783 Non

2154 4814 2295 4887 estis,
2337 4821 2528 4890 inquit,
2566 4819 2742 4884 vestri,
2772 4819 2929 4889 empti
2973 4819 3112 4873 enim
3150 4819 3272 4872 estis
3320 4819 3486 4885 pretia
3529 4834 3754 4888 magno,

2157 4911 2447 4985 gloriﬁcate
2492 4921 2539 4965 et
2596 4920 2802 4981 portate
2857 4909 3139 4963 Dominum
3188 4910 3242 4963 in
3287 4924 3503 4979 corpore
3550 4919 3758 4976 vestro,

2160 5005 2300 5075 Ergo
2328 5004 2415 5058 ille
2443 5019 2472 5058 a
2510 5018 2617 5073 quo
2648 5003 2959 5072 redemptus
2980 5016 3040 5056 es
3061 4999 3223 5056 efﬁcit
3250 5009 3302 5057 te
3317 5000 3533 5055 domum
3564 5016 3750 5057 suam.

2154 5078 2407 5165 Nunquid
2447 5103 2501 5147 tu
2538 5095 2619 5149 vis
2657 5094 2874 5169 domum
2909 5101 3058 5147 tuam
3113 5092 3327 5147 everti?
3363 5092 3408 5146 si
3450 5106 3549 5145 nec
3598 5091 3759 5149 Deus

2156 5201 2330 5249 suam,
2356 5186 2459 5239 hoc
2486 5192 2589 5247 est,
2632 5192 2682 5237 te
2714 5184 2925 5254 ipsum?
2946 5183 3004 5238 Si
3044 5184 3137 5237 tibi
3167 5199 3271 5236 non
3312 5183 3494 5251 ptrcis
3524 5191 3762 5252 propter

2157 5288 2211 5332 te
2246 5278 2442 5346 ipsum,
2486 5290 2645 5345 parce
2671 5275 2762 5329 tibi
2790 5274 2871 5328 vel
2911 5282 3130 5343 prapter
3182 5273 3372 5338 Deum,
3411 5274 3503 5341 qui
3538 5282 3586 5326 te
3613 5272 3761 5329 fecit

2158 5366 2414 5435 templum
2454 5379 2631 5427 suum,
2705 5362 2960 5433 templum
2992 5363 3139 5416 enim
3203 5362 3296 5416 Dei
3360 5370 3605 5416 sanctum
3660 5372 3758 5418 est

2156 5456 2299 5525 tpmd
2364 5456 2496 5510 estis
2540 5471 2637 5509 vos
2669 5495 2684 5517 ,
2723 5464 2778 5507 et
2834 5455 2925 5522 qui
2990 5453 3246 5521 templum
3290 5452 3381 5505 Ι)ιυὶ
3434 5452 3755 5521 violaverit,

2156 5548 2431 5617 disperdet
2476 5534 2624 5601 illum
2680 5546 2841 5601 Deus.
2875 5546 2999 5600 Ideo
3039 5561 3262 5599 necesse
3304 5553 3478 5601 estut
3528 5547 3765 5605 studeat

2156 5636 2525 5706 unusquisque
2574 5637 2837 5691 mundare
2914 5652 3008 5689 cor
3059 5651 3215 5689 suum
3278 5638 3346 5688 alt
3404 5637 3552 5690 omni
3608 5653 3761 5692 con-

2156 5732 2487 5804 cupiscentia
2530 5732 2709 5795 mala,
2743 5740 2800 5786 et
2848 5733 3016 5786 vitam
3072 5747 3225 5787 suam
3271 5732 3338 5786 ab
3386 5732 3534 5786 omni
3584 5735 3765 5794 sorde

2157 5834 2500 5893 peccatorum
2536 5832 2588 5877 et
2616 5838 2778 5893 opere
2810 5823 3021 5878 nefario
3052 5865 3066 5889 ,
3090 5830 3358 5893 quatenus
3388 5832 3668 5879 mercatur
3696 5828 3765 5884 in
