3960 6368
158 386 257 444 421

1250 384 1553 443 IIOMILIE
1596 384 1661 439 IN
1700 383 1951 440 EVANG.
1995 384 2082 441 ET
2122 385 2337 443 EPIST.

3307 385 3414 442 422

160 517 220 557 se
266 500 630 556 habitatorem
675 502 874 573 habere
921 502 1136 567 Dcnm;
1186 501 1278 570 qui
1336 502 1391 557 in
1430 502 1638 555 unitate
1681 511 1736 557 et
1762 506 1806 564 Α
1838 518 2014 574 neque
2047 505 2122 567 hi,
2175 506 2268 573 qui
2315 503 2576 575 Spiritum
2613 512 2858 560 sanctum
2900 518 3006 558 non
3052 516 3201 568 esse,
3238 518 3417 575 neque

164 591 435 647 Trinitate
459 592 697 661 perfecta
718 592 1056 661 omnipotens
1074 593 1217 648 Deus
1234 601 1420 663 regnat
1440 606 1538 661 per
1560 592 1742 647 omnia

167 686 511 743 saculorum.
539 686 731 741 Amen.

678 772 959 829 HOMILIA
996 772 1221 827 CXLIII.

753 881 881 920 ΙΤΕΙ
905 880 1057 920 FERIA
1100 881 1172 919 IV.

239 950 426 1014 Lectio
461 958 633 1012 sancti
664 956 935 1026 Evangelii
964 956 1259 1011 secundum
1306 939 1634 1010 Matthaum.

238 1050 307 1105 In
330 1050 422 1103 illo
445 1060 672 1134 tempo‘re
712 1048 844 1102 dixit
870 1046 1029 1101 Iesus
1056 1046 1341 1101 Pharistvis
1366 1060 1383 1098 :
1410 1045 1512 1113 Qui
1534 1062 1638 1101 non
1668 1054 1742 1100 est

162 1156 387 1207 mecum,
418 1148 601 1194 contra
634 1155 713 1193 me
736 1147 848 1203 est;
874 1147 923 1193 et
947 1138 1037 1209 qui
1077 1154 1182 1192 non
1210 1146 1488 1209 congregat
1520 1152 1741 1205 mecum,

163 1231 387 1302 spargit,
418 1238 523 1286 etc.

239 1323 359 1377 Non
389 1331 543 1392 putet
572 1322 855 1392 quisquam
898 1323 965 1376 de
989 1320 1260 1377 haereticis
1281 1322 1483 1377 dictum
1512 1330 1568 1377 et
1604 1323 1745 1378 schi-

165 1414 439 1478 smaticis,
479 1428 786 1483 quanquam
832 1422 885 1467 et
914 1412 988 1466 ita
1040 1427 1107 1466 ex
1136 1411 1405 1481 superlluo
1449 1412 1622 1482 possit
1667 1413 1747 1467 in-

168 1503 356 1575 telligi,
388 1503 482 1559 sed
508 1518 575 1558 ex
610 1502 1070 1571 consequentibus
1098 1510 1355 1571 textuque
1385 1502 1650 1557 sermonis
1679 1502 1747 1556 ad

166 1596 442 1652 diabolum
472 1592 722 1660 refertur,
738 1593 880 1663 quod
911 1608 1017 1647 non
1046 1578 1428 1663 possintopera
1452 1590 1748 1647 Salvatoris

168 1688 441 1744 Belsebub
463 1685 715 1756 operibus
745 1684 1075 1754 comparari;
1110 1684 1197 1739 ille
1237 1684 1377 1754 cupit
1405 1684 1613 1738 animas
1651 1684 1746 1738 ho-

164 1762 593 1830 ininum'tenere
614 1774 871 1844 captivas,
917 1772 1175 1827 Dominus
1206 1772 1469 1837 liberare;
1498 1771 1586 1826 illc
1604 1787 1745 1841 pra-

1844 593 1934 663 qui
1969 592 2111 647 hunc
2133 592 2299 647 Deum
2326 595 2542 662 quidem
2573 609 2711 659 esse,
2737 595 2829 649 sed
2863 594 3023 648 Patre
3047 592 3290 664 Filioque
3314 596 3416 649 mi-

1844 694 2031 735 norem
2050 682 2275 735 credunt
2290 689 2345 734 et
2357 680 2703 745 conﬁtentur,
2723 682 2846 749 quia
2870 696 2974 735 non
3000 682 3287 736 invidentia
3305 682 3416 736 dia-

1843 767 2037 833 bolica,
2066 770 2161 823 sed
2191 770 2423 823 humana
2464 770 2762 837 ignorantia
2794 771 2936 825 ducti
2970 771 3190 838 faciunt,
3217 772 3317 826 hoc
3342 772 3415 825 ir-

1846 859 2182 914 remissibilis
2204 860 2545 929 blasphemia:
2558 862 2781 915 crimine
2796 870 3061 917 tenentur.
3078 845 3416 932 Quapropter

1844 949 2115 1019 principes
2139 948 2441 1004 Judaorum
2483 957 2539 1003 et
2564 951 2761 1018 quique
2788 950 2980 1013 similis
3012 951 3224 1006 invidia
3258 959 3411 1021 peste

1846 1038 2084 1105 corrupti
2112 1037 2448 1105 maiestatem
2469 1037 2863 1107 blasphemant,
2878 1040 2993 1093 sine
3015 1039 3120 1094 ﬁne
3140 1041 3411 1109 peribunt.

1914 1125 1982 1179 Et
2004 1127 2294 1197 quicunque
2320 1128 2510 1181 dixerit
2539 1128 2745 1205 verbum
2770 1124 2949 1181 contra
2975 1129 3141 1195 ﬁlium
3168 1130 3414 1195 hominis,

1846 1217 2135 1269 remittetur
2169 1217 2235 1270 ei.
2267 1216 2345 1272 Ac
2397 1218 2444 1271 si
2475 1218 2594 1272 aliis
2637 1219 2820 1274 verbis
2861 1219 3082 1283 diceret,
3112 1219 3416 1289 quicunque

1846 1306 2081 1360 convitia
2139 1306 2335 1361 dixerit
2383 1314 2569 1360 contra
2618 1322 2723 1372 me,
2776 1308 3171 1362 scandalizatus
3218 1309 3414 1377 quippe

1846 1410 2011 1450 carne
2039 1410 2179 1459 mea,
2204 1403 2257 1449 et
2297 1410 2382 1449 me
2428 1395 2694 1449 hominem
2724 1406 2928 1449 tantum
2975 1396 3246 1451 arbitrans
3273 1396 3417 1467 quod

1847 1484 1989 1538 illius
2038 1483 2138 1538 sim
2189 1482 2350 1547 fabri,
2402 1492 2456 1538 et
2503 1482 2698 1538 fratres
2758 1485 2985 1538 habeam
3033 1482 3313 1549 Jacobum,
3363 1492 3418 1537 et

1847 1575 2076 1645 Joseph,
2138 1583 2192 1629 et
2248 1573 2468 1638 Iudam,
2534 1584 2587 1627 et
2652 1574 2812 1629 homo
2874 1583 3128 1639 vorator,
3188 1584 3243 1628 et
3303 1571 3416 1627 vini

1848 1676 2061 1737 potator
2101 1666 2221 1730 sim,
2271 1665 2393 1719 talis
2425 1665 2605 1733 opinio
2655 1672 2815 1733 atque
2870 1662 3202 1733 blasphemia
3242 1677 3417 1731 quan-

1849 1772 2009 1825 quam
2042 1755 2192 1823 culpa
2224 1770 2329 1808 non
2350 1763 2534 1807 careat
2558 1754 2777 1818 erroris,
2808 1763 2985 1807 tamen
3010 1753 3171 1807 habet
3203 1753 3419 1807 veniam

166 1866 316 1918 dicat
342 1862 506 1928 idola,
543 1862 633 1917 hic
678 1840 845 1916 unius
880 1861 971 1915 Dei
1010 1860 1286 1925 notitiam;
1330 1850 1422 1914 ille
1460 1840 1627 1913 trahit
1680 1859 1746 1912 ad
1772 1840 1821 1906 Β
1850 1858 2067 1916 propter
2088 1847 2327 1913 corporis
2353 1842 2783 1898 vilitatem-Nam
2815 1844 2866 1896 in
2888 1858 2952 1897 eo
2971 1843 3112 1912 quod
3136 1843 3417 1911 sequitur:

164 1954 316 2017 vilia,
358 1953 449 2007 hie
494 1952 562 2007 ad
608 1952 837 2008 virtutes
867 1960 1103 2006 revocat.
1154 1950 1433 2017 Quomodo
1471 1966 1600 2021 ergo
1625 1966 1749 2021 pos-

164 2041 519 2095 snnthabere
546 2040 887 2095 concordiam
931 2039 1071 2093 inter
1097 2054 1156 2095 se
1199 2053 1427 2109 quorum
1454 2054 1617 2107 opera
1663 2039 1749 2093 dl-

170 2132 286 2186 visa
311 2131 477 2186 sunt?

238 2220 371 2275 Ideo
419 2222 536 2275 dico
582 2221 763 2275 vobis:
819 2219 985 2274 Omne
1022 2230 1289 2290 peccatum
1331 2230 1380 2274 et
1431 2220 1749 2290 blasphemia

165 2312 500 2366 remittantur
524 2310 838 2365 hominibus.
864 2310 1053 2365 Omnia
1078 2320 1299 2379 peccata
1320 2319 1375 2363 et
1404 2310 1751 2379 blasphemia

168 2419 277 2460 non
307 2404 511 2474 passim
546 2403 885 2457 dimittuntur
907 2402 1155 2457 omnibus
1187 2402 1514 2467 hominibus,
1546 2402 1640 2455 sed
1665 2402 1750 2455 his

168 2493 257 2565 qui
290 2494 503 2564 dignam
528 2506 626 2562 pro
651 2491 918 2545 erratibus
948 2491 1060 2545 suis
1110 2490 1165 2543 in
1186 2490 1290 2545 hac
1338 2490 1449 2544 vita
1480 2490 1750 2559 paeniten-

170 2586 301 2639 tiam
332 2583 561 2654 egerint.
594 2581 776 2651 Neque
823 2579 990 2635 ullum
1034 2580 1196 2635 habet
1232 2580 1408 2635 locum
1438 2594 1618 2649 prava
1665 2593 1753 2635 as-

167 2656 449 2737 sertionis,
481 2672 563 2725 vel
598 2670 944 2736 Novatianus,
973 2678 1031 2723 nt
1064 2671 1448 2740 pmnitentibns
1475 2670 1555 2725 eis
1577 2669 1667 2739 qui
1699 2670 1754 2724 in

169 2765 438 2834 martyrio
472 2762 607 2832 lapsi
626 2770 787 2840 sunt,
814 2763 1025 2816 veniam
1055 2769 1212 2832 neget
1244 2775 1367 2816 esse
1394 2760 1749 2826 tribuendam,

166 2854 260 2911 vel
302 2853 583 2925 Origenes,
628 2861 688 2905 ut
722 2860 942 2906 asserat
981 2858 1101 2920 post
1138 2850 1399 2918 judicium
1454 2847 1755 2904 universale

172 2945 463 3001 transactis
506 2944 634 2999 licet
674 2942 993 2998 saculorum
1026 2940 1387 2996 voluminibus
1433 2939 1752 3005 innumeris,

171 3044 401 3091 cunctos
444 3041 757 3104 peccatores
795 3047 859 3086 ac
902 3030 1246 3101 blasphemas
1294 3030 1507 3084 veniam
1565 3043 1757 3099 pecca-

170 3129 353 3182 torum
378 3138 497 3181 esse
540 3133 953 3188 consecuturos,
982 3131 1141 3191 atque
1168 3122 1235 3177 ad
1275 3136 1496 3191 regnum
1535 3121 1756 3178 caeleste

1923 1960 2025 2026 Qui
2069 1969 2241 2013 autem
2280 1958 2472 2012 dixerit
2521 1965 2700 2010 contra
2729 1955 2985 2026 Spiritum
3027 1963 3286 2017 sanctum,
3316 1966 3422 2004 non

1852 2051 2139 2104 remittetur
2170 2049 2217 2103 ei
2240 2064 2399 2117 neque
2419 2046 2471 2099 in
2496 2047 2592 2101 hoc
2614 2044 2825 2109 strculo,
2852 2060 3011 2115 neque
3036 2044 3091 2097 in
3114 2042 3311 2112 futuro,
3353 2056 3421 2096 ex

1852 2140 1938 2194 bis
1980 2139 2158 2193 verbis
2186 2138 2369 2199 Deum
2411 2137 2567 2190 datur
2599 2135 2816 2204 intelligi
2859 2135 3115 2203 quasdam
3156 2132 3342 2202 culpas
3368 2133 3423 2187 in

1851 2228 1953 2283 hoc
1974 2228 2194 2291 saculo,
2223 2226 2481 2294 quasdam
2507 2238 2637 2278 vero
2676 2224 2730 2277 in
2792 2223 2971 2277 futuro
3005 2222 3222 2287 laxare;
3279 2222 3421 2290 quod

1852 2318 1997 2372 enim
2020 2316 2085 2371 de
2111 2330 2218 2369 uno
2244 2323 2496 2382 negatur,
2523 2328 2859 2383 consequens
2907 2311 3209 2367 intellectus
3251 2318 3420 2382 patet,

1853 2408 1977 2479 quia
2020 2408 2085 2462 de
2132 2407 2451 2476 quibusdam
2482 2406 2812 2459 conceditur.
2847 2403 2953 2459 Sed
3001 2412 3175 2457 tamen
3212 2403 3315 2458 hoc
3354 2403 3424 2457 de

1853 2500 2038 2569 parvis
2087 2498 2431 2567 minimisque
2464 2498 2699 2567 peccatis
2736 2496 2853 2550 ﬁeri
2892 2510 3048 2565 posse
3095 2494 3421 2550 credendum

1855 2600 1961 2658 est,
1993 2592 2132 2647 sicut
2157 2598 2240 2645 est
2279 2588 2522 2644 assiduus
2552 2588 2757 2643 otiosus
2799 2600 2997 2651 sermo,
3040 2584 3426 2643 immoderatus

1856 2682 2018 2748 risus,
2072 2681 2156 2735 vel
2204 2688 2484 2751 peccatum
2521 2694 2663 2733 cura
2707 2678 2783 2732 rei
2830 2676 3140 2743 familiaris,
3179 2691 3298 2746 qua
3328 2677 3420 2731 vix

1853 2775 1973 2829 sine
1998 2772 2153 2842 culpa
2201 2766 2285 2826 Vel
2315 2771 2382 2825 ab
2409 2762 2541 2840 ipsis
2592 2768 2787 2840 agitur,
2833 2768 2921 2839 Qui
2954 2768 3163 2839 culpam
3193 2766 3427 2837 qualiter

1858 2862 2113 2919 declinari
2151 2861 2341 2915 debeat
2392 2860 2603 2924 sciunt,
2659 2868 2751 2912 aut
2804 2873 2911 2913 non
2947 2857 3199 2929 gravibus
3251 2857 3423 2926 culpis

1856 2966 2044 3007 errore
2093 2948 2427 3020 ignorantia,
2458 2963 2576 3018 qua
2615 2955 2805 3001 cuncta
2856 2947 3017 3000 etiam
3046 2955 3169 3015 post
3195 2954 3423 2999 mortem

1858 3050 2085 3113 gravant
2106 3042 2149 3096 si
2174 3042 2349 3095 adhuc
2392 3040 2445 3093 in
2478 3040 2584 3093 vita
2612 3039 2713 3093 hac
2741 3038 2933 3107 positis
2979 3037 3197 3091 minime
3224 3036 3424 3090 fuerint

1860 3134 2118 3189 relaxata.
2149 3131 2263 3187 Hoc
2286 3140 2462 3185 autem
2491 3130 2766 3185 sciendum
2799 3137 2905 3192 est,
2930 3127 3055 3196 quia
3092 3127 3202 3182 illic
3227 3126 3417 3182 saltem

166 3213 576 3286 perducendos,
604 3212 757 3283 cuius
800 3227 1040 3268 errorem
1081 3212 1356 3281 sequentia
1395 3225 1607 3281 quoque
1651 3209 1757 3265 Do-
1783 3195 1827 3257 Ο
1858 3224 1926 3278 de
1972 3222 2212 3277 minimis
2247 3220 2321 3275 nil
2358 3219 2583 3291 quisque
2612 3195 2960 3290 purgationis
2989 3218 3270 3283 obtinebit,
3316 3218 3422 3272 nisi

170 3306 310 3361 mini
339 3303 503 3358 verba
532 3301 885 3372 redarguunt,
916 3316 1037 3355 cum
1062 3300 1435 3369 subsequitur:

224 3395 475 3465 Spiritus
498 3401 670 3463 autem
698 3391 1030 3461 blasphemia
1053 3407 1155 3445 non
1184 3391 1489 3443 remittetur.
1514 3387 1756 3459 Qulergo

174 3488 466 3543 manifeste
488 3485 792 3555 intelligens
812 3499 973 3554 Opera
994 3484 1110 3548 Dei,
1129 3499 1248 3538 cum
1276 3484 1366 3537 Dei
1390 3484 1639 3538 virtutem
1664 3499 1758 3539 ne-

170 3594 303 3649 gare
325 3594 432 3633 non
459 3577 649 3649 possit,
680 3576 986 3631 stimulatus
1008 3576 1206 3631 invidia
1230 3576 1591 3631 calumniatur
1602 3575 1759 3632 Chri-

171 3678 341 3732 stum,
372 3669 573 3738 Deique
596 3668 840 3734 verbum,
868 3675 923 3722 et
949 3682 1111 3737 opera
1151 3666 1384 3738 Spiritus
1422 3672 1596 3725 sancti
1626 3669 1758 3725 dicit

167 3755 605 3814 esseBelsebub:
636 3756 723 3811 isti
748 3771 852 3810 non
876 3756 1191 3823 dimittetur,
1222 3770 1394 3827 neque
1417 3758 1470 3813 in
1501 3759 1755 3828 praesenti

169 3846 369 3906 saicuio
388 3862 562 3916 neque
577 3848 631 3900 in
648 3846 845 3901 futuro.
863 3846 977 3901 Non
1001 3846 1142 3916 quod
1156 3861 1411 3917 negemus
1430 3857 1485 3903 et
1504 3848 1552 3903 ei
1575 3849 1619 3903 si
1642 3854 1757 3917 poe—

171 3936 457 3992 nitentiam
483 3950 641 4005 agere
667 3936 891 3991 voluerit
915 3951 1072 4005 posse
1097 3936 1315 4002 dimitti,
1345 3938 1413 3993 ab
1438 3953 1503 3993 eo
1522 3921 1615 4007 qui
1644 3937 1758 3992 vult

160 4035 363 4084 'omnes
390 4028 634 4083 homines
655 4027 829 4082 salvos
845 4024 984 4093 fieri,
1011 4034 1064 4082 et
1089 4027 1140 4080 in
1168 4028 1489 4097 agnitionem
1512 4029 1756 4084 veritatis

173 4119 361 4175 venire
350 4135 390 4210 ἐ
406 4118 499 4174 sed
512 4118 653 4188 quod
670 4119 768 4189 ipsi
785 4116 951 4187 judiei
966 4127 1019 4171 et
1036 4118 1271 4188 largitori
1297 4120 1464 4173 venia
1476 4120 1756 4175 credentes

172 4209 265 4279 qui
286 4218 341 4264 et
360 4207 418 4263 se
438 4207 807 4278 panitentiam
828 4221 1039 4277 semper
1054 4216 1397 4276 accepturum
1410 4210 1616 4264 ethanc
1642 4209 1756 4265 bla-

170 4301 471 4371 sphemiam
504 4314 767 4370 nusquam
807 4298 939 4354 dicit
964 4314 1083 4355 esse
1120 4301 1517 4366 remittendam,
1568 4302 1756 4357 creda-

173 4406 296 4447 mus
342 4392 487 4445 hunc
531 4389 902 4459 blasphemum
952 4390 1289 4460 exigentibus
1342 4390 1553 4445 meritis
1617 4388 1756 4445 sient

172 4494 449 4549 nunquam
494 4480 561 4535 ad
602 4480 992 4545 remissionem,
1026 4480 1098 4533 ita
1152 4495 1253 4535 nec
1294 4480 1362 4535 ad
1395 4480 1541 4551 ipsos
1574 4481 1745 4551 digna

170 4569 507 4641 poenitentia
554 4567 759 4625 fructus
805 4584 925 4625 esse
970 4578 1369 4639 perventurum.
1427 4558 1587 4627 Juxta
1643 4573 1745 4626 hoc

172 4660 316 4733 quod
335 4659 569 4715 Joannes
590 4660 946 4731 Evangelista,
964 4662 1029 4715 de
1060 4660 1377 4729 quibusdam
1403 4662 1747 4733 blasphemia

171 4771 286 4811 sua
313 4752 800 4809 meritoexcacatis
824 4752 1167 4814 veracissime
1194 4754 1408 4822 scripsit
1435 4752 1748 4827 :Propterea

173 4861 278 4899 non
297 4853 536 4915 poterant
557 4842 783 4907 credere,
799 4841 925 4911 quia
950 4842 1147 4896 iterum
1172 4842 1307 4897 dixit
1328 4843 1495 4899 Isaias
1518 4863 1531 4898 :
1563 4844 1749 4899 Errem-

172 4936 308 4989 cavit
333 4933 510 4989 oculos
536 4947 738 4997 eorum,
764 4941 811 4985 et
844 4931 1107 4987 induravit
1131 4948 1311 4987 eorum
1342 4951 1432 4988 cor
1460 4945 1514 4988 ut
1549 4951 1651 4989 non
1678 4936 1747 4989 vi-

170 5032 331 5084 deant
352 5027 537 5092 ocuiis,
564 5037 609 5081 et
632 5025 924 5096 intelligant
944 5026 1097 5080 corde
1119 5036 1165 5080 et
1196 5038 1563 5082 convertantur
1587 5038 1634 5083 et
1658 5046 1742 5083 sa-

174 5135 291 5173 nem
320 5117 458 5171 illos.
501 5115 627 5171 Sola
676 5130 801 5187 ergo
841 5104 1171 5184 blasphemia
1210 5118 1263 5171 in
1310 5116 1571 5187 Spiritum
1614 5134 1739 5173 san-

169 5217 338 5271 etum,
371 5220 475 5275 qua
512 5204 740 5275 quisque
768 5205 817 5258 in
844 5204 1248 5259 similitudinem
1274 5207 1472 5263 diaboli
1501 5219 1555 5263 et
1574 5226 1741 5280 ange-

171 5297 347 5350 lorum
397 5295 515 5365 ejus
549 5302 735 5347 contra
785 5295 1167 5348 conscientiam
1216 5311 1365 5349 suam
1405 5298 1739 5365 majestatem

170 5386 401 5461 Deitatis
442 5378 757 5454 oppugnare
778 5398 882 5438 non
916 5384 1168 5452 trepidat,
1206 5401 1312 5439 non
1343 5387 1504 5443 habet
1552 5390 1741 5443 remis-

167 5479 377 5533 sionem
418 5477 473 5531 in
512 5484 793 5540 aternum,
848 5476 940 5530 sed
972 5490 1095 5530 reus
1146 5476 1251 5530 erit
1296 5479 1481 5532 aterni
1536 5480 1737 5543 delicti,

166 5571 309 5637 sicut
354 5564 695 5636 Evangelista
746 5565 955 5619 Marcus
1004 5565 1283 5637 manifeste
1331 5567 1595 5633 declarat,
1649 5570 1739 5637 qui

168 5636 346 5726 posito
380 5656 483 5709 hoc
515 5654 723 5707 Domini
752 5653 1054 5707 testimonio
1093 5636 1385 5721 Subjunxit,
1414 5666 1574 5723 atque
1616 5636 1690 5710 ait
1721 5673 1736 5711 :

168 5748 429 5813 Quoniam
463 5744 738 5797 dicebant:
760 5743 1011 5812 Spiritum
1035 5746 1354 5797 immundum
1387 5746 1576 5799 habet:
1613 5762 1735 5801 nam

1773 4539 1823 4598 D

1855 3310 2012 3367 bonis
2040 3311 2144 3367 hoc
2170 3312 2377 3366 actibus
2406 3310 2461 3363 in
2487 3310 2589 3365 hac
2616 3308 2791 3363 adhuc
2832 3308 2941 3363 vita
2974 3307 3200 3378 positus,
3228 3315 3286 3361 ut
3316 3307 3425 3361 illic

1855 3402 2094 3458 obtineat
2117 3409 2508 3472 promereatur.

1926 3492 2031 3545 Aut
2066 3492 2229 3560 facite
2248 3491 2483 3565 arborem
2505 3490 2691 3544 bonam
2714 3498 2761 3544 et
2794 3490 3023 3559 fructum
3050 3492 3165 3561 ejus
3195 3490 3420 3555 bonum;

1858 3590 1948 3635 aut
1989 3581 2145 3651 facite
2176 3581 2411 3633 arborem
2456 3578 2649 3631 malam
2688 3588 2734 3632 et
2770 3578 2996 3647 fructum
3039 3580 3154 3648 ejus
3182 3578 3421 3644 malum;

1855 3687 1919 3725 ea:
1947 3671 2121 3740 {metu
2150 3670 2401 3741 siquidem
2432 3668 2587 3722 arbor
2616 3669 2932 3737 agnoscitur.
2969 3668 3301 3740 Constringit
3324 3685 3423 3725 eos

1856 3761 2186 3832 syllogismo,
2216 3773 2375 3829 quem
2405 3756 2580 3811 Graeci
2602 3764 2795 3811 vocant
2815 3755 3424 3830 Apciton_[Aphucton],

1854 3867 1953 3907 nos
1970 3860 2148 3905 autem
2163 3848 2523 3904 inevitabilem
2540 3862 2826 3917 possumus
2839 3847 3127 3917 appellare,
3146 3847 3236 3917 qui
3254 3849 3421 3904 inter-

1856 3949 2075 4011 rogatos
2090 3940 2218 3994 hinc
2239 3938 2362 3993 inde
2379 3938 2673 4002 concludit,
2696 3946 2745 3991 et
2764 3946 2992 4007 utroque
3008 3952 3171 3992 cornu
3194 3940 3413 4009 premit.

1858 4030 1916 4086 Si
1944 4030 2135 4100 inquit,
2167 4028 2408 4084 diabolus
2426 4036 2513 4083 est
2540 4027 2715 4083 malus
2738 4028 2879 4083 bona
2913 4042 3075 4097 opera
3102 4012 3282 4083 facere
3312 4045 3415 4084 non

1854 4130 2051 4191 potest,
2102 4120 2149 4174 si
2199 4125 2380 4173 autem
2435 4120 2574 4174 bona
2620 4125 2744 4172 sunt
2790 4132 2909 4189 qua
2957 4117 3100 4172 facta
3155 4120 3418 4185 cernitis,

1855 4212 2101 4282 sequitur
2146 4218 2207 4265 ut
2246 4225 2351 4264 non
2388 4209 2457 4264 sit
2495 4208 2738 4265 diabolus
2786 4208 2877 4277 qui
2924 4222 2986 4263 ea
3024 4207 3154 4264 facit
3189 4223 3205 4262 :
3243 4224 3422 4279 neque

1854 4305 2000 4360 enim
2039 4304 2154 4359 ﬁeri
2185 4298 2381 4373 potest,
2411 4310 2471 4356 ut
2525 4317 2591 4356 ex
2636 4300 2778 4355 malo
2811 4301 3031 4367 bonum,
3058 4308 3150 4355 aut
3180 4316 3246 4357 ex
3273 4303 3418 4359 bono

1854 4398 2063 4455 oriatur
2099 4396 2318 4451 malum.

1924 4489 2203 4559 Progenies
2232 4489 2519 4555 viperarum
2539 4526 2553 4551 ,
2578 4486 2835 4556 quomodo
2860 4486 3069 4557 potestis
3104 4485 3239 4539 bona
3270 4484 3412 4557 loqui

1849 4595 1965 4633 cum
1994 4579 2107 4632 sitis
2146 4576 2312 4630 mali?
2353 4574 2633 4646 Progenies
2663 4576 2951 4646 viperarum
2980 4590 3074 4631 eos
3100 4575 3249 4639 dicit,
3286 4576 3411 4644 quia

1850 4666 2047 4721 diaboli
2101 4664 2238 4720 ﬁlios
2291 4679 2384 4720 eos
2425 4664 2693 4735 appellat:
2740 4664 2793 4718 in
2840 4672 3045 4718 tantum
3096 4664 3237 4718 enim
3289 4666 3416 4734 quis

1849 4750 1989 4810 illius
2015 4756 2130 4826 ejus
2151 4762 2253 4821 est,
2298 4754 2351 4808 in
2384 4761 2640 4823 quantum
2684 4766 2804 4807 eum
2830 4753 3105 4823 peccando
3147 4753 3413 4815 imitatur.

1848 4847 2001 4914 Quod
2024 4847 2167 4900 enim
2192 4846 2323 4900 dicit
2361 4845 2619 4915 quomodo
2659 4844 2872 4915 potestis
2926 4844 3059 4897 bona
3098 4842 3261 4914 loqui,
3290 4860 3413 4897 cum

1847 4938 1961 4991 sitis
1988 4935 2417 4990 mali?ostendit
2457 4934 2578 4988 illos
2604 4934 2853 4987 arborem
2902 4933 3123 4997 malam,
3167 4940 3223 4987 et
3273 4932 3412 4989 tales

1846 5025 2059 5081 adferre
2084 5024 2288 5080 fructus
2327 5022 2659 5094 blasphemia
2688 5022 3065 5089 redundantes,
3103 5022 3281 5092 qualia
3310 5023 3410 5078 ba-

1845 5115 2043 5170 bebant
2067 5115 2270 5169 semina
2301 5112 2518 5167 diaboli.

1915 5206 1999 5261 Ea:
2020 5206 2339 5259 abundantia
2372 5206 2507 5258 enim
2533 5206 2703 5259 cordis
2737 5222 2793 5260 os
2825 5205 3073 5275 loquitur.
3102 5203 3403 5260 Humanum

1844 5298 2057 5367 quidem
2086 5295 2348 5364 judicium
2394 5310 2532 5365 sape
2562 5296 2719 5361 fallit,
2759 5297 2880 5366 quia
2919 5310 3013 5349 cor
3058 5295 3289 5365 proximi
3316 5311 3412 5351 ne-

1843 5390 1964 5453 scit,
1992 5389 2092 5442 nisi
2131 5403 2197 5441 ex
2224 5403 2317 5443 ore
2355 5396 2410 5443 et
2455 5402 2618 5456 opere
2642 5402 2870 5457 pensare
2896 5402 2910 5440 :
2938 5375 3195 5441 Dominus
3224 5394 3402 5441 autem

1842 5479 2011 5548 ipsum
2037 5494 2170 5547 opus
2198 5486 2251 5532 et
2284 5493 2560 5533 sermones
2604 5486 2838 5543 nostros,
2882 5492 3016 5546 quos
3041 5476 3219 5531 cordis
3240 5490 3301 5530 os
3326 5475 3406 5531 Io-

1841 5568 2022 5636 quitur
2056 5566 2284 5633 judicat,
2337 5568 2429 5637 qni
2466 5582 2533 5621 ex
2585 5582 2690 5637 qua
2742 5567 3040 5622 intentione
3084 5574 3403 5636 promantur

1840 5658 2001 5712 verba
2030 5672 2134 5711 non
2161 5659 2388 5728 ignorat.

1909 5746 2088 5801 Bonus
2112 5749 2263 5802 homo
2286 5748 2349 5801 de
2377 5748 2505 5801 bono
2527 5748 2767 5804 thesauro
2796 5747 2990 5827 profert
3028 5748 3191 5814 bona;
3219 5754 3266 5801 et
3288 5760 3395 5798 ma-
