3960 6348
478 399 585 455 ιεδ

1129 394 1194 449 Β.
1232 390 1487 485 BADIUS]
1525 387 1745 445 MAURI
1784 381 2101 441 ARClllEP.
2143 378 2453 445 MOGUNT.
2494 374 2779 434 OPERUM
2817 371 2998 430 PARS
3030 370 3093 427 ll.

3649 369 3766 426 ιρι

479 516 563 570 lus
597 514 753 569 homo
781 513 847 568 de
876 508 1015 566 malo
1043 511 1292 564 thesauro
1327 478 1527 579 profert
1559 478 1722 559 mala.
1764 503 2072 557 Thesaurus
2102 502 2149 560 Α
2177 493 2545 557 nifestaretur,
2587 492 2661 546 ita
2706 499 2764 544 ut
2809 498 2864 546 et
2914 490 3015 559 ipsi
3063 486 3304 579 Apostoli
3356 487 3460 541 hac
3506 486 3770 556 opinione

478 606 682 671 cordis,
712 604 941 659 intentio
980 610 1063 657 est
1089 599 1456 671 cogitationis,
1498 610 1564 651 ex
1593 609 1697 666 qua
1744 598 2069 664 proventum

478 695 665 767 operis
692 704 929 750 aeternus
966 692 1170 747 arbiter
1193 690 1439 760 judicat,
1482 688 1623 744 unde
1662 686 1722 740 fit
1757 685 2071 754 plerumque

484 795 548 843 ut
580 787 790 844 minora
844 787 1007 849 bona,
1064 783 1305 838 nonnulli
1356 777 1840 853 majorercmlestis
1884 774 2072 846 gratiae

483 880 735 937 mercede
777 887 1101 949 operentur;
1154 877 1408 931 videlicet
1449 882 1671 944 propter
1714 869 2071 925 intentionem

483 970 684 1035 cordis,
713 984 820 1038 qua
869 966 1077 1036 majora
1104 966 1391 1023 voluerant
1439 974 1659 1034 patrare
1698 962 1841 1016 bona
1874 958 1917 1013 si
1943 971 2073 1027 pos-

484 1068 644 1125 sent;
675 1058 767 1113 alii
811 1058 1014 1127 majora
1072 1058 1333 1123 virtutum
1384 1068 1546 1123 Opera
1594 1054 1929 1105 ostentantes
1955 1086 1970 1109 ,
2005 1044 2075 1100 ob

484 1148 754 1206 incuriam
784 1147 965 1203 cordis
1010 1145 1209 1215 tepidi,
1261 1144 1472 1197 minora
1521 1155 1552 1194 a
1580 1138 1808 1193 Domino
1854 1133 2072 1206 praemia

484 1238 806 1297 sortiantur.
842 1236 949 1291 Sed
974 1227 1182 1308 iubeo
1210 1232 1328 1286 loco
1366 1229 1449 1285 vel
1481 1230 1626 1299 ipsos
1653 1226 1867 1281 Judaeos
1893 1222 2078 1293 Domi-

485 1311 1061 1406 nushlasphemantes
1090 1323 1351 1388 ostendit,
1390 1322 1457 1376 de
1483 1319 1629 1391 quali
1666 1319 1943 1380 thesauro,
1970 1315 2075 1369 hoc

486 1419 705 1487 est,rde
754 1420 1072 1493 abscondito
1114 1418 1296 1474 cordis
1338 1415 1729 1485 blasphemiam
1763 1411 2075 1484 proferant,

491 1511 576 1566 vel
602 1524 724 1565 cum
763 1509 1031 1580 superiori
1064 1507 1363 1577 quaestione
1402 1506 1574 1560 haeret
1615 1501 1902 1566 sententia,
1934 1498 2076 1569 quod

488 1601 905 1671 quomodonon.
922 1600 1094 1671 possit
1128 1598 1304 1653 bonus
1332 1598 1497 1652 homo
1517 1594 1763 1665 proferre
1788 1591 1950 1656 mala,
1980 1604 2080 1645 nec

491 1691 666 1746 malus
701 1692 843 1746 bona
879 1702 1042 1760 Opera
1088 1688 1304 1744 facere:
1348 1688 1427 1742 sic
1470 1701 1579 1741 non
1621 1684 1792 1756 possit
1832 1681 2080 1738 Christus

480 1782 652 1847 mala,
695 1781 940 1837 diabolus
969 1781 1108 1836 bona
1134 1795 1300 1850 opera
1329 1779 1527 1835 facere.

2177 584 2363 647 ducti,
2400 591 2524 653 post
2572 579 3023 636 resurrectionem
3069 575 3187 645 ejus
3231 578 3630 646 interrogantes
3673 577 3769 631 dio

2177 684 2382 738 cerent,
2425 671 2668 736 Domine,
2696 671 2741 725 si
2783 672 2839 723 in
2883 678 3109 738 tempore
3144 671 3241 721 hoc
3265 667 3503 721 restitues
3543 679 3773 735 regnans

2176 763 2380 829 Israel;
2406 771 2461 819 et
2490 762 2616 816 alibi
2638 760 2923 833 Cleophas,
2957 757 3066 812 Nos
3084 768 3261 817 autem
3282 757 3619 828 sperabamus
3638 758 3771 827 quia

2177 854 2285 924 ipse
2310 864 2439 907 esset
2470 851 2829 922 redempturus
2856 846 3042 903 Israel.

2250 943 2374 996 Non
2421 942 2556 996 venit
2594 950 2769 1003 autem
2813 953 3029 1009 regnum
3058 936 3166 991 .Dei
3214 953 3331 990 cum
3368 938 3771 1009 observatione;

2178 1032 2593 1107 nequedicent:
2633 1029 2769 1083 Ecce
2795 1029 2905 1082 hic.
2939 1026 3073 1095 Quia
3112 1026 3326 1096 quando
3374 1027 3557 1080 veniat
3587 1040 3772 1095 neque

2178 1123 2248 1177 ab
2278 1109 2503 1195 angelis,
2540 1132 2715 1190 neque
2762 1116 2831 1172 ab
2868 1115 3180 1183 hominibus
3222 1122 3404 1185 potest
3447 1114 3769 1178 observari,

2178 1212 2320 1268 sicut
2354 1217 2569 1278 tempus
2612 1205 2906 1261 Dominicae
2956 1201 3384 1266 incarnationis,
3440 1199 3772 1255 certissimis

2179 1311 2235 1363 et
2262 1303 2648 1373 prophetarum
2677 1296 2950 1373 vaticiniis
2995 1294 3295 1365 praeﬁxum,
3345 1301 3400 1347 et
3444 1279 3770 1360 angelbrum

2179 1371 2277 1466 est
2294 1371 2696 1464 manifestatum
2724 1371 3037 1457 praeconiis,
3063 1384 3198 1438 adeo
3220 1389 3279 1436 ut
3326 1389 3641 1450 conceptus,
3667 1393 3775 1434 na-

2180 1493 2269 1540 tus
2291 1492 2347 1550 et
2382 1481 2709 1552 baptizatus,
2738 1476 3062 1549 praedicans,
3097 1473 3263 1528 etiam
3308 1470 3552 1526 moriens
3580 1480 3636 1524 et
3673 1484 3774 1525 re-

2180 1589 2426 1646 surgens,
2454 1580 2614 1641 atque
2651 1566 2719 1635 ad
2763 1566 2929 1641 cmlos
2959 1564 3174 1629 rediens
3201 1555 3587 1620 comitantibus
3616 1558 3777 1613 inde.

2176 1668 2421 1722 sinenter
2443 1662 2526 1723 vel
2555 1660 2891 1733 angelorum,
2911 1655 2998 1733 vel
3030 1654 3329 1717 hominum,
3372 1649 3458 1705 vel
3492 1658 3644 1704 certe
3666 1648 3777 1703 ωἰο

2183 1758 2490 1814 raculorum
2517 1754 2588 1810 sit
2617 1730 2922 1809 declaratus
2945 1730 3190 1805 indiciis.

562 1874 695 1929 Dico
720 1886 913 1931 'autem
948 1868 1088 1930 vobis
1126 1874 1376 1945 quoniam
1415 1887 1567 1926 omne
1612 1869 1823 1925 uerbum
1859 1869 2081 1923 otiosum

2257 1849 2393 1905 Ecce
2415 1850 2551 1903 enim
2578 1861 2790 1916 regnum
2830 1842 2927 1896 Dei
2966 1841 3107 1894 intra
3128 1854 3215 1892 vos
3258 1840 3351 1892 est.
3395 1836 3643 1907 Regnum
3673 1833 3777 1889 Dei

488 1966 628 2039 quod
655 1967 817 2020 locuti
853 1958 1048 2037 fuerint
1090 1966 1349 2029 homines,
1394 1963 1611 2017 reddent
1659 1960 1913 2016 rationem
1938 1959 2002 2015 de
2021 1973 2081 2012 eo

489 2060 545 2114 in
570 2059 665 2113 die
689 2058 907 2129 judicii.
943 2057 1057 2113 Hoc
1095 2071 1312 2128 quoque
1352 2057 1523 2111 haeret
1553 2069 1675 2110 cum
1710 2051 2084 2124 superioribus

493 2156 550 2204 et
575 2158 659 2204 est
688 2163 881 2204 sensus
910 2162 925 2200 :
959 2146 1016 2201 Si
1046 2147 1277 2201 otiosum
1304 2144 1547 2209 verbum,
1570 2144 1711 2214 quod
1741 2156 2085 2214 nequaquam

491 2240 729 2297 aedificat
757 2240 1057 2305 audientes,
1094 2253 1201 2294 non
1245 2236 1453 2306 absque
1476 2235 1717 2306 periculo
1737 2234 1853 2304 ejus
1882 2234 1973 2305 qui
2000 2232 2084 2289 lo-

490 2331 680 2402 quitur
701 2330 992 2402 profertur,
1012 2328 1142 2383 etin
1165 2328 1253 2383 die
1269 2325 1455 2396 judicii
1483 2325 1788 2400 redditurus
1817 2331 1901 2379 est
1920 2339 2089 2379 unus-

489 2423 726 2494 quisque
764 2422 1028 2476 rationem
1054 2432 1364 2475 sermonum
1404 2431 1623 2472 suorum
1646 2454 1661 2479 ,
1688 2422 1891 2485 quanto
1916 2413 2090 2482 magis

492 2528 593 2570 vos
612 2513 705 2584 qui
731 2527 896 2582 opera
925 2511 1161 2582 Spiritus
1189 2507 1365 2566 sancti
1397 2506 1801 2563 calumniamini
1828 2515 1881 2561 et
1912 2504 2091 2560 dicitis

493 2618 585 2659 me
631 2604 687 2658 in
729 2602 994 2657 Belsehub
1032 2598 1278 2671 principe
1332 2598 1717 2655 daemoniorum
1748 2594 1944 2664 ejicere
1986 2593 2093 2649 da:-

495 2694 697 2759 monia,
756 2690 1017 2747 reddituri
1059 2691 1191 2744 estis
1222 2690 1489 2745 rationem
1516 2685 1801 2743 calumnia:
1853 2682 2093 2740 vestrml

500 2783 745 2843 Otiosum
786 2783 1011 2849 verbum
1040 2790 1125 2836 est
1150 2781 1293 2851 quod
1325 2778 1705 2834 sine'utilitate
1735 2784 1805 2833 et.
1824 2772 2095 2843 loquentis

498 2876 698 2931 dicitur
733 2881 787 2929 et
841 2872 1131 2937 audientis,
1185 2872 1289 2926 hoc
1327 2877 1413 2925 est
1461 2867 1508 2922 si
1547 2868 1750 2923 omissa
1785 2862 2093 2921 rationede

496 2968 661 3023 rebus
672 2966 881 3021 frivolis
903 2966 1191 3034 loquamur
1218 2972 1273 3019 et
1291 2961 1500 3017 fabulas
1518 2974 1803 3015 narremus
1820 2957 2091 3027 antiquas.

503 3058 774 3115 Craterum
808 3057 899 3128 qui
949 3054 1339 3115 scurrilitatem
1385 3052 1630 3123 replicat,
1672 3049 1954 3105 cachinnis
1997 3061 2095 3101 ora

509 3149 799 3214 dissolvit,
853 3155 909 3201 et
940 3145 1140 3215 aliquid
1193 3142 1402 3213 profert
1446 3141 1823 3211 turpitudinis:
1853 3140 1946 3194 hic
1986 3154 2095 3193 non

506 3242 666 3299 otiosi
697 3239 983 3302 sermonis,
1015 3238 1108 3291 sed
1138 3234 1415 3291 criminosi
1447 3234 1716 3290 tenebitur
1755 3247 1900 3287 reus.

582 3335 667 3390 Ea:
695 3333 857 3388 verbis
886 3333 992 3385 tuis
1027 3329 1430 3401 justiﬁcaberis.
1463 3337 1510 3381 et
1549 3342 1612 3380 ea:
1644 3324 1807 3380 verbis
1836 3324 1939 3377 tuis
1974 3338 2099 3376 con-

504 3423 856 3478 demnaberis.
885 3422 960 3475 Ex
977 3418 1406 3491 prlecedentibus
1426 3418 1599 3472 adhuc
1614 3416 1812 3486 pendet
1830 3413 2095 3469 sententia

505 3513 600 3569 ubi
642 3513 719 3567 ait
749 3530 763 3565 :
790 3512 867 3565 Ex
900 3509 1232 3566 abundantia
1254 3508 1398 3563 enim
1438 3506 1621 3562 cordis
1642 3522 1704 3561 os
1725 3505 1982 3574 loquitur.
2016 3504 2096 3557 Ex

507 3603 666 3659 malis
685 3601 867 3657 verbis
889 3601 1108 3657 dubium
1137 3615 1243 3654 non
1284 3607 1367 3652 est
1392 3598 1535 3665 quod
1565 3598 1847 3651 damnetur
1873 3593 2034 3647 homo
2056 3607 2096 3645 ta

506 3696 639 3760 Deo,
687 3678 872 3764 quiea
921 3691 1227 3762 protulerit.
1274 3688 1569 3744 iustiﬁcari
1622 3696 1805 3742 autem
1841 3700 1903 3738 ex
1944 3684 2098 3738 bonis

509 3788 692 3842 verbis
722 3785 871 3840 nullo
901 3784 1059 3839 modo
1085 3781 1307 3853 poterit,
1343 3780 1445 3834 nisi
1472 3780 1545 3841 .de
1592 3778 1782 3832 intimo
1825 3776 2004 3831 cordis
2034 3788 2101 3829 ea

510 3872 661 3930 recta
698 3875 996 3929 intentione
1027 3871 1287 3941 proferat.
1314 3870 1462 3924 Bona
1499 3877 1679 3922 autem
1723 3864 1933 3921 etiamsi
1966 3864 2096 3928 sint,

512 3973 569 4021 et
606 3978 713 4018 non
755 3973 903 4018 recto
944 3962 1125 4025 studio
1159 3958 1360 4013 fuerint
1393 3958 1625 4028 prolata,
1647 3956 1947 4023 iustiﬁcam
1990 3968 2099 4010 non

512 4062 769 4127 poterunt
806 4054 1113 4123 loquentem
1148 4069 1160 4103 :
1192 4050 1332 4104 sicut
1378 4064 1478 4102 nec
1503 4046 1736 4117 Caiphas
1781 4046 1836 4099 in
1872 4034 2103 4116 prophe-

515 4145 683 4211 tando
725 4144 905 4215 justus
950 4144 1200 4197 inventus
1246 4150 1357 4205 est,
1390 4140 1481 4209 qui
1538 4138 1716 4194 dixit:
1769 4135 1993 4206 Expedit
2045 4144 2101 4187 ut

516 4254 654 4293 unus
700 4237 959 4289 moriatur
994 4234 1147 4286 homo
1194 4248 1287 4302 pro
1338 4229 1552 4302 populo,
1593 4239 1640 4281 et
1677 4245 1781 4281 non
1830 4236 1938 4280 tota
1976 4241 2101 4296 gens

516 4325 714 4399 pereat.
761 4326 856 4383 Illa
909 4341 1037 4396 ergo
1082 4326 1247 4379 verba
1282 4323 1582 4394 justiﬁeant
1630 4321 1978 4389 loquentem‘,
2010 4318 2101 4386 qui

520 4420 722 4475 bonum
745 4418 886 4487 quod
911 4432 1004 4472 ore
1034 4416 1260 4486 profert,
1294 4415 1599 4469 medullitus
1628 4411 1793 4466 corde
1827 4407 2025 4463 retinet
2052 4405 2107 4462 et

521 4510 825 4566 intentione
859 4520 989 4567 sana
1016 4506 1242 4578 profert,
1288 4508 1343 4561 in
1366 4509 1653 4561 verborum
1683 4508 1825 4563 enim
1868 4507 2109 4576 pondere

521 4596 772 4670 probatio
806 4597 1052 4652 consistit
1081 4598 1205 4651 vitm
1247 4596 1515 4657 humanm,
1547 4597 1690 4664 quia,
1744 4604 1803 4655 ut
1850 4593 2103 4649 Salomon

524 4689 621 4753 ait,
668 4704 807 4741 mors
828 4696 875 4741 et
903 4686 1005 4741 vita
1032 4687 1087 4741 in
1126 4686 1369 4739 manibus
1411 4684 1604 4753 lingua?
1634 4704 1646 4738 :
1673 4695 1720 4739 et
1766 4686 1855 4755 qui
1879 4684 2107 4737 custodit

522 4795 747 4836 ossuum
764 4777 987 4835 custodit
1007 4776 1070 4829 ab
1097 4777 1352 4846 angustiis
1366 4775 1595 4827 animam
1617 4791 1787 4831 suam.
1808 4773 1911 4840 Qui
1934 4784 2109 4828 autem

525 4867 945 4926 inconsideratus
978 4875 1050 4919 est
1080 4865 1148 4918 ad
1178 4865 1493 4935 loquendum
1523 4865 1702 4920 sentiet
1727 4862 1891 4917 mala.

1043 5019 1323 5076 liOMlLlA
1358 5020 1581 5076 CXLIV.

1181 5127 1335 5166 FERIA
1363 5128 1435 5163 Π.

691 5203 877 5269 Lectio
896 5203 1067 5257 sancti
1097 5201 1371 5273 Evangelii
1396 5200 1688 5257 secundum
1718 5199 1938 5254 Lucam.

606 5316 672 5371 In
702 5316 802 5385 illo
850 5328 1095 5384 tempore,
1143 5316 1489 5384 interrogatus
1541 5312 1698 5366 Iesus
1738 5329 1771 5365 a
1822 5310 2110 5364 Pharisa'is

534 5406 744 5483 quando
795 5408 928 5460 venit
960 5422 1184 5481 regnum
1226 5404 1345 5469 Dei,
1388 5404 1651 5472 respondit
1690 5413 1735 5455 et
1776 5401 1953 5455 dixit:
1988 5399 2112 5453 Non

532 5500 666 5563 venit
696 5516 910 5570 regnum
940 5499 1034 5552 Dei
1063 5514 1177 5550 cum
1203 5496 1574 5559 observatione,
1601 5502 1702 5549 etc.

604 5590 1012 5659 lnterrogabant
1055 5588 1121 5641 de
1164 5595 1405 5656 tempore
1454 5585 1602 5655 regni
1632 5584 1750 5649 Dei,
1783 5583 1930 5653 quia,
1978 5582 2119 5637 sicut

538 5679 678 5735 infra
700 5680 873 5735 Lucas
900 5680 1130 5749 aperuit,
1159 5678 1543 5732 existimabant
1571 5677 1713 5746 quod
1750 5675 2002 5729 veniente
2017 5670 2118 5732 Je-

538 5772 859 5843 rosolymam
907 5771 1135 5829 Domino
1162 5811 1176 5837 ,
1236 5769 1514 5825 confestim
1572 5784 1796 5838 regnum
1861 5766 1953 5820 Dei
1998 5780 2116 5820 ma-

2182 1958 2241 2001 se
2276 1943 2460 2014 ipsum
2478 1938 2630 2002 dicit,
2666 1936 2807 1990 intra
2836 1932 2959 1995 illos
2986 1931 3175 2000 utique
3197 1930 3457 2009 positum,
3476 1929 3580 1982 hoc
3605 1933 3687 1982 est
3721 1926 3779 1980 in

2183 2033 2438 2091 cordibus
2459 2042 2649 2091 eorum
2679 2025 2770 2081 ubi
2790 2022 3069 2079 credidere
3096 2027 3436 2091 regnantem,
3469 2017 3609 2081 unde
3641 2015 3785 2070 scri—

2182 2132 2334 2196 ptum
2349 2129 2434 2177 est
2460 2137 2479 2175 :.
2492 2118 2664 2189 Prope
2679 2125 2753 2170 est
2774 2114 2986 2171 verbum
3004 2113 3056 2165 in
3071 2126 3159 2165 ore
3183 2123 3293 2174 tuo,
3317 2111 3419 2165 hoc
3442 2117 3526 2162 est
3549 2106 3785 2162 verbum

2187 2217 2309 2273 ﬁdei
2331 2215 2476 2286 quod
2502 2211 2880 2289 prmdimmus.

2257 2308 2329 2364 Et
2356 2308 2428 2362 ait
2451 2304 2517 2359 ad
2540 2299 2823 2371 discipulos
2846 2313 2970 2353 suos
2991 2309 3010 2353 :
3033 2294 3251 2361 Venient
3275 2293 3384 2347 dies
3411 2291 3622 2363 quando
3645 2290 3787 2345 desi-

2187 2398 2436 2459 derabitis
2462 2392 2639 2449 videre
2666 2406 2829 2459 unum
2858 2389 2997 2443 diem
3028 2386 3127 2456 filii
3157 2385 3403 2449 hominis,
3438 2393 3485 2438 et
3508 2399 3611 2437 non
3637 2381 3785 2436 ride-

2189 2488 2329 2542 bitis.
2354 2484 2468 2542 Hoc
2493 2492 2579 2538 est
2606 2495 2829 2550 regnum
2859 2478 2956 2533 Dei
2984 2476 3127 2547 quod
3152 2481 3439 2533 venturum
3469 2486 3782 2544 speramus,

2190 2579 2330 2634 diem
2362 2574 2613 2630 videlicet
2656 2570 2860 2628 Christi
2908 2568 3111 2634 videre,
3157 2574 3213 2621 et
3237 2566 3375 2640 bene
3399 2580 3564 2619 unum
3607 2552 3782 2628 diem,

2190 2670 2319 2739 quia
2378 2666 2433 2721 in
2456 2664 2561 2719 illa
2617 2659 2972 2730 beatitudinis
3001 2658 3191 2730 gloria,
3244 2657 3312 2713 de
3355 2671 3461 2726 qua
3505 2655 3785 2725 Propheta

2192 2758 2687 2833 suspirans‘aiebat
2726 2756 2850 2833 quia
2890 2752 3179 2825 meliorest
3219 2753 3330 2809 dies
3377 2769 3484 2807 una
3531 2752 3586 2806 in
3628 2753 3786 2805 atriis

2194 2831 2302 2906 tuis
2345 2865 2501 2919 super
2559 2847 2727 2902 millia
2778 2859 2797 2896 :
2830 2831 3188 2900 tenebrarum
3250 2844 3578 2914 intei'ruptio
3635 2842 3789 2897 nulla

2195 2950 2302 3005 est.
2366 2939 2512 2996 nulla
2569 2938 2763 2993 saltem
2799 2934 3093 2991 'memoria
3147 2934 3381 2989 miseria:
3433 2932 3517 2987 vel
3566 2932 3790 3003 doloris

2198 3047 2319 3103 qua:
2351 3032 2527 3102 prima
2560 3029 2830 3093 abierunt,
2867 3026 3043 3083 lucem
3086 3025 3564 3097 perpetum‘pacis
3604 3026 3786 3099 obnu-

2198 3124 2363 3180 bilat.-
2385 3121 2555 3191 Hujus
2601 3136 2730 3191 ergo
2781 3117 2873 3174 Dei
2924 3119 3127 3174 bonum
3167 3126 3251 3172 est
3302 3116 3612 3172 desiderare
3647 3132 3792 3186 pra»

2124 3201 2169 3262 C
2202 3215 2469 3279 sentiam,
2524 3228 2626 3267 nec
2676 3220 2855 3269 tamen
2899 3208 3271 3279 magnitudine
3319 3208 3571 3262 desiderii
3630 3208 3792 3267 nobis

2197 3304 2377 3360 omnia
2424 3303 2649 3371 tingere,
2710 3300 2863 3370 quasi
2900 3300 3065 3355 instet
3115 3298 3230 3353 dies
3277 3297 3510 3354 Domini.
3554 3296 3795 3371 υιιιῐβει

2199 3402 2326 3465 apte
2342 3384 2617 3451 Dominus
2648 3388 2871 3447 ventura
2894 3388 3307 3461 praenuntiando
3332 3386 3637 3456 subjunxit,

2266 3484 2336 3539 Et
2379 3484 2551 3538 dicent
2585 3483 2726 3561 vobis.
2767 3498 2797 3535 εκ
2830 3482 2966 3537 Ecce
2994 3483 3105 3547 hic,
3146 3497 3263 3535 ecce
3304 3480 3445 3546 illic;
3475 3480 3637 3536 nolite
3672 3482 3791 3546 ire,

2200 3594 2366 3647 neque
2403 3577 2688 3631 sectemini.
2734 3576 2989 3643 Quamvis
3022 3576 3139 3632 haec
3164 3575 3431 3631 sententia
3460 3574 3787 3641 nonsolunl

2198 3668 2266 3722 ad
2312 3675 2521 3738 tempus
2552 3667 2646 3721 sed
2680 3667 2850 3723 etiam
2881 3666 2949 3720 ad
2991 3679 3277 3736 personam
3313 3665 3488 3735 possit
3535 3664 3789 3734 intelligi.

2197 3757 2283 3813 Ad
2309 3766 2519 3829 tempus
2547 3756 2762 3827 quidem
2788 3757 2913 3826 quia
2941 3744 3201 3812 exstitere
3230 3755 3503 3819 nonnulli,
3542 3754 3636 3825 qui
3660 3769 3792 3811 cur-

2199 3849 2370 3907 ricula
2416 3858 2792 3921 computantes
2821 3856 3042 3902 mtatum
3062 3887 3078 3913 ,
3109 3854 3319 3902 eertum
3348 3861 3408 3903 se
3436 3859 3792 3901 consumma-

2202 3942 2366 3996 tionis
2395 3939 2577 3995 δεουιὶ
2616 3954 2852 4002 annum,
2880 3938 3022 3993 diem
3054 3945 3109 3992 et
3148 3937 3613 3992 horamdiccrent
3640 3936 3795 3990 inve-

2202 4032 2350 4087 nisse
2400 4048 2413 4083 :
2466 4039 2653 4105 contra
2697 4029 3074 4083 auctoritatem
3112 4025 3325 4081 Domini
3352 4023 3627 4081 dicentis:
3664 4023 3793 4091 Non

2201 4132 2278 4177 est
2308 4131 2547 4191 uestrum,
2568 4106 2716 4173 nosse
2743 4131 2975 4189 tempora
3004 4128 3050 4171 et
3082 4128 3342 4171 momenta
3362 4157 3376 4183 ,
3403 4116 3468 4171 ad
3500 4131 3793 4186 personam

2203 4228 2331 4267 vero
2378 4212 2502 4280 quia
2555 4210 2709 4264 multi
2762 4217 2953 4264 contra
3003 4207 3301 4271 Ecclesiam
3350 4194 3576 4271 venere,
3634 4204 3793 4261 multi

2204 4302 2417 4356 venturi
2449 4310 2573 4355 sunt
2604 4300 2876 4365 hmrctici,
2918 4298 3007 4367 qui
3052 4312 3111 4351 se
3151 4295 3397 4357 Christh
3437 4304 3752 4354 asseverent
3776 4334 3791 4357 ,

2206 4407 2435 4461 quorum
2477 4392 2683 4462 primus
2724 4390 2909 4443 Simon
2945 4388 3160 4456 Magos,
3191 4381 3466 4442 extremus
3494 4397 3675 4440 autem
3705 4387 3794 4444 ille

2212 4484 2384 4555 major
2422 4484 2630 4538 caeteris
2656 4492 2737 4537 est
2767 4481 3135 4539 antichristus.
3165 4478 3224 4532 Si
3250 4469 3353 4550 (uti
3370 4493 3501 4548 ergo
3534 4478 3793 4541 dixerint,

2215 4578 2349 4633 Ecce
2378 4577 2481 4641 hic,
2509 4591 2622 4629 ecce
2659 4573 2790 4638 illic,
2822 4573 2874 4626 id
2902 4579 3003 4635 est,
3041 4570 3095 4623 in
3141 4570 3243 4623 hac
3270 4568 3354 4623 vel
3378 4556 3480 4622 illa
3527 4582 3756 4636 persona
3776 4606 3791 4632 ,

2216 4670 2297 4724 vel
2328 4670 2459 4723 hora
2492 4668 2680 4721 venire
2702 4663 2785 4718 vel
2808 4673 3093 4717 ventorum
3118 4677 3237 4718 esse
3267 4676 3493 4732 regnum
3527 4660 3657 4726 Dei,
3688 4677 3794 4715 non

2217 4744 2507 4829 sequendi,
2561 4757 2683 4825 quia
2721 4754 2913 4811 altiora
2950 4766 3007 4807 se
3053 4766 3298 4822 quaerere
3340 4760 3397 4806 et
3441 4749 3661 4805 infanda
3717 4752 3797 4806 di-

2218 4871 2342 4912 cere
2370 4869 2474 4909 non
2505 4852 2713 4909 timent.

2291 4946 2433 4999 Nam
2459 4944 2587 4997 sicut
2615 4940 2789 5011 fulgor
2827 4954 3106 5003 coruscans
3128 4936 3195 4990 de
3220 4936 3315 4991 sub
3347 4934 3493 4999 ραις),
3518 4935 3575 4989 in
3595 4950 3656 4988 ea
3681 4950 3797 5004 qua!

2216 5040 2310 5095 sub
2334 5037 2460 5091 cmlo
2484 5043 2625 5100 sunt,
2652 5032 2931 5102 fulget,-ita
2958 5030 3051 5083 erit
3071 5028 3213 5097 ﬁlius
3236 5027 3459 5095 nominis
3487 5027 3542 5080 in
3568 5026 3654 5079 die
3675 5042 3793 5080 sua.

2216 5132 2331 5187 Hoc
2359 5138 2464 5193 est,
2507 5121 3020 5199 quodAPsalmus‘ait
3056 5139 3068 5173 :
3095 5119 3234 5173 Deus
3264 5118 3573 5190 manifestus
3609 5117 3795 5180 veniet,

2218 5222 2359 5274 Deus
2393 5228 2563 5272 noster
2590 5227 2635 5269 et
2676 5232 2777 5269 non
2817 5212 2983 5267 silebit
3009 5252 3023 5277 ,
3071 5212 3195 5279 quia
3234 5208 3486 5263 videlicet
3530 5209 3796 5263 secundus

2221 5308 2519 5366 Salvateris
2550 5308 2812 5361 adventus
2840 5319 2944 5357 non
2980 5304 3031 5357 in
3063 5300 3365 5357 humilitate
3395 5308 3451 5353 ut
3479 5300 3659 5364 prius;
3704 5301 3795 5353 sed

2220 5404 2274 5457 in
2323 5402 2490 5473 gloria
2535 5400 2624 5463 sit,
2674 5405 2727 5452 et
2774 5394 3053 5463 majestate
3093 5393 3338 5455 futurus,
3380 5399 3436 5444 et
3466 5389 3692 5459 pulchre
3723 5391 3797 5444 ait

2221 5508 2502 5548 coruscans
2551 5491 2614 5543 de
2667 5487 2762 5542 sub
2805 5485 2930 5540 caelo
2979 5499 2996 5536 :
3036 5484 3140 5538 hoc
3185 5490 3279 5537 est~
3315 5482 3369 5535 in
3411 5480 3571 5533 .aeris
3619 5479 3798 5534 medio

2222 5592 2455 5654 geretur,
2488 5588 2721 5636 testante
2752 5576 3024 5648 Apostolo,
3069 5574 3161 5643 qui
3194 5574 3298 5639 ait,
3330 5569 3486 5625 simul
3535 5571 3801 5640 rapientur

2223 5688 2339 5727 cum
2368 5671 2474 5724 illis
2506 5672 2560 5723 in
2586 5669 2805 5723 nubibus
2837 5667 3037 5720 obviam
3067 5664 3291 5717 Domino
3319 5662 3373 5714 in
3401 5675 3547 5713 aera.

2300 5761 2536 5815 Primum
2558 5770 2728 5815 autem
2756 5766 2952 5828 Oportet
2968 5754 3124 5812 illum
3148 5751 3441 5819 multapati
3461 5755 3509 5803 et
3533 5746 3805 5816 reprobari
