3960 6346
195 359 285 416 ιῖὄ

1244 348 1545 405 1103111.Ιῶ
1586 346 1650 401 IN
1690 343 1904 401 EPiS'l‘.
1951 345 2033 401 ΕΤ
2074 344 2321 401 EVANG.

3318 346 3422 402 ΗΘ

191 491 220 527 a
255 471 565 540 generatione
609 466 723 527 θυαε.
773 470 1027 535 Loquens
1054 460 1217 517 multa
1252 461 1507 517 Dominus
1538 462 1604 516 de
1643 462 1738 515 ad-
1769 468 1816 523 Α
1846 457 2149 513 dubitemus
2208 458 2383 511 inesse
2448 465 2675 515 testante
2728 455 2929 511 Joanne
2989 459 3077 528 qul
3132 471 3420 530 utrumque

192 570 362 614 ventus
388 557 463 611 sui
491 555 661 625 gloria
682 596 695 618 ,
730 566 989 609 terrorem
1019 567 1231 623 quoque
1264 550 1529 621 passionis
1554 550 1742 621 paucis

192 654 411 707 inserere
432 648 658 708 curavit,
689 656 747 700 ut
765 662 885 701 eum
909 644 1229 700 morientem
1251 650 1560 704 cernerent,
1583 655 1741 710 quem

191 738 572 813 gloriﬁcandum
603 737 903 799 audierant,
935 734 1173 790 dolorem
1203 732 1471 803 passionis
1497 746 1592 801 spe
1622 746 1744 800 pro-

192 832 349 887 missa:
376 829 777 899 gloriﬁcatiouis
827 827 1158 897 mitigarent,
1215 824 1483 893 simulque
1534 837 1591 877 se
1644 823 1741 892 ipsi

192 928 461 991 pararent,
507 918 553 972 si
603 917 825 988 gloriam
874 916 1024 986 regni
1055 914 1367 985 diligerent,
1412 911 1601 966 mortis
1636 926 1742 965 non

194 999 388 1065 horrere
410 1008 727 1078 periculum.
756 1006 1171 1060 Generalionem
1197 1011 1376 1057 autem
1405 1017 1509 1055 non
1540 1008 1742 1055 tantum

190 1099 494 1162 Judzcorum,
520 1113 703 1152 verum
748 1096 989 1151 omnium
1037 1095 1389 1165 reproborum
1436 1091 1668 1161 appellat
1713 1106 1742 1144 a

190 1190 365 1257 quibus
407 1187 567 1240 etiam
610 1200 753 1241 nunc
796 1184 936 1238 ﬁlius
984 1183 1220 1238 hominis
1250 1182 1302 1236 in
1348 1195 1575 1250 corpore
1622 1193 1742 1241 suo,

190 1277 281 1329 hoc
303 1283 397 1337 est,
421 1274 475 1328 in
502 1272 728 1327 ecclesia
754 1272 917 1325 multa
947 1271 1149 1341 patitur
1169 1280 1224 1324 et
1245 1268 1582 1339 reprobatur.

253 1361 313 1414 Et
337 1364 464 1416 sicut
491 1361 691 1430 factum
717 1368 788 1413 est
818 1361 874 1413 in
900 1360 1081 1413 diebus
1107 1358 1158 1412 Ν
1164 1375 1223 1412 oe
1240 1399 1254 1423 ,
1281 1360 1356 1412 ita
1380 1357 1477 1411 erit
1506 1366 1553 1411 et
1582 1357 1637 1411 in
1662 1357 1745 1409 die

187 1451 274 1521 ﬁlii
305 1451 540 1503 hominis.
589 1448 834 1504 Subitum
876 1449 1258 1527 adventus-sui
1300 1447 1444 1503 diem
1500 1448 1744 1519 plurimis

187 1538 397 1591 aﬂirmat
427 1538 685 1607 exemplis
727 1556 740 1591 :
780 1553 904 1592 nam
954 1553 1114 1607 quem
1168 1537 1364 1609 fulguri
1407 1539 1513 1592 cito
1561 1538 1741 1593 omnia

187 1628 517 1682 transvolanli
544 1637 981 1697 comparaverat,
1011 1630 1259 1684 eumdem
1291 1629 1479 1685 diebus
1523 1629 1634 1685 Noe
1658 1632 1741 1687 vel

187 1720 328 1786 Loth,
345 1720 556 1789 quando
580 1721 894 1790 repentinus
916 1720 1236 1777 mortalibus
1265 1722 1571 1791 supervenit
1597 1722 1738 1777 inte-

188 1812 329 1875 ritus.
355 1812 669 1881 :eqniparat.
1612 1816 1613 1819 ’

248 1899 473 1954 Edebant
500 1911 547 1955 et
594 1902 852 1966 bibebant,
883 1918 1071 1957 uxores
1093 1904 1349 1959 ducebant
1368 1946 1382 1969 ,
1413 1914 1460 1959 et
1485 1904 1750 1958 dabantur

183 1991 245 2044 ad
290 1994 514 2061 nuptias.
576 1991 692 2046 Non
756 1992 843 2047 hic
870 1991 1024 2061 juxta
1065 2009 1322 2049 vesanum
1369 1994 1656 2049 Marcionis
1695 2002 1752 2049 et

185 2079 443 2135 Manichaﬁ
471 2123 486 2145 ,
515 2090 571 2136 et
598 2081 810 2136 Tatiani
840 2083 1100 2153 principis
1128 2084 1516 2139 encratitarum
1557 2084 1747 2155 dogma

183 2170 412 2238 conjugis
457 2170 541 2227 vel
598 2172 854 2226 alimenta
884 2174 1229 2239 damnantur,
1261 2189 1381 2229 cum
1423 2173 1478 2228 in
1509 2172 1594 2229 his
1622 2188 1747 2228 suc—

184 2261 445 2322 cessionis,
481 2260 533 2314 in
572 2260 675 2315 illis
701 2271 909 2317 natura:
963 2263 1072 2318 sint
1111 2264 1289 2334 posita
1333 2263 1591 2319 subsidia.
1642 2262 1750 2319 Sed

178 2346 317 2415 juxta
342 2351 482 2419 quod
513 2350 800 2420 Apostolus
834 2352 933 2417 ait,
960 2354 1136 2407 omnia
1162 2354 1291 2407 mihi
1319 2353 1492 2418 licent,
1528 2353 1619 2407 sed
1644 2368 1749 2407 non

185 2441 341 2491 omnia
372 2440 671 2508 expediunt,
702 2440 1091 2496 immoderatus
1120 2443 1300 2513 potius
1326 2442 1595 2497 licitorum
1619 2456 1749 2497 usus

183 2529 441 2596 arguitur;
474 2544 649 2599 neque
668 2531 812 2584 enim
839 2530 963 2600 quia
991 2531 1107 2586 haec
1126 2531 1375 2602 agebant,
1398 2532 1491 2587 sed
1512 2533 1638 2604 quia
1665 2532 1751 2588 bis

182 2635 235 2674 se
263 2630 396 2677 totos
424 2622 668 2678 dedendo
695 2623 789 2679 Dei
810 2624 1009 2695 judicia
1037 2625 1476 2693 contemnebant,
1497 2641 1637 2698 aqua
1662 2625 1747 2683 vel

182 2708 293 2779 igne
315 2713 617 2782 perierunt.

246 2799 410 2872 Usque
434 2805 489 2857 in
521 2804 658 2858 diem
684 2822 787 2876 qua
815 2806 1025 2859 intravit
1055 2804 1171 2859 Noe
1201 2821 1257 2859 tn
1283 2822 1459 2859 arcam
1480 2845 1495 2869 ,
1534 2815 1583 2859 et
1614 2809 1747 2861 venit

179 2888 441 2959 diluvium,
478 2903 525 2946 et
552 2895 777 2963 perdidit
803 2911 999 2948 omnes.
1029 2894 1140 2949 Noe
1163 2911 1345 2949 aream
1371 2895 1601 2950 redilicat
1622 2911 1745 2951 cum

180 2977 425 3035 Dominus
472 2982 760 3037 ecclesiam
812 2982 878 3037 de
922 2982 1052 3037 viris
1094 2982 1340 3037 ﬁdelibus
1387 2983 1540 3053 quasi
1586 2983 1746 3054 lignis

177 3065 408 3139 levigatis
453 3072 741 3127 adunando
785 3073 1080 3138 construit,
1132 3088 1294 3142 quam
1340 3072 1580 3143 perfecte
1608 3077 1772 3128 con-~

1846 548 2021 617 ignem
2053 554 2106 600 et
2155 545 2344 599 subita:
2377 545 2581 600 scilicet
2604 547 2958 613 correptionis
3000 556 3052 600 et
3082 550 3423 618 sempiterna:

1844 637 2298 693 concremationis
2327 636 2638 693 describens
2683 638 2796 699 ait,
2837 648 2885 692 et
2913 640 3176 693 descendit
3210 642 3341 710 ignis
3388 661 3420 695 α

1848 728 1953 782 Deo
1976 728 2040 782 de
2060 730 2205 793 calo,
2234 739 2281 782 et
2304 728 2561 782 devoravit
2583 744 2690 794 eos,
2707 740 2752 781 et
2776 729 3013 783 diabolus
3034 732 3124 802 qui
3145 732 3423 786 seducebat

1843 835 1929 873 eos
1957 819 2145 873 missus
2188 820 2341 874 estin
2369 829 2612 890 stagnum
2652 820 2785 889 ignis
2813 830 2860 873 et
2899 820 3198 889 sulphuris,
3234 822 3322 876 ubi
3375 834 3429 877 et

1844 907 2017 963 bestia
2058 917 2114 963 et
2138 909 2617 980 pseudOprophetae
2641 910 3025 966 cruciahuntur
3054 912 3141 968 die
3177 928 3241 969 ac
3267 923 3425 967 nocte

1845 998 1897 1051 in
1923 999 2113 1053 smcula
2144 998 2481 1053 smculorum.

1919 1087 2220 1143 Secundum
2233 1090 2344 1143 lucc
2357 1090 2455 1143 erit
2475 1105 2577 1160 qua
2598 1089 2683 1143 die
2694 1089 2837 1158 ﬁlius
2850 1090 3072 1146 hominis
3095 1092 3424 1147 revelabitur.

1845 1176 2077 1232 Pulchre
2108 1178 2453 1244 revelabitur,
2501 1180 2591 1248 qui
2619 1180 2838 1235 interim
2872 1196 2979 1235 non
3010 1197 3273 1252 apparens
3309 1198 3428 1237 om-

1846 1269 1931 1323 nia
1963 1269 2214 1324 videlicet
2239 1278 2367 1324 tunc
2402 1283 2664 1339 apparens
2686 1268 2969 1339 iudicabit.

1915 1357 1982 1411 In
2001 1357 2091 1411 illa
2112 1358 2264 1423 hora,
2287 1359 2375 1426 qui
2399 1360 2553 1427 fuerit
2572 1361 2625 1413 in
2648 1370 2801 1426 tecto,
2824 1370 2872 1415 et
2896 1379 3020 1416 vasa
3040 1364 3154 1432 ejus
3175 1364 3226 1418 in
3250 1363 3425 1423 domo,

1844 1464 1908 1502 ne
1927 1448 2205 1503 descendat
2224 1448 2402 1502 tollere
2416 1447 2529 1502 illa.
2558 1448 2827 1505 Hactenus
2846 1452 2909 1506 de
2930 1467 3013 1516 eo,
3038 1453 3179 1522 quod
3205 1469 3426 1523 regnum

1842 1537 1963 1601 Dei,
2026 1538 2080 1593 id
2126 1545 2208 1593 est
2265 1538 2537 1603 Christus,
2571 1555 2675 1595 non
2722 1555 2845 1595 cum
2893 1542 3287 1607 observatione.
3333 1544 3427 1597 sed

1844 1629 2147 1698 insperatus
2174 1627 2454 1694 adveniat;
2484 1644 2627 1682 nunc
2656 1644 2686 1682 a
2718 1629 2964 1699 qualibus
2994 1630 3133 1685 idem
3161 1631 3424 1685 adventus

1841 1719 2144 1787 exspectari
2186 1718 2380 1772 debeat
2416 1718 2736 1773 ostenditur.
2772 1718 2826 1773 In
2860 1728 3000 1773 tecto
3045 1733 3178 1787 ergo
3227 1728 3307 1773 est
3334 1720 3428 1787 qui

1774 1802 2113 1865 B-exeedens
2140 1809 2375 1864 carnalia
2404 1818 2660 1879 tanquam
2682 1811 2737 1865 in
2765 1826 2895 1865 aura
2921 1812 3085 1866 libera
3109 1811 3427 1882 spiritaliter

1848 1897 1999 1963 vivit,
2025 1911 2155 1952 vasa
2178 1897 2295 1967 ejus
2324 1897 2378 1951 in
2408 1898 2567 1952 domo
2594 1900 3044 1969 concupiscentia:
3077 1910 3205 1955 sunt
3228 1917 3422 1956 carna-

1848 1988 1961 2053 les,
2004 2003 2140 2060 quas
2183 1988 2237 2042 in
2267 1988 2387 2044 imis
2416 1998 2716 2056 amaverat,
2758 1990 2852 2045 sed
2900 2007 3134 2061 superna
3160 2000 3347 2062 petens
3378 1994 3429 2046 in

1848 2080 1951 2135 hoc
1977 2081 2175 2136 mundo
2203 2081 2525 2151 reliquerat,
2569 2097 2703 2153 quas
2745 2083 3057 2140 imminente
3081 2087 3285 2158 judicio
3338 2104 3430 2142 ne-

1849 2184 1999 2225 cesse
2027 2178 2110 2225 est
2137 2170 2439 2227 nullatenus
2490 2181 2720 2243 repetat,
2750 2174 2895 2229 illam
2929 2178 3074 2232 enim
3106 2179 3291 2235 horam
3320 2198 3423 2234 non

1847 2275 1966 2315 eam
2002 2277 2107 2331 qua
2130 2260 2296 2329 judex
2328 2263 2506 2328 venit,
2535 2264 2630 2320 sed
2666 2278 2769 2333 qua
2800 2275 3056 2323 venturus
3083 2278 3167 2325 est
3197 2271 3346 2325 dicit.

1920 2348 1988 2403 Et
2021 2350 2109 2421 qui
2135 2351 2190 2403 in
2218 2367 2377 2420 agro,
2409 2368 2513 2405 non
2550 2352 2724 2406 redeat
2754 2363 2911 2408 retro.
2941 2355 3042 2423 Qui
3071 2368 3328 2427 operatur
3373 2362 3425 2414 iu

1848 2437 2110 2503 Ecclesia,
2149 2446 2203 2493 et
2231 2438 2371 2493 sicut
2412 2439 2606 2495 Paulus
2634 2451 2691 2495 et
2732 2441 2921 2511 Apollo
2942 2445 3148 2515 plantat
3170 2458 3225 2504 et
3268 2451 3430 2520 rigat,

1849 2542 1958 2583 non
1995 2528 2249 2599 respiciat
2277 2529 2344 2582 ad
2374 2529 2628 2584 sarculum
2669 2531 2756 2586 cui
2794 2535 3139 2591 renuntiavit.

1917 2617 2177 2675 Hemores
2211 2630 2372 2674 estote
2415 2621 2595 2676 uxoris
2620 2620 2774 2687 Loth.
2812 2624 2956 2680 Uxor
2984 2626 3120 2683 Loth
3164 2630 3430 2701 signiﬁcat

1846 2723 1940 2765 eos
1970 2710 2063 2779 qui
2099 2709 2152 2764 in
2180 2709 2523 2765 tribulatione
2559 2720 2705 2766 retro
2740 2713 3054 2782 respiciunt,
3078 2724 3134 2770 et
3159 2732 3217 2773 se
3240 2721 3306 2773 ab
3337 2735 3430 2789 spe

1846 2797 2044 2853 divinae
2086 2798 2463 2867 promissionis
2508 2808 2775 2855 avertunt.
2819 2801 2885 2854 Et
2938 2801 3060 2858 ideo
3104 2805 3157 2858 in
3194 2814 3427 2862 statuam

1846 2887 1978 2942 salis
2012 2886 2151 2942 facta
2170 2895 2271 2952 est,
2297 2896 2355 2940 ut
2375 2887 2716 2944 admonendo
2742 2889 2987 2946 homines
3013 2907 3081 2947 ne
3108 2893 3210 2949 hoc
3233 2896 3431 2949 faciant

1847 2987 2100 3048 tanquam
2130 2978 2346 3033 condiat
2366 2993 2462 3033 cor
2486 2994 2696 3045 eorum,
2732 2997 2800 3037 ne
2829 2984 2936 3037 sint
2958 2983 3112 3040 fatui.

1916 3067 2224 3140 Quicunque
2252 3070 2514 3140 quaesierit
2542 3071 2774 3125 animam
2814 3090 2963 3128 suam
2995 3074 3193 3130 salvam
3221 3076 3391 3145 facere
3413 3119 3426 3138 ,

179 3168 489 3213 summatam
535 3161 874 3230 ingreditur,
930 3176 1053 3214 cum
1100 3162 1240 3215 hanc
1301 3162 1353 3215 in
1416 3162 1503 3216 die
1554 3161 1741 3233 judicii
1771 3151 1816 3213 C
1846 3159 2023 3227 perdet
2074 3158 2242 3213 illam.
2294 3159 2512 3215 Duobus
2568 3162 2739 3217 modis
2802 3163 2914 3217 haec
2970 3165 3234 3219 sententia
3286 3156 3430 3220 iet-te

178 3248 448 3314 praesentia
499 3263 612 3303 sua:
641 3250 862 3303 visionis
904 3258 1140 3304 aeternus
1174 3250 1446 3304 habitator
1494 3250 1741 3305 illustrat.

178 3336 274 3392 Sed
299 3354 419 3394 cum
464 3356 591 3396 arca
633 3341 959 3406 aediﬁcatur,
1008 3341 1172 3410 iniqui
1217 3342 1573 3405 luxuriantur,
1620 3358 1742 3397 cum

175 3442 295 3483 vero
316 3430 569 3496 intratur,
603 3431 891 3495 intereunt,
917 3433 1041 3502 quia
1070 3432 1161 3501 qui
1190 3432 1393 3486 sanctis
1416 3431 1503 3486 hic
1531 3440 1744 3486 certan-

178 3519 306 3573 tibus
334 3521 618 3587 insultant,
642 3523 723 3578 eis
738 3523 848 3577 illic
869 3524 1160 3588 coronatis,
1182 3531 1383 3578 :eterna
1403 3524 1746 3580 damnatione

174 3609 487 3677 plectemur.

239 3701 488 3757 Similiter
512 3706 644 3758 sicut
670 3704 866 3774 factum
888 3714 961 3758 est
991 3705 1045 3757 in
1070 3704 1250 3757 diebus
1274 3703 1405 3757 Loth
1422 3717 1440 3755 .'
1455 3703 1672 3758 edebant
1697 3714 1743 3759 et

175 3790 420 3856 bibebant,
463 3794 697 3848 emebant
728 3804 775 3847 et
802 3794 1118 3858 vendebant,
1146 3793 1453 3863 plantabant
1493 3802 1539 3846 et
1571 3794 1741 3862 (edi/i-

174 3882 365 3937 cabnnt.
393 3885 769 3939 Prastermisso
790 3885 1049 3940 Dominus
1069 3885 1160 3939 illo
1182 3886 1417 3940 maximo
1445 3894 1500 3939 et
1526 3885 1743 3939 infando

175 3967 522 4027 Sodomorum
582 3974 820 4038 scelere,
876 3973 990 4027 sola
1040 3989 1100 4027 ea
1146 3987 1264 4041 quin
1310 3972 1447 4027 levia
1472 3972 1554 4028 vel
1600 3974 1743 4027 nulla

172 4066 335 4128 putari
390 4074 644 4134 poterant
674 4065 870 4120 delicta
916 4074 1335 4128 commemorat,
1378 4072 1436 4118 ut
1479 4064 1745 4135 intelligas

173 4149 342 4207 illicita
369 4155 516 4223 quali
539 4169 695 4225 paena
726 4154 1009 4217 feriantur,
1040 4155 1084 4209 si
1115 4154 1259 4208 licita
1288 4164 1343 4208 et
1364 4170 1429 4209 ea
1472 4155 1590 4208 sine
1619 4155 1742 4223 qui-

169 4237 259 4295 bus
296 4242 409 4297 harc
440 4245 549 4297 vita
578 4259 683 4300 non
708 4245 925 4299 ducitur
956 4242 1362 4298 immoderatius
1385 4252 1503 4297 acta
1539 4244 1661 4314 igne
1689 4252 1744 4298 ct

170 4332 415 4399 sulphure
454 4334 771 4403 puniuntur.

231 4420 342 4485 Qua
378 4423 467 4475 die
498 4433 668 4475 autem
692 4424 817 4477 exiit
845 4420 974 4475 Loth
1004 4440 1035 4475 a
1075 4421 1339 4487 Sodomis,
1371 4422 1499 4491 pluit
1529 4424 1661 4492 ignis
1692 4433 1741 4476 et

1846 3257 2028 3318 potest
2057 3247 2310 3319 intelligi,
2348 3250 2441 3303 sed
2474 3250 2538 3304 ad
2565 3266 2732 3304 unum
2760 3253 2979 3306 omnino
3010 3252 3170 3309 ﬁnem
3199 3264 3427 3325 uterque

1848 3338 2152 3393 intellectus
2183 3339 2432 3403 refertur,
2462 3348 2521 3394 ut
2553 3340 2803 3396 videlicet
2826 3342 3052 3396 adversa
3082 3360 3179 3413 pro
3209 3342 3428 3399 Christo

1845 3430 1978 3497 pati,
2024 3430 2130 3483 imo
2174 3430 2342 3500 ipsam
2391 3444 2618 3507 mortem
2648 3447 2755 3487 non
2803 3433 3087 3487 timeamus
3116 3434 3266 3490 obire
3289 3478 3302 3502 ,
3333 3440 3424 3507 qui

1846 3521 2010 3583 enim,
2043 3521 2280 3575 minante
2309 3532 2533 3576 mortem
2566 3532 2931 3592 persecutore,
2951 3525 2994 3579 si
3022 3540 3125 3579 non
3150 3530 3429 3597 negaverit

1846 3610 2142 3673 Christum,
2188 3612 2358 3681 magis
2408 3612 2557 3684 eligit
2599 3614 2665 3668 ad
2694 3622 2901 3683 tempus
2937 3614 3147 3670 salvare
3190 3618 3425 3672 animam

1846 3703 2294 3771 suam;negando,
2324 3712 2537 3759 ceterum
2565 3704 2701 3760 hanc
2736 3706 2920 3774 procul
2947 3707 3110 3761 dubio
3135 3710 3423 3778 perditioni

1844 3798 2146 3859 praeparat,
2204 3790 2331 3845 item
2390 3793 2481 3862 qui
2530 3792 2760 3848 salutem
2814 3794 3007 3850 anima:
3058 3811 3169 3851 suae
3233 3802 3428 3868 qtnerit

1844 3892 2101 3935 a‘lernam
2132 3882 2496 3952 temporaliter
2532 3897 2651 3937 eam
2697 3884 2839 3938 inter
2866 3895 3271 3954 persecutorum
3315 3904 3426 3941 ma-

1846 3988 1947 4025 nas
1972 3970 2215 4041 perdere,
2250 3972 2353 4026 hoc
2383 3980 2487 4036 est,
2525 3973 2578 4026 in
2609 3982 2837 4027 mortem
2868 3974 2997 4029 dare
3041 3990 3148 4029 non
3192 3977 3420 4030 duhitat.

1847 4065 1959 4119 Utri
1987 4073 2164 4119 autem
2198 4065 2380 4119 sensui
2412 4074 2671 4135 congruat
2701 4074 2823 4135 apte
2846 4066 2984 4136 quod
3016 4069 3277 4137 sequitur.

1918 4155 1982 4208 Et
2005 4155 2295 4225 quicunque
2314 4154 2593 4223 perdiderit
2615 4153 2783 4219 illam,
2813 4156 3085 4223 viriﬁcabit
3106 4173 3240 4211 eam.
3267 4157 3319 4212 Id
3342 4170 3425 4213 est

1843 4248 1931 4314 qui
1983 4245 2072 4299 hic
2127 4245 2447 4314 perdiderit,
2506 4243 2613 4299 illic
2669 4246 3003 4311 viviﬁeabit,
3060 4247 3149 4316 qui
3205 4258 3426 4318 prepter

1842 4336 2113 4389 Christum
2139 4336 2297 4389 morti
2322 4335 2631 4397 tradiderit,
2660 4342 2769 4389 tota
2795 4335 2879 4389 die
2909 4336 3184 4391 :estimans
3211 4352 3330 4391 eam
3364 4347 3422 4391 nt

1842 4442 1996 4480 ovem
2017 4426 2303 4482 occisionis
2327 4434 2649 4496 exsurgente
2676 4434 2800 4480 tunc
2820 4433 2871 4478 et
2894 4426 3175 4494 adjuvante
3204 4426 3422 4481 Christo

168 4515 375 4580 sulphur
402 4515 471 4566 de
503 4513 627 4566 ctelo
658 4525 703 4567 et
734 4531 909 4568 omnes
939 4513 1184 4583 perdidit.
1221 4513 1491 4567 Hactenus
1520 4513 1655 4567 Loth
1686 4515 1736 4568 in
1769 4495 1816 4553 Β
1845 4518 2068 4570 liberam
2094 4530 2211 4572 eam
2239 4515 2476 4569 inveniet
2503 4495 2724 4584 prepter
2754 4529 2946 4568 nomen
2976 4513 3196 4569 Christi.

169 4602 424 4665 Sodomis,
462 4605 514 4658 id
554 4613 656 4668 est,
687 4604 980 4659 electorum
1040 4604 1266 4674 populus
1315 4603 1456 4656 inter
1483 4604 1739 4671 reprobus

169 4705 220 4747 ut
241 4698 446 4751 advena
480 4707 740 4761 moratur,
770 4707 824 4751 et
847 4698 959 4766 ipse
983 4706 1201 4766 aspectu
1231 4706 1283 4750 et
1308 4697 1491 4751 auditu
1538 4696 1736 4765 jusms,

165 4793 213 4837 et
230 4784 383 4853 juxta
417 4788 919 4856 interpretationem
943 4787 1177 4841 nominis
1203 4786 1360 4853 Loth,
1378 4802 1562 4842 eorum
1584 4785 1735 4856 ﬂagi-

169 4876 231 4929 tia
272 4889 540 4948 quantum
588 4879 727 4932 valet
754 4878 1047 4933 declinans.
1092 4878 1334 4932 Exeunte
1379 4887 1558 4933 autem
1603 4878 1735 4932 Loth

168 4967 389 5023 Sodoma
424 4970 643 5039 peribit,
674 4971 798 5038 quia
828 4970 881 5023 in
912 4971 1372 5026 consummatione
1416 4961 1736 5025 smeuli‘ex—

168 5058 305 5110 ibunt
332 5059 513 5127 angeli
534 5068 588 5112 et
609 5058 935 5129 separabout
964 5059 1135 5113 malos
1162 5060 1226 5113 de
1254 5060 1427 5113 medio
1444 5060 1732 5129 jnstorum,

164 5157 211 5199 et
230 5151 445 5205 mittent
474 5166 567 5206 eos
592 5153 642 5205 in
668 5152 935 5206 caminum
961 5152 1120 5222 ignis.
1151 5150 1246 5204 Ubi
1272 5151 1563 5203 notandum
1592 5150 1736 5219 quod

166 5241 293 5307 ignis
322 5252 377 5295 et
406 5243 657 5313 sulphur,
706 5259 823 5311 quae
846 5244 911 5297 de
938 5244 1075 5298 caelo
1102 5243 1299 5312 pluisse
1324 5252 1732 5307 commemorat,

168 5345 262 5384 non
291 5334 466 5401 ipsam
503 5336 755 5403 perennis
792 5334 1034 5404 supplicii
1063 5334 1329 5387 ﬁnitimam
1350 5375 1364 5397 ,
1408 5334 1499 5388 sed
1530 5336 1733 5389 subita-

166 5434 311 5474 neum
345 5423 456 5476 diei
505 5423 647 5476 illius
699 5423 963 5491 signiﬁcat
1010 5423 1334 5485 adventum;
1387 5436 1559 5489 neque
1588 5423 1729 5475 enim

167 5509 292 5579 ignis
321 5513 410 5566 illc
438 5524 737 5583 perpetuus
767 5514 1151 5583 superveniens
1176 5514 1369 5582 impios
1397 5514 1599 5581 puniet,
1637 5514 1728 5565 St'tl

164 5601 254 5669 ipsi
283 5605 465 5671 potius
505 5620 531 5656 τι
561 5617 847 5672 conspectu
873 5606 1069 5674 judicis
1093 5605 1269 5671 ejecti,
1316 5606 1366 5657 in
1395 5606 1573 5674 ignem
1605 5605 1727 5657 mit—

168 5697 337 5744 tentur
360 5702 651 5745 .t-ternum.
682 5693 934 5758 Quamvis
964 5706 1013 5747 et
1040 5695 1213 5746 eidem
1240 5694 1342 5761 igni
1374 5695 1594 5759 sulphur
1627 5711 1728 5746 non

478 5784 751 5842 Ριιτκοι..
798 5782 923 5841 ΟΧ.

1909 4606 2038 4659 Dico
2057 4605 2198 4659 vobis
2222 4621 2239 4657 :
2270 4603 2373 4657 Illa
2398 4613 2543 4657 nocte
2570 4614 2718 4657 erunt
2745 4604 2849 4657 duo
2874 4604 2929 4658 in
2951 4603 3082 4658 lecto
3105 4622 3226 4659 uno.
3262 4605 3419 4659 Dixe-

1842 4706 1925 4749 rat
1951 4711 2113 4765 supra
2142 4695 2400 4749 Dominus
2424 4710 2544 4749 eum
2580 4696 2670 4764 qui
2711 4695 2763 4749 in
2794 4711 2924 4767 agro
2968 4696 3039 4751 sit
3087 4697 3261 4750 redire
3314 4714 3419 4751 non

1841 4788 2035 4842 debere
2067 4806 2078 4840 :
2112 4787 2253 4857 quod
2302 4801 2369 4840 ne
2398 4787 2463 4841 de
2489 4788 2574 4841 his
2599 4795 2829 4852 tantum,
2863 4786 2953 4856 qui
2983 4797 3168 4857 aperte
3198 4789 3262 4842 de
3293 4806 3423 4860 agro

1840 4876 2087 4941 redituri,
2117 4876 2217 4929 hoc
2246 4885 2349 4939 est,
2380 4875 2552 4942 palam
2578 4876 2861 4930 Dominum
2888 4878 3128 4947 negaturi
3164 4891 3289 4933 sunt
3336 4883 3416 4932 di-

1844 4976 1989 5022 ctum
2034 4976 2251 5036 putares
2277 5005 2291 5031 ,
2342 4968 2514 5037 pergit
2543 4968 2827 5022 ostendere
2858 4969 3142 5024 nonnullos
3163 4972 3253 5040 qui
3295 4987 3417 5026 cum

1843 5056 2034 5112 faciem
2068 5058 2117 5109 in
2150 5056 2421 5111 anteriora
2469 5065 2654 5110 tenere
2688 5057 2991 5121 videantur,
3030 5058 3209 5112 animo
3241 5067 3418 5113 tamrn

1842 5163 1905 5202 ac
1936 5156 2115 5201 mente
2151 5154 2295 5199 retro
2343 5146 2654 5215 respiciant.
2687 5147 2740 5199 in
2778 5130 2865 5200 illa
2913 5162 3041 5217 ergo
3074 5156 3231 5202 nocte
3281 5148 3417 5203 dixit

1839 5253 1907 5291 ne
1949 5236 2036 5289 illa
2081 5236 2425 5290 tribulatione
2474 5245 2581 5289 tam
2635 5238 2912 5291 tenebrosa
2959 5248 3017 5290 ut
3068 5238 3118 5291 in
3174 5253 3412 5293 errorem

1840 5328 2179 5392 inducantur,
2214 5328 2258 5381 si
2281 5327 2395 5381 ﬁeri
2422 5337 2616 5396 potest,
2647 5330 2808 5381 etiam
2835 5331 3013 5395 electi,
3039 5332 3143 5383 duo
3173 5342 3331 5384 erunt
3360 5332 3417 5386 in

1842 5420 1996 5481 lecto,
2044 5417 2116 5471 illi
2150 5417 2415 5479 videlicet,
2467 5419 2555 5485 qui
2588 5419 2755 5471 otium
2806 5429 2860 5472 et
2902 5422 3135 5487 quietem
3163 5420 3364 5492 eligunt
3396 5439 3409 5471 :

1840 5523 2011 5578 neque
2066 5508 2291 5576 negotiis
2342 5508 2707 5573 saecularibus,
2757 5524 2929 5577 neque
2979 5511 3208 5580 negotiis
3237 5511 3414 5568 cccle-

1839 5599 2067 5653 siastiris
2114 5598 2380 5665 occupati,
2411 5614 2528 5666 quae
2567 5598 2776 5653 illorum
2826 5599 2981 5668 quies
3032 5600 3153 5654 lecti
3196 5602 3416 5655 nomine

1840 5687 2139 5758 significata
2185 5697 2282 5741 est.

2864 5781 2935 5843 1’4
