3960 6388
497 364 606 423 ηπ

1144 361 1207 420 Β.
1248 363 1500 419 RABANI
1541 362 1758 422 MAURI
1796 363 2115 422 ARCHIEP.
2164 368 2478 427 MOGUNT.
2521 370 2802 428 OPERUM
2843 368 3022 427 PARS
3057 371 3120 426 ll.

3684 375 3792 433 ηε

573 476 721 536 Unus
749 486 1046 534 assumetur
1071 487 1120 534 et
1147 478 1282 533 alter
1306 477 1647 552 relinquetur.
1677 478 1795 534 Non
1835 480 1991 550 quasi
2021 479 2089 537 de
2119 485 2164 545 A
2193 498 2363 538 meum
2385 501 2417 538 a
2441 484 2752 554 perditione,
2781 500 2815 537 a
2837 482 3021 553 laqueo
3048 482 3244 554 lingua:
3270 482 3534 556 iniquaet
3572 504 3602 540 a
3631 487 3790 543 labiis

497 571 711 630 duobus
738 571 1049 627 hominibus
1077 571 1280 627 dictum
1301 579 1408 638 est,
1436 573 1531 628 sed
1556 573 1622 628 de
1643 573 1849 628 duobus
1875 573 2088 646 generi-

494 661 600 720 bus
625 661 993 718 all‘ectionum.
1039 661 1141 730 Qui
1170 663 1316 717 enim
1345 670 1569 734 propter
1601 663 1770 718 Deum
1796 665 2085 721 continen-

499 757 588 812 tiae
610 756 900 822 studuerit,
924 763 989 810 ut
1002 755 1122 812 sine
1143 755 1506 811 sollicitudine
1528 755 1713 811 vivens
1739 757 1938 826 cogitet
1967 772 2088 826 qua:

495 842 591 898 Dei
608 851 756 910 sunt,
774 851 1082 900 assumetur
1095 859 1126 898 a
1150 843 1259 903 Deo
1276 860 1290 910 ;
1307 843 1399 913 qui
1413 858 1543 900 vero
1556 844 1639 899 vel
1655 844 1902 900 humanm
1913 845 2087 901 laudis

493 947 682 989 amore
707 945 763 988 et
793 932 896 988 alia
928 932 1170 1004 qualibet
1192 933 1448 990 vitiorum
1478 935 1839 1004 correptione,
1885 944 2086 990 statum

493 1024 810 1081 monasticae
841 1024 987 1088 vitae,
1031 1039 1142 1094 quo
1172 1023 1411 1079 imbutus
1441 1032 1548 1089 est,
1598 1022 1799 1078 laeserit
1824 1065 1839 1089 ,
1882 1025 1970 1079 hic
1995 1024 2086 1080 ubi

491 1114 880 1187 relinquendus
904 1116 975 1172 sit
1000 1114 1287 1172 Hieremias
1328 1114 1748 1171 lamentationes
1777 1116 2084 1182 insinuant,

490 1205 583 1277 qui
608 1207 797 1263 otiosa:
822 1204 1112 1275 cujuslibet
1130 1215 1182 1262 et
1208 1206 1532 1276 peccatricis
1553 1207 1746 1261 animm
1768 1207 1868 1261 sub
1889 1206 2088 1262 Judteze

488 1297 672 1368 specie
696 1297 908 1368 lapsum
944 1297 1258 1353 describens
1287 1297 1384 1363 ait,
1413 1297 1651 1352 viderunt
1678 1313 1792 1352 eam
1820 1298 1991 1353 hostes
2037 1307 2086 1352 et

492 1387 790 1442 deriserunt
816 1387 1036 1442 sabbata
1072 1386 1207 1458 ejus.

564 1477 702 1533 Duo:
712 1487 867 1533 erunt
889 1476 1141 1532 molentes
1160 1477 1215 1532 in
1237 1492 1422 1532 unum.
1439 1475 1699 1533 Molentes
1717 1477 2083 1548 appellateos,

484 1569 576 1640 qui
593 1569 646 1622 in
656 1566 905 1640 plebibus
916 1567 1199 1622 constituti
1214 1573 1473 1638 reguntur
1487 1580 1518 1620 a
1534 1566 1849 1623 doctoribus
1863 1576 2085 1638 agentes

439 1702 449 1717 .
488 1675 554 1715 ea
587 1674 707 1731 qua:
731 1668 861 1714 sunt
893 1657 1271 1727 hujussaculi.
1325 1656 1474 1724 Quos
1519 1666 1574 1712 et
1616 1655 1939 1712 feminarum
1983 1674 2082 1713 no-

485 1750 632 1805 mine
653 1747 998 1821 signilicavit,
1017 1746 1146 1817 quia
1168 1746 1410 1802 consiliis
1431 1754 1493 1802 ut
1516 1746 1626 1801 dixi
1650 1748 1946 1816 peritorum
1970 1749 2083 1816 regi

2188 575 2515 643 operantium
2538 573 2888 639 mendacium,
2923 579 3028 627 etc.

2261 663 2522 719 Dominus
2549 665 2693 720 enim
2720 671 2776 718 et
2798 678 2892 719 rex
2916 664 3060 718 Deus
3081 673 3136 719 et
3164 665 3404 720 salvator
3426 665 3671 723 ecclesiae
3701 680 3788 725 est

2186 752 2344 809 Iesus
2359 753 2608 809 Christus
2638 754 2730 824 qui
2755 762 2812 809 et
2829 762 2991 823 caput
3010 763 3066 809 et
3093 769 3327 824 sponsus
3353 756 3471 826 ejus
3500 766 3604 823 est,
3637 759 3784 815 unde

2188 844 2478 914 Apostolus
2503 843 2774 900 monendo
2794 843 3049 899 mulieres
3081 844 3217 898 viris
3246 845 3363 900 suis
3389 846 3632 902 subditas
3659 862 3782 905 esse

2188 934 2254 988 ad
2280 934 2544 1004 Ephesios
2572 934 2794 1005 scripsit
2815 934 3002 989 dicens
3031 952 3043 987 :
3079 933 3327 989 Mulieres
3356 936 3479 989 viris
3515 938 3625 990 suis
3656 938 3789 991 sub-

2177 1024 2336 1094 jecta:
2347 1027 2452 1079 sint
2474 1025 2607 1079 sicut
2630 1024 2874 1089 Domino,
2896 1025 3146 1093 quoniam
3162 1023 3235 1077 vir
3255 1034 3410 1093 caput
3431 1035 3504 1078 est
3519 1027 3782 1092 mulieris,

2187 1114 2324 1168 sicut
2348 1124 2397 1168 et
2419 1113 2660 1169 Christus
2687 1124 2841 1184 caput
2869 1124 2943 1168 est
2973 1112 3241 1180 Ecclesiae,
3271 1116 3382 1184 ipse
3422 1115 3662 1170 salvator
3695 1127 3786 1172 est

2187 1206 2449 1275 corporis.
2477 1206 2540 1260 Et
2563 1206 2690 1260 item
2715 1224 2728 1259 :
2765 1203 2896 1270 Viri,
2924 1205 3120 1274 inquit,
3139 1221 3330 1260 uxores
3352 1215 3544 1261 vestras
3573 1208 3786 1277 diligite

2186 1295 2321 1348 sicut
2347 1304 2395 1349 et
2421 1293 2658 1349 Christus
2682 1294 2863 1348 dilexit
2879 1293 3169 1349 Ecclesium
3199 1304 3246 1349 et
3277 1311 3333 1348 se
3358 1295 3527 1366 ipsum
3555 1296 3782 1350 tradidit

2183 1400 2278 1455 pro
2307 1399 2367 1438 ea
2391 1423 2407 1450 ,
2455 1394 2510 1438 ut
2536 1383 2681 1438 illam
2710 1383 3062 1452 sanctiﬁcaret
3091 1384 3354 1439 mundam
3387 1384 3597 1438 lavacro
3623 1401 3782 1456 aqua

2177 1474 2870 1544 inrerboritc,utexhiberet
2912 1476 3020 1546 ipse
3046 1475 3148 1530 sibi
3173 1475 3456 1546 gloriosam
3480 1473 3778 1530 Ecclesium

2187 1582 2292 1621 non
2316 1567 2588 1621 habentem
2609 1566 2874 1620 maculam
2896 1576 2986 1620 aut
3014 1581 3222 1636 rugam,
3247 1574 3336 1618 aut
3361 1564 3561 1632 aliquid
3587 1564 3780 1633 hujus-

2184 1655 2349 1722 modi,
2373 1655 2464 1710 sed
2488 1664 2544 1710 ut
2565 1658 2632 1711 sit
2659 1665 2844 1711 sancta
2873 1665 2921 1710 et
2947 1653 3307 1709 immaculata.
3340 1653 3439 1709 Hic
3464 1669 3595 1725 ergo
3623 1654 3782 1724 adju-

2187 1756 2274 1804 tor
2298 1757 2353 1804 et
2386 1756 2661 1818 protector
2686 1746 2863 1802 factus
2892 1754 2976 1802 est
3006 1761 3221 1815 sponsae
3246 1760 3357 1800 suae
3382 1761 3506 1801 cum
3550 1745 3782 1800 tradidit

487 1846 568 1902 eis
596 1843 845 1915 expedit;
875 1854 931 1898 et
953 1842 1218 1898 molentes
1239 1842 1397 1907 dixit,
1442 1851 1664 1913 propter
1708 1843 2084 1912 temporalium
2116 1830 2158 1890 Β
2188 1841 2536 1910 semetipsum
2580 1855 2680 1909 pro
2729 1839 2819 1894 illa
2851 1846 2910 1892 ut
2934 1839 3194 1893 liberaret
3222 1838 3366 1892 illam
3392 1856 3424 1892 a
3449 1838 3775 1908 perditione,

484 1935 830 2008 negotiorum
877 1934 1064 1988 orbem
1095 1940 1260 2004 atque
1301 1932 1586 1988 circuitum
1606 1974 1622 1998 ,
1649 1948 1787 2004 quas
1817 1942 1993 1988 tamen
2025 1935 2078 1988 in

482 2043 654 2082 unum
709 2026 976 2082 molentes
1003 2025 1163 2090 dixit,
1195 2025 1250 2080 in
1280 2033 1540 2095 quantum
1567 2025 1634 2080 de
1663 2025 1796 2095 ipsis
1822 2025 1985 2079 rebus
2027 2031 2082 2077 et

483 2118 719 2190 negotiis
767 2117 880 2173 suis
915 2117 1162 2187 praebent
1192 2115 1381 2172 usibus
1418 2114 1665 2171 ecclesia:
1695 2133 1708 2169 :
1745 2128 2081 2186 unaquaeque

453 2262 455 2264 .
480 2209 631 2265 enim
664 2206 828 2276 hujus
856 2206 1044 2262 mundi
1075 2207 1221 2263 actio
1250 2206 1391 2262 mola
1418 2214 1534 2273 est,
1564 2221 1686 2278 quae
1713 2207 1839 2262 dum
1882 2205 2080 2261 multas

481 2313 643 2355 curas
671 2297 938 2369 congerit,
986 2296 1253 2352 humanas
1297 2305 1509 2352 mentes
1551 2297 1706 2367 quasi
1747 2310 1846 2367 per
1889 2310 2078 2367 gyrum

480 2391 664 2452 vertit,
689 2398 852 2459 atque
873 2404 940 2444 ex
964 2403 1024 2444 se
1044 2387 1193 2445 velut
1217 2386 1421 2442 farinas
1437 2385 1672 2457 proiicit,
1697 2389 1823 2457 quia
1839 2386 2079 2458 inquieto

479 2485 645 2539 corde
678 2497 894 2556 semper
925 2482 1318 2538 minutissimas
1343 2482 1700 2552 cogitationes
1729 2481 1915 2552 gignit.

552 2573 673 2629 Una
696 2583 1014 2638 assumetur,
1034 2583 1082 2628 et
1110 2570 1275 2627 altera
1301 2572 1640 2641 relinquetur.
1666 2571 1989 2627 Assumetur
2014 2586 2078 2627 ea

480 2682 609 2736 pars
636 2683 757 2736 quae
781 2667 1051 2722 connubia
1089 2672 1311 2735 propter
1335 2681 1577 2721 amorem
1620 2674 1829 2720 tantum
1860 2668 2079 2739 generis

479 2757 812 2822 exercuerit,
841 2767 1230 2828 terrenamque
1256 2757 1614 2813 substantiam
1641 2760 1710 2814 ob
1747 2760 2079 2831 acquirenda

479 2848 723 2904 cmlestia
749 2848 1174 2919 dispensaverit;
1218 2849 1554 2920 relinquetur
1578 2859 1762 2905 autem
1799 2867 1919 2922 quae
1947 2867 2078 2907 con-

476 2935 648 3008 iugiis
691 2939 761 2993 ob
798 2938 1080 2994 illecebras
1127 2939 1310 2994 carnis
1349 2940 1632 3005 servierit,
1682 2949 1897 2995 terrena
1951 2956 2080 2997 vero

489 3029 537 3082 si
573 3043 679 3098 qua
707 3027 952 3084 ecclesia:
979 3028 1063 3083 vel
1085 3029 1409 3099 pauperibus
1430 3029 1708 3096 obtulerit,
1746 3032 1865 3086 ideo
1892 3031 2082 3087 fecerit

494 3126 554 3172 ut
578 3117 736 3186 quasi
763 3117 1066 3186 redemptio
1093 3118 1305 3173 Domini
1333 3118 1419 3172 his
1447 3119 1676 3189 amplius
1702 3119 1956 3175 abundet.

2180 1931 2234 1984 in
2266 1944 2428 1999 quam
2477 1944 2576 1998 per
2605 1927 3110 1999 praevaricationem
3157 1929 3318 1999 primi
3354 1929 3592 1984 hominis
3619 1929 3777 2001 lapsa

2178 2027 2282 2084 est,
2310 2028 2357 2072 et
2384 2034 2416 2070 a
2447 2018 2632 2088 laqueo
2648 2017 2839 2087 linguae
2864 2018 3078 2088 iniquis,
3109 2018 3491 2088 ablaspbemia
3514 2021 3775 2075 nimirum

2180 2110 2519 2175 idololatriae,
2553 2124 2621 2164 ne
2645 2108 2957 2164 immolaret
3002 2124 3180 2178 neque
3227 2111 3453 2166 serviret
3509 2119 3780 2167 creatura:

2178 2201 2358 2272 potius
2378 2215 2543 2270 quam
2576 2199 2832 2263 creatori,
2858 2209 2904 2253 et
2932 2215 2966 2253 a
3006 2198 3160 2253 labiis
3188 2201 3518 2269 operantium
3548 2202 3778 2256 menda-

2183 2293 2345 2356 cium,
2375 2291 2477 2346 boc
2505 2298 2591 2345 est
2618 2289 2880 2345 doctrinis
2923 2288 3074 2345 falsis
3119 2290 3571 2359 pbilosophdrum
3606 2303 3779 2362 atque

2184 2381 2582 2436 haereticorum.

2249 2481 2318 2535 Et
2359 2481 2416 2535 in
2441 2488 2715 2550 conspectu
2741 2483 3025 2534 astantlum
3053 2479 3226 2551 [actus
3272 2497 3326 2536 es
3352 2483 3484 2536 mihi
3529 2483 3773 2552 adjutor.

2177 2571 2248 2626 Et
2271 2570 2503 2626 liberaui
2534 2588 2614 2625 me
2653 2571 2938 2627 secundum
2964 2571 3352 2628 multitudinem
3395 2574 3779 2629 misericordias

2180 2661 2405 2717 nominis
2431 2662 2511 2716 tui
2537 2678 2571 2716 a
2619 2662 2943 2734 rugientibus
2981 2663 3293 2732 prteparatis
3321 2661 3391 2716 ad
3416 2678 3607 2717 escam.
3651 2663 3780 2720 Hoc

2180 2753 2488 2809 testimonio
2499 2753 2756 2823 exprimit
2772 2762 3147 2823 persecutores
3161 2752 3415 2809 Ecclesiae
3434 2756 3526 2824 qui
3547 2767 3781 2827 propter

2178 2846 2363 2901 odium
2390 2845 2627 2900 nominis
2656 2844 2860 2900 Christi
2903 2853 3305 2915 persequuntur
3330 2844 3515 2900 ﬁdeles
3555 2853 3609 2900 et
3657 2854 3778 2900 tra-

2180 2938 2315 2992 dunt
2360 2951 2453 2991 eos
2479 2935 2757 3006 suppliciis
2783 2935 3010 2991 diversis
3039 2944 3214 2992 morte
3226 2935 3555 3000 alliciendos,
3579 2945 3780 3005 quate~

2183 3041 2284 3081 nus
2307 3040 2402 3081 eos
2431 3035 2681 3080 avertant
2705 3040 2736 3079 a
2769 3024 3110 3081 confessione
3157 3025 3437 3082 catholica:
3463 3025 3588 3082 fidei
3634 3035 3692 3081 et
3733 3043 3778 3082 ει

2182 3115 2392 3170 cultura
2418 3115 2531 3171 veri
2557 3124 2613 3171 et
2635 3116 2798 3171 unius
2821 3115 2937 3171 Dei.
2967 3114 3114 3183 Quos
3139 3115 3278 3171 bene
3303 3126 3580 3187 comparat
3607 3118 3780 3172 stevis

560 3207 678 3262 Duo
703 3208 758 3263 in
791 3225 942 3279 agro,
967 3224 1103 3262 unus
1132 3217 1448 3273 assumetur,
1490 3219 1538 3262 et
1579 3208 1714 3262 alter
1735 3209 2073 3279 relinquetur.
2105 3203 2148 3264 C
2179 3206 2369 3262 bestiis
2388 3217 2509 3277 Quae
2535 3206 2714 3276 rugitu
2744 3205 2874 3261 forti
2901 3214 2957 3261 et
2998 3205 3168 3261 feroci
3204 3206 3355 3261 hiatu
3382 3219 3561 3261 escam
3597 3221 3778 3276 appe-

482 3298 646 3354 Sicut
665 3309 825 3370 supra
860 3299 912 3353 in
939 3298 1098 3364 lecto,
1129 3309 1183 3354 et
1203 3297 1467 3352 molentes
1496 3297 1548 3353 in
1576 3314 1741 3352 unum
1770 3299 1973 3369 posuit,
1997 3299 2074 3354 sic

482 3397 543 3445 et
598 3388 689 3444 hic
716 3388 771 3443 in
811 3403 942 3459 agro
986 3405 1094 3445 uno
1146 3402 1272 3444 reor
1318 3387 1757 3461 intelligendum,
1810 3387 2078 3462 signiﬁcat

488 3487 671 3535 autem
711 3493 806 3534 eos
864 3479 956 3549 qui
1009 3489 1306 3549 operantur
1356 3478 1408 3533 in
1461 3479 1706 3535 ecclesia:
1745 3480 2077 3547 ministerio,

490 3578 753 3640 tanquam
804 3568 859 3623 in
909 3584 1039 3641 agro
1070 3569 1198 3634 Dei,
1241 3568 1328 3624 cui
1358 3584 1488 3624 suus
1531 3569 1769 3641 agricola
1804 3571 2018 3626 dicebat
2062 3590 2076 3626 :

486 3661 584 3717 Dei
605 3659 930 3731 agricultura
956 3663 1116 3726 estis;
1147 3670 1458 3717 assumatur
1483 3668 1663 3716 autem
1693 3661 1801 3727 ille,
1833 3662 1924 3732 qui
1971 3678 2080 3718 non

487 3753 801 3811 adulterans
824 3751 1048 3809 verbum
1080 3753 1198 3817 Dei,
1226 3753 1320 3808 sed
1349 3752 1492 3808 sicut
1520 3767 1587 3808 ex
1612 3752 1724 3807 Deo
1755 3768 1939 3808 coram
1969 3753 2081 3809 Deo

491 3845 706 3901 locutus
734 3843 897 3899 fuerit
927 3844 980 3899 in
1008 3843 1226 3899 Christo
1253 3861 1268 3897 :
1294 3843 1386 3912 qui
1417 3856 1546 3898 vero
1575 3841 1845 3899 Christum
1874 3859 2083 3900 annun-

492 3937 711 3993 tiaverit
754 3953 861 3993 non
889 3945 1057 4002 caste,
1081 3936 1175 3992 sed
1201 3934 1510 4000 occasione,
1537 3934 1870 4005 relinquetur
1896 3936 1964 3990 ab
1993 3951 2078 3990 eo.

558 4025 944 4096 Respondentes
967 4027 1147 4080 dicunt
1174 4025 1253 4080 illi
1280 4039 1299 4078 :
1328 4021 1452 4090 Ubi,
1497 4024 1720 4078 Domine
1744 4023 1769 4078 .’
1796 4022 1900 4090 Qui
1946 4025 2080 4078 dixit

495 4119 568 4175 eis
597 4133 616 4172 :
645 4117 952 4190 Ubicunque
999 4117 1154 4188 fuerit
1193 4130 1382 4187 corpus
1406 4156 1422 4182 ,
1464 4115 1591 4170 illuc
1634 4115 2084 4186 congregabantur

493 4207 703 4280 aquilis.
736 4205 852 4262 Duo
881 4205 1131 4261 Salvator
1173 4206 1566 4276 interrogatus,
1608 4205 1700 4259 ubi
1725 4205 1930 4260 scilicet
1955 4205 2081 4259 boni

497 4298 830 4363 assumendi,
852 4304 909 4352 et
931 4296 1022 4352 ubi
1045 4297 1154 4352 sint
1178 4297 1303 4351 mali
1330 4297 1701 4366 relinquendi,
1725 4313 1890 4351 unum
1917 4298 2051 4351 dixit
2066 4338 2080 4362 ,

500 4389 648 4444 aliud
681 4387 1194 4459 subintelligendum
1238 4387 1456 4459 reliquit
1492 4404 1505 4440 :
1560 4397 1776 4442 sanctos
1819 4402 1964 4444 enim
1999 4402 2084 4442 se-

498 4493 622 4534 cum
668 4474 879 4533 fitturos
929 4477 1291 4533 asseverando
1338 4479 1596 4549 reprobus
1621 4479 1877 4533 nimirum
1915 4495 1945 4534 a
1983 4494 2078 4535 sua

2181 3305 2319 3352 tunt.
2346 3296 2452 3353 Sed
2479 3297 2546 3352 de
2577 3298 2662 3353 bis
2689 3297 2951 3352 Dominus
2978 3296 3182 3352 electos
3213 3311 3340 3353 suos
3379 3296 3604 3362 liberat,
3639 3311 3777 3350 cum

2179 3390 2388 3448 animas
2417 3405 2605 3445 eorum
2637 3405 2666 3443 a
2698 3389 3132 3460 persecutionum
3161 3389 3384 3444 testibus
3413 3387 3604 3442 illaesas
3645 3402 3774 3441 ser-

2182 3495 2291 3550 vat,
2321 3493 2542 3554 propter
2577 3495 2806 3555 quarum
2853 3481 3190 3539 eversionem
3220 3479 3348 3539 saevi
3389 3486 3777 3552 persecutores

2180 3591 2408 3647 corpora
2438 3575 2672 3631 maxime
2701 3575 2926 3630 laniant.
2957 3574 3111 3630 Unde
3141 3573 3387 3643 sequitur
3425 3585 3440 3625 :

2254 3668 2330 3722 De
2379 3668 2619 3722 manibus
2670 3666 3019 3736 quarentium
3068 3664 3302 3718 animam
3354 3678 3564 3727 meam,
3603 3669 3656 3714 et
3701 3662 3779 3716 de

2180 3759 2344 3828 portis
2389 3757 2784 3810 tribulationum
2815 3772 2931 3826 quae
2970 3755 3403 3809 circumciderunt
3430 3768 3529 3808 me.
3568 3751 3779 3807 Portas

2181 3863 2310 3918 ergo
2343 3846 2745 3902 tribulationum
2768 3887 2784 3913 ,
2828 3861 2962 3916 quas
3001 3844 3195 3900 melius
3241 3844 3444 3898 sentire
3477 3856 3776 3912 possumus

2182 3954 2344 4008 quam
2366 3953 2461 3994 ora
2479 3937 2783 4007 principum
2810 3945 2866 3991 et
2897 3943 3267 4007 tyrannorum,
3293 3934 3434 3989 unde
3455 3933 3610 3987 minae
3635 3948 3777 4002 pro-

2183 4032 2370 4095 deunt,
2411 4039 2465 4086 et
2497 4031 2850 4086 fraudulenta:
2879 4031 3156 4086 suasiones
3178 4029 3602 4098 indictionesque
3626 4043 3772 4098 sup—

2185 4123 2485 4194 pliciorum,
2501 4131 2560 4178 ut
2580 4124 2694 4179 sive
2717 4139 2813 4193 per
2826 4121 2949 4178 ficta
2972 4123 3358 4188 blandimenta,
3381 4137 3473 4177 seu
3500 4138 3594 4192 per
3615 4131 3776 4178 atro-

2184 4215 2264 4268 cia
2323 4223 2589 4268 tormenta
2638 4228 2824 4270 servos
2877 4215 2969 4269 Dei
3033 4213 3191 4268 ﬁdem
3239 4212 3436 4270 Christi
3491 4216 3774 4282 abnegare

2185 4304 2426 4359 faciant?
2453 4303 2558 4359 Sed
2595 4304 3105 4375 immittetangelum
3138 4304 3396 4360 Dominus
3423 4305 3478 4359 in
3528 4305 3772 4360 circuitu

2186 4395 2486 4449 timentium
2511 4411 2657 4462 eum,
2688 4405 2740 4452 et
2767 4396 2960 4466 eripiet
2986 4412 3099 4452 eos.

2260 4481 2324 4537 Et
2351 4501 2382 4538 a
2412 4500 2654 4554 pressura
2684 4486 2914 4557 ﬂammae
2947 4502 3063 4556 qua:
3092 4485 3431 4540 circumdedit
3459 4504 3539 4541 me
3567 4501 3586 4539 :
3615 4498 3668 4542 et
3708 4491 3774 4546 ira

497 4570 707 4625 visione
759 4568 1122 4624 secernendos
1145 4608 1161 4635 ,
1211 4579 1268 4623 et
1296 4569 1416 4624 ideo
1446 4585 1551 4624 non
1584 4570 1711 4625 alibi
1753 4586 1913 4640 quam
1956 4587 2078 4627 cum
2107 4555 2158 4613 Ῑ)
2184 4573 2353 4626 medio
2379 4573 2512 4644 ignis
2540 4589 2643 4628 non
2667 4555 2782 4629 sum
2807 4555 3059 4629 a-stuatus
3111 4575 3220 4629 Hoc
3249 4576 3563 4646 plerumque
3588 4579 3777 4635 histo-

499 4658 715 4717 diabolo
746 4659 1082 4714 damnandos
1108 4658 1364 4714 insinuat.
1399 4660 1730 4730 Ubicumque
1763 4675 1892 4732 ergo
1920 4661 2083 4717 fuerit

500 4751 759 4806 Dominus
785 4764 1012 4820 corpore
1038 4789 1053 4816 ,
1104 4748 1230 4805 illuc
1271 4751 1744 4822 congregabuntur
1765 4751 1922 4806 electi
1941 4793 1955 4817 ,
1989 4754 2081 4821 qui

499 4839 615 4909 ejus
633 4840 940 4910 passionem
962 4838 1427 4911 humilitatemque
1449 4840 1711 4896 imitando
1736 4850 1992 4912 tanquam
2017 4844 2083 4899 de

501 4927 620 4997 ejus
660 4941 824 4984 carne
855 4936 1188 4993 saturantur,
1230 4942 1459 4998 quorum
1499 4945 1598 5001 per
1631 4932 2082 4987 resurrectionem

501 5022 843 5078 renovabitur
875 5031 935 5078 ut
962 5022 1152 5094 aquila:
1171 5021 1430 5093 juventus
1461 5031 1520 5078 ut
1544 5023 1730 5078 vivant
1768 5033 1824 5077 et
1862 5033 2089 5096 regnent

505 5133 629 5173 cum
657 5115 928 5173 salvatore
954 5130 1053 5172 suo
1087 5115 1141 5170 in
1168 5114 1364 5171 saecula
1389 5115 1730 5172 saeculorum.
1760 5115 1954 5172 Amen.

1035 5244 1319 5303 HOMILIA
1348 5243 1552 5304 CXLV.

866 5356 916 5396 ll
952 5356 1152 5398 WGIUA
1189 5356 1377 5397 ωοτι
1415 5357 1721 5396 ιΑυιιεκτιι.

907 5449 1096 5506 Lectio
1132 5449 1256 5507 libri
1296 5449 1685 5506 Ecclesiastici.

580 5561 877 5625 Conﬁtebor
897 5563 1013 5630 tibi,
1042 5562 1266 5618 Domine
1294 5579 1407 5628 rex,
1434 5573 1482 5618 et
1513 5561 1825 5618 collaudabo
1848 5573 1896 5617 te
1924 5563 2088 5618 Deum

511 5652 818 5708 salvatorem
857 5669 1046 5706 meum.
1090 5651 1388 5722 Confitebor
1437 5653 1634 5707 nomini
1681 5663 1794 5719 tuo,
1845 5656 2089 5723 quoniam

512 5742 727 5810 adjtttor
750 5752 797 5797 et
833 5751 1091 5810 protector
1113 5744 1283 5812 factus
1303 5758 1357 5796 es
1386 5742 1545 5806 mihi,
1571 5751 1619 5794 et
1642 5741 1873 5795 liberasti
1902 5761 2087 5812 corpus

2181 4663 2385 4718 rialiter
2409 4665 2461 4718 in
2491 4665 2828 4734 passionibus
2859 4674 3155 4736 martyrum
3183 4667 3473 4737 contigisse
3502 4667 3772 4739 legimus,

2181 4763 2239 4808 ut
2266 4754 2404 4809 sicut
2430 4763 2538 4809 tres
2562 4755 2714 4823 pueri
2747 4754 2800 4806 in
2821 4754 3035 4808 camino
3062 4756 3201 4825 ignis
3228 4757 3295 4810 ab
3313 4756 3508 4810 ardore
3531 4755 3755 4812 flamma

2183 4844 2332 4899 illaesi
2366 4847 2565 4900 servati
2591 4853 2736 4909 sunt,
2786 4846 2859 4898 ita
2887 4853 2942 4899 et
2987 4845 3077 4899 isti
3108 4845 3175 4899 ab
3219 4846 3467 4900 incendio
3498 4845 3640 4915 ignis
3681 4849 3761 4902 in-

2185 4936 2534 4991 contaminati
2585 4946 2947 4992 servarentur.
3011 4935 3116 4991 Sed
3176 4938 3301 5007 quia
3361 4938 3464 4993 boc
3507 4941 3760 4994 omnibus

2188 5027 2515 5096 martyribus
2536 5026 2632 5081 Dei
2659 5042 2765 5081 non
2787 5036 2870 5081 est
2893 5043 3231 5093 concessum,
3265 5042 3385 5082 cum
3416 5028 3636 5097 plurimi
3668 5043 3774 5084 θος

2191 5130 2307 5168 rum
2335 5116 2387 5169 in
2431 5115 2554 5186 igne
2579 5115 2930 5186 corporaliter
2962 5117 3290 5170 concremati
3309 5126 3517 5182 essent;
3553 5133 3778 5174 verum-

2191 5211 2368 5258 tamen
2417 5205 2608 5258 anima:
2648 5221 2833 5260 eorum
2862 5204 3031 5260 libere
3060 5205 3180 5260 εωιί
3226 5216 3433 5260 secreta
3457 5208 3774 5277 petierunt,

2191 5293 2383 5348 melius
2409 5293 2494 5347 hic
2521 5295 2698 5363 ignem
2725 5303 2778 5348 et
2819 5293 3090 5350 ﬂammam
3112 5292 3346 5347 validum
3371 5296 3776 5363 persecutionis

2191 5392 2378 5440 testum
2411 5383 2778 5454 intelligimus,
2808 5383 2899 5453 qui
2930 5383 3056 5438 licet
3083 5390 3301 5438 sanctos
3333 5379 3427 5436 Dei
3458 5383 3782 5453 temporali-

2186 5482 2268 5528 ter
2293 5470 2528 5543 allligere
2561 5480 2763 5541 posset,
2789 5487 2960 5540 usque
2997 5472 3065 5526 ad
3094 5471 3287 5524 anima:
3315 5478 3496 5524 tamen
3526 5468 3772 5526 interue-

2185 5565 2394 5619 ciouem
2423 5565 2729 5633 pertingere
2759 5577 2864 5617 non
2888 5563 3076 5632 potuit.
3106 5562 3230 5616 ldeo
3251 5560 3527 5631 subiungit
3553 5578 3569 5616 :

2255 5653 2334 5708 De
2353 5652 2630 5707 altitudine
2654 5651 2846 5705 centris
2869 5652 3047 5722 inferi,
3071 5661 3118 5705 et
3145 5667 3178 5704 a
3199 5652 3378 5720 lingua
3401 5652 3780 5720 coinquinata,

2185 5757 2232 5801 et
2257 5765 2288 5801 a
2317 5744 2464 5801 verba
2487 5743 2764 5808 mendacii,
2785 5761 2815 5796 a
2847 5759 2962 5813 rege
2985 5743 3181 5812 iniquo,
3207 5752 3254 5796 et
3275 5759 3306 5795 a
3329 5740 3512 5812 lingua
3541 5741 3780 5811 injusta.
