3960 6382
216 356 311 413 42‘.)

1300 357 1601 414 llOMlLl/E
1643 358 1707 413 IN
1749 357 1962 414 EPlST.
2008 359 2095 414 ET
2135 358 2384 416 EVANG.

3377 366 3478 421 47:0

215 471 553 529 Subauditur
579 471 808 526 liberavit
854 487 935 526 me
968 485 984 524 :
1028 488 1134 527 non
1181 473 1324 527 enim
1365 473 1691 544 prmvalebat
1719 475 1800 530 vis
1829 479 1877 538 A
1905 483 1994 531 tur
2017 491 2237 548 corpus,
2274 488 2367 532 aut
2391 493 2487 548 per
2507 478 2933 548 compassionem
2958 481 3187 550 proximi
3227 481 3483 552 afﬂigitur

215 563 446 620 nefanda
480 563 822 618 inimicorum
853 577 1026 632 usque
1076 564 1142 618 ad
1197 563 1474 617 interitum
1516 565 1800 633 pervenire

215 657 523 710 animarum
548 694 563 719 ,
618 669 776 722 quem
810 653 897 708 hic
923 662 1170 709 ventrem
1217 654 1374 710 inferi
1403 655 1668 724 appellat,
1700 670 1801 712 nec

215 747 396 817 lingua
425 748 769 817 coinquinata
795 747 1165 818 blasphemiis,
1201 762 1300 803 nec
1328 747 1491 804 verba
1523 747 1800 802 mendacia

217 854 245 896 a
273 854 401 910 rege
451 839 673 910 iniquo,
718 847 772 894 et
813 839 992 911 lingua
1026 840 1220 910 injusta
1261 840 1470 911 prolata
1510 848 1801 910 potuerunt

219 929 398 1000 aliquo
427 930 586 986 modo
615 930 818 985 violare
845 939 1156 984 sanctorum
1186 931 1500 1000 praecordia,
1534 929 1627 985 sed
1675 929 1802 985 licet

217 1033 447 1090 corpora
496 1021 672 1091 ptenis
699 1021 866 1075 variis
904 1019 1184 1076 efﬁcerent
1213 1029 1267 1076 et
1315 1019 1473 1076 morti
1519 1019 1803 1090 temporali

219 1109 576 1175 addicerent,
628 1109 822 1163 animae
868 1117 1048 1164 tamen
1100 1109 1154 1164 in
1197 1108 1540 1165 confessione
1571 1109 1804 1164 nominis

217 1199 419 1256 Christi
469 1215 640 1270 usque
681 1200 749 1254 ad
794 1199 953 1253 linem
980 1199 1107 1255 vitae
1150 1203 1519 1270 perstiterunt.
1557 1200 1707 1255 Unde
1751 1208 1806 1254 et

218 1289 428 1344 felicius
459 1300 578 1359 post
602 1298 830 1344 mortem
860 1289 913 1343 in
946 1298 1149 1344 aeterna
1177 1290 1287 1344 vita
1317 1305 1439 1344 cum
1477 1290 1682 1344 sanctis
1705 1305 1802 1343 an-

217 1382 351 1452 gelis
380 1381 473 1436 Dei
506 1381 621 1435 sine
651 1379 754 1433 line
783 1379 1109 1450 gaudebunt.
1138 1381 1214 1435 De
1242 1395 1349 1450 quo
1372 1388 1426 1434 et
1449 1380 1728 1435 subditur:

286 1470 549 1523 Laudabit
581 1485 744 1538 usque
768 1469 837 1522 ad
863 1479 1082 1522 mortem
1129 1470 1308 1523 anima
1337 1485 1452 1523 mea
1498 1469 1802 1535 Dominum,

215 1573 262 1616 et
319 1563 424 1616 vita
458 1578 572 1614 mea
619 1561 1044 1631 appropinquans
1074 1569 1184 1615 erat
1210 1561 1263 1615 in
1290 1560 1497 1630 inferno
1537 1560 1792 1614 deorsum.

218 1653 398 1706 Vitam
449 1667 602 1706 suam
649 1652 701 1705 in
735 1651 948 1706 interno
990 1652 1424 1721 appropinquare
1472 1652 1633 1717 dicit,
1681 1651 1804 1720 quia

215 1741 400 1797 carnis
428 1742 534 1796 vita
559 1741 799 1812 quotidie
835 1741 1133 1797 deﬁciendo
1158 1744 1225 1796 ad
1250 1752 1478 1797 mortem
1520 1742 1807 1812 appropin-

1899 567 2137 634 animus,
2189 583 2479 638 pensemus
2530 570 2761 640 qualiter
2809 579 3037 639 utroque
3078 572 3237 628 modo
3278 572 3477 629 Paulus

1901 673 2118 716 crucem
2169 674 2318 715 suam
2347 660 2572 726 tulerit,
2623 662 2712 731 qui
2743 663 2956 717 dicebat
2983 681 2996 718 :
3027 661 3240 734 Castigo
3290 679 3479 736 corpus

1901 768 2070 805 meum
2097 760 2144 805 et
2171 754 2224 804 in
2246 751 2538 805 servitutem
2569 752 2765 822 redigo,
2796 769 2858 807 ne
2883 753 3015 821 forte
3036 753 3156 807 aliis
3183 755 3479 824 pra'dicans

1901 845 2008 914 ipse
2038 843 2284 909 reprobus
2313 843 2526 912 e/ﬁciar.
2561 843 2701 898 Ecce
2723 843 2776 898 in
2802 843 3090 898 alliictiono
3111 845 3355 914 corporis
3380 861 3480 899 au-

1903 931 2134 987 divimus
2161 947 2376 987 crucem
2405 932 2605 997 carnis,
2636 947 2778 986 nunc
2804 933 2856 986 in
2900 933 3271 1003 compassione
3300 935 3483 1005 prosi-

1903 1021 1976 1075 mi
2018 1022 2301 1077 audiamus
2325 1037 2542 1078 crucem
2567 1023 2780 1087 mentis,
2814 1022 2920 1076 ait:
2954 1020 3082 1088 Quis
3109 1024 3411 1093 inﬁrmatur
3433 1035 3482 1078 et

1902 1127 1996 1182 ego
2023 1127 2127 1166 non
2153 1111 2422 1182 inﬁrmor?
2439 1113 2554 1183 quis
2584 1113 2985 1167 scandalizatur
3007 1122 3054 1167 et
3079 1129 3170 1183 ego
3199 1131 3301 1169 non
3331 1117 3486 1169 uror?

1904 1202 2187 1258 Perfectus
2237 1203 2437 1275 quippe
2492 1204 2819 1273 praedicator
2865 1213 2924 1258 ut
2972 1204 3274 1273 exetnpium
3334 1206 3487 1260 daret

1906 1290 2247 1345 abstinentia:
2291 1305 2506 1346 crucem
2537 1292 2787 1360 portabat
2817 1293 2870 1346 in
2903 1306 3159 1361 corpore,
3208 1301 3263 1348 et
3291 1294 3382 1363 qui
3429 1296 3484 1350 in

1906 1401 1963 1439 se
1994 1385 2246 1440 trahebat
2297 1385 2489 1440 damna
2521 1385 2851 1440 infirmitatis
2883 1385 3073 1441 alienae
3108 1400 3324 1441 crucem
3355 1401 3482 1458 por-

1907 1475 2056 1531 tabat
2083 1475 2136 1529 in
2165 1476 2347 1531 corde.

1977 1564 2083 1632 Qui
2122 1568 2258 1620 enim
2306 1565 2522 1620 uoluerit
2571 1567 2801 1620 animam
2856 1583 3006 1621 suam
3061 1566 3258 1622 salvam
3289 1567 3486 1636 facere,

1906 1656 2081 1724 perdet
2103 1672 2234 1716 eam,
2260 1656 2349 1726 qui
2371 1664 2543 1708 autem
2560 1655 2841 1724 perdiderit
2865 1657 3095 1708 animam
3116 1671 3264 1710 suam
3279 1665 3489 1726 propter

1909 1763 2010 1809 me,
2028 1746 2248 1799 inveniet
2266 1761 2401 1798 eam.
2422 1745 2610 1815 Magna
2631 1754 2685 1800 et
2701 1745 2833 1798 mira
2862 1744 3126 1798 sententia
3148 1745 3492 1815 quemadmo-

216 1840 368 1901 quat,
400 1831 645 1885 infernus
681 1831 824 1885 enim
855 1830 942 1886 hic
987 1845 1086 1900 pro
1118 1840 1290 1885 morte
1319 1830 1528 1900 positus
1563 1838 1649 1886 est
1677 1830 1801 1898 quia
1837 1838 1878 1895 Β
1907 1837 2032 1890 dum
2069 1835 2140 1890 sit
2188 1835 2420 1888 hominis
2444 1834 2494 1888 in
2529 1834 2763 1887 animam
2794 1849 2946 1888 suam
2973 1848 3148 1899 amor,
3177 1842 3238 1889 ut
3263 1842 3483 1904 pereat;

218 1939 369 1979 mors
392 1924 574 1978 carnis
587 1923 1050 1993 praevaricationis
1070 1923 1257 1991 primae
1279 1930 1359 1976 est
1375 1921 1634 1984 vindicta,
1665 1921 1806 1975 sicut

217 2013 467 2069 infernus
488 2015 868 2083 peccati-icium
893 2013 1195 2067 animarum
1218 2021 1475 2083 perpetua
1490 2026 1668 2082 poena.
1701 2011 1808 2067 Sed

216 2118 451 2162 mortem
480 2107 660 2161 carnis
688 2119 848 2160 nemo
877 2105 1074 2160 evadit.
1103 2104 1233 2170 Quis
1264 2112 1339 2157 est
1365 2104 1504 2158 enim
1534 2103 1687 2156 homo
1720 2101 1808 2172 qui

219 2199 340 2253 vivit
367 2207 416 2250 et
447 2213 550 2250 non
580 2195 767 2250 uidebit
795 2195 1055 2248 mortem?
1077 2193 1230 2249 Unde
1252 2192 1377 2248 alibi
1403 2193 1665 2263 scriptum
1692 2198 1803 2246 est:

222 2290 394 2345 Nemo
419 2300 493 2343 est
523 2305 643 2359 ergo
679 2289 769 2358 qui
811 2303 1010 2356 semper
1035 2287 1195 2351 vivat,
1227 2295 1274 2339 et
1317 2283 1477 2356 hujus
1520 2283 1592 2337 rei
1622 2282 1809 2336 habeat

217 2382 494 2450 ﬁduciam,
527 2378 724 2434 inferni
747 2393 877 2434 vero
904 2378 1203 2432 cruciatum
1234 2374 1408 2430 sancti
1442 2373 1688 2429 homines
1714 2385 1811 2441 per

218 2472 453 2541 gratiam
514 2468 718 2523 Christi
765 2466 997 2522 evadere
1047 2471 1305 2533 possunt,
1351 2462 1476 2530 quia
1522 2462 1589 2515 de
1628 2458 1810 2514 carnis

218 2561 438 2618 vinculo
488 2559 720 2616 absoluti
774 2557 841 2612 ad
886 2556 1109 2611 caeleste
1133 2553 1386 2624 gaudium
1437 2566 1558 2605 mox
1610 2550 1810 2620 migra-

217 2655 378 2708 bunL

290 2747 764 2802 Circumaederunt
787 2761 868 2798 me
899 2742 1148 2812 undique,
1190 2748 1237 2794 et
1268 2755 1372 2793 non
1407 2748 1519 2790 erat
1545 2735 1636 2806 qui
1656 2734 1812 2804 adju-

214 2847 385 2892 varet.
421 2834 719 2903 Respiciens
781 2847 923 2884 eram
955 2829 1023 2882 ad
1053 2828 1379 2897 adjutorium
1423 2825 1690 2878 hominum
1720 2863 1734 2888 ,
1765 2831 1812 2875 et

217 2943 326 2980 non
354 2934 487 2979 erat.
534 2923 856 2976 Memoratus
879 2936 995 2973 sum
1017 2917 1393 2972 misericordia!
1420 2925 1544 2980 tute,
1571 2913 1812 2977 Domine,

215 3028 264 3071 et
295 3015 615 3086 Operationis
654 3023 778 3075 tute,
825 3027 941 3081 qute
969 3027 1002 3064 a
1032 3007 1223 3064 steculo
1252 3016 1325 3060 est
1354 3019 1371 3057 :
1399 3005 1642 3076 quoniam
1665 3003 1804 3056 eruis

213 3109 532 3163 sustinentes
548 3115 617 3169 te,
638 3104 871 3166 Domine,
899 3111 946 3155 et
970 3100 1158 3153 liberas
1180 3114 1265 3152 eos
1286 3096 1350 3150 de
1364 3096 1603 3150 manibus
1622 3107 1814 3162 angus-

1907 1932 2090 1987 odium
2141 1946 2210 1984 ne
2235 1937 2441 2000 pereat,
2493 1929 2536 1983 si
2566 1929 2704 1982 male
2735 1928 3021 1992 amaveris,
3071 1935 3198 1985 tunc
3225 1928 3414 1990 odisti;
3446 1929 3489 1982 si

1909 2022 2046 2077 bene
2075 2021 2274 2086 oderis,
2302 2029 2428 2075 tunc
2457 2018 2651 2073 amasti
2696 2017 2878 2073 felices
2920 2018 3012 2087 qui
3054 2018 3284 2072 oderunt
3307 2026 3491 2072 custo-

1909 2109 2106 2164 diendo
2127 2124 2194 2163 ne
2221 2116 2444 2177 pereant
2468 2108 2718 2162 amando.

1982 2198 2122 2264 Quid
2154 2198 2291 2251 enim
2331 2197 2538 2266 prodest
2588 2197 2786 2251 homini
2830 2197 2875 2250 si
2923 2199 3215 2251 universum
3239 2196 3492 2250 mundum

1910 2289 2364 2354 lucretur,animte
2392 2303 2510 2342 vero
2537 2303 2646 2341 sua:
2674 2286 3038 2341 detrimentum
3068 2287 3339 2357 patiatur?
3359 2286 3492 2342 Cum

1911 2382 2215 2453 persecutio
2241 2382 2308 2436 ab
2334 2380 2659 2436 adversariis
2691 2381 2862 2444 deest,
2894 2379 3047 2434 valde
3072 2380 3381 2450 vigilantius
3402 2395 3496 2434 cor

1913 2474 2320 2530 custodiendum
2345 2480 2448 2538 est,
2499 2484 2622 2526 nam
2664 2472 2814 2542 pacis
2834 2480 3078 2540 tempore
3106 2473 3231 2542 quia
3258 2472 3382 2525 licet
3411 2472 3494 2525 vi-

1913 2581 2064 2632 vere,
2097 2564 2227 2620 libet
2247 2565 2411 2620 etiam
2433 2562 2660 2629 ambire,
2685 2562 3001 2633 plerumque
3030 2570 3212 2617 autem
3238 2573 3293 2617 et
3314 2564 3492 2617 avari-

1916 2657 2043 2711 tiam
2066 2655 2356 2720 vincimus,
2387 2654 2480 2709 sed
2510 2655 2688 2708 adhuc
2730 2654 2928 2716 otstat,
2962 2651 3105 2722 quod
3135 2653 3250 2707 vias
3280 2653 3499 2707 rectitu-

1914 2747 2054 2801 dinis
2101 2745 2297 2800 minori
2355 2753 2601 2800 tenemus
2647 2744 2888 2798 custodia
2938 2741 3303 2813 perfectionis.
3363 2742 3496 2797 Nam

1914 2851 2056 2907 szrpe
2084 2835 2318 2890 labentia
2345 2843 2536 2891 cuncta
2567 2834 2894 2903 despicimus
2919 2850 2933 2898 ;
2981 2834 3076 2889 sed
3114 2846 3294 2889 tamen
3323 2835 3498 2889 adhuc

1913 2927 2161 2980 humana:
2187 2925 2524 2980 verecundia:
2549 2939 2647 2978 usu
2677 2924 3057 2994 pmepedimur,
3108 2934 3166 2978 ut
3212 2925 3492 2978 rectitudi-

1914 3033 2034 3072 nem
2065 3032 2226 3088 quam
2249 3031 2530 3073 servamus
2561 3016 2615 3070 in
2646 3024 2848 3081 mente,
2909 3017 3145 3070 nondum
3192 3015 3495 3083 exprimere

1913 3109 2186 3164 valeamus
2213 3109 2266 3161 in
2298 3122 2455 3172 voce,
2492 3115 2548 3161 et
2593 3115 2747 3160 tanto
2788 3105 2883 3161 Dei
2934 3105 3127 3160 faciem
3170 3105 3234 3158 ad
3277 3103 3499 3173 justitize

215 3201 330 3252 tite.
360 3197 618 3251 Dominus
644 3193 785 3247 Deus
809 3189 1233 3255 noster,'vitlens
1257 3185 1544 3241 ecclesiam
1572 3182 1812 3238 membra
1843 3181 1887 3244 C
1920 3198 2289 3252 defensionem
2313 3196 2651 3267 negligimus,
2675 3203 2877 3264 quanto
2899 3194 3163 3248 humanas
3191 3191 3356 3247 facies
3376 3207 3501 3247 εοιι-

218 3305 320 3344 sua
381 3288 617 3355 undique
651 3283 720 3338 ab
750 3283 997 3338 hostibus
1036 3278 1384 3340 circumdari,
1430 3285 1484 3331 et
1513 3276 1808 3329 humanum

217 3379 476 3433 solatium
507 3375 693 3430 defieri
724 3392 737 3428 :
765 3357 889 3428 inde
919 3371 1113 3441 quaerit
1145 3366 1472 3436 adjutorium
1497 3365 1637 3420 unde
1660 3363 1811 3418 novit

214 3468 465 3524 omnium
497 3467 776 3520 bonorum
815 3464 1003 3517 venire
1032 3458 1353 3531 profectum,
1403 3472 1507 3531 non
1544 3456 1657 3510 suis
1682 3469 1810 3523 ergo

216 3557 468 3620 meritis,
497 3570 595 3609 nec
625 3552 879 3608 humanis
907 3551 1138 3614 actibus,
1170 3549 1264 3603 sed
1302 3545 1687 3602 misericordiae
1716 3545 1810 3599 Dei

218 3649 456 3711 tribuit,
499 3646 643 3715 quod
675 3659 738 3700 se
755 3645 822 3699 ab
873 3641 1106 3698 inimicis
1158 3647 1401 3709 ereptam
1428 3645 1483 3693 et
1527 3637 1808 3691 liberatam

215 3755 346 3797 esse
399 3737 688 3809 agnoscit:
721 3745 912 3792 etnon
955 3733 1128 3788 solum
1170 3730 1477 3793 liberatam,
1503 3728 1610 3781 imo
1649 3726 1810 3780 etiam

219 3836 432 3888 honore
481 3829 739 3882 virtutum
793 3825 1170 3888 sublimatum,
1218 3830 1382 3890 atque
1425 3816 1809 3873 miraculorum

217 3924 434 3993 fulgore
469 3919 843 3992 gloriﬁcatam.
876 3915 1142 3982 Quoniam
1168 3929 1233 3968 ex
1283 3912 1399 3982 ipso
1423 3919 1478 3965 et
1506 3925 1602 3980 per
1635 3909 1810 3977 ipsum

214 4021 274 4068 et
311 4013 368 4067 in
399 4012 514 4080 ipso
534 4015 660 4064 sunt
685 4005 899 4070 omnia,
922 4005 1026 4074 ipsi
1053 4004 1227 4058 honor
1252 4009 1306 4058 et
1334 4001 1503 4072 gloria
1531 3999 1585 4054 in
1615 3998 1810 4054 stecula

215 4103 570 4161 seculorum.
602 4100 797 4154 Amen.

748 4206 1028 4265 HOMILIA
1063 4204 1292 4261 CXLVI.

766 4296 818 4334 IN
865 4293 1041 4334 εοοειι
1089 4290 1273 4332 ῖεετο.

322 4371 515 4430 Lectio
542 4370 716 4426 sancti
751 4367 1027 4436 Evangelii
1055 4365 1350 4420 secundum
1383 4363 1713 4417 Mattlneum.

295 4467 372 4523 In
418 4463 509 4519 illo
535 4473 760 4532 tempore
782 4461 914 4515 dixit
944 4459 1099 4514 Jesus
1125 4456 1395 4526 discipulis
1418 4456 1528 4509 suis
1555 4467 1573 4506 ε
1606 4453 1667 4509 Si
1694 4455 1810 4524 quis

1919 3299 1998 3343 tra
2017 3289 2284 3360 justitiam
2317 3303 2590 3344 veremur.

1985 3379 2084 3434 Aut
2129 3396 2286 3451 quam
2328 3378 2474 3433 dabit
2514 3378 2670 3432 homo
2711 3376 3164 3430 commutationem
3201 3390 3294 3444 pro
3322 3374 3499 3428 anima

1913 3471 2054 3525 sua?
2105 3469 2210 3524 Pro
2259 3469 2424 3524 lsrael
2493 3469 2655 3524 datur
2717 3465 3070 3522 commutatio
3129 3464 3394 3536 .‘Egyptus
3446 3474 3501 3518 et

1915 3559 2213 3628 AStliiopia,
2237 3567 2292 3612 et
2315 3572 2415 3627 pro
2437 3557 2614 3612 anima
2658 3555 2891 3611 humana
2945 3554 3033 3609 illa
3076 3554 3188 3608 sola
3219 3552 3498 3608 retributio

1916 3665 2078 3719 quam
2109 3648 2391 3703 Psalmista
2433 3647 2580 3701 canit
2608 3663 2621 3699 :
2654 3643 2792 3711 Quid
2823 3644 3105 3699 retribuam
3139 3643 3357 3696 Domino
3402 3659 3497 3712 pro

1916 3739 2150 3794 omnibus
2177 3755 2295 3810 qttte
2324 3736 2562 3791 retribuit
2606 3735 2774 3789 milii-.9
2813 3735 3026 3788 calicem
3071 3733 3320 3788 salutaris
3361 3733 3499 3787 acci-

1912 3832 2052 3899 piant
2073 3839 2121 3883 et
2146 3845 2329 3883 nomen
2357 3827 2569 3882 Domini
2599 3825 2870 3881 invocabo.

1985 3917 2158 3971 Filius
2203 3919 2340 3971 enim
2379 3916 2603 3970 hominis
2634 3925 2878 3970 venturus
2913 3925 2987 3969 est
3027 3914 3080 3968 in
3105 3912 3272 3983 gloria
3315 3911 3494 3967 Patris

1914 4011 1994 4065 sui
2020 4025 2138 4062 cum
2181 4007 2376 4078 angelis
2407 4008 2534 4061 suis.
2588 4006 2723 4074 Quia
2768 4007 2859 4076 qui
2913 4006 2967 4059 in
3017 4003 3249 4059 hominis
3293 4013 3490 4057 natura

1916 4099 2091 4153 minor
2138 4104 2221 4151 est
2267 4096 2445 4162 Patre,
2479 4096 2594 4165 ipse
2642 4096 2694 4149 in
2731 4095 2937 4150 unitate
2967 4093 3125 4148 unius
3149 4090 3496 4163 ejusdemque

1914 4198 1997 4242 est
2018 4187 2202 4256 gloria:
2228 4201 2348 4240 cum
2391 4185 2568 4239 Patre.

1987 4276 2053 4329 Et
2086 4287 2207 4328 tunc
2238 4273 2414 4327 reddet
2443 4274 2722 4344 unicuique
2742 4273 3024 4327 secundum
3051 4290 3208 4344 opera
3228 4273 3364 4343 ejus.
3396 4273 3495 4327 Pe-

1916 4365 2452 4434 trus‘przedicatione
2505 4363 2696 4418 mortis
2738 4361 3028 4418 Dominictn
3077 4363 3491 4426 scandalizatus,

1914 4457 2180 4512 sententia
2203 4455 2416 4511 Domini
2445 4453 2621 4511 fuerat
2651 4455 2978 4524 increpatus,
3004 4453 3310 4523 provocatis
3335 4453 3495 4508 disci~

211 4558 333 4615 vult
363 4564 476 4626 post
523 4570 604 4608 me
638 4523 844 4616 Ioenire,
882 4552 1096 4620 abneget
1152 4523 1480 4618 semetipsum
1505 4586 1519 4611 ,
1569 4556 1616 4600 et
1660 4523 1813 4600 tollat,
1841 4523 1888 4582 θ
1915 4549 2052 4620 pulis
2081 4548 2192 4602 suis
2213 4555 2274 4601 ut
2320 4549 2592 4618 abnegent
2631 4560 2690 4601 se
2731 4554 2785 4600 et
2839 4545 3027 4600 tollant
3072 4559 3288 4599 crucem
3315 4559 3492 4609 suam,

208 4663 438 4705 crucem
460 4661 632 4709 suam,
655 4652 700 4697 et
726 4653 976 4713 sequatur
1001 4659 1100 4704 me,
1127 4649 1233 4696 etc.

294 4741 593 4809 Postquam
637 4734 916 4805 discipulis
948 4734 1262 4805 mysterium
1297 4745 1406 4786 suae
1440 4729 1707 4800 passionis
1755 4739 1811 4784 et

209 4829 644 4890 resurrectionis
667 4825 935 4889 ostendit,
981 4825 1230 4879 hortatur
1260 4838 1355 4879 eos
1381 4822 1447 4878 ad
1476 4819 1807 4890 sequendum

207 4937 343 4981 suae
373 4915 993 4995 passionis‘exemplum,
1021 4923 1076 4969 et
1101 4914 1352 4968 omnibus
1382 4920 1602 4981 propter
1629 4927 1686 4965 se
1713 4911 1809 4964 tri-

207 5011 562 5072 bulationem
617 5007 912 5078 perpessis,
962 5005 1193 5060 salutem
1239 5004 1292 5057 in
1337 5001 1520 5057 futuro
1545 5000 1812 5071 promittit

207 5105 574 5166 animarum;
602 5114 709 5155 non
739 5106 915 5152 tamen
945 5095 1216 5157 omnibus,
1258 5107 1445 5146 verum
1475 5089 1813 5161 perfectiori-

206 5199 328 5253 ωδ
363 5203 565 5260 quanta
610 5190 723 5261 ipse
769 5202 1048 5258 passurus,
1079 5185 1292 5256 quodve
1345 5198 1375 5236 a
1405 5184 1633 5238 mortuis
1667 5189 1813 5237 esset

209 5291 643 5343 resurrecturus
680 5279 907 5351 aperuit,
955 5278 1142 5348 siquis
1190 5275 1319 5340 vult,
1372 5276 1702 5344 inquit,post
1731 5289 1811 5327 me

205 5375 396 5448 sequi,
430 5376 642 5442 abneget
683 5370 1044 5439 semetipsum;
1071 5375 1196 5421 tunc
1219 5375 1398 5420 autem
1422 5379 1520 5419 nos
1548 5365 1691 5432 ipsos
1719 5362 1814 5416 ab-

207 5477 516 5538 negamus,
544 5475 668 5516 cum
692 5459 924 5514 vitamus
948 5455 1090 5527 quod
1120 5470 1215 5525 per
1242 5461 1561 5508 vetustatem
1588 5451 1811 5514 fuimus,

205 5569 271 5617 et
307 5548 533 5612 ad’hoc
556 5554 780 5607 nitimur
800 5551 946 5622 quod
985 5565 1082 5622 per
1104 5550 1396 5605 novitatem
1432 5562 1707 5602 vocamur.
1746 5545 1811 5598 Et

206 5649 385 5708 tollat
414 5660 620 5699 crucem
649 5659 801 5696 suam
825 5653 871 5696 et
907 5654 1152 5713 sequatur
1180 5656 1282 5694 me.
1341 5639 1557 5694 Duobus
1614 5637 1810 5692 etenim

210 5735 410 5796 modis
436 5750 569 5790 crus
611 5731 835 5796 tollitur,
863 5747 983 5786 cum
1013 5738 1103 5785 aut
1125 5744 1221 5798 per
1241 5729 1622 5785 abstinentiam
1651 5726 1812 5780 allici-

1917 4653 1969 4697 et
1993 4640 2338 4694 morientium
2369 4638 2551 4692 animo
2584 4636 2906 4707 magistrum
2934 4643 3310 4704 sequerentur,
3336 4649 3494 4704 gran-

1915 4737 1998 4790 dis
2020 4743 2195 4788 terror
2217 4730 2573 4796 audientium,
2595 4737 2648 4784 et
2672 4728 2764 4799 qui
2789 4738 2970 4799 posset
2998 4727 3240 4797 principe
3266 4727 3494 4797 Aposto-

1915 4826 2086 4881 lorum
2112 4822 2401 4894 perterrito
2423 4822 2587 4875 etiam
2639 4820 2757 4874 aliis
2793 4817 3068 4887 Apostolis
3111 4824 3310 4870 metum
3366 4814 3494 4885 inji-

1914 4931 2058 4971 cere.
2091 4914 2297 4968 Idcirco
2320 4911 2564 4966 tristibus
2585 4909 2703 4964 lteta
2722 4909 3039 4971 succedunt,
3056 4914 3111 4961 et
3135 4906 3294 4961 dicit:
3315 4904 3491 4961 Filius

1911 5005 2130 5060 hominis
2164 5012 2408 5057 venturus
2439 5011 2513 5054 est
2543 5000 2598 5052 in
2626 4997 2794 5068 gloria
2820 4995 2997 5051 Patris
3036 4997 3118 5049 sui
3141 5011 3258 5049 cum
3294 4995 3492 5065 angelis

1910 5096 2038 5148 suis.
2067 5094 2247 5147 Times
2275 5099 2526 5153 mortem,
2554 5087 2679 5141 audi
2709 5087 2932 5158 gloriam
2960 5085 3379 5156 triumphantis;
3402 5099 3494 5138 ve-

1912 5187 2048 5242 reris
2070 5198 2306 5247 crucem,
2327 5179 2567 5239 ausculta
2591 5179 2899 5250 angelorum
2917 5177 3238 5230 ministeria.
3260 5176 3322 5229 Et
3345 5186 3489 5239 tunc,

1913 5278 2104 5347 inquit,
2155 5275 2329 5328 reddet
2361 5273 2639 5342 unicuique
2667 5269 2952 5324 secundum
3000 5285 3155 5336 opera
3200 5269 3336 5336 ejus,
3385 5281 3491 5321 non

1916 5375 1998 5423 est
2027 5365 2301 5420 distinctio
2326 5361 2492 5416 Judaei
2521 5370 2576 5414 et
2619 5358 2813 5438 Graeci,
2837 5357 2938 5412 viri
2966 5364 3021 5411 et
3063 5355 3324 5420 mulieris,
3355 5371 3491 5424 pau-

1915 5472 2103 5530 perum
2135 5465 2188 5509 et
2209 5454 2455 5517 divitum,
2475 5453 2564 5507 ubi
2592 5467 2696 5507 non
2722 5465 2986 5522 personae,
3011 5449 3104 5504 sed
3132 5464 3292 5519 opera
3324 5447 3493 5503 consi-

1917 5549 2191 5602 derantur.

1989 5639 2173 5701 Amen,
2199 5636 2317 5688 dico
2352 5634 2512 5698 vobis,
2545 5642 2664 5687 sunt
2681 5633 2893 5703 quidam
2925 5630 2987 5685 de
3011 5631 3095 5684 hic
3127 5629 3382 5684 stantibus
3402 5628 3492 5699 qui

1921 5745 2023 5782 non
2051 5725 2329 5795 gustabunt
2378 5736 2594 5778 mortem
2631 5725 2793 5780 donec
2827 5724 3032 5778 videant
3061 5723 3232 5790 ﬁlium
3264 5720 3489 5777 hominis
