  <div class='ocr_page' id='page_1' title='image "/cluster/home/n/w/nwhite01/storage/ocr_20150623/110/uva.x000827066/223.png"; bbox 0 0 3960 6388; ppageno 0'>
   <div class='ocr_carea' id='block_1_1' title="bbox 455 410 551 467">
    <p class='ocr_par' dir='ltr' id='par_1_1' title="bbox 455 410 551 467">
     <span class='ocr_line' id='line_1_1' title="bbox 455 410 551 467; baseline 0 -1"><span class='ocrx_word' id='word_1_1' title='bbox 455 410 551 467; x_wconf 60' lang='lat' dir='ltr'><strong>ﬂii</strong></span> 
     </span>
    </p>
   </div>
   <div class='ocr_carea' id='block_1_2' title="bbox 1097 408 3045 471">
    <p class='ocr_par' dir='ltr' id='par_1_2' title="bbox 1097 408 3045 471">
     <span class='ocr_line' id='line_1_2' title="bbox 1097 408 3045 471; baseline 0.003 -7"><span class='ocrx_word' id='word_1_2' title='bbox 1097 408 1156 464; x_wconf 85' lang='grc' dir='ltr'>Β.</span> <span class='ocrx_word' id='word_1_3' title='bbox 1200 408 1453 464; x_wconf 72' lang='lat' dir='ltr'><strong>ItABANI</strong></span> <span class='ocrx_word' id='word_1_4' title='bbox 1492 409 1710 468; x_wconf 64' lang='lat' dir='ltr'><strong>MAIJRI</strong></span> <span class='ocrx_word' id='word_1_5' title='bbox 1750 408 2065 465; x_wconf 76' lang='lat' dir='ltr'><strong>ARCHIEP.</strong></span> <span class='ocrx_word' id='word_1_6' title='bbox 2103 408 2409 465; x_wconf 69' lang='lat' dir='ltr'><strong>MOCENT.</strong></span> <span class='ocrx_word' id='word_1_7' title='bbox 2447 409 2729 468; x_wconf 78' lang='lat' dir='ltr'><strong>OPERUM</strong></span> <span class='ocrx_word' id='word_1_8' title='bbox 2767 413 2945 471; x_wconf 80' lang='lat' dir='ltr'><strong>PARS</strong></span> <span class='ocrx_word' id='word_1_9' title='bbox 2983 416 3045 470; x_wconf 85' lang='lat' dir='ltr'><strong>ll.</strong></span> 
     </span>
    </p>
   </div>
   <div class='ocr_carea' id='block_1_3' title="bbox 3623 419 3738 476">
    <p class='ocr_par' dir='ltr' id='par_1_3' title="bbox 3623 419 3738 476">
     <span class='ocr_line' id='line_1_3' title="bbox 3623 419 3738 476; baseline 0 -1"><span class='ocrx_word' id='word_1_10' title='bbox 3623 419 3738 476; x_wconf 62' lang='lat'><strong>4253</strong></span> 
     </span>
    </p>
   </div>
   <div class='ocr_carea' id='block_1_4' title="bbox 452 519 3739 599">
    <p class='ocr_par' dir='ltr' id='par_1_4' title="bbox 452 519 3739 599">
     <span class='ocr_line' id='line_1_4' title="bbox 452 519 3739 599; baseline -0.001 -22"><span class='ocrx_word' id='word_1_11' title='bbox 452 524 734 577; x_wconf 73' lang='lat' dir='ltr'><strong>venientem</strong></span> <span class='ocrx_word' id='word_1_12' title='bbox 759 524 815 575; x_wconf 87' lang='lat' dir='ltr'><strong>in</strong></span> <span class='ocrx_word' id='word_1_13' title='bbox 838 536 993 591; x_wconf 85' lang='lat' dir='ltr'><strong>regno</strong></span> <span class='ocrx_word' id='word_1_14' title='bbox 1014 537 1128 574; x_wconf 87' lang='lat' dir='ltr'><strong>suo.</strong></span> <span class='ocrx_word' id='word_1_15' title='bbox 1157 520 1403 592; x_wconf 78' lang='lat' dir='ltr'><strong>Regnum</strong></span> <span class='ocrx_word' id='word_1_16' title='bbox 1438 521 1529 575; x_wconf 86' lang='lat' dir='ltr'><strong>Dei</strong></span> <span class='ocrx_word' id='word_1_17' title='bbox 1562 521 1615 575; x_wconf 91' lang='lat' dir='ltr'><strong>in</strong></span> <span class='ocrx_word' id='word_1_18' title='bbox 1646 535 1752 590; x_wconf 88' lang='lat' dir='ltr'><strong>quo</strong></span> <span class='ocrx_word' id='word_1_19' title='bbox 1778 520 1914 574; x_wconf 84' lang='lat' dir='ltr'><strong>Illius</strong></span> <span class='ocrx_word' id='word_1_20' title='bbox 1942 519 2036 573; x_wconf 89' lang='lat' dir='ltr'><strong>Dei</strong></span> <span class='ocrx_word' id='word_1_21' title='bbox 2069 527 2114 581; x_wconf 82' lang='grc' dir='ltr'><strong>Α</strong></span> <span class='ocrx_word' id='word_1_22' title='bbox 2142 528 2197 573; x_wconf 92' lang='lat' dir='ltr'><strong>et</strong></span> <span class='ocrx_word' id='word_1_23' title='bbox 2225 520 2404 573; x_wconf 83' lang='lat' dir='ltr'><strong>omnia</strong></span> <span class='ocrx_word' id='word_1_24' title='bbox 2436 536 2770 590; x_wconf 69' lang='lat' dir='ltr'><strong>qumcunque</strong></span> <span class='ocrx_word' id='word_1_25' title='bbox 2816 522 2956 577; x_wconf 90' lang='lat' dir='ltr'><strong>bona</strong></span> <span class='ocrx_word' id='word_1_26' title='bbox 2986 524 3103 594; x_wconf 82' lang='lat' dir='ltr'><strong>ejus</strong></span> <span class='ocrx_word' id='word_1_27' title='bbox 3144 526 3316 597; x_wconf 88' lang='lat' dir='ltr'><strong>gratia</strong></span> <span class='ocrx_word' id='word_1_28' title='bbox 3344 526 3608 599; x_wconf 81' lang='lat' dir='ltr'><strong>largiente</strong></span> <span class='ocrx_word' id='word_1_29' title='bbox 3628 546 3739 587; x_wconf 68' lang='lat' dir='ltr'><strong>va-</strong></span> 
     </span>
    </p>
   </div>
   <div class='ocr_carea' id='block_1_5' title="bbox 454 608 2039 681">
    <p class='ocr_par' dir='ltr' id='par_1_5' title="bbox 454 608 2039 681">
     <span class='ocr_line' id='line_1_5' title="bbox 454 608 2039 681; baseline 0.001 -17"><span class='ocrx_word' id='word_1_30' title='bbox 454 611 598 667; x_wconf 77' lang='lat' dir='ltr'><strong>idem</strong></span> <span class='ocrx_word' id='word_1_31' title='bbox 643 610 736 681; x_wconf 89' lang='lat' dir='ltr'><strong>qui</strong></span> <span class='ocrx_word' id='word_1_32' title='bbox 767 617 823 665; x_wconf 90' lang='lat' dir='ltr'><strong>et</strong></span> <span class='ocrx_word' id='word_1_33' title='bbox 837 608 984 665; x_wconf 84' lang='lat' dir='ltr'><strong>lilius</strong></span> <span class='ocrx_word' id='word_1_34' title='bbox 1016 610 1251 665; x_wconf 88' lang='lat' dir='ltr'><strong>hominis</strong></span> <span class='ocrx_word' id='word_1_35' title='bbox 1280 620 1491 681; x_wconf 93' lang='lat' dir='ltr'><strong>regnat,</strong></span> <span class='ocrx_word' id='word_1_36' title='bbox 1526 612 1627 666; x_wconf 90' lang='lat' dir='ltr'><strong>hoc</strong></span> <span class='ocrx_word' id='word_1_37' title='bbox 1656 612 1773 665; x_wconf 90' lang='lat' dir='ltr'><strong>loco</strong></span> <span class='ocrx_word' id='word_1_38' title='bbox 1802 626 2039 681; x_wconf 66' lang='lat' dir='ltr'><strong>praesens</strong></span> 
     </span>
    </p>
   </div>
   <div class='ocr_carea' id='block_1_6' title="bbox 450 686 2040 771">
    <p class='ocr_par' dir='ltr' id='par_1_6' title="bbox 450 686 2040 771">
     <span class='ocr_line' id='line_1_6' title="bbox 450 686 2040 771; baseline -0.003 -13"><span class='ocrx_word' id='word_1_39' title='bbox 450 686 695 758; x_wconf 48' lang='lat' dir='ltr'><strong>licclesia</strong></span> <span class='ocrx_word' id='word_1_40' title='bbox 714 708 971 765; x_wconf 76' lang='lat' dir='ltr'><strong>vocatur;</strong></span> <span class='ocrx_word' id='word_1_41' title='bbox 994 702 1192 771; x_wconf 89' lang='lat' dir='ltr'><strong>etquia</strong></span> <span class='ocrx_word' id='word_1_42' title='bbox 1217 702 1460 756; x_wconf 89' lang='lat' dir='ltr'><strong>nonnulli</strong></span> <span class='ocrx_word' id='word_1_43' title='bbox 1481 716 1547 756; x_wconf 84' lang='lat' dir='ltr'><strong>ex</strong></span> <span class='ocrx_word' id='word_1_44' title='bbox 1570 700 1847 769; x_wconf 86' lang='lat' dir='ltr'><strong>discipulis</strong></span> <span class='ocrx_word' id='word_1_45' title='bbox 1869 714 2040 769; x_wconf 85' lang='lat' dir='ltr'><strong>usque</strong></span> 
     </span>
    </p>
   </div>
   <div class='ocr_carea' id='block_1_7' title="bbox 452 792 2041 862">
    <p class='ocr_par' dir='ltr' id='par_1_7' title="bbox 452 792 2041 862">
     <span class='ocr_line' id='line_1_7' title="bbox 452 792 2041 862; baseline 0 -15"><span class='ocrx_word' id='word_1_46' title='bbox 452 794 587 849; x_wconf 89' lang='lat' dir='ltr'><strong>adeo</strong></span> <span class='ocrx_word' id='word_1_47' title='bbox 608 793 804 848; x_wconf 77' lang='lat' dir='ltr'><strong>victuri</strong></span> <span class='ocrx_word' id='word_1_48' title='bbox 833 792 887 847; x_wconf 92' lang='lat' dir='ltr'><strong>in</strong></span> <span class='ocrx_word' id='word_1_49' title='bbox 910 807 1139 862; x_wconf 89' lang='lat' dir='ltr'><strong>corpore</strong></span> <span class='ocrx_word' id='word_1_50' title='bbox 1161 800 1339 858; x_wconf 87' lang='lat' dir='ltr'><strong>erant,</strong></span> <span class='ocrx_word' id='word_1_51' title='bbox 1368 802 1425 847; x_wconf 92' lang='lat' dir='ltr'><strong>ut</strong></span> <span class='ocrx_word' id='word_1_52' title='bbox 1457 793 1756 848; x_wconf 83' lang='lat' dir='ltr'><strong>Ecclesiam</strong></span> <span class='ocrx_word' id='word_1_53' title='bbox 1793 792 1884 846; x_wconf 90' lang='lat' dir='ltr'><strong>Dei</strong></span> <span class='ocrx_word' id='word_1_54' title='bbox 1912 808 2041 847; x_wconf 86' lang='lat' dir='ltr'><strong>con—</strong></span> 
     </span>
    </p>
   </div>
   <div class='ocr_carea' id='block_1_8' title="bbox 450 885 2043 957">
    <p class='ocr_par' dir='ltr' id='par_1_8' title="bbox 450 885 2043 957">
     <span class='ocr_line' id='line_1_8' title="bbox 450 885 2043 957; baseline 0.001 -18"><span class='ocrx_word' id='word_1_55' title='bbox 450 892 715 940; x_wconf 83' lang='lat' dir='ltr'><strong>structam</strong></span> <span class='ocrx_word' id='word_1_56' title='bbox 742 885 1134 957; x_wconf 84' lang='lat' dir='ltr'><strong>conspicerent,</strong></span> <span class='ocrx_word' id='word_1_57' title='bbox 1161 892 1215 940; x_wconf 88' lang='lat' dir='ltr'><strong>et</strong></span> <span class='ocrx_word' id='word_1_58' title='bbox 1260 896 1451 941; x_wconf 85' lang='lat' dir='ltr'><strong>contra</strong></span> <span class='ocrx_word' id='word_1_59' title='bbox 1493 886 1675 941; x_wconf 90' lang='lat' dir='ltr'><strong>mundi</strong></span> <span class='ocrx_word' id='word_1_60' title='bbox 1725 886 1884 957; x_wconf 88' lang='lat' dir='ltr'><strong>hujus</strong></span> <span class='ocrx_word' id='word_1_61' title='bbox 1930 886 2043 955; x_wconf 89' lang='lat' dir='ltr'><strong>glo-</strong></span> 
     </span>
    </p>
   </div>
   <div class='ocr_carea' id='block_1_9' title="bbox 451 976 2041 1048">
    <p class='ocr_par' dir='ltr' id='par_1_9' title="bbox 451 976 2041 1048">
     <span class='ocr_line' id='line_1_9' title="bbox 451 976 2041 1048; baseline -0.001 -15"><span class='ocrx_word' id='word_1_62' title='bbox 451 977 589 1033; x_wconf 85' lang='lat' dir='ltr'><strong>riam</strong></span> <span class='ocrx_word' id='word_1_63' title='bbox 619 992 719 1048; x_wconf 90' lang='lat' dir='ltr'><strong>per</strong></span> <span class='ocrx_word' id='word_1_64' title='bbox 739 976 979 1033; x_wconf 86' lang='lat' dir='ltr'><strong>auctoris</strong></span> <span class='ocrx_word' id='word_1_65' title='bbox 1024 976 1107 1031; x_wconf 92' lang='lat' dir='ltr'><strong>sui</strong></span> <span class='ocrx_word' id='word_1_66' title='bbox 1138 977 1436 1046; x_wconf 83' lang='lat' dir='ltr'><strong>potentiam</strong></span> <span class='ocrx_word' id='word_1_67' title='bbox 1463 984 1701 1031; x_wconf 87' lang='lat' dir='ltr'><strong>erectam</strong></span> <span class='ocrx_word' id='word_1_68' title='bbox 1733 976 2041 1032; x_wconf 85' lang='lat' dir='ltr'><strong>consolato-</strong></span> 
     </span>
    </p>
   </div>
   <div class='ocr_carea' id='block_1_10' title="bbox 450 1067 2041 1139">
    <p class='ocr_par' dir='ltr' id='par_1_10' title="bbox 450 1067 2041 1139">
     <span class='ocr_line' id='line_1_10' title="bbox 450 1067 2041 1139; baseline 0.001 -17"><span class='ocrx_word' id='word_1_69' title='bbox 450 1068 530 1122; x_wconf 88' lang='lat' dir='ltr'><strong>ria</strong></span> <span class='ocrx_word' id='word_1_70' title='bbox 572 1068 933 1137; x_wconf 85' lang='lat' dir='ltr'><strong>promissione</strong></span> <span class='ocrx_word' id='word_1_71' title='bbox 981 1084 1125 1123; x_wconf 90' lang='lat' dir='ltr'><strong>nunc</strong></span> <span class='ocrx_word' id='word_1_72' title='bbox 1155 1069 1388 1124; x_wconf 84' lang='lat' dir='ltr'><strong>dicitur:</strong></span> <span class='ocrx_word' id='word_1_73' title='bbox 1423 1067 1559 1124; x_wconf 87' lang='lat' dir='ltr'><strong>Sunt</strong></span> <span class='ocrx_word' id='word_1_74' title='bbox 1598 1070 1814 1139; x_wconf 85' lang='lat' dir='ltr'><strong>quidam</strong></span> <span class='ocrx_word' id='word_1_75' title='bbox 1863 1070 1926 1123; x_wconf 87' lang='lat' dir='ltr'><strong>de</strong></span> <span class='ocrx_word' id='word_1_76' title='bbox 1960 1069 2041 1123; x_wconf 82' lang='lat' dir='ltr'><strong>his</strong></span> 
     </span>
    </p>
   </div>
   <div class='ocr_carea' id='block_1_11' title="bbox 447 1158 2040 1229">
    <p class='ocr_par' dir='ltr' id='par_1_11' title="bbox 447 1158 2040 1229">
     <span class='ocr_line' id='line_1_11' title="bbox 447 1158 2040 1229; baseline 0.001 -18"><span class='ocrx_word' id='word_1_77' title='bbox 447 1158 709 1213; x_wconf 71' lang='lat' dir='ltr'><strong>stantibus</strong></span> <span class='ocrx_word' id='word_1_78' title='bbox 738 1159 826 1229; x_wconf 85' lang='lat' dir='ltr'><strong>qui</strong></span> <span class='ocrx_word' id='word_1_79' title='bbox 856 1175 963 1214; x_wconf 91' lang='lat' dir='ltr'><strong>non</strong></span> <span class='ocrx_word' id='word_1_80' title='bbox 999 1159 1281 1229; x_wconf 84' lang='lat' dir='ltr'><strong>gustabunt</strong></span> <span class='ocrx_word' id='word_1_81' title='bbox 1334 1169 1575 1226; x_wconf 89' lang='lat' dir='ltr'><strong>mortem,</strong></span> <span class='ocrx_word' id='word_1_82' title='bbox 1628 1160 1792 1214; x_wconf 86' lang='lat' dir='ltr'><strong>donec</strong></span> <span class='ocrx_word' id='word_1_83' title='bbox 1835 1160 2040 1214; x_wconf 82' lang='lat' dir='ltr'><strong>videant</strong></span> 
     </span>
    </p>
   </div>
   <div class='ocr_carea' id='block_1_12' title="bbox 447 1249 2038 1321">
    <p class='ocr_par' dir='ltr' id='par_1_12' title="bbox 447 1249 2038 1321">
     <span class='ocr_line' id='line_1_12' title="bbox 447 1249 2038 1321; baseline 0.002 -18"><span class='ocrx_word' id='word_1_84' title='bbox 447 1249 616 1319; x_wconf 81' lang='lat' dir='ltr'><strong>ﬁlium</strong></span> <span class='ocrx_word' id='word_1_85' title='bbox 646 1252 873 1305; x_wconf 84' lang='lat' dir='ltr'><strong>hominis</strong></span> <span class='ocrx_word' id='word_1_86' title='bbox 891 1253 1173 1307; x_wconf 84' lang='lat' dir='ltr'><strong>venientem</strong></span> <span class='ocrx_word' id='word_1_87' title='bbox 1200 1252 1255 1305; x_wconf 88' lang='lat' dir='ltr'><strong>in</strong></span> <span class='ocrx_word' id='word_1_88' title='bbox 1290 1268 1447 1321; x_wconf 78' lang='lat' dir='ltr'><strong>regno</strong></span> <span class='ocrx_word' id='word_1_89' title='bbox 1469 1268 1588 1317; x_wconf 83' lang='lat' dir='ltr'><strong>suo,</strong></span> <span class='ocrx_word' id='word_1_90' title='bbox 1612 1252 1713 1307; x_wconf 90' lang='lat' dir='ltr'><strong>hoc</strong></span> <span class='ocrx_word' id='word_1_91' title='bbox 1735 1260 1837 1317; x_wconf 90' lang='lat' dir='ltr'><strong>est,</strong></span> <span class='ocrx_word' id='word_1_92' title='bbox 1861 1261 2038 1307; x_wconf 88' lang='lat' dir='ltr'><strong>osten-</strong></span> 
     </span>
    </p>
   </div>
   <div class='ocr_carea' id='block_1_13' title="bbox 448 1340 2042 1412">
    <p class='ocr_par' dir='ltr' id='par_1_13' title="bbox 448 1340 2042 1412">
     <span class='ocr_line' id='line_1_13' title="bbox 448 1340 2042 1412; baseline 0.003 -17"><span class='ocrx_word' id='word_1_93' title='bbox 448 1340 664 1397; x_wconf 83' lang='lat' dir='ltr'><strong>dentetn</strong></span> <span class='ocrx_word' id='word_1_94' title='bbox 707 1349 1032 1412; x_wconf 80' lang='lat' dir='ltr'><strong>patestatem</strong></span> <span class='ocrx_word' id='word_1_95' title='bbox 1082 1357 1258 1397; x_wconf 89' lang='lat' dir='ltr'><strong>suam.</strong></span> <span class='ocrx_word' id='word_1_96' title='bbox 1292 1342 1400 1399; x_wconf 89' lang='lat' dir='ltr'><strong>Sed</strong></span> <span class='ocrx_word' id='word_1_97' title='bbox 1448 1360 1571 1399; x_wconf 91' lang='lat' dir='ltr'><strong>cum</strong></span> <span class='ocrx_word' id='word_1_98' title='bbox 1603 1353 1749 1398; x_wconf 88' lang='lat' dir='ltr'><strong>tanta</strong></span> <span class='ocrx_word' id='word_1_99' title='bbox 1780 1345 2042 1400; x_wconf 87' lang='lat' dir='ltr'><strong>Dominus</strong></span> 
     </span>
    </p>
   </div>
   <div class='ocr_carea' id='block_1_14' title="bbox 448 1434 2040 1505">
    <p class='ocr_par' dir='ltr' id='par_1_14' title="bbox 448 1434 2040 1505">
     <span class='ocr_line' id='line_1_14' title="bbox 448 1434 2040 1505; baseline 0.001 -16"><span class='ocrx_word' id='word_1_100' title='bbox 448 1434 744 1489; x_wconf 67' lang='lat' dir='ltr'><strong>subeunda:</strong></span> <span class='ocrx_word' id='word_1_101' title='bbox 773 1435 965 1489; x_wconf 90' lang='lat' dir='ltr'><strong>mortis</strong></span> <span class='ocrx_word' id='word_1_102' title='bbox 988 1441 1258 1505; x_wconf 66' lang='lat' dir='ltr'><strong>praecepta</strong></span> <span class='ocrx_word' id='word_1_103' title='bbox 1287 1434 1474 1491; x_wconf 87' lang='lat' dir='ltr'><strong>ederet</strong></span> <span class='ocrx_word' id='word_1_104' title='bbox 1501 1435 1626 1505; x_wconf 91' lang='lat' dir='ltr'><strong>quid</strong></span> <span class='ocrx_word' id='word_1_105' title='bbox 1670 1437 2040 1492; x_wconf 87' lang='lat' dir='ltr'><strong>necessarium</strong></span> 
     </span>
    </p>
   </div>
   <div class='ocr_carea' id='block_1_15' title="bbox 452 1526 2040 1598">
    <p class='ocr_par' dir='ltr' id='par_1_15' title="bbox 452 1526 2040 1598">
     <span class='ocr_line' id='line_1_15' title="bbox 452 1526 2040 1598; baseline 0.003 -18"><span class='ocrx_word' id='word_1_106' title='bbox 452 1526 575 1591; x_wconf 92' lang='lat' dir='ltr'><strong>fuit,</strong></span> <span class='ocrx_word' id='word_1_107' title='bbox 610 1534 668 1581; x_wconf 92' lang='lat' dir='ltr'><strong>ut</strong></span> <span class='ocrx_word' id='word_1_108' title='bbox 699 1526 767 1581; x_wconf 88' lang='lat' dir='ltr'><strong>ad</strong></span> <span class='ocrx_word' id='word_1_109' title='bbox 799 1528 940 1583; x_wconf 90' lang='lat' dir='ltr'><strong>hanc</strong></span> <span class='ocrx_word' id='word_1_110' title='bbox 961 1528 1140 1584; x_wconf 86' lang='lat' dir='ltr'><strong>subito</strong></span> <span class='ocrx_word' id='word_1_111' title='bbox 1161 1528 1577 1597; x_wconf 88' lang='lat' dir='ltr'><strong>promissionem</strong></span> <span class='ocrx_word' id='word_1_112' title='bbox 1608 1529 1860 1585; x_wconf 80' lang='lat' dir='ltr'><strong>veniret?</strong></span> <span class='ocrx_word' id='word_1_113' title='bbox 1889 1529 2040 1598; x_wconf 86' lang='lat' dir='ltr'><strong>Quod</strong></span> 
     </span>
    </p>
   </div>
   <div class='ocr_carea' id='block_1_16' title="bbox 447 1620 2043 1693">
    <p class='ocr_par' dir='ltr' id='par_1_16' title="bbox 447 1620 2043 1693">
     <span class='ocr_line' id='line_1_16' title="bbox 447 1620 2043 1693; baseline 0.002 -17"><span class='ocrx_word' id='word_1_114' title='bbox 447 1621 491 1676; x_wconf 92' lang='lat' dir='ltr'><strong>si</strong></span> <span class='ocrx_word' id='word_1_115' title='bbox 520 1620 792 1676; x_wconf 86' lang='lat' dir='ltr'><strong>subtiliter</strong></span> <span class='ocrx_word' id='word_1_116' title='bbox 813 1620 1162 1686; x_wconf 90' lang='lat' dir='ltr'><strong>attendimus,</strong></span> <span class='ocrx_word' id='word_1_117' title='bbox 1182 1630 1385 1690; x_wconf 88' lang='lat' dir='ltr'><strong>quanta</strong></span> <span class='ocrx_word' id='word_1_118' title='bbox 1402 1621 1804 1691; x_wconf 84' lang='lat' dir='ltr'><strong>dispensatione</strong></span> <span class='ocrx_word' id='word_1_119' title='bbox 1824 1624 2043 1693; x_wconf 88' lang='lat' dir='ltr'><strong>pietatis</strong></span> 
     </span>
    </p>
   </div>
   <div class='ocr_carea' id='block_1_17' title="bbox 449 1713 2041 1784">
    <p class='ocr_par' dir='ltr' id='par_1_17' title="bbox 449 1713 2041 1784">
     <span class='ocr_line' id='line_1_17' title="bbox 449 1713 2041 1784; baseline 0.003 -18"><span class='ocrx_word' id='word_1_120' title='bbox 449 1719 657 1784; x_wconf 82' lang='lat' dir='ltr'><strong>agatur,</strong></span> <span class='ocrx_word' id='word_1_121' title='bbox 692 1713 1075 1784; x_wconf 78' lang='lat' dir='ltr'><strong>agnoscimus;</strong></span> <span class='ocrx_word' id='word_1_122' title='bbox 1109 1713 1384 1783; x_wconf 83' lang='lat' dir='ltr'><strong>discipulis</strong></span> <span class='ocrx_word' id='word_1_123' title='bbox 1414 1714 1559 1768; x_wconf 90' lang='lat' dir='ltr'><strong>enim</strong></span> <span class='ocrx_word' id='word_1_124' title='bbox 1603 1715 1849 1781; x_wconf 88' lang='lat' dir='ltr'><strong>rudibus,</strong></span> <span class='ocrx_word' id='word_1_125' title='bbox 1874 1718 2041 1771; x_wconf 88' lang='lat' dir='ltr'><strong>etiam</strong></span> 
     </span>
    </p>
   </div>
   <div class='ocr_carea' id='block_1_18' title="bbox 448 1801 2041 1877">
    <p class='ocr_par' dir='ltr' id='par_1_18' title="bbox 448 1801 2041 1877">
     <span class='ocr_line' id='line_1_18' title="bbox 448 1801 2041 1877; baseline 0.004 -22"><span class='ocrx_word' id='word_1_126' title='bbox 448 1801 514 1856; x_wconf 90' lang='lat' dir='ltr'><strong>de</strong></span> <span class='ocrx_word' id='word_1_127' title='bbox 553 1801 807 1871; x_wconf 61' lang='lat' dir='ltr'><strong>praesenti</strong></span> <span class='ocrx_word' id='word_1_128' title='bbox 842 1801 949 1856; x_wconf 89' lang='lat' dir='ltr'><strong>vita</strong></span> <span class='ocrx_word' id='word_1_129' title='bbox 998 1801 1202 1871; x_wconf 87' lang='lat' dir='ltr'><strong>aliquid</strong></span> <span class='ocrx_word' id='word_1_130' title='bbox 1251 1803 1672 1873; x_wconf 87' lang='lat' dir='ltr'><strong>promittendum</strong></span> <span class='ocrx_word' id='word_1_131' title='bbox 1705 1803 1806 1859; x_wconf 71' lang='lat' dir='ltr'><strong>fluit</strong></span> <span class='ocrx_word' id='word_1_132' title='bbox 1832 1814 1892 1861; x_wconf 93' lang='lat' dir='ltr'><strong>ut</strong></span> <span class='ocrx_word' id='word_1_133' title='bbox 1918 1821 2041 1877; x_wconf 91' lang='lat' dir='ltr'><strong>pos-</strong></span> 
     </span>
    </p>
   </div>
   <div class='ocr_carea' id='block_1_19' title="bbox 2142 609 3739 687">
    <p class='ocr_par' dir='ltr' id='par_1_19' title="bbox 2142 609 3739 687">
     <span class='ocr_line' id='line_1_19' title="bbox 2142 609 3739 687; baseline 0.009 -26"><span class='ocrx_word' id='word_1_134' title='bbox 2142 609 2367 673; x_wconf 88' lang='lat' dir='ltr'><strong>leamns,</strong></span> <span class='ocrx_word' id='word_1_135' title='bbox 2394 610 2508 679; x_wconf 87' lang='lat' dir='ltr'><strong>ejus</strong></span> <span class='ocrx_word' id='word_1_136' title='bbox 2540 610 2921 666; x_wconf 84' lang='lat' dir='ltr'><strong>misericordiae</strong></span> <span class='ocrx_word' id='word_1_137' title='bbox 2945 627 3053 667; x_wconf 90' lang='lat' dir='ltr'><strong>non</strong></span> <span class='ocrx_word' id='word_1_138' title='bbox 3102 614 3304 671; x_wconf 89' lang='lat' dir='ltr'><strong>nostris</strong></span> <span class='ocrx_word' id='word_1_139' title='bbox 3332 632 3568 687; x_wconf 85' lang='lat' dir='ltr'><strong>unquam</strong></span> <span class='ocrx_word' id='word_1_140' title='bbox 3612 635 3739 675; x_wconf 84' lang='lat' dir='ltr'><strong>me-</strong></span> 
     </span>
    </p>
   </div>
   <div class='ocr_carea' id='block_1_20' title="bbox 2142 703 3738 781">
    <p class='ocr_par' dir='ltr' id='par_1_20' title="bbox 2142 703 3738 781">
     <span class='ocr_line' id='line_1_20' title="bbox 2142 703 3738 781; baseline 0.008 -25"><span class='ocrx_word' id='word_1_141' title='bbox 2142 703 2260 757; x_wconf 89' lang='lat' dir='ltr'><strong>ritis</strong></span> <span class='ocrx_word' id='word_1_142' title='bbox 2290 704 2625 772; x_wconf 84' lang='lat' dir='ltr'><strong>deputemus.</strong></span> <span class='ocrx_word' id='word_1_143' title='bbox 2652 704 2768 773; x_wconf 91' lang='lat' dir='ltr'><strong>Ipse</strong></span> <span class='ocrx_word' id='word_1_144' title='bbox 2800 705 2853 758; x_wconf 88' lang='lat' dir='ltr'><strong>in</strong></span> <span class='ocrx_word' id='word_1_145' title='bbox 2876 706 3032 761; x_wconf 86' lang='lat' dir='ltr'><strong>nobis</strong></span> <span class='ocrx_word' id='word_1_146' title='bbox 3059 720 3277 762; x_wconf 90' lang='lat' dir='ltr'><strong>omnem</strong></span> <span class='ocrx_word' id='word_1_147' title='bbox 3317 724 3471 764; x_wconf 90' lang='lat' dir='ltr'><strong>suam</strong></span> <span class='ocrx_word' id='word_1_148' title='bbox 3498 714 3738 781; x_wconf 78' lang='lat' dir='ltr'><strong>gratiam</strong></span> 
     </span>
    </p>
   </div>
   <div class='ocr_carea' id='block_1_21' title="bbox 2143 791 2749 862">
    <p class='ocr_par' dir='ltr' id='par_1_21' title="bbox 2143 791 2749 862">
     <span class='ocr_line' id='line_1_21' title="bbox 2143 791 2749 862; baseline 0.007 -17"><span class='ocrx_word' id='word_1_149' title='bbox 2143 791 2453 862; x_wconf 71' lang='lat' dir='ltr'><strong>dignabitur</strong></span> <span class='ocrx_word' id='word_1_150' title='bbox 2478 793 2703 862; x_wconf 87' lang='lat' dir='ltr'><strong>implere</strong></span> <span class='ocrx_word' id='word_1_151' title='bbox 2736 812 2749 848; x_wconf 91' lang='lat'><strong>:</strong></span> 
     </span>
    </p>
   </div>
   <div class='ocr_carea' id='block_1_22' title="bbox 2216 879 3735 959">
    <p class='ocr_par' dir='ltr' id='par_1_22' title="bbox 2216 879 3735 959">
     <span class='ocr_line' id='line_1_22' title="bbox 2216 879 3735 959; baseline 0.009 -25"><span class='ocrx_word' id='word_1_152' title='bbox 2216 879 2284 934; x_wconf 87' lang='lat' dir='ltr'><strong>Ut</strong></span> <span class='ocrx_word' id='word_1_153' title='bbox 2306 881 2359 935; x_wconf 87' lang='lat' dir='ltr'><strong>in</strong></span> <span class='ocrx_word' id='word_1_154' title='bbox 2383 883 2622 936; x_wconf 87' lang='lat' dir='ltr'><strong>omnibus</strong></span> <span class='ocrx_word' id='word_1_155' title='bbox 2645 900 2847 954; x_wconf 78' lang='lat' dir='ltr'><strong>semper</strong></span> <span class='ocrx_word' id='word_1_156' title='bbox 2860 901 3061 939; x_wconf 88' lang='lat' dir='ltr'><strong>omnem</strong></span> <span class='ocrx_word' id='word_1_157' title='bbox 3085 882 3443 959; x_wconf 66' lang='lat' dir='ltr'><strong>sufﬁcientiam</strong></span> <span class='ocrx_word' id='word_1_158' title='bbox 3461 891 3735 958; x_wconf 77' lang='lat' dir='ltr'><strong>habentes,</strong></span> 
     </span>
    </p>
   </div>
   <div class='ocr_carea' id='block_1_23' title="bbox 2142 972 3740 1049">
    <p class='ocr_par' dir='ltr' id='par_1_23' title="bbox 2142 972 3740 1049">
     <span class='ocr_line' id='line_1_23' title="bbox 2142 972 3740 1049; baseline 0.007 -25"><span class='ocrx_word' id='word_1_159' title='bbox 2142 972 2466 1027; x_wconf 88' lang='lat' dir='ltr'><strong>abundemus</strong></span> <span class='ocrx_word' id='word_1_160' title='bbox 2496 972 2549 1026; x_wconf 87' lang='lat' dir='ltr'><strong>in</strong></span> <span class='ocrx_word' id='word_1_161' title='bbox 2577 990 2727 1028; x_wconf 89' lang='lat' dir='ltr'><strong>omne</strong></span> <span class='ocrx_word' id='word_1_162' title='bbox 2757 991 2885 1045; x_wconf 80' lang='lat' dir='ltr'><strong>Opus</strong></span> <span class='ocrx_word' id='word_1_163' title='bbox 2918 976 3131 1030; x_wconf 87' lang='lat' dir='ltr'><strong>bonum.</strong></span> <span class='ocrx_word' id='word_1_164' title='bbox 3167 977 3310 1034; x_wconf 83' lang='lat' dir='ltr'><strong>Sicut</strong></span> <span class='ocrx_word' id='word_1_165' title='bbox 3337 981 3583 1049; x_wconf 80' lang='lat' dir='ltr'><strong>scriptum</strong></span> <span class='ocrx_word' id='word_1_166' title='bbox 3609 992 3689 1035; x_wconf 86' lang='lat' dir='ltr'><strong>est</strong></span> <span class='ocrx_word' id='word_1_167' title='bbox 3718 997 3740 1034; x_wconf 89' lang='lat'><strong><em>:</em></strong></span> 
     </span>
    </p>
   </div>
   <div class='ocr_carea' id='block_1_24' title="bbox 2141 1062 3741 1139">
    <p class='ocr_par' dir='ltr' id='par_1_24' title="bbox 2141 1062 3741 1139">
     <span class='ocr_line' id='line_1_24' title="bbox 2141 1062 3741 1139; baseline 0.005 -22"><span class='ocrx_word' id='word_1_168' title='bbox 2141 1062 2420 1130; x_wconf 85' lang='lat' dir='ltr'><strong>Dispersit,</strong></span> <span class='ocrx_word' id='word_1_169' title='bbox 2440 1064 2580 1117; x_wconf 84' lang='lat' dir='ltr'><strong>dedit</strong></span> <span class='ocrx_word' id='word_1_170' title='bbox 2603 1066 2939 1135; x_wconf 80' lang='lat' dir='ltr'><strong>pauperibus,</strong></span> <span class='ocrx_word' id='word_1_171' title='bbox 2956 1068 3170 1137; x_wconf 83' lang='lat' dir='ltr'><strong>justitia</strong></span> <span class='ocrx_word' id='word_1_172' title='bbox 3187 1070 3299 1139; x_wconf 80' lang='lat' dir='ltr'><strong>ejus</strong></span> <span class='ocrx_word' id='word_1_173' title='bbox 3323 1082 3493 1124; x_wconf 88' lang='lat' dir='ltr'><strong>manet</strong></span> <span class='ocrx_word' id='word_1_174' title='bbox 3512 1072 3567 1124; x_wconf 90' lang='lat' dir='ltr'><strong>in</strong></span> <span class='ocrx_word' id='word_1_175' title='bbox 3589 1082 3741 1126; x_wconf 73' lang='lat' dir='ltr'><strong>(vter-</strong></span> 
     </span>
    </p>
   </div>
   <div class='ocr_carea' id='block_1_25' title="bbox 2143 1152 3739 1223">
    <p class='ocr_par' dir='ltr' id='par_1_25' title="bbox 2143 1152 3739 1223">
     <span class='ocr_line' id='line_1_25' title="bbox 2143 1152 3739 1223; baseline 0.006 -18"><span class='ocrx_word' id='word_1_176' title='bbox 2143 1169 2288 1206; x_wconf 88' lang='lat' dir='ltr'><strong>num.</strong></span> <span class='ocrx_word' id='word_1_177' title='bbox 2343 1152 2477 1219; x_wconf 86' lang='lat' dir='ltr'><strong>Quia</strong></span> <span class='ocrx_word' id='word_1_178' title='bbox 2524 1154 2615 1223; x_wconf 91' lang='lat' dir='ltr'><strong>qui</strong></span> <span class='ocrx_word' id='word_1_179' title='bbox 2667 1154 2755 1209; x_wconf 88' lang='lat' dir='ltr'><strong>hic</strong></span> <span class='ocrx_word' id='word_1_180' title='bbox 2788 1154 3017 1212; x_wconf 82' lang='lat' dir='ltr'><strong>ﬁdeliter</strong></span> <span class='ocrx_word' id='word_1_181' title='bbox 3063 1158 3273 1213; x_wconf 90' lang='lat' dir='ltr'><strong>Domini</strong></span> <span class='ocrx_word' id='word_1_182' title='bbox 3316 1160 3397 1214; x_wconf 91' lang='lat' dir='ltr'><strong>sui</strong></span> <span class='ocrx_word' id='word_1_183' title='bbox 3441 1161 3739 1216; x_wconf 88' lang='lat' dir='ltr'><strong>commissa</strong></span> 
     </span>
    </p>
   </div>
   <div class='ocr_carea' id='block_1_26' title="bbox 2143 1248 3738 1323">
    <p class='ocr_par' dir='ltr' id='par_1_26' title="bbox 2143 1248 3738 1323">
     <span class='ocr_line' id='line_1_26' title="bbox 2143 1248 3738 1323; baseline 0.006 -23"><span class='ocrx_word' id='word_1_184' title='bbox 2143 1248 2415 1317; x_wconf 84' lang='lat' dir='ltr'><strong>dispensat</strong></span> <span class='ocrx_word' id='word_1_185' title='bbox 2443 1248 3021 1304; x_wconf 75' lang='lat' dir='ltr'><strong>desiderabilemillam</strong></span> <span class='ocrx_word' id='word_1_186' title='bbox 3047 1252 3341 1323; x_wconf 84' lang='lat' dir='ltr'><strong>evangelici</strong></span> <span class='ocrx_word' id='word_1_187' title='bbox 3383 1254 3521 1308; x_wconf 86' lang='lat' dir='ltr'><strong>servi</strong></span> <span class='ocrx_word' id='word_1_188' title='bbox 3553 1268 3738 1311; x_wconf 79' lang='lat' dir='ltr'><strong>mere-</strong></span> 
     </span>
    </p>
   </div>
   <div class='ocr_carea' id='block_1_27' title="bbox 2142 1336 3739 1409">
    <p class='ocr_par' dir='ltr' id='par_1_27' title="bbox 2142 1336 3739 1409">
     <span class='ocr_line' id='line_1_27' title="bbox 2142 1336 3739 1409; baseline 0.004 -19"><span class='ocrx_word' id='word_1_189' title='bbox 2142 1346 2231 1390; x_wconf 89' lang='lat' dir='ltr'><strong>tur</strong></span> <span class='ocrx_word' id='word_1_190' title='bbox 2255 1336 2442 1391; x_wconf 86' lang='lat' dir='ltr'><strong>audire</strong></span> <span class='ocrx_word' id='word_1_191' title='bbox 2480 1338 2805 1392; x_wconf 87' lang='lat' dir='ltr'><strong>sententiam</strong></span> <span class='ocrx_word' id='word_1_192' title='bbox 2835 1357 2847 1392; x_wconf 94' lang='lat'><strong>:</strong></span> <span class='ocrx_word' id='word_1_193' title='bbox 2877 1337 3045 1409; x_wconf 82' lang='lat' dir='ltr'><strong>Euge,</strong></span> <span class='ocrx_word' id='word_1_194' title='bbox 3072 1339 3199 1395; x_wconf 86' lang='lat' dir='ltr'><strong>bone</strong></span> <span class='ocrx_word' id='word_1_195' title='bbox 3243 1357 3402 1407; x_wconf 72' lang='lat' dir='ltr'><strong>serve,</strong></span> <span class='ocrx_word' id='word_1_196' title='bbox 3425 1342 3479 1394; x_wconf 87' lang='lat' dir='ltr'><strong>in</strong></span> <span class='ocrx_word' id='word_1_197' title='bbox 3526 1342 3739 1396; x_wconf 86' lang='lat' dir='ltr'><strong>modico</strong></span> 
     </span>
    </p>
   </div>
   <div class='ocr_carea' id='block_1_28' title="bbox 2140 1426 3735 1500">
    <p class='ocr_par' dir='ltr' id='par_1_28' title="bbox 2140 1426 3735 1500">
     <span class='ocr_line' id='line_1_28' title="bbox 2140 1426 3735 1500; baseline 0.004 -21"><span class='ocrx_word' id='word_1_198' title='bbox 2140 1426 2335 1495; x_wconf 76' lang='lat' dir='ltr'><strong>ﬁdelis,</strong></span> <span class='ocrx_word' id='word_1_199' title='bbox 2362 1430 2502 1482; x_wconf 88' lang='lat' dir='ltr'><strong>intra</strong></span> <span class='ocrx_word' id='word_1_200' title='bbox 2529 1429 2583 1481; x_wconf 85' lang='lat' dir='ltr'><strong>in</strong></span> <span class='ocrx_word' id='word_1_201' title='bbox 2625 1430 2877 1500; x_wconf 79' lang='lat' dir='ltr'><strong>gaudium</strong></span> <span class='ocrx_word' id='word_1_202' title='bbox 2908 1430 3120 1483; x_wconf 86' lang='lat' dir='ltr'><strong>Domini</strong></span> <span class='ocrx_word' id='word_1_203' title='bbox 3156 1432 3253 1484; x_wconf 86' lang='lat' dir='ltr'><strong>tui.</strong></span> <span class='ocrx_word' id='word_1_204' title='bbox 3288 1431 3427 1498; x_wconf 86' lang='lat' dir='ltr'><strong>Quid</strong></span> <span class='ocrx_word' id='word_1_205' title='bbox 3472 1440 3553 1485; x_wconf 82' lang='lat' dir='ltr'><strong>est</strong></span> <span class='ocrx_word' id='word_1_206' title='bbox 3586 1432 3735 1485; x_wconf 89' lang='lat' dir='ltr'><strong>enim</strong></span> 
     </span>
    </p>
   </div>
   <div class='ocr_carea' id='block_1_29' title="bbox 2140 1518 3734 1589">
    <p class='ocr_par' dir='ltr' id='par_1_29' title="bbox 2140 1518 3734 1589">
     <span class='ocr_line' id='line_1_29' title="bbox 2140 1518 3734 1589; baseline 0.003 -19"><span class='ocrx_word' id='word_1_207' title='bbox 2140 1518 2429 1588; x_wconf 88' lang='lat' dir='ltr'><strong>gloriosius</strong></span> <span class='ocrx_word' id='word_1_208' title='bbox 2450 1518 2651 1573; x_wconf 89' lang='lat' dir='ltr'><strong>homini</strong></span> <span class='ocrx_word' id='word_1_209' title='bbox 2690 1535 2849 1589; x_wconf 90' lang='lat' dir='ltr'><strong>quam</strong></span> <span class='ocrx_word' id='word_1_210' title='bbox 2879 1520 3008 1575; x_wconf 90' lang='lat' dir='ltr'><strong>dare</strong></span> <span class='ocrx_word' id='word_1_211' title='bbox 3039 1529 3253 1575; x_wconf 84' lang='lat' dir='ltr'><strong>terrena</strong></span> <span class='ocrx_word' id='word_1_212' title='bbox 3301 1530 3355 1577; x_wconf 90' lang='lat' dir='ltr'><strong>et</strong></span> <span class='ocrx_word' id='word_1_213' title='bbox 3400 1522 3734 1586; x_wconf 73' lang='lat' dir='ltr'><strong>transitoria,</strong></span> 
     </span>
    </p>
   </div>
   <div class='ocr_carea' id='block_1_30' title="bbox 2140 1608 3732 1682">
    <p class='ocr_par' dir='ltr' id='par_1_30' title="bbox 2140 1608 3732 1682">
     <span class='ocr_line' id='line_1_30' title="bbox 2140 1608 3732 1682; baseline 0 -19"><span class='ocrx_word' id='word_1_214' title='bbox 2140 1616 2194 1663; x_wconf 90' lang='lat' dir='ltr'><strong>et</strong></span> <span class='ocrx_word' id='word_1_215' title='bbox 2222 1622 2404 1663; x_wconf 90' lang='lat' dir='ltr'><strong>emere</strong></span> <span class='ocrx_word' id='word_1_216' title='bbox 2426 1608 2664 1664; x_wconf 85' lang='lat' dir='ltr'><strong>coelestia</strong></span> <span class='ocrx_word' id='word_1_217' title='bbox 2697 1626 2861 1681; x_wconf 84' lang='lat' dir='ltr'><strong>regna</strong></span> <span class='ocrx_word' id='word_1_218' title='bbox 2893 1654 2907 1677; x_wconf 91' lang='lat'><strong>,</strong></span> <span class='ocrx_word' id='word_1_219' title='bbox 2926 1609 3120 1665; x_wconf 73' lang='lat' dir='ltr'><strong>offerre</strong></span> <span class='ocrx_word' id='word_1_220' title='bbox 3149 1610 3374 1666; x_wconf 89' lang='lat' dir='ltr'><strong>Domino</strong></span> <span class='ocrx_word' id='word_1_221' title='bbox 3406 1612 3732 1682; x_wconf 85' lang='lat' dir='ltr'><strong>acceptissi-</strong></span> 
     </span>
    </p>
   </div>
   <div class='ocr_carea' id='block_1_31' title="bbox 2141 1699 3735 1761">
    <p class='ocr_par' dir='ltr' id='par_1_31' title="bbox 2141 1699 3735 1761">
     <span class='ocr_line' id='line_1_31' title="bbox 2141 1699 3735 1761; baseline 0.005 -12"><span class='ocrx_word' id='word_1_222' title='bbox 2141 1710 2289 1750; x_wconf 90' lang='lat' dir='ltr'><strong>mum</strong></span> <span class='ocrx_word' id='word_1_223' title='bbox 2320 1713 2528 1752; x_wconf 76' lang='lat' dir='ltr'><strong>munus-</strong></span> <span class='ocrx_word' id='word_1_224' title='bbox 2545 1699 2814 1753; x_wconf 88' lang='lat' dir='ltr'><strong>sinceram</strong></span> <span class='ocrx_word' id='word_1_225' title='bbox 2843 1699 3193 1761; x_wconf 81' lang='lat' dir='ltr'><strong>voluntatem,</strong></span> <span class='ocrx_word' id='word_1_226' title='bbox 3229 1710 3284 1754; x_wconf 89' lang='lat' dir='ltr'><strong>et</strong></span> <span class='ocrx_word' id='word_1_227' title='bbox 3307 1702 3514 1756; x_wconf 67' lang='lat' dir='ltr'><strong>devota:</strong></span> <span class='ocrx_word' id='word_1_228' title='bbox 3535 1702 3735 1757; x_wconf 86' lang='lat' dir='ltr'><strong>mentis</strong></span> 
     </span>
    </p>
   </div>
   <div class='ocr_carea' id='block_1_32' title="bbox 2142 1785 3739 1853">
    <p class='ocr_par' dir='ltr' id='par_1_32' title="bbox 2142 1785 3739 1853">
     <span class='ocr_line' id='line_1_32' title="bbox 2142 1785 3739 1853; baseline 0.001 -12"><span class='ocrx_word' id='word_1_229' title='bbox 2142 1785 2465 1843; x_wconf 84' lang='lat' dir='ltr'><strong>industriam</strong></span> <span class='ocrx_word' id='word_1_230' title='bbox 2487 1796 2542 1842; x_wconf 90' lang='lat' dir='ltr'><strong>et</strong></span> <span class='ocrx_word' id='word_1_231' title='bbox 2563 1786 2888 1842; x_wconf 75' lang='lat' dir='ltr'><strong>indefessum</strong></span> <span class='ocrx_word' id='word_1_232' title='bbox 2916 1804 3101 1843; x_wconf 84' lang='lat' dir='ltr'><strong>vocem</strong></span> <span class='ocrx_word' id='word_1_233' title='bbox 3134 1790 3473 1853; x_wconf 80' lang='lat' dir='ltr'><strong>laudationis,</strong></span> <span class='ocrx_word' id='word_1_234' title='bbox 3501 1799 3555 1845; x_wconf 90' lang='lat' dir='ltr'><strong>et</strong></span> <span class='ocrx_word' id='word_1_235' title='bbox 3575 1790 3739 1845; x_wconf 83' lang='lat' dir='ltr'><strong>Chri-</strong></span> 
     </span>
    </p>
   </div>
   <div class='ocr_carea' id='block_1_33' title="bbox 447 1866 2047 1963">
    <p class='ocr_par' dir='ltr' id='par_1_33' title="bbox 447 1866 2041 1963">
     <span class='ocr_line' id='line_1_33' title="bbox 447 1866 2041 1963; baseline 0.004 -19"><span class='ocrx_word' id='word_1_236' title='bbox 447 1866 570 1945; x_wconf 77' lang='lat' dir='ltr'><strong>sent</strong></span> <span class='ocrx_word' id='word_1_237' title='bbox 600 1890 878 1947; x_wconf 80' lang='lat' dir='ltr'><strong>robustius</strong></span> <span class='ocrx_word' id='word_1_238' title='bbox 918 1890 973 1945; x_wconf 90' lang='lat' dir='ltr'><strong>in</strong></span> <span class='ocrx_word' id='word_1_239' title='bbox 1028 1866 1209 1946; x_wconf 79' lang='lat' dir='ltr'><strong>futura</strong></span> <span class='ocrx_word' id='word_1_240' title='bbox 1253 1866 1478 1946; x_wconf 73' lang='lat' dir='ltr'><strong>solidari</strong></span> <span class='ocrx_word' id='word_1_241' title='bbox 1505 1910 1517 1946; x_wconf 89' lang='lat'><strong>:</strong></span> <span class='ocrx_word' id='word_1_242' title='bbox 1543 1894 1687 1963; x_wconf 88' lang='lat' dir='ltr'><strong>quod</strong></span> <span class='ocrx_word' id='word_1_243' title='bbox 1726 1895 1889 1950; x_wconf 91' lang='lat' dir='ltr'><strong>etiam</strong></span> <span class='ocrx_word' id='word_1_244' title='bbox 1920 1866 2041 1950; x_wconf 76' lang='lat' dir='ltr'><strong>ubi-</strong></span> 
     </span>
    </p>
   </div>
   <div class='ocr_carea' id='block_1_34' title="bbox 2157 1866 3736 1963">
    <p class='ocr_par' dir='ltr' id='par_1_34' title="bbox 2157 1878 3736 1949">
     <span class='ocr_line' id='line_1_34' title="bbox 2157 1878 3736 1949; baseline 0.001 -16"><span class='ocrx_word' id='word_1_245' title='bbox 2157 1887 2289 1933; x_wconf 76' lang='lat' dir='ltr'><strong>stum</strong></span> <span class='ocrx_word' id='word_1_246' title='bbox 2317 1879 2599 1946; x_wconf 89' lang='lat' dir='ltr'><strong>comitari,</strong></span> <span class='ocrx_word' id='word_1_247' title='bbox 2624 1893 2747 1933; x_wconf 91' lang='lat' dir='ltr'><strong>cum</strong></span> <span class='ocrx_word' id='word_1_248' title='bbox 2776 1878 2960 1933; x_wconf 86' lang='lat' dir='ltr'><strong>venire</strong></span> <span class='ocrx_word' id='word_1_249' title='bbox 2982 1880 3203 1948; x_wconf 81' lang='lat' dir='ltr'><strong>coeperit</strong></span> <span class='ocrx_word' id='word_1_250' title='bbox 3225 1879 3736 1949; x_wconf 72' lang='lat' dir='ltr'><strong>judicare,coha:res</strong></span> 
     </span>
    </p>
   </div>
   <div class='ocr_carea' id='block_1_35' title="bbox 446 1982 2043 2055">
    <p class='ocr_par' dir='ltr' id='par_1_35' title="bbox 446 1982 2043 2055">
     <span class='ocr_line' id='line_1_35' title="bbox 446 1982 2043 2055; baseline 0.003 -17"><span class='ocrx_word' id='word_1_251' title='bbox 446 1998 660 2043; x_wconf 85' lang='lat' dir='ltr'><strong>cuuaue</strong></span> <span class='ocrx_word' id='word_1_252' title='bbox 682 1982 862 2050; x_wconf 85' lang='lat' dir='ltr'><strong>fuerit,</strong></span> <span class='ocrx_word' id='word_1_253' title='bbox 896 1984 1066 2055; x_wconf 87' lang='lat' dir='ltr'><strong>gratia</strong></span> <span class='ocrx_word' id='word_1_254' title='bbox 1094 1983 1190 2039; x_wconf 88' lang='lat' dir='ltr'><strong>Dei</strong></span> <span class='ocrx_word' id='word_1_255' title='bbox 1220 1983 1420 2039; x_wconf 85' lang='lat' dir='ltr'><strong>factum</strong></span> <span class='ocrx_word' id='word_1_256' title='bbox 1450 1984 1554 2039; x_wconf 90' lang='lat' dir='ltr'><strong>erit</strong></span> <span class='ocrx_word' id='word_1_257' title='bbox 1582 1984 1672 2055; x_wconf 91' lang='lat' dir='ltr'><strong>qui</strong></span> <span class='ocrx_word' id='word_1_258' title='bbox 1705 1985 1838 2039; x_wconf 82' lang='lat' dir='ltr'><strong>vult&#39;</strong></span> <span class='ocrx_word' id='word_1_259' title='bbox 1854 2000 2043 2043; x_wconf 90' lang='lat' dir='ltr'><strong>omnes</strong></span> 
     </span>
    </p>
   </div>
   <div class='ocr_carea' id='block_1_36' title="bbox 448 2075 2040 2147">
    <p class='ocr_par' dir='ltr' id='par_1_36' title="bbox 448 2075 2040 2147">
     <span class='ocr_line' id='line_1_36' title="bbox 448 2075 2040 2147; baseline 0 -16"><span class='ocrx_word' id='word_1_260' title='bbox 448 2075 696 2131; x_wconf 86' lang='lat' dir='ltr'><strong>homines</strong></span> <span class='ocrx_word' id='word_1_261' title='bbox 718 2076 899 2133; x_wconf 89' lang='lat' dir='ltr'><strong>salvos</strong></span> <span class='ocrx_word' id='word_1_262' title='bbox 924 2091 1043 2132; x_wconf 75' lang='lat' dir='ltr'><strong>esse</strong></span> <span class='ocrx_word' id='word_1_263' title='bbox 1084 2083 1140 2131; x_wconf 90' lang='lat' dir='ltr'><strong>et</strong></span> <span class='ocrx_word' id='word_1_264' title='bbox 1164 2076 1230 2130; x_wconf 87' lang='lat' dir='ltr'><strong>ad</strong></span> <span class='ocrx_word' id='word_1_265' title='bbox 1270 2076 1597 2147; x_wconf 74' lang='lat' dir='ltr'><strong>agnitionem</strong></span> <span class='ocrx_word' id='word_1_266' title='bbox 1642 2077 1889 2137; x_wconf 85' lang='lat' dir='ltr'><strong>veritatis</strong></span> <span class='ocrx_word' id='word_1_267' title='bbox 1916 2093 2040 2147; x_wconf 89' lang='lat' dir='ltr'><strong>pcr-</strong></span> 
     </span>
    </p>
   </div>
   <div class='ocr_carea' id='block_1_37' title="bbox 448 2168 2039 2241">
    <p class='ocr_par' dir='ltr' id='par_1_37' title="bbox 448 2168 2039 2241">
     <span class='ocr_line' id='line_1_37' title="bbox 448 2168 2039 2241; baseline 0.001 -19"><span class='ocrx_word' id='word_1_268' title='bbox 448 2169 655 2235; x_wconf 78' lang='lat' dir='ltr'><strong>venire,</strong></span> <span class='ocrx_word' id='word_1_269' title='bbox 680 2169 778 2240; x_wconf 90' lang='lat' dir='ltr'><strong>ipsi</strong></span> <span class='ocrx_word' id='word_1_270' title='bbox 805 2169 976 2241; x_wconf 88' lang='lat' dir='ltr'><strong>gloria</strong></span> <span class='ocrx_word' id='word_1_271' title='bbox 1001 2176 1057 2222; x_wconf 86' lang='lat' dir='ltr'><strong>et</strong></span> <span class='ocrx_word' id='word_1_272' title='bbox 1085 2168 1373 2238; x_wconf 87' lang='lat' dir='ltr'><strong>imperium</strong></span> <span class='ocrx_word' id='word_1_273' title='bbox 1402 2168 1457 2223; x_wconf 91' lang='lat' dir='ltr'><strong>in</strong></span> <span class='ocrx_word' id='word_1_274' title='bbox 1481 2168 1675 2225; x_wconf 60' lang='lat' dir='ltr'><strong>saecula</strong></span> <span class='ocrx_word' id='word_1_275' title='bbox 1699 2169 2039 2225; x_wconf 66' lang='lat' dir='ltr'><strong>saeculorum.</strong></span> 
     </span>
    </p>
   </div>
   <div class='ocr_carea' id='block_1_38' title="bbox 447 2260 641 2316">
    <p class='ocr_par' dir='ltr' id='par_1_38' title="bbox 447 2260 641 2316">
     <span class='ocr_line' id='line_1_38' title="bbox 447 2260 641 2316; baseline -0.005 -1"><span class='ocrx_word' id='word_1_276' title='bbox 447 2260 641 2316; x_wconf 81' lang='lat' dir='ltr'><strong>Amen.</strong></span> 
     </span>
    </p>
   </div>
   <div class='ocr_carea' id='block_1_39' title="bbox 954 2329 1540 2387">
    <p class='ocr_par' dir='ltr' id='par_1_39' title="bbox 954 2329 1540 2387">
     <span class='ocr_line' id='line_1_39' title="bbox 954 2329 1540 2387; baseline -0.002 0"><span class='ocrx_word' id='word_1_277' title='bbox 954 2330 1238 2387; x_wconf 80' lang='lat' dir='ltr'><strong>HOMILIA</strong></span> <span class='ocrx_word' id='word_1_278' title='bbox 1288 2329 1540 2387; x_wconf 75' lang='lat' dir='ltr'><strong>CXLVII.</strong></span> 
     </span>
    </p>
   </div>
   <div class='ocr_carea' id='block_1_40' title="bbox 802 2437 1689 2478">
    <p class='ocr_par' dir='ltr' id='par_1_40' title="bbox 802 2437 1689 2478">
     <span class='ocr_line' id='line_1_40' title="bbox 802 2437 1689 2478; baseline 0 0"><span class='ocrx_word' id='word_1_279' title='bbox 802 2439 856 2478; x_wconf 75' lang='lat' dir='ltr'><strong>IN</strong></span> <span class='ocrx_word' id='word_1_280' title='bbox 902 2437 1100 2478; x_wconf 72' lang='lat' dir='ltr'><strong>NA&#39;I&#39;AIJ</strong></span> <span class='ocrx_word' id='word_1_281' title='bbox 1140 2437 1327 2477; x_wconf 78' lang='lat' dir='ltr'><strong>SANC&#39;I‘I</strong></span> <span class='ocrx_word' id='word_1_282' title='bbox 1378 2439 1689 2478; x_wconf 73' lang='lat' dir='ltr'><strong>LAURENTII.</strong></span> 
     </span>
    </p>
   </div>
   <div class='ocr_carea' id='block_1_41' title="bbox 486 2512 2007 2584">
    <p class='ocr_par' dir='ltr' id='par_1_41' title="bbox 486 2512 2007 2584">
     <span class='ocr_line' id='line_1_41' title="bbox 486 2512 2007 2584; baseline -0.001 -15"><span class='ocrx_word' id='word_1_283' title='bbox 486 2513 671 2569; x_wconf 87' lang='lat' dir='ltr'><strong>Lectio</strong></span> <span class='ocrx_word' id='word_1_284' title='bbox 695 2512 949 2584; x_wconf 74' lang='lat' dir='ltr'><strong>Epistolze</strong></span> <span class='ocrx_word' id='word_1_285' title='bbox 974 2512 1118 2568; x_wconf 81' lang='lat' dir='ltr'><strong>beati</strong></span> <span class='ocrx_word' id='word_1_286' title='bbox 1142 2512 1292 2567; x_wconf 86' lang='lat' dir='ltr'><strong>Pauli</strong></span> <span class='ocrx_word' id='word_1_287' title='bbox 1324 2513 1555 2583; x_wconf 83' lang='lat' dir='ltr'><strong>apostoli</strong></span> <span class='ocrx_word' id='word_1_288' title='bbox 1583 2514 1651 2568; x_wconf 91' lang='lat' dir='ltr'><strong>ad</strong></span> <span class='ocrx_word' id='word_1_289' title='bbox 1679 2512 2007 2570; x_wconf 87' lang='lat' dir='ltr'><strong>Corinthios.</strong></span> 
     </span>
    </p>
   </div>
   <div class='ocr_carea' id='block_1_42' title="bbox 522 2622 2044 2695">
    <p class='ocr_par' dir='ltr' id='par_1_42' title="bbox 522 2622 2044 2695">
     <span class='ocr_line' id='line_1_42' title="bbox 522 2622 2044 2695; baseline 0.001 -18"><span class='ocrx_word' id='word_1_290' title='bbox 522 2622 875 2695; x_wconf 85' lang='lat' dir='ltr'><strong>Fratres,qui</strong></span> <span class='ocrx_word' id='word_1_291' title='bbox 922 2640 1078 2694; x_wconf 88' lang='lat' dir='ltr'><strong>parce</strong></span> <span class='ocrx_word' id='word_1_292' title='bbox 1114 2624 1359 2691; x_wconf 77' lang='lat' dir='ltr'><strong>seminat,</strong></span> <span class='ocrx_word' id='word_1_293' title='bbox 1389 2640 1545 2693; x_wconf 84' lang='lat' dir='ltr'><strong>parce</strong></span> <span class='ocrx_word' id='word_1_294' title='bbox 1586 2633 1635 2678; x_wconf 87' lang='lat' dir='ltr'><strong>et</strong></span> <span class='ocrx_word' id='word_1_295' title='bbox 1676 2632 1931 2689; x_wconf 87' lang='lat' dir='ltr'><strong>metet;et</strong></span> <span class='ocrx_word' id='word_1_296' title='bbox 1955 2625 2044 2695; x_wconf 88' lang='lat' dir='ltr'><strong>qui</strong></span> 
     </span>
    </p>
   </div>
   <div class='ocr_carea' id='block_1_43' title="bbox 448 2714 2045 2779">
    <p class='ocr_par' dir='ltr' id='par_1_43' title="bbox 448 2714 2045 2779">
     <span class='ocr_line' id='line_1_43' title="bbox 448 2714 2045 2779; baseline -0.001 -9"><span class='ocrx_word' id='word_1_297' title='bbox 448 2716 669 2771; x_wconf 88' lang='lat' dir='ltr'><strong>seminat</strong></span> <span class='ocrx_word' id='word_1_298' title='bbox 696 2716 751 2769; x_wconf 89' lang='lat' dir='ltr'><strong>in</strong></span> <span class='ocrx_word' id='word_1_299' title='bbox 783 2714 1247 2779; x_wconf 81' lang='lat' dir='ltr'><strong>benedictionibus,</strong></span> <span class='ocrx_word' id='word_1_300' title='bbox 1296 2714 1360 2770; x_wconf 91' lang='lat' dir='ltr'><strong>de</strong></span> <span class='ocrx_word' id='word_1_301' title='bbox 1389 2714 1832 2771; x_wconf 86' lang='lat' dir='ltr'><strong>benedictionibus</strong></span> <span class='ocrx_word' id='word_1_302' title='bbox 1860 2726 1909 2770; x_wconf 89' lang='lat' dir='ltr'><strong>et</strong></span> <span class='ocrx_word' id='word_1_303' title='bbox 1936 2732 2045 2770; x_wconf 82' lang='lat' dir='ltr'><strong>me-</strong></span> 
     </span>
    </p>
   </div>
   <div class='ocr_carea' id='block_1_44' title="bbox 448 2808 1155 2871">
    <p class='ocr_par' dir='ltr' id='par_1_44' title="bbox 448 2808 1155 2871">
     <span class='ocr_line' id='line_1_44' title="bbox 448 2808 1155 2871; baseline -0.003 -10"><span class='ocrx_word' id='word_1_304' title='bbox 448 2816 520 2861; x_wconf 88' lang='lat' dir='ltr'><strong>tet</strong></span> <span class='ocrx_word' id='word_1_305' title='bbox 550 2808 709 2861; x_wconf 88' lang='lat' dir='ltr'><strong>vitam</strong></span> <span class='ocrx_word' id='word_1_306' title='bbox 734 2814 1010 2871; x_wconf 65' lang='lat' dir='ltr'><strong>aeternam,</strong></span> <span class='ocrx_word' id='word_1_307' title='bbox 1051 2815 1155 2860; x_wconf 89' lang='lat' dir='ltr'><strong>etc.</strong></span> 
     </span>
    </p>
   </div>
   <div class='ocr_carea' id='block_1_45' title="bbox 520 2893 2044 2962">
    <p class='ocr_par' dir='ltr' id='par_1_45' title="bbox 520 2893 2044 2962">
     <span class='ocr_line' id='line_1_45' title="bbox 520 2893 2044 2962; baseline -0.001 -10"><span class='ocrx_word' id='word_1_308' title='bbox 520 2896 670 2952; x_wconf 86' lang='lat' dir='ltr'><strong>Beati</strong></span> <span class='ocrx_word' id='word_1_309' title='bbox 723 2896 1025 2962; x_wconf 87' lang='lat' dir='ltr'><strong>Laurentii,</strong></span> <span class='ocrx_word' id='word_1_310' title='bbox 1076 2894 1273 2950; x_wconf 77' lang='lat' dir='ltr'><strong>fratres</strong></span> <span class='ocrx_word' id='word_1_311' title='bbox 1320 2896 1647 2957; x_wconf 67' lang='lat' dir='ltr'><strong>charissmxi,</strong></span> <span class='ocrx_word' id='word_1_312' title='bbox 1706 2894 1866 2950; x_wconf 86' lang='lat' dir='ltr'><strong>hodie</strong></span> <span class='ocrx_word' id='word_1_313' title='bbox 1908 2893 2044 2950; x_wconf 85' lang='lat' dir='ltr'><strong>festa</strong></span> 
     </span>
    </p>
   </div>
   <div class='ocr_carea' id='block_1_46' title="bbox 452 2986 2046 3057">
    <p class='ocr_par' dir='ltr' id='par_1_46' title="bbox 452 2986 2046 3057">
     <span class='ocr_line' id='line_1_46' title="bbox 452 2986 2046 3057; baseline -0.001 -14"><span class='ocrx_word' id='word_1_314' title='bbox 452 2989 812 3053; x_wconf 82' lang='lat' dir='ltr'><strong>celebramus,</strong></span> <span class='ocrx_word' id='word_1_315' title='bbox 870 2987 962 3057; x_wconf 88' lang='lat' dir='ltr'><strong>qui</strong></span> <span class='ocrx_word' id='word_1_316' title='bbox 1020 2986 1193 3043; x_wconf 86' lang='lat' dir='ltr'><strong>ﬁdelis</strong></span> <span class='ocrx_word' id='word_1_317' title='bbox 1246 2999 1333 3043; x_wconf 87' lang='lat' dir='ltr'><strong>est</strong></span> <span class='ocrx_word' id='word_1_318' title='bbox 1388 2988 1638 3042; x_wconf 88' lang='lat' dir='ltr'><strong>inventus</strong></span> <span class='ocrx_word' id='word_1_319' title='bbox 1698 2988 1906 3042; x_wconf 87' lang='lat' dir='ltr'><strong>Domini</strong></span> <span class='ocrx_word' id='word_1_320' title='bbox 1962 2987 2046 3043; x_wconf 87' lang='lat' dir='ltr'><strong>sui</strong></span> 
     </span>
    </p>
   </div>
   <div class='ocr_carea' id='block_1_47' title="bbox 453 3076 2049 3149">
    <p class='ocr_par' dir='ltr' id='par_1_47' title="bbox 453 3076 2049 3149">
     <span class='ocr_line' id='line_1_47' title="bbox 453 3076 2049 3149; baseline -0.003 -16"><span class='ocrx_word' id='word_1_321' title='bbox 453 3079 798 3149; x_wconf 79' lang='lat' dir='ltr'><strong>dispensator</strong></span> <span class='ocrx_word' id='word_1_322' title='bbox 828 3077 882 3131; x_wconf 90' lang='lat' dir='ltr'><strong>in</strong></span> <span class='ocrx_word' id='word_1_323' title='bbox 924 3078 1199 3143; x_wconf 90' lang='lat' dir='ltr'><strong>omnibus,</strong></span> <span class='ocrx_word' id='word_1_324' title='bbox 1254 3092 1379 3131; x_wconf 91' lang='lat' dir='ltr'><strong>nam</strong></span> <span class='ocrx_word' id='word_1_325' title='bbox 1412 3076 1655 3133; x_wconf 69' lang='lat' dir='ltr'><strong>ecclesiae</strong></span> <span class='ocrx_word' id='word_1_326' title='bbox 1684 3092 1815 3146; x_wconf 87' lang='lat' dir='ltr'><strong>opes</strong></span> <span class='ocrx_word' id='word_1_327' title='bbox 1853 3093 1881 3131; x_wconf 90' lang='lat' dir='ltr'><strong>a</strong></span> <span class='ocrx_word' id='word_1_328' title='bbox 1936 3094 2049 3130; x_wconf 90' lang='lat' dir='ltr'><strong>ma-</strong></span> 
     </span>
    </p>
   </div>
   <div class='ocr_carea' id='block_1_48' title="bbox 453 3168 2042 3239">
    <p class='ocr_par' dir='ltr' id='par_1_48' title="bbox 453 3168 2042 3239">
     <span class='ocr_line' id='line_1_48' title="bbox 453 3168 2042 3239; baseline -0.001 -15"><span class='ocrx_word' id='word_1_329' title='bbox 453 3170 625 3239; x_wconf 78' lang='lat' dir='ltr'><strong>gistro</strong></span> <span class='ocrx_word' id='word_1_330' title='bbox 646 3168 1052 3224; x_wconf 88' lang='lat' dir='ltr'><strong>commendatas</strong></span> <span class='ocrx_word' id='word_1_331' title='bbox 1072 3168 1213 3224; x_wconf 89' lang='lat' dir='ltr'><strong>sicut</strong></span> <span class='ocrx_word' id='word_1_332' title='bbox 1254 3168 1485 3224; x_wconf 73' lang='lat' dir='ltr'><strong>fideliter</strong></span> <span class='ocrx_word' id='word_1_333' title='bbox 1506 3168 1863 3238; x_wconf 86' lang='lat' dir='ltr'><strong>dispensavit,</strong></span> <span class='ocrx_word' id='word_1_334' title='bbox 1900 3169 1970 3223; x_wconf 86' lang='lat' dir='ltr'><strong>ita</strong></span> <span class='ocrx_word' id='word_1_335' title='bbox 2014 3183 2042 3222; x_wconf 90' lang='lat' dir='ltr'><strong>a</strong></span> 
     </span>
    </p>
   </div>
   <div class='ocr_carea' id='block_1_49' title="bbox 457 3257 2047 3325">
    <p class='ocr_par' dir='ltr' id='par_1_49' title="bbox 457 3257 2047 3325">
     <span class='ocr_line' id='line_1_49' title="bbox 457 3257 2047 3325; baseline -0.001 -11"><span class='ocrx_word' id='word_1_336' title='bbox 457 3258 683 3314; x_wconf 91' lang='lat' dir='ltr'><strong>Domino</strong></span> <span class='ocrx_word' id='word_1_337' title='bbox 710 3257 821 3313; x_wconf 91' lang='lat' dir='ltr'><strong>Deo</strong></span> <span class='ocrx_word' id='word_1_338' title='bbox 840 3271 937 3313; x_wconf 89' lang='lat' dir='ltr'><strong>suo</strong></span> <span class='ocrx_word' id='word_1_339' title='bbox 956 3257 1193 3313; x_wconf 86' lang='lat' dir='ltr'><strong>feliciter</strong></span> <span class='ocrx_word' id='word_1_340' title='bbox 1218 3258 1415 3313; x_wconf 89' lang='lat' dir='ltr'><strong>meruit</strong></span> <span class='ocrx_word' id='word_1_341' title='bbox 1440 3257 1718 3325; x_wconf 90' lang='lat' dir='ltr'><strong>coronari;</strong></span> <span class='ocrx_word' id='word_1_342' title='bbox 1745 3259 1885 3313; x_wconf 90' lang='lat' dir='ltr'><strong>unde</strong></span> <span class='ocrx_word' id='word_1_343' title='bbox 1906 3267 1962 3313; x_wconf 92' lang='lat' dir='ltr'><strong>et</strong></span> <span class='ocrx_word' id='word_1_344' title='bbox 1980 3259 2047 3313; x_wconf 90' lang='lat' dir='ltr'><strong>de</strong></span> 
     </span>
    </p>
   </div>
   <div class='ocr_carea' id='block_1_50' title="bbox 456 3348 2047 3421">
    <p class='ocr_par' dir='ltr' id='par_1_50' title="bbox 456 3348 2047 3421">
     <span class='ocr_line' id='line_1_50' title="bbox 456 3348 2047 3421; baseline -0.001 -17"><span class='ocrx_word' id='word_1_345' title='bbox 456 3349 597 3405; x_wconf 80' lang='lat' dir='ltr'><strong>ﬁdeli</strong></span> <span class='ocrx_word' id='word_1_346' title='bbox 625 3350 998 3421; x_wconf 87' lang='lat' dir='ltr'><strong>dispensatore</strong></span> <span class='ocrx_word' id='word_1_347' title='bbox 1025 3364 1265 3420; x_wconf 81' lang='lat' dir='ltr'><strong>praesens</strong></span> <span class='ocrx_word' id='word_1_348' title='bbox 1309 3348 1492 3404; x_wconf 91' lang='lat' dir='ltr'><strong>Lectio</strong></span> <span class='ocrx_word' id='word_1_349' title='bbox 1529 3349 1713 3405; x_wconf 88' lang='lat' dir='ltr'><strong>retulit</strong></span> <span class='ocrx_word' id='word_1_350' title='bbox 1752 3364 1913 3420; x_wconf 88' lang='lat' dir='ltr'><strong>quam</strong></span> <span class='ocrx_word' id='word_1_351' title='bbox 1952 3364 2047 3403; x_wconf 86' lang='lat' dir='ltr'><strong>au-</strong></span> 
     </span>
    </p>
   </div>
   <div class='ocr_carea' id='block_1_51' title="bbox 442 3440 2046 3514">
    <p class='ocr_par' dir='ltr' id='par_1_51' title="bbox 442 3440 2046 3514">
     <span class='ocr_line' id='line_1_51' title="bbox 442 3440 2046 3514; baseline 0 -19"><span class='ocrx_word' id='word_1_352' title='bbox 442 3442 613 3498; x_wconf 81' lang='lat' dir='ltr'><strong>distis</strong></span> <span class='ocrx_word' id='word_1_353' title='bbox 632 3462 650 3497; x_wconf 68' lang='grc' dir='ltr'>ι</span> <span class='ocrx_word' id='word_1_354' title='bbox 682 3440 785 3509; x_wconf 85' lang='lat' dir='ltr'><strong>Qui</strong></span> <span class='ocrx_word' id='word_1_355' title='bbox 812 3460 990 3513; x_wconf 81' lang='lat' dir='ltr'><strong>parce,</strong></span> <span class='ocrx_word' id='word_1_356' title='bbox 1006 3442 1203 3514; x_wconf 79' lang='lat' dir='ltr'><strong>inquit,</strong></span> <span class='ocrx_word' id='word_1_357' title='bbox 1220 3444 1460 3508; x_wconf 85' lang='lat' dir='ltr'><strong>seminat,</strong></span> <span class='ocrx_word' id='word_1_358' title='bbox 1484 3460 1638 3513; x_wconf 83' lang='lat' dir='ltr'><strong>parce</strong></span> <span class='ocrx_word' id='word_1_359' title='bbox 1659 3452 1705 3496; x_wconf 87' lang='lat' dir='ltr'><strong>et</strong></span> <span class='ocrx_word' id='word_1_360' title='bbox 1721 3452 1894 3508; x_wconf 90' lang='lat' dir='ltr'><strong>metet,</strong></span> <span class='ocrx_word' id='word_1_361' title='bbox 1920 3443 2046 3512; x_wconf 83' lang='lat' dir='ltr'><strong>quia</strong></span> 
     </span>
    </p>
   </div>
   <div class='ocr_carea' id='block_1_52' title="bbox 457 3534 2043 3606">
    <p class='ocr_par' dir='ltr' id='par_1_52' title="bbox 457 3534 2043 3606">
     <span class='ocr_line' id='line_1_52' title="bbox 457 3534 2043 3606; baseline -0.002 -17"><span class='ocrx_word' id='word_1_362' title='bbox 457 3544 661 3606; x_wconf 88' lang='lat' dir='ltr'><strong>quanta</strong></span> <span class='ocrx_word' id='word_1_363' title='bbox 695 3535 781 3591; x_wconf 92' lang='lat' dir='ltr'><strong>hic</strong></span> <span class='ocrx_word' id='word_1_364' title='bbox 804 3535 1035 3606; x_wconf 88' lang='lat' dir='ltr'><strong>quisque</strong></span> <span class='ocrx_word' id='word_1_365' title='bbox 1080 3550 1178 3605; x_wconf 90' lang='lat' dir='ltr'><strong>pro</strong></span> <span class='ocrx_word' id='word_1_366' title='bbox 1208 3534 1435 3589; x_wconf 91' lang='lat' dir='ltr'><strong>Domino</strong></span> <span class='ocrx_word' id='word_1_367' title='bbox 1475 3534 1540 3588; x_wconf 88' lang='lat' dir='ltr'><strong>de</strong></span> <span class='ocrx_word' id='word_1_368' title='bbox 1573 3535 1813 3589; x_wconf 88' lang='lat' dir='ltr'><strong>terrenis</strong></span> <span class='ocrx_word' id='word_1_369' title='bbox 1848 3535 1965 3588; x_wconf 88' lang='lat' dir='ltr'><strong>istis</strong></span> <span class='ocrx_word' id='word_1_370' title='bbox 1994 3540 2043 3587; x_wconf 87' lang='lat' dir='ltr'><strong>et</strong></span> 
     </span>
    </p>
   </div>
   <div class='ocr_carea' id='block_1_53' title="bbox 446 3612 2042 3695">
    <p class='ocr_par' dir='ltr' id='par_1_53' title="bbox 446 3612 2042 3695">
     <span class='ocr_line' id='line_1_53' title="bbox 446 3612 2042 3695; baseline 0.001 -16"><span class='ocrx_word' id='word_1_371' title='bbox 446 3626 788 3681; x_wconf 57' lang='lat' dir='ltr'><strong>transitoriis</strong></span> <span class='ocrx_word' id='word_1_372' title='bbox 810 3612 1041 3691; x_wconf 68' lang='lat' dir='ltr'><strong>dederit,</strong></span> <span class='ocrx_word' id='word_1_373' title='bbox 1065 3634 1211 3680; x_wconf 85' lang='lat' dir='ltr'><strong>tanta</strong></span> <span class='ocrx_word' id='word_1_374' title='bbox 1259 3625 1314 3679; x_wconf 89' lang='lat' dir='ltr'><strong>in</strong></span> <span class='ocrx_word' id='word_1_375' title='bbox 1341 3624 1522 3680; x_wconf 89' lang='lat' dir='ltr'><strong>futuro</strong></span> <span class='ocrx_word' id='word_1_376' title='bbox 1552 3626 1778 3695; x_wconf 88' lang='lat' dir='ltr'><strong>recipiet</strong></span> <span class='ocrx_word' id='word_1_377' title='bbox 1803 3626 2042 3694; x_wconf 64' lang='lat' dir='ltr'><strong>praemia,</strong></span> 
     </span>
    </p>
   </div>
   <div class='ocr_carea' id='block_1_54' title="bbox 459 3715 2047 3786">
    <p class='ocr_par' dir='ltr' id='par_1_54' title="bbox 459 3715 2047 3786">
     <span class='ocr_line' id='line_1_54' title="bbox 459 3715 2047 3786; baseline -0.002 -14"><span class='ocrx_word' id='word_1_378' title='bbox 459 3717 504 3773; x_wconf 88' lang='lat' dir='ltr'><strong>si</strong></span> <span class='ocrx_word' id='word_1_379' title='bbox 536 3733 597 3771; x_wconf 89' lang='lat' dir='ltr'><strong>ea</strong></span> <span class='ocrx_word' id='word_1_380' title='bbox 640 3718 782 3771; x_wconf 90' lang='lat' dir='ltr'><strong>bono</strong></span> <span class='ocrx_word' id='word_1_381' title='bbox 811 3732 875 3771; x_wconf 89' lang='lat' dir='ltr'><strong>ac</strong></span> <span class='ocrx_word' id='word_1_382' title='bbox 923 3716 1152 3786; x_wconf 89' lang='lat' dir='ltr'><strong>simplici</strong></span> <span class='ocrx_word' id='word_1_383' title='bbox 1198 3716 1407 3771; x_wconf 82' lang='lat' dir='ltr'><strong>dederit</strong></span> <span class='ocrx_word' id='word_1_384' title='bbox 1455 3715 1673 3781; x_wconf 89' lang='lat' dir='ltr'><strong>animo;</strong></span> <span class='ocrx_word' id='word_1_385' title='bbox 1706 3715 1857 3770; x_wconf 90' lang='lat' dir='ltr'><strong>multi</strong></span> <span class='ocrx_word' id='word_1_386' title='bbox 1904 3718 2047 3770; x_wconf 88' lang='lat' dir='ltr'><strong>enim</strong></span> 
     </span>
    </p>
   </div>
   <div class='ocr_carea' id='block_1_55' title="bbox 454 3806 2049 3877">
    <p class='ocr_par' dir='ltr' id='par_1_55' title="bbox 454 3806 2049 3877">
     <span class='ocr_line' id='line_1_55' title="bbox 454 3806 2049 3877; baseline 0 -16"><span class='ocrx_word' id='word_1_387' title='bbox 454 3807 626 3861; x_wconf 85' lang='lat' dir='ltr'><strong>multa</strong></span> <span class='ocrx_word' id='word_1_388' title='bbox 654 3808 919 3863; x_wconf 89' lang='lat' dir='ltr'><strong>donantes</strong></span> <span class='ocrx_word' id='word_1_389' title='bbox 962 3808 1198 3877; x_wconf 88' lang='lat' dir='ltr'><strong>perdunt</strong></span> <span class='ocrx_word' id='word_1_390' title='bbox 1242 3806 1569 3873; x_wconf 85' lang='lat' dir='ltr'><strong>mercedem,</strong></span> <span class='ocrx_word' id='word_1_391' title='bbox 1600 3808 1728 3877; x_wconf 88' lang='lat' dir='ltr'><strong>quia</strong></span> <span class='ocrx_word' id='word_1_392' title='bbox 1786 3807 2049 3877; x_wconf 88' lang='lat' dir='ltr'><strong>recipiunt</strong></span> 
     </span>
    </p>
   </div>
   <div class='ocr_carea' id='block_1_56' title="bbox 460 3900 2049 3973">
    <p class='ocr_par' dir='ltr' id='par_1_56' title="bbox 460 3900 2049 3973">
     <span class='ocr_line' id='line_1_56' title="bbox 460 3900 2049 3973; baseline 0.001 -17"><span class='ocrx_word' id='word_1_393' title='bbox 460 3902 529 3956; x_wconf 88' lang='lat' dir='ltr'><strong>ab</strong></span> <span class='ocrx_word' id='word_1_394' title='bbox 555 3901 863 3955; x_wconf 91' lang='lat' dir='ltr'><strong>hominibus</strong></span> <span class='ocrx_word' id='word_1_395' title='bbox 908 3917 1069 3971; x_wconf 91' lang='lat' dir='ltr'><strong>quam</strong></span> <span class='ocrx_word' id='word_1_396' title='bbox 1100 3901 1394 3971; x_wconf 86' lang='lat' dir='ltr'><strong>exquirunt</strong></span> <span class='ocrx_word' id='word_1_397' title='bbox 1422 3900 1655 3958; x_wconf 90' lang='lat' dir='ltr'><strong>Iaudem.</strong></span> <span class='ocrx_word' id='word_1_398' title='bbox 1691 3902 1838 3958; x_wconf 89' lang='lat' dir='ltr'><strong>Unde</strong></span> <span class='ocrx_word' id='word_1_399' title='bbox 1871 3904 2049 3973; x_wconf 84' lang='lat' dir='ltr'><strong>sequi-</strong></span> 
     </span>
    </p>
   </div>
   <div class='ocr_carea' id='block_1_57' title="bbox 452 3991 2051 4061">
    <p class='ocr_par' dir='ltr' id='par_1_57' title="bbox 452 3991 2051 4061">
     <span class='ocr_line' id='line_1_57' title="bbox 452 3991 2051 4061; baseline 0.001 -16"><span class='ocrx_word' id='word_1_400' title='bbox 452 3999 568 4055; x_wconf 83' lang='lat' dir='ltr'><strong>tur,</strong></span> <span class='ocrx_word' id='word_1_401' title='bbox 592 4002 640 4045; x_wconf 91' lang='lat' dir='ltr'><strong>et</strong></span> <span class='ocrx_word' id='word_1_402' title='bbox 666 3991 756 4061; x_wconf 83' lang='lat' dir='ltr'><strong>qui</strong></span> <span class='ocrx_word' id='word_1_403' title='bbox 778 3992 1001 4045; x_wconf 80' lang='lat' dir='ltr'><strong>seminat</strong></span> <span class='ocrx_word' id='word_1_404' title='bbox 1044 3991 1098 4045; x_wconf 89' lang='lat' dir='ltr'><strong>in</strong></span> <span class='ocrx_word' id='word_1_405' title='bbox 1125 3992 1565 4046; x_wconf 86' lang='lat' dir='ltr'><strong>benedictionibus</strong></span> <span class='ocrx_word' id='word_1_406' title='bbox 1594 3991 1658 4047; x_wconf 88' lang='lat' dir='ltr'><strong>de</strong></span> <span class='ocrx_word' id='word_1_407' title='bbox 1682 3992 2051 4048; x_wconf 86' lang='lat' dir='ltr'><strong>benedictioni-</strong></span> 
     </span>
    </p>
   </div>
   <div class='ocr_carea' id='block_1_58' title="bbox 462 4083 2049 4156">
    <p class='ocr_par' dir='ltr' id='par_1_58' title="bbox 462 4083 2049 4156">
     <span class='ocr_line' id='line_1_58' title="bbox 462 4083 2049 4156; baseline 0.001 -17"><span class='ocrx_word' id='word_1_408' title='bbox 462 4086 555 4139; x_wconf 88' lang='lat' dir='ltr'><strong>bus</strong></span> <span class='ocrx_word' id='word_1_409' title='bbox 588 4094 635 4139; x_wconf 89' lang='lat' dir='ltr'><strong>et</strong></span> <span class='ocrx_word' id='word_1_410' title='bbox 659 4092 831 4148; x_wconf 84' lang='lat' dir='ltr'><strong>metet,</strong></span> <span class='ocrx_word' id='word_1_411' title='bbox 857 4100 917 4138; x_wconf 86' lang='lat' dir='ltr'><strong>ac</strong></span> <span class='ocrx_word' id='word_1_412' title='bbox 939 4083 983 4138; x_wconf 83' lang='lat' dir='ltr'><strong>si</strong></span> <span class='ocrx_word' id='word_1_413' title='bbox 1001 4084 1235 4139; x_wconf 84' lang='lat' dir='ltr'><strong>diceret:</strong></span> <span class='ocrx_word' id='word_1_414' title='bbox 1262 4084 1361 4151; x_wconf 84' lang='lat' dir='ltr'><strong>Qui</strong></span> <span class='ocrx_word' id='word_1_415' title='bbox 1385 4084 1584 4139; x_wconf 90' lang='lat' dir='ltr'><strong>bonum</strong></span> <span class='ocrx_word' id='word_1_416' title='bbox 1611 4085 1752 4154; x_wconf 92' lang='lat' dir='ltr'><strong>quod</strong></span> <span class='ocrx_word' id='word_1_417' title='bbox 1779 4092 1957 4156; x_wconf 86' lang='lat' dir='ltr'><strong>potest</strong></span> <span class='ocrx_word' id='word_1_418' title='bbox 1986 4100 2049 4140; x_wconf 89' lang='lat' dir='ltr'><strong>ea</strong></span> 
     </span>
    </p>
   </div>
   <div class='ocr_carea' id='block_1_59' title="bbox 463 4173 2051 4244">
    <p class='ocr_par' dir='ltr' id='par_1_59' title="bbox 463 4173 2051 4244">
     <span class='ocr_line' id='line_1_59' title="bbox 463 4173 2051 4244; baseline 0.002 -15"><span class='ocrx_word' id='word_1_419' title='bbox 463 4182 672 4229; x_wconf 87' lang='lat' dir='ltr'><strong>tantum</strong></span> <span class='ocrx_word' id='word_1_420' title='bbox 693 4174 989 4231; x_wconf 85' lang='lat' dir='ltr'><strong>intentione</strong></span> <span class='ocrx_word' id='word_1_421' title='bbox 1017 4175 1149 4244; x_wconf 85' lang='lat' dir='ltr'><strong>agit,</strong></span> <span class='ocrx_word' id='word_1_422' title='bbox 1169 4182 1228 4227; x_wconf 91' lang='lat' dir='ltr'><strong>ut</strong></span> <span class='ocrx_word' id='word_1_423' title='bbox 1253 4173 1431 4228; x_wconf 84' lang='lat' dir='ltr'><strong>futura</strong></span> <span class='ocrx_word' id='word_1_424' title='bbox 1463 4183 1515 4228; x_wconf 90' lang='lat' dir='ltr'><strong>et</strong></span> <span class='ocrx_word' id='word_1_425' title='bbox 1539 4184 1740 4229; x_wconf 63' lang='lat' dir='ltr'><strong>aeterna</strong></span> <span class='ocrx_word' id='word_1_426' title='bbox 1763 4191 1793 4230; x_wconf 90' lang='lat' dir='ltr'><strong>a</strong></span> <span class='ocrx_word' id='word_1_427' title='bbox 1824 4177 2051 4233; x_wconf 90' lang='lat' dir='ltr'><strong>Domino</strong></span> 
     </span>
    </p>
   </div>
   <div class='ocr_carea' id='block_1_60' title="bbox 466 4262 2049 4334">
    <p class='ocr_par' dir='ltr' id='par_1_60' title="bbox 466 4262 2049 4334">
     <span class='ocr_line' id='line_1_60' title="bbox 466 4262 2049 4334; baseline 0.002 -17"><span class='ocrx_word' id='word_1_428' title='bbox 466 4264 690 4334; x_wconf 88' lang='lat' dir='ltr'><strong>recipiat</strong></span> <span class='ocrx_word' id='word_1_429' title='bbox 707 4265 945 4333; x_wconf 69' lang='lat' dir='ltr'><strong>praemia,</strong></span> <span class='ocrx_word' id='word_1_430' title='bbox 965 4263 1270 4317; x_wconf 87' lang='lat' dir='ltr'><strong>econtrario</strong></span> <span class='ocrx_word' id='word_1_431' title='bbox 1292 4262 1496 4317; x_wconf 88' lang='lat' dir='ltr'><strong>fructus</strong></span> <span class='ocrx_word' id='word_1_432' title='bbox 1514 4262 1640 4318; x_wconf 90' lang='lat' dir='ltr'><strong>boni</strong></span> <span class='ocrx_word' id='word_1_433' title='bbox 1663 4264 1883 4319; x_wconf 89' lang='lat' dir='ltr'><strong>seminis</strong></span> <span class='ocrx_word' id='word_1_434' title='bbox 1905 4279 2049 4320; x_wconf 83' lang='lat' dir='ltr'><strong>mes-</strong></span> 
     </span>
    </p>
   </div>
   <div class='ocr_carea' id='block_1_61' title="bbox 463 4354 1267 4423">
    <p class='ocr_par' dir='ltr' id='par_1_61' title="bbox 463 4354 1267 4423">
     <span class='ocr_line' id='line_1_61' title="bbox 463 4354 1267 4423; baseline -0.005 -12"><span class='ocrx_word' id='word_1_435' title='bbox 463 4368 625 4411; x_wconf 88' lang='lat' dir='ltr'><strong>surus</strong></span> <span class='ocrx_word' id='word_1_436' title='bbox 648 4362 731 4410; x_wconf 89' lang='lat' dir='ltr'><strong>est</strong></span> <span class='ocrx_word' id='word_1_437' title='bbox 757 4356 811 4409; x_wconf 91' lang='lat' dir='ltr'><strong>in</strong></span> <span class='ocrx_word' id='word_1_438' title='bbox 840 4354 1050 4410; x_wconf 70' lang='lat' dir='ltr'><strong>cmlesti</strong></span> <span class='ocrx_word' id='word_1_439' title='bbox 1074 4354 1267 4423; x_wconf 88' lang='lat' dir='ltr'><strong>patria.</strong></span> 
     </span>
    </p>
   </div>
   <div class='ocr_carea' id='block_1_62' title="bbox 2072 3219 2117 3280">
    <p class='ocr_par' dir='ltr' id='par_1_62' title="bbox 2072 3219 2117 3280">
     <span class='ocr_line' id='line_1_62' title="bbox 2072 3219 2117 3280; baseline 0 0"><span class='ocrx_word' id='word_1_440' title='bbox 2072 3219 2117 3280; x_wconf 90' lang='lat' dir='ltr'><strong>C</strong></span> 
     </span>
    </p>
   </div>
   <div class='ocr_carea' id='block_1_63' title="bbox 2144 1969 3731 2043">
    <p class='ocr_par' dir='ltr' id='par_1_63' title="bbox 2144 1969 3731 2043">
     <span class='ocr_line' id='line_1_63' title="bbox 2144 1969 3731 2043; baseline 0 -18"><span class='ocrx_word' id='word_1_441' title='bbox 2144 1969 2345 2025; x_wconf 84' lang='lat' dir='ltr'><strong>Christi</strong></span> <span class='ocrx_word' id='word_1_442' title='bbox 2387 1970 2549 2026; x_wconf 79' lang='lat' dir='ltr'><strong>fieri?</strong></span> <span class='ocrx_word' id='word_1_443' title='bbox 2586 1970 2791 2041; x_wconf 86' lang='lat' dir='ltr'><strong>angelis</strong></span> <span class='ocrx_word' id='word_1_444' title='bbox 2838 1971 3149 2040; x_wconf 64' lang='lat' dir='ltr'><strong>adsequari?</strong></span> <span class='ocrx_word' id='word_1_445' title='bbox 3186 1971 3521 2027; x_wconf 87' lang='lat' dir='ltr'><strong>Honoremus</strong></span> <span class='ocrx_word' id='word_1_446' title='bbox 3547 1972 3731 2043; x_wconf 89' lang='lat' dir='ltr'><strong>igitur,</strong></span> 
     </span>
    </p>
   </div>
   <div class='ocr_carea' id='block_1_64' title="bbox 2144 2060 3735 2133">
    <p class='ocr_par' dir='ltr' id='par_1_64' title="bbox 2144 2060 3735 2133">
     <span class='ocr_line' id='line_1_64' title="bbox 2144 2060 3735 2133; baseline 0.001 -17"><span class='ocrx_word' id='word_1_447' title='bbox 2144 2061 2341 2117; x_wconf 83' lang='lat' dir='ltr'><strong>fratres</strong></span> <span class='ocrx_word' id='word_1_448' title='bbox 2364 2062 2688 2127; x_wconf 87' lang='lat' dir='ltr'><strong>cbarissimi,</strong></span> <span class='ocrx_word' id='word_1_449' title='bbox 2716 2061 2931 2117; x_wconf 88' lang='lat' dir='ltr'><strong>beatum</strong></span> <span class='ocrx_word' id='word_1_450' title='bbox 2953 2061 3320 2129; x_wconf 89' lang='lat' dir='ltr'><strong>Laurentium,</strong></span> <span class='ocrx_word' id='word_1_451' title='bbox 3350 2062 3443 2133; x_wconf 86' lang='lat' dir='ltr'><strong>qui</strong></span> <span class='ocrx_word' id='word_1_452' title='bbox 3471 2061 3595 2116; x_wconf 91' lang='lat' dir='ltr'><strong>dum</strong></span> <span class='ocrx_word' id='word_1_453' title='bbox 3623 2060 3735 2118; x_wconf 83' lang='lat' dir='ltr'><strong>ﬁde</strong></span> 
     </span>
    </p>
   </div>
   <div class='ocr_carea' id='block_1_65' title="bbox 2145 2152 3735 2224">
    <p class='ocr_par' dir='ltr' id='par_1_65' title="bbox 2145 2152 3735 2224">
     <span class='ocr_line' id='line_1_65' title="bbox 2145 2152 3735 2224; baseline -0.001 -15"><span class='ocrx_word' id='word_1_454' title='bbox 2145 2170 2241 2209; x_wconf 90' lang='lat' dir='ltr'><strong>sua</strong></span> <span class='ocrx_word' id='word_1_455' title='bbox 2282 2155 2645 2224; x_wconf 86' lang='lat' dir='ltr'><strong>persecutoris</strong></span> <span class='ocrx_word' id='word_1_456' title='bbox 2697 2154 2943 2210; x_wconf 84' lang='lat' dir='ltr'><strong>flammas</strong></span> <span class='ocrx_word' id='word_1_457' title='bbox 2997 2155 3146 2220; x_wconf 80' lang='lat' dir='ltr'><strong>vicit,</strong></span> <span class='ocrx_word' id='word_1_458' title='bbox 3178 2155 3415 2210; x_wconf 88' lang='lat' dir='ltr'><strong>ostendit</strong></span> <span class='ocrx_word' id='word_1_459' title='bbox 3450 2152 3604 2208; x_wconf 91' lang='lat' dir='ltr'><strong>nobis</strong></span> <span class='ocrx_word' id='word_1_460' title='bbox 3632 2168 3735 2223; x_wconf 88' lang='lat' dir='ltr'><strong>per</strong></span> 
     </span>
    </p>
   </div>
   <div class='ocr_carea' id='block_1_66' title="bbox 2145 2245 3735 2316">
    <p class='ocr_par' dir='ltr' id='par_1_66' title="bbox 2145 2245 3735 2316">
     <span class='ocr_line' id='line_1_66' title="bbox 2145 2245 3735 2316; baseline -0.001 -17"><span class='ocrx_word' id='word_1_461' title='bbox 2145 2246 2323 2316; x_wconf 88' lang='lat' dir='ltr'><strong>ignem</strong></span> <span class='ocrx_word' id='word_1_462' title='bbox 2350 2245 2471 2300; x_wconf 86' lang='lat' dir='ltr'><strong>ﬁdei</strong></span> <span class='ocrx_word' id='word_1_463' title='bbox 2502 2245 2759 2315; x_wconf 61' lang='lat' dir='ltr'><strong>gehennae</strong></span> <span class='ocrx_word' id='word_1_464' title='bbox 2789 2245 3038 2300; x_wconf 89' lang='lat' dir='ltr'><strong>incendia</strong></span> <span class='ocrx_word' id='word_1_465' title='bbox 3079 2245 3345 2316; x_wconf 89' lang='lat' dir='ltr'><strong>superari.</strong></span> <span class='ocrx_word' id='word_1_466' title='bbox 3387 2245 3735 2301; x_wconf 84' lang='lat' dir='ltr'><strong>Gaudeamus</strong></span> 
     </span>
    </p>
   </div>
   <div class='ocr_carea' id='block_1_67' title="bbox 2143 2334 3734 2409">
    <p class='ocr_par' dir='ltr' id='par_1_67' title="bbox 2143 2334 3734 2409">
     <span class='ocr_line' id='line_1_67' title="bbox 2143 2334 3734 2409; baseline -0.002 -17"><span class='ocrx_word' id='word_1_467' title='bbox 2143 2352 2357 2409; x_wconf 89' lang='lat' dir='ltr'><strong>quoque</strong></span> <span class='ocrx_word' id='word_1_468' title='bbox 2403 2339 2600 2409; x_wconf 86' lang='lat' dir='ltr'><strong>gaudio</strong></span> <span class='ocrx_word' id='word_1_469' title='bbox 2654 2337 2906 2406; x_wconf 88' lang='lat' dir='ltr'><strong>spiritali,</strong></span> <span class='ocrx_word' id='word_1_470' title='bbox 2950 2345 3004 2391; x_wconf 91' lang='lat' dir='ltr'><strong>et</strong></span> <span class='ocrx_word' id='word_1_471' title='bbox 3056 2338 3121 2392; x_wconf 89' lang='lat' dir='ltr'><strong>dc</strong></span> <span class='ocrx_word' id='word_1_472' title='bbox 3150 2337 3445 2392; x_wconf 88' lang='lat' dir='ltr'><strong>felicissimi</strong></span> <span class='ocrx_word' id='word_1_473' title='bbox 3476 2335 3576 2390; x_wconf 83' lang='lat' dir='ltr'><strong>viri</strong></span> <span class='ocrx_word' id='word_1_474' title='bbox 3621 2334 3734 2389; x_wconf 83' lang='lat' dir='ltr'><strong>fine</strong></span> 
     </span>
    </p>
   </div>
   <div class='ocr_carea' id='block_1_68' title="bbox 2144 2424 3734 2498">
    <p class='ocr_par' dir='ltr' id='par_1_68' title="bbox 2144 2424 3734 2498">
     <span class='ocr_line' id='line_1_68' title="bbox 2144 2424 3734 2498; baseline 0.001 -19"><span class='ocrx_word' id='word_1_475' title='bbox 2144 2426 2440 2498; x_wconf 86' lang='lat' dir='ltr'><strong>gloriemur</strong></span> <span class='ocrx_word' id='word_1_476' title='bbox 2467 2427 2521 2481; x_wconf 89' lang='lat' dir='ltr'><strong>in</strong></span> <span class='ocrx_word' id='word_1_477' title='bbox 2576 2427 2822 2491; x_wconf 90' lang='lat' dir='ltr'><strong>Domino,</strong></span> <span class='ocrx_word' id='word_1_478' title='bbox 2857 2424 3010 2495; x_wconf 87' lang='lat' dir='ltr'><strong>cujus</strong></span> <span class='ocrx_word' id='word_1_479' title='bbox 3042 2428 3285 2481; x_wconf 88' lang='lat' dir='ltr'><strong>oratione</strong></span> <span class='ocrx_word' id='word_1_480' title='bbox 3329 2436 3385 2481; x_wconf 85' lang='lat' dir='ltr'><strong>et</strong></span> <span class='ocrx_word' id='word_1_481' title='bbox 3429 2424 3734 2497; x_wconf 83' lang='lat' dir='ltr'><strong>patrocinio</strong></span> 
     </span>
    </p>
   </div>
   <div class='ocr_carea' id='block_1_69' title="bbox 2144 2514 3734 2585">
    <p class='ocr_par' dir='ltr' id='par_1_69' title="bbox 2144 2514 3734 2585">
     <span class='ocr_line' id='line_1_69' title="bbox 2144 2514 3734 2585; baseline 0 -14"><span class='ocrx_word' id='word_1_482' title='bbox 2144 2515 2385 2585; x_wconf 85' lang='lat' dir='ltr'><strong>adjuvari</strong></span> <span class='ocrx_word' id='word_1_483' title='bbox 2420 2532 2516 2573; x_wconf 91' lang='lat' dir='ltr'><strong>nos</strong></span> <span class='ocrx_word' id='word_1_484' title='bbox 2542 2518 2658 2573; x_wconf 88' lang='lat' dir='ltr'><strong>sine</strong></span> <span class='ocrx_word' id='word_1_485' title='bbox 2684 2517 2984 2572; x_wconf 80' lang='lat' dir='ltr'><strong>cessatione</strong></span> <span class='ocrx_word' id='word_1_486' title='bbox 3024 2516 3364 2579; x_wconf 83' lang='lat' dir='ltr'><strong>conﬁdimus,</strong></span> <span class='ocrx_word' id='word_1_487' title='bbox 3396 2518 3441 2572; x_wconf 89' lang='lat' dir='ltr'><strong>si</strong></span> <span class='ocrx_word' id='word_1_488' title='bbox 3487 2514 3601 2583; x_wconf 80' lang='lat' dir='ltr'><strong>ejus</strong></span> <span class='ocrx_word' id='word_1_489' title='bbox 3638 2531 3734 2570; x_wconf 83' lang='lat' dir='ltr'><strong>so-</strong></span> 
     </span>
    </p>
   </div>
   <div class='ocr_carea' id='block_1_70' title="bbox 2144 2608 3736 2680">
    <p class='ocr_par' dir='ltr' id='par_1_70' title="bbox 2144 2608 3736 2680">
     <span class='ocr_line' id='line_1_70' title="bbox 2144 2608 3736 2680; baseline 0 -17"><span class='ocrx_word' id='word_1_490' title='bbox 2144 2610 2340 2666; x_wconf 90' lang='lat' dir='ltr'><strong>lemnia</strong></span> <span class='ocrx_word' id='word_1_491' title='bbox 2369 2610 2546 2680; x_wconf 87' lang='lat' dir='ltr'><strong>dignis</strong></span> <span class='ocrx_word' id='word_1_492' title='bbox 2574 2609 2815 2663; x_wconf 89' lang='lat' dir='ltr'><strong>moribus</strong></span> <span class='ocrx_word' id='word_1_493' title='bbox 2856 2617 2910 2663; x_wconf 91' lang='lat' dir='ltr'><strong>et</strong></span> <span class='ocrx_word' id='word_1_494' title='bbox 2956 2609 3160 2664; x_wconf 87' lang='lat' dir='ltr'><strong>sanctis</strong></span> <span class='ocrx_word' id='word_1_495' title='bbox 3204 2608 3459 2678; x_wconf 87' lang='lat' dir='ltr'><strong>operibus</strong></span> <span class='ocrx_word' id='word_1_496' title='bbox 3492 2608 3736 2663; x_wconf 79' lang='lat' dir='ltr'><strong>celebre-</strong></span> 
     </span>
    </p>
   </div>
   <div class='ocr_carea' id='block_1_71' title="bbox 2144 2700 3735 2771">
    <p class='ocr_par' dir='ltr' id='par_1_71' title="bbox 2144 2700 3735 2771">
     <span class='ocr_line' id='line_1_71' title="bbox 2144 2700 3735 2771; baseline -0.001 -15"><span class='ocrx_word' id='word_1_497' title='bbox 2144 2718 2294 2767; x_wconf 91' lang='lat' dir='ltr'><strong>mus;</strong></span> <span class='ocrx_word' id='word_1_498' title='bbox 2322 2703 2736 2757; x_wconf 87' lang='lat' dir='ltr'><strong>corroboremus</strong></span> <span class='ocrx_word' id='word_1_499' title='bbox 2761 2716 2859 2755; x_wconf 88' lang='lat' dir='ltr'><strong>nos</strong></span> <span class='ocrx_word' id='word_1_500' title='bbox 2887 2701 3116 2756; x_wconf 90' lang='lat' dir='ltr'><strong>invicem</strong></span> <span class='ocrx_word' id='word_1_501' title='bbox 3142 2701 3334 2771; x_wconf 90' lang='lat' dir='ltr'><strong>spiritu</strong></span> <span class='ocrx_word' id='word_1_502' title='bbox 3360 2702 3643 2756; x_wconf 88' lang='lat' dir='ltr'><strong>charitatis</strong></span> <span class='ocrx_word' id='word_1_503' title='bbox 3664 2700 3735 2755; x_wconf 89' lang='lat' dir='ltr'><strong>ad</strong></span> 
     </span>
    </p>
   </div>
   <div class='ocr_carea' id='block_1_72' title="bbox 2144 2794 3734 2865">
    <p class='ocr_par' dir='ltr' id='par_1_72' title="bbox 2144 2794 3734 2865">
     <span class='ocr_line' id='line_1_72' title="bbox 2144 2794 3734 2865; baseline -0.003 -14"><span class='ocrx_word' id='word_1_504' title='bbox 2144 2796 2477 2865; x_wconf 78' lang='lat' dir='ltr'><strong>superandus</strong></span> <span class='ocrx_word' id='word_1_505' title='bbox 2514 2810 2704 2850; x_wconf 86' lang='lat' dir='ltr'><strong>omnes</strong></span> <span class='ocrx_word' id='word_1_506' title='bbox 2752 2794 3078 2850; x_wconf 88' lang='lat' dir='ltr'><strong>tentationcs</strong></span> <span class='ocrx_word' id='word_1_507' title='bbox 3122 2803 3177 2849; x_wconf 90' lang='lat' dir='ltr'><strong>et</strong></span> <span class='ocrx_word' id='word_1_508' title='bbox 3234 2794 3479 2857; x_wconf 86' lang='lat' dir='ltr'><strong>insidias,</strong></span> <span class='ocrx_word' id='word_1_509' title='bbox 3531 2794 3734 2847; x_wconf 88' lang='lat' dir='ltr'><strong>mirum</strong></span> 
     </span>
    </p>
   </div>
   <div class='ocr_carea' id='block_1_73' title="bbox 2144 2887 3738 2954">
    <p class='ocr_par' dir='ltr' id='par_1_73' title="bbox 2144 2887 3738 2954">
     <span class='ocr_line' id='line_1_73' title="bbox 2144 2887 3738 2954; baseline -0.004 -8"><span class='ocrx_word' id='word_1_510' title='bbox 2144 2901 2454 2946; x_wconf 86' lang='lat' dir='ltr'><strong>constantes</strong></span> <span class='ocrx_word' id='word_1_511' title='bbox 2480 2890 2671 2954; x_wconf 89' lang='lat' dir='ltr'><strong>simus,</strong></span> <span class='ocrx_word' id='word_1_512' title='bbox 2701 2897 2754 2945; x_wconf 93' lang='lat' dir='ltr'><strong>et</strong></span> <span class='ocrx_word' id='word_1_513' title='bbox 2781 2890 2833 2943; x_wconf 91' lang='lat' dir='ltr'><strong>in</strong></span> <span class='ocrx_word' id='word_1_514' title='bbox 2874 2888 3019 2943; x_wconf 90' lang='lat' dir='ltr'><strong>omni</strong></span> <span class='ocrx_word' id='word_1_515' title='bbox 3068 2889 3210 2943; x_wconf 90' lang='lat' dir='ltr'><strong>bono</strong></span> <span class='ocrx_word' id='word_1_516' title='bbox 3237 2887 3516 2941; x_wconf 85' lang='lat' dir='ltr'><strong>unanimes</strong></span> <span class='ocrx_word' id='word_1_517' title='bbox 3543 2894 3738 2941; x_wconf 85' lang='lat' dir='ltr'><strong>contra</strong></span> 
     </span>
    </p>
   </div>
   <div class='ocr_carea' id='block_1_74' title="bbox 2145 2978 3737 3050">
    <p class='ocr_par' dir='ltr' id='par_1_74' title="bbox 2145 2978 3737 3050">
     <span class='ocr_line' id='line_1_74' title="bbox 2145 2978 3737 3050; baseline -0.004 -13"><span class='ocrx_word' id='word_1_518' title='bbox 2145 2982 2385 3037; x_wconf 86' lang='lat' dir='ltr'><strong>omnium</strong></span> <span class='ocrx_word' id='word_1_519' title='bbox 2412 2980 2667 3035; x_wconf 85' lang='lat' dir='ltr'><strong>vitiorum</strong></span> <span class='ocrx_word' id='word_1_520' title='bbox 2719 2979 2967 3035; x_wconf 89' lang='lat' dir='ltr'><strong>stimulos</strong></span> <span class='ocrx_word' id='word_1_521' title='bbox 3012 2978 3135 3033; x_wconf 84' lang='lat' dir='ltr'><strong>fidei</strong></span> <span class='ocrx_word' id='word_1_522' title='bbox 3186 2979 3373 3050; x_wconf 77' lang='lat' dir='ltr'><strong>clypeo</strong></span> <span class='ocrx_word' id='word_1_523' title='bbox 3401 2978 3737 3043; x_wconf 86' lang='lat' dir='ltr'><strong>muniamur,</strong></span> 
     </span>
    </p>
   </div>
   <div class='ocr_carea' id='block_1_75' title="bbox 2146 3068 3741 3141">
    <p class='ocr_par' dir='ltr' id='par_1_75' title="bbox 2146 3068 3741 3141">
     <span class='ocr_line' id='line_1_75' title="bbox 2146 3068 3741 3141; baseline -0.001 -16"><span class='ocrx_word' id='word_1_524' title='bbox 2146 3086 2242 3141; x_wconf 87' lang='lat' dir='ltr'><strong>per</strong></span> <span class='ocrx_word' id='word_1_525' title='bbox 2269 3086 2393 3126; x_wconf 91' lang='lat' dir='ltr'><strong>eum</strong></span> <span class='ocrx_word' id='word_1_526' title='bbox 2421 3069 2514 3139; x_wconf 89' lang='lat' dir='ltr'><strong>qui</strong></span> <span class='ocrx_word' id='word_1_527' title='bbox 2555 3069 2685 3124; x_wconf 85' lang='lat' dir='ltr'><strong>vicit</strong></span> <span class='ocrx_word' id='word_1_528' title='bbox 2714 3069 2982 3124; x_wconf 90' lang='lat' dir='ltr'><strong>diabolum</strong></span> <span class='ocrx_word' id='word_1_529' title='bbox 3008 3076 3063 3124; x_wconf 89' lang='lat' dir='ltr'><strong>et</strong></span> <span class='ocrx_word' id='word_1_530' title='bbox 3114 3069 3270 3123; x_wconf 87' lang='lat' dir='ltr'><strong>nobis</strong></span> <span class='ocrx_word' id='word_1_531' title='bbox 3323 3068 3469 3123; x_wconf 90' lang='lat' dir='ltr'><strong>illum</strong></span> <span class='ocrx_word' id='word_1_532' title='bbox 3514 3068 3741 3124; x_wconf 85' lang='lat' dir='ltr'><strong>vincere</strong></span> 
     </span>
    </p>
   </div>
   <div class='ocr_carea' id='block_1_76' title="bbox 2147 3159 3743 3226">
    <p class='ocr_par' dir='ltr' id='par_1_76' title="bbox 2147 3159 3743 3226">
     <span class='ocr_line' id='line_1_76' title="bbox 2147 3159 3743 3226; baseline 0 -11"><span class='ocrx_word' id='word_1_533' title='bbox 2147 3161 2512 3217; x_wconf 85' lang='lat' dir='ltr'><strong>valetudinem</strong></span> <span class='ocrx_word' id='word_1_534' title='bbox 2544 3160 2710 3226; x_wconf 90' lang='lat' dir='ltr'><strong>dedit,</strong></span> <span class='ocrx_word' id='word_1_535' title='bbox 2740 3160 2898 3216; x_wconf 82' lang='lat' dir='ltr'><strong>Jesus</strong></span> <span class='ocrx_word' id='word_1_536' title='bbox 2949 3159 3197 3216; x_wconf 87' lang='lat' dir='ltr'><strong>Christus</strong></span> <span class='ocrx_word' id='word_1_537' title='bbox 3246 3160 3504 3214; x_wconf 86' lang='lat' dir='ltr'><strong>Dominus</strong></span> <span class='ocrx_word' id='word_1_538' title='bbox 3550 3168 3743 3215; x_wconf 84' lang='lat' dir='ltr'><strong>noster</strong></span> 
     </span>
    </p>
   </div>
   <div class='ocr_carea' id='block_1_77' title="bbox 2148 3250 3589 3322">
    <p class='ocr_par' dir='ltr' id='par_1_77' title="bbox 2148 3250 3589 3322">
     <span class='ocr_line' id='line_1_77' title="bbox 2148 3250 3589 3322; baseline -0.001 -14"><span class='ocrx_word' id='word_1_539' title='bbox 2148 3252 2237 3308; x_wconf 91' lang='lat' dir='ltr'><strong>cui</strong></span> <span class='ocrx_word' id='word_1_540' title='bbox 2264 3251 2383 3307; x_wconf 93' lang='lat' dir='ltr'><strong>laus</strong></span> <span class='ocrx_word' id='word_1_541' title='bbox 2406 3261 2462 3307; x_wconf 91' lang='lat' dir='ltr'><strong>et</strong></span> <span class='ocrx_word' id='word_1_542' title='bbox 2490 3251 2657 3322; x_wconf 86' lang='lat' dir='ltr'><strong>gloria</strong></span> <span class='ocrx_word' id='word_1_543' title='bbox 2676 3266 2775 3321; x_wconf 88' lang='lat' dir='ltr'><strong>per</strong></span> <span class='ocrx_word' id='word_1_544' title='bbox 2795 3266 2983 3306; x_wconf 90' lang='lat' dir='ltr'><strong>omnes</strong></span> <span class='ocrx_word' id='word_1_545' title='bbox 3012 3250 3369 3306; x_wconf 72' lang='lat' dir='ltr'><strong>mternitatcs.</strong></span> <span class='ocrx_word' id='word_1_546' title='bbox 3396 3251 3589 3307; x_wconf 86' lang='lat' dir='ltr'><strong>Amen.</strong></span> 
     </span>
    </p>
   </div>
   <div class='ocr_carea' id='block_1_78' title="bbox 2644 3382 3232 3439">
    <p class='ocr_par' dir='ltr' id='par_1_78' title="bbox 2644 3382 3232 3439">
     <span class='ocr_line' id='line_1_78' title="bbox 2644 3382 3232 3439; baseline 0.002 -2"><span class='ocrx_word' id='word_1_547' title='bbox 2644 3382 2920 3438; x_wconf 77' lang='lat' dir='ltr'><strong>HOMILIA</strong></span> <span class='ocrx_word' id='word_1_548' title='bbox 2962 3382 3232 3439; x_wconf 81' lang='lat' dir='ltr'><strong>CXLVIII.</strong></span> 
     </span>
    </p>
   </div>
   <div class='ocr_carea' id='block_1_79' title="bbox 2699 3508 3186 3548">
    <p class='ocr_par' dir='ltr' id='par_1_79' title="bbox 2699 3508 3186 3548">
     <span class='ocr_line' id='line_1_79' title="bbox 2699 3508 3186 3548; baseline -0.004 -1"><span class='ocrx_word' id='word_1_549' title='bbox 2699 3509 2750 3547; x_wconf 80' lang='lat' dir='ltr'><strong>IN</strong></span> <span class='ocrx_word' id='word_1_550' title='bbox 2786 3508 2957 3547; x_wconf 68' lang='lat' dir='ltr'><strong>EODEM</strong></span> <span class='ocrx_word' id='word_1_551' title='bbox 2999 3508 3186 3548; x_wconf 78' lang='lat' dir='ltr'><strong>FESTO.</strong></span> 
     </span>
    </p>
   </div>
   <div class='ocr_carea' id='block_1_80' title="bbox 2290 3604 3587 3674">
    <p class='ocr_par' dir='ltr' id='par_1_80' title="bbox 2290 3604 3587 3674">
     <span class='ocr_line' id='line_1_80' title="bbox 2290 3604 3587 3674; baseline -0.002 -13"><span class='ocrx_word' id='word_1_552' title='bbox 2290 3607 2476 3663; x_wconf 91' lang='lat' dir='ltr'><strong>Lectio</strong></span> <span class='ocrx_word' id='word_1_553' title='bbox 2505 3607 2677 3662; x_wconf 86' lang='lat' dir='ltr'><strong>sancti</strong></span> <span class='ocrx_word' id='word_1_554' title='bbox 2702 3604 2971 3674; x_wconf 74' lang='lat' dir='ltr'><strong>Evangelii</strong></span> <span class='ocrx_word' id='word_1_555' title='bbox 2992 3605 3285 3660; x_wconf 89' lang='lat' dir='ltr'><strong>secundum</strong></span> <span class='ocrx_word' id='word_1_556' title='bbox 3307 3604 3587 3660; x_wconf 81' lang='lat' dir='ltr'><strong>Joannem.</strong></span> 
     </span>
    </p>
   </div>
   <div class='ocr_carea' id='block_1_81' title="bbox 2221 3715 3747 3791">
    <p class='ocr_par' dir='ltr' id='par_1_81' title="bbox 2221 3715 3747 3791">
     <span class='ocr_line' id='line_1_81' title="bbox 2221 3715 3747 3791; baseline -0.005 -15"><span class='ocrx_word' id='word_1_557' title='bbox 2221 3722 2288 3776; x_wconf 80' lang='lat' dir='ltr'><strong>In</strong></span> <span class='ocrx_word' id='word_1_558' title='bbox 2311 3721 2402 3776; x_wconf 87' lang='lat' dir='ltr'><strong>illo</strong></span> <span class='ocrx_word' id='word_1_559' title='bbox 2434 3731 2677 3791; x_wconf 82' lang='lat' dir='ltr'><strong>tempore,</strong></span> <span class='ocrx_word' id='word_1_560' title='bbox 2708 3721 2841 3773; x_wconf 58' lang='lat' dir='ltr'><strong>dixit</strong></span> <span class='ocrx_word' id='word_1_561' title='bbox 2869 3718 3025 3772; x_wconf 74' lang='lat' dir='ltr'><strong>Iesus</strong></span> <span class='ocrx_word' id='word_1_562' title='bbox 3054 3718 3325 3788; x_wconf 85' lang='lat' dir='ltr'><strong>discipulis</strong></span> <span class='ocrx_word' id='word_1_563' title='bbox 3347 3718 3455 3771; x_wconf 87' lang='lat' dir='ltr'><strong>suis</strong></span> <span class='ocrx_word' id='word_1_564' title='bbox 3486 3732 3503 3770; x_wconf 91' lang='lat'><strong><em>:</em></strong></span> <span class='ocrx_word' id='word_1_565' title='bbox 3550 3715 3747 3779; x_wconf 80' lang='lat' dir='ltr'><strong>Amen,</strong></span> 
     </span>
    </p>
   </div>
   <div class='ocr_carea' id='block_1_82' title="bbox 2150 3808 3752 3879">
    <p class='ocr_par' dir='ltr' id='par_1_82' title="bbox 2150 3808 3752 3879">
     <span class='ocr_line' id='line_1_82' title="bbox 2150 3808 3752 3879; baseline -0.004 -13"><span class='ocrx_word' id='word_1_566' title='bbox 2150 3829 2301 3867; x_wconf 87' lang='lat' dir='ltr'><strong>amen</strong></span> <span class='ocrx_word' id='word_1_567' title='bbox 2327 3812 2442 3865; x_wconf 79' lang='lat' dir='ltr'><strong>dico</strong></span> <span class='ocrx_word' id='word_1_568' title='bbox 2471 3810 2631 3876; x_wconf 81' lang='lat' dir='ltr'><strong>vobis,</strong></span> <span class='ocrx_word' id='word_1_569' title='bbox 2667 3811 2769 3863; x_wconf 87' lang='lat' dir='ltr'><strong>nisi</strong></span> <span class='ocrx_word' id='word_1_570' title='bbox 2797 3826 3017 3879; x_wconf 83' lang='lat' dir='ltr'><strong>granum</strong></span> <span class='ocrx_word' id='word_1_571' title='bbox 3054 3808 3303 3877; x_wconf 81' lang='lat' dir='ltr'><strong>frumenti</strong></span> <span class='ocrx_word' id='word_1_572' title='bbox 3346 3809 3533 3861; x_wconf 88' lang='lat' dir='ltr'><strong>cadens</strong></span> <span class='ocrx_word' id='word_1_573' title='bbox 3562 3808 3613 3861; x_wconf 87' lang='lat' dir='ltr'><strong>in</strong></span> <span class='ocrx_word' id='word_1_574' title='bbox 3643 3817 3752 3860; x_wconf 90' lang='lat' dir='ltr'><strong>ter—</strong></span> 
     </span>
    </p>
   </div>
   <div class='ocr_carea' id='block_1_83' title="bbox 2151 3896 3750 3970">
    <p class='ocr_par' dir='ltr' id='par_1_83' title="bbox 2151 3896 3750 3970">
     <span class='ocr_line' id='line_1_83' title="bbox 2151 3896 3750 3970; baseline -0.006 -11"><span class='ocrx_word' id='word_1_575' title='bbox 2151 3922 2264 3959; x_wconf 83' lang='lat' dir='ltr'><strong>ram</strong></span> <span class='ocrx_word' id='word_1_576' title='bbox 2295 3913 2559 3958; x_wconf 85' lang='lat' dir='ltr'><strong>mortuum</strong></span> <span class='ocrx_word' id='word_1_577' title='bbox 2608 3900 2787 3970; x_wconf 85' lang='lat' dir='ltr'><strong>fuerit,</strong></span> <span class='ocrx_word' id='word_1_578' title='bbox 2836 3900 3003 3969; x_wconf 82' lang='lat' dir='ltr'><strong>ipsum</strong></span> <span class='ocrx_word' id='word_1_579' title='bbox 3046 3896 3217 3951; x_wconf 85' lang='lat' dir='ltr'><strong>solum</strong></span> <span class='ocrx_word' id='word_1_580' title='bbox 3254 3907 3463 3961; x_wconf 87' lang='lat' dir='ltr'><strong>manet;</strong></span> <span class='ocrx_word' id='word_1_581' title='bbox 3492 3897 3536 3950; x_wconf 86' lang='lat' dir='ltr'><strong>si</strong></span> <span class='ocrx_word' id='word_1_582' title='bbox 3563 3906 3750 3949; x_wconf 81' lang='lat' dir='ltr'><strong>autem</strong></span> 
     </span>
    </p>
   </div>
   <div class='ocr_carea' id='block_1_84' title="bbox 2151 3989 3336 4065">
    <p class='ocr_par' dir='ltr' id='par_1_84' title="bbox 2151 3989 3336 4065">
     <span class='ocr_line' id='line_1_84' title="bbox 2151 3989 3336 4065; baseline -0.008 -16"><span class='ocrx_word' id='word_1_583' title='bbox 2151 4004 2416 4050; x_wconf 90' lang='lat' dir='ltr'><strong>mortuum</strong></span> <span class='ocrx_word' id='word_1_584' title='bbox 2444 3993 2622 4065; x_wconf 79' lang='lat' dir='ltr'><strong>fuerit,</strong></span> <span class='ocrx_word' id='word_1_585' title='bbox 2652 3990 2872 4045; x_wconf 89' lang='lat' dir='ltr'><strong>multum</strong></span> <span class='ocrx_word' id='word_1_586' title='bbox 2904 3990 3135 4060; x_wconf 77' lang='lat' dir='ltr'><strong>fructum</strong></span> <span class='ocrx_word' id='word_1_587' title='bbox 3165 3989 3336 4056; x_wconf 72' lang='lat' dir='ltr'><strong>a/fert.</strong></span> 
     </span>
    </p>
   </div>
   <div class='ocr_carea' id='block_1_85' title="bbox 2226 4076 3741 4154">
    <p class='ocr_par' dir='ltr' id='par_1_85' title="bbox 2226 4076 3741 4154">
     <span class='ocr_line' id='line_1_85' title="bbox 2226 4076 3741 4154; baseline -0.009 -11"><span class='ocrx_word' id='word_1_588' title='bbox 2226 4087 2296 4143; x_wconf 91' lang='lat' dir='ltr'><strong>Se</strong></span> <span class='ocrx_word' id='word_1_589' title='bbox 2319 4086 2532 4143; x_wconf 89' lang='lat' dir='ltr'><strong>dicebat</strong></span> <span class='ocrx_word' id='word_1_590' title='bbox 2559 4086 2732 4154; x_wconf 87' lang='lat' dir='ltr'><strong>ipsum</strong></span> <span class='ocrx_word' id='word_1_591' title='bbox 2761 4098 2880 4138; x_wconf 88' lang='lat' dir='ltr'><strong>esse</strong></span> <span class='ocrx_word' id='word_1_592' title='bbox 2918 4080 3349 4136; x_wconf 85' lang='lat' dir='ltr'><strong>tuortilicandum</strong></span> <span class='ocrx_word' id='word_1_593' title='bbox 3397 4086 3450 4131; x_wconf 87' lang='lat' dir='ltr'><strong>et</strong></span> <span class='ocrx_word' id='word_1_594' title='bbox 3477 4076 3741 4145; x_wconf 83' lang='lat' dir='ltr'><strong>multipli-</strong></span> 
     </span>
    </p>
   </div>
   <div class='ocr_carea' id='block_1_86' title="bbox 2153 4166 3749 4233">
    <p class='ocr_par' dir='ltr' id='par_1_86' title="bbox 2153 4166 3749 4233">
     <span class='ocr_line' id='line_1_86' title="bbox 2153 4166 3749 4233; baseline -0.007 0"><span class='ocrx_word' id='word_1_595' title='bbox 2153 4178 2384 4233; x_wconf 89' lang='lat' dir='ltr'><strong>candum</strong></span> <span class='ocrx_word' id='word_1_596' title='bbox 2413 4194 2426 4230; x_wconf 86' lang='lat'><strong>:</strong></span> <span class='ocrx_word' id='word_1_597' title='bbox 2459 4175 2891 4230; x_wconf 80' lang='lat' dir='ltr'><strong>mortificandum</strong></span> <span class='ocrx_word' id='word_1_598' title='bbox 2943 4172 2994 4225; x_wconf 91' lang='lat' dir='ltr'><strong>in</strong></span> <span class='ocrx_word' id='word_1_599' title='bbox 3050 4169 3366 4225; x_wconf 81' lang='lat' dir='ltr'><strong>infidelitate</strong></span> <span class='ocrx_word' id='word_1_600' title='bbox 3408 4166 3749 4233; x_wconf 67' lang='lat' dir='ltr'><strong>Iudaeorum,</strong></span> 
     </span>
    </p>
   </div>
   <div class='ocr_carea' id='block_1_87' title="bbox 2153 4259 3751 4338">
    <p class='ocr_par' dir='ltr' id='par_1_87' title="bbox 2153 4259 3751 4338">
     <span class='ocr_line' id='line_1_87' title="bbox 2153 4259 3751 4338; baseline -0.007 -14"><span class='ocrx_word' id='word_1_601' title='bbox 2153 4266 2615 4338; x_wconf 85' lang='lat' dir='ltr'><strong>tnultiplicandum</strong></span> <span class='ocrx_word' id='word_1_602' title='bbox 2651 4263 2754 4319; x_wconf 83' lang='lat' dir='ltr'><strong>fide</strong></span> <span class='ocrx_word' id='word_1_603' title='bbox 2795 4263 3035 4319; x_wconf 89' lang='lat' dir='ltr'><strong>omnium</strong></span> <span class='ocrx_word' id='word_1_604' title='bbox 3078 4260 3427 4329; x_wconf 89' lang='lat' dir='ltr'><strong>populorum;</strong></span> <span class='ocrx_word' id='word_1_605' title='bbox 3469 4259 3581 4328; x_wconf 86' lang='lat' dir='ltr'><strong>jam</strong></span> <span class='ocrx_word' id='word_1_606' title='bbox 3608 4274 3751 4314; x_wconf 82' lang='lat' dir='ltr'><strong>vero</strong></span> 
     </span>
    </p>
   </div>
   <div class='ocr_carea' id='block_1_88' title="bbox 2153 4349 3755 4426">
    <p class='ocr_par' dir='ltr' id='par_1_88' title="bbox 2153 4349 3755 4426">
     <span class='ocr_line' id='line_1_88' title="bbox 2153 4349 3755 4426; baseline -0.007 -11"><span class='ocrx_word' id='word_1_607' title='bbox 2153 4362 2447 4416; x_wconf 82' lang='lat' dir='ltr'><strong>exhortans</strong></span> <span class='ocrx_word' id='word_1_608' title='bbox 2474 4359 2541 4412; x_wconf 90' lang='lat' dir='ltr'><strong>ad</strong></span> <span class='ocrx_word' id='word_1_609' title='bbox 2569 4357 2835 4426; x_wconf 86' lang='lat' dir='ltr'><strong>passionis</strong></span> <span class='ocrx_word' id='word_1_610' title='bbox 2887 4369 2997 4410; x_wconf 73' lang='lat' dir='ltr'><strong>sua:</strong></span> <span class='ocrx_word' id='word_1_611' title='bbox 3046 4349 3296 4407; x_wconf 83' lang='lat' dir='ltr'><strong>sectanda</strong></span> <span class='ocrx_word' id='word_1_612' title='bbox 3328 4350 3573 4421; x_wconf 82' lang='lat' dir='ltr'><strong>vestigia,</strong></span> <span class='ocrx_word' id='word_1_613' title='bbox 3613 4351 3755 4404; x_wconf 74' lang='lat' dir='ltr'><strong>sub-</strong></span> 
     </span>
    </p>
   </div>
   <div class='ocr_carea' id='block_1_89' title="bbox 540 4444 2377 4521">
    <p class='ocr_par' dir='ltr' id='par_1_89' title="bbox 540 4444 2377 4521">
     <span class='ocr_line' id='line_1_89' title="bbox 540 4444 2377 4521; baseline 0.002 -21"><span class='ocrx_word' id='word_1_614' title='bbox 540 4445 903 4517; x_wconf 82' lang='lat' dir='ltr'><strong>Unusquisque</strong></span> <span class='ocrx_word' id='word_1_615' title='bbox 939 4454 1093 4516; x_wconf 80' lang='lat' dir='ltr'><strong>prout</strong></span> <span class='ocrx_word' id='word_1_616' title='bbox 1132 4444 1406 4499; x_wconf 80' lang='lat' dir='ltr'><strong>destinavit</strong></span> <span class='ocrx_word' id='word_1_617' title='bbox 1436 4445 1491 4500; x_wconf 87' lang='lat' dir='ltr'><strong>in</strong></span> <span class='ocrx_word' id='word_1_618' title='bbox 1529 4446 1684 4500; x_wconf 82' lang='lat' dir='ltr'><strong>corde</strong></span> <span class='ocrx_word' id='word_1_619' title='bbox 1713 4462 1832 4511; x_wconf 88' lang='lat' dir='ltr'><strong>suo,</strong></span> <span class='ocrx_word' id='word_1_620' title='bbox 1861 4462 1962 4501; x_wconf 89' lang='lat' dir='ltr'><strong>non</strong></span> <span class='ocrx_word' id='word_1_621' title='bbox 1990 4463 2054 4501; x_wconf 77' lang='lat' dir='ltr'><strong>ex</strong></span> <span class='ocrx_word' id='word_1_622' title='bbox 2150 4451 2329 4521; x_wconf 89' lang='lat' dir='ltr'><strong>jungit</strong></span> <span class='ocrx_word' id='word_1_623' title='bbox 2365 4467 2377 4502; x_wconf 90' lang='lat'><strong>:</strong></span> 
     </span>
    </p>
   </div>
   <div class='ocr_carea' id='block_1_90' title="bbox 466 4530 3756 4617">
    <p class='ocr_par' dir='ltr' id='par_1_90' title="bbox 466 4530 3756 4617">
     <span class='ocr_line' id='line_1_90' title="bbox 466 4530 3756 4617; baseline -0.002 -25"><span class='ocrx_word' id='word_1_624' title='bbox 466 4538 704 4603; x_wconf 82' lang='lat' dir='ltr'><strong>tristitia,</strong></span> <span class='ocrx_word' id='word_1_625' title='bbox 730 4547 819 4590; x_wconf 89' lang='lat' dir='ltr'><strong>aut</strong></span> <span class='ocrx_word' id='word_1_626' title='bbox 856 4553 931 4590; x_wconf 74' lang='lat' dir='ltr'><strong>ex</strong></span> <span class='ocrx_word' id='word_1_627' title='bbox 960 4536 1278 4591; x_wconf 83' lang='lat' dir='ltr'><strong>necessitate.</strong></span> <span class='ocrx_word' id='word_1_628' title='bbox 1328 4536 1383 4591; x_wconf 91' lang='lat' dir='ltr'><strong>Id</strong></span> <span class='ocrx_word' id='word_1_629' title='bbox 1425 4544 1525 4602; x_wconf 88' lang='lat' dir='ltr'><strong>est,</strong></span> <span class='ocrx_word' id='word_1_630' title='bbox 1561 4537 1914 4605; x_wconf 87' lang='lat' dir='ltr'><strong>voluntarius,</strong></span> <span class='ocrx_word' id='word_1_631' title='bbox 1944 4555 2049 4595; x_wconf 88' lang='lat' dir='ltr'><strong>non</strong></span> <span class='ocrx_word' id='word_1_632' title='bbox 2080 4558 2130 4617; x_wconf 73' lang='grc' dir='ltr'><strong>Ι)</strong></span> <span class='ocrx_word' id='word_1_633' title='bbox 2228 4539 2330 4606; x_wconf 85' lang='lat' dir='ltr'><strong>Qui</strong></span> <span class='ocrx_word' id='word_1_634' title='bbox 2359 4546 2501 4593; x_wconf 90' lang='lat' dir='ltr'><strong>amat</strong></span> <span class='ocrx_word' id='word_1_635' title='bbox 2527 4539 2759 4593; x_wconf 87' lang='lat' dir='ltr'><strong>animam</strong></span> <span class='ocrx_word' id='word_1_636' title='bbox 2782 4551 2954 4599; x_wconf 84' lang='lat' dir='ltr'><strong>suam,</strong></span> <span class='ocrx_word' id='word_1_637' title='bbox 2985 4533 3160 4605; x_wconf 86' lang='lat' dir='ltr'><strong>perdet</strong></span> <span class='ocrx_word' id='word_1_638' title='bbox 3184 4548 3298 4588; x_wconf 85' lang='lat' dir='ltr'><strong>eam</strong></span> <span class='ocrx_word' id='word_1_639' title='bbox 3320 4549 3339 4595; x_wconf 86' lang='lat'><strong><em>;</em></strong></span> <span class='ocrx_word' id='word_1_640' title='bbox 3362 4532 3503 4601; x_wconf 74' lang='lat' dir='ltr'><strong>quod</strong></span> <span class='ocrx_word' id='word_1_641' title='bbox 3534 4530 3756 4586; x_wconf 87' lang='lat' dir='ltr'><strong>duobus</strong></span> 
     </span>
    </p>
   </div>
   <div class='ocr_carea' id='block_1_91' title="bbox 466 4626 1035 4697">
    <p class='ocr_par' dir='ltr' id='par_1_91' title="bbox 466 4626 1035 4697">
     <span class='ocr_line' id='line_1_91' title="bbox 466 4626 1035 4697; baseline -0.005 -15"><span class='ocrx_word' id='word_1_642' title='bbox 466 4637 711 4689; x_wconf 86' lang='lat' dir='ltr'><strong>coactus.</strong></span> <span class='ocrx_word' id='word_1_643' title='bbox 747 4626 1002 4697; x_wconf 87' lang='lat' dir='ltr'><strong>Sequitur</strong></span> <span class='ocrx_word' id='word_1_644' title='bbox 1023 4644 1035 4680; x_wconf 88' lang='lat'>:</span> 
     </span>
    </p>
   </div>
   <div class='ocr_carea' id='block_1_92' title="bbox 545 4715 2057 4788">
    <p class='ocr_par' dir='ltr' id='par_1_92' title="bbox 545 4715 2057 4788">
     <span class='ocr_line' id='line_1_92' title="bbox 545 4715 2057 4788; baseline 0.003 -19"><span class='ocrx_word' id='word_1_645' title='bbox 545 4716 783 4770; x_wconf 84' lang='lat' dir='ltr'><strong>Hilarem</strong></span> <span class='ocrx_word' id='word_1_646' title='bbox 806 4716 943 4769; x_wconf 85' lang='lat' dir='ltr'><strong>enim</strong></span> <span class='ocrx_word' id='word_1_647' title='bbox 964 4715 1197 4769; x_wconf 86' lang='lat' dir='ltr'><strong>datorem</strong></span> <span class='ocrx_word' id='word_1_648' title='bbox 1227 4715 1397 4787; x_wconf 84' lang='lat' dir='ltr'><strong>diligit</strong></span> <span class='ocrx_word' id='word_1_649' title='bbox 1424 4715 1582 4781; x_wconf 88' lang='lat' dir='ltr'><strong>Deus,</strong></span> <span class='ocrx_word' id='word_1_650' title='bbox 1618 4717 1843 4788; x_wconf 89' lang='lat' dir='ltr'><strong>ideoque</strong></span> <span class='ocrx_word' id='word_1_651' title='bbox 1872 4734 2057 4774; x_wconf 86' lang='lat' dir='ltr'><strong>secun-</strong></span> 
     </span>
    </p>
   </div>
   <div class='ocr_carea' id='block_1_93' title="bbox 470 4804 2059 4874">
    <p class='ocr_par' dir='ltr' id='par_1_93' title="bbox 470 4804 2059 4874">
     <span class='ocr_line' id='line_1_93' title="bbox 470 4804 2059 4874; baseline 0.001 -11"><span class='ocrx_word' id='word_1_652' title='bbox 470 4808 596 4863; x_wconf 92' lang='lat' dir='ltr'><strong>dum</strong></span> <span class='ocrx_word' id='word_1_653' title='bbox 630 4807 772 4862; x_wconf 90' lang='lat' dir='ltr'><strong>illam</strong></span> <span class='ocrx_word' id='word_1_654' title='bbox 804 4806 1065 4861; x_wconf 87' lang='lat' dir='ltr'><strong>faciamus</strong></span> <span class='ocrx_word' id='word_1_655' title='bbox 1103 4804 1409 4861; x_wconf 91' lang='lat' dir='ltr'><strong>Salomonis</strong></span> <span class='ocrx_word' id='word_1_656' title='bbox 1444 4810 1788 4874; x_wconf 89' lang='lat' dir='ltr'><strong>sententiam,</strong></span> <span class='ocrx_word' id='word_1_657' title='bbox 1835 4810 1889 4865; x_wconf 86' lang='lat' dir='ltr'><strong>in</strong></span> <span class='ocrx_word' id='word_1_658' title='bbox 1918 4812 2059 4865; x_wconf 87' lang='lat' dir='ltr'><strong>omni</strong></span> 
     </span>
    </p>
   </div>
   <div class='ocr_carea' id='block_1_94' title="bbox 470 4896 2059 4968">
    <p class='ocr_par' dir='ltr' id='par_1_94' title="bbox 470 4896 2059 4968">
     <span class='ocr_line' id='line_1_94' title="bbox 470 4896 2059 4968; baseline 0.001 -16"><span class='ocrx_word' id='word_1_659' title='bbox 470 4898 595 4952; x_wconf 84' lang='lat' dir='ltr'><strong>dato</strong></span> <span class='ocrx_word' id='word_1_660' title='bbox 619 4896 837 4951; x_wconf 81' lang='lat' dir='ltr'><strong>hilarem</strong></span> <span class='ocrx_word' id='word_1_661' title='bbox 872 4897 1066 4950; x_wconf 83' lang='lat' dir='ltr'><strong>vultum</strong></span> <span class='ocrx_word' id='word_1_662' title='bbox 1089 4896 1320 4962; x_wconf 87' lang='lat' dir='ltr'><strong>ostende,</strong></span> <span class='ocrx_word' id='word_1_663' title='bbox 1345 4899 1469 4968; x_wconf 88' lang='lat' dir='ltr'><strong>quia</strong></span> <span class='ocrx_word' id='word_1_664' title='bbox 1491 4898 1631 4953; x_wconf 89' lang='lat' dir='ltr'><strong>Deus</strong></span> <span class='ocrx_word' id='word_1_665' title='bbox 1655 4908 1919 4954; x_wconf 88' lang='lat' dir='ltr'><strong>scrutatur</strong></span> <span class='ocrx_word' id='word_1_666' title='bbox 1940 4917 2059 4954; x_wconf 89' lang='lat' dir='ltr'><strong>cor-</strong></span> 
     </span>
    </p>
   </div>
   <div class='ocr_carea' id='block_1_95' title="bbox 474 4986 2060 5051">
    <p class='ocr_par' dir='ltr' id='par_1_95' title="bbox 474 4986 2060 5051">
     <span class='ocr_line' id='line_1_95' title="bbox 474 4986 2060 5051; baseline 0.002 -10"><span class='ocrx_word' id='word_1_667' title='bbox 474 4989 555 5042; x_wconf 83' lang='lat' dir='ltr'><strong>dis</strong></span> <span class='ocrx_word' id='word_1_668' title='bbox 576 5003 797 5051; x_wconf 87' lang='lat' dir='ltr'><strong>arcana,</strong></span> <span class='ocrx_word' id='word_1_669' title='bbox 825 4986 1051 5040; x_wconf 87' lang='lat' dir='ltr'><strong>hilarem</strong></span> <span class='ocrx_word' id='word_1_670' title='bbox 1077 4986 1191 5039; x_wconf 90' lang='lat' dir='ltr'><strong>vult</strong></span> <span class='ocrx_word' id='word_1_671' title='bbox 1221 4986 1310 5041; x_wconf 91' lang='lat' dir='ltr'><strong>hic</strong></span> <span class='ocrx_word' id='word_1_672' title='bbox 1337 5003 1457 5042; x_wconf 87' lang='lat' dir='ltr'><strong>esse</strong></span> <span class='ocrx_word' id='word_1_673' title='bbox 1479 4988 1529 5041; x_wconf 90' lang='lat' dir='ltr'><strong>iu</strong></span> <span class='ocrx_word' id='word_1_674' title='bbox 1556 4988 1737 5043; x_wconf 89' lang='lat' dir='ltr'><strong>labore</strong></span> <span class='ocrx_word' id='word_1_675' title='bbox 1765 4991 2060 5044; x_wconf 80' lang='lat' dir='ltr'><strong>suodocto-</strong></span> 
     </span>
    </p>
   </div>
   <div class='ocr_carea' id='block_1_96' title="bbox 474 5076 2059 5152">
    <p class='ocr_par' dir='ltr' id='par_1_96' title="bbox 474 5076 2059 5152">
     <span class='ocr_line' id='line_1_96' title="bbox 474 5076 2059 5152; baseline 0.001 -18"><span class='ocrx_word' id='word_1_676' title='bbox 474 5094 612 5144; x_wconf 86' lang='lat' dir='ltr'><strong>rem,</strong></span> <span class='ocrx_word' id='word_1_677' title='bbox 640 5078 783 5133; x_wconf 88' lang='lat' dir='ltr'><strong>unde</strong></span> <span class='ocrx_word' id='word_1_678' title='bbox 829 5076 1030 5132; x_wconf 86' lang='lat' dir='ltr'><strong>Paulus</strong></span> <span class='ocrx_word' id='word_1_679' title='bbox 1069 5076 1196 5132; x_wconf 84' lang='lat' dir='ltr'><strong>alibi</strong></span> <span class='ocrx_word' id='word_1_680' title='bbox 1225 5079 1338 5132; x_wconf 89' lang='lat' dir='ltr'><strong>ait:</strong></span> <span class='ocrx_word' id='word_1_681' title='bbox 1374 5077 1433 5133; x_wconf 82' lang='lat' dir='ltr'><strong>Si</strong></span> <span class='ocrx_word' id='word_1_682' title='bbox 1464 5081 1599 5132; x_wconf 84' lang='lat' dir='ltr'><strong>enim</strong></span> <span class='ocrx_word' id='word_1_683' title='bbox 1646 5080 1817 5133; x_wconf 83' lang='lat' dir='ltr'><strong>volens</strong></span> <span class='ocrx_word' id='word_1_684' title='bbox 1842 5082 1937 5134; x_wconf 84' lang='lat' dir='ltr'><strong>hoc</strong></span> <span class='ocrx_word' id='word_1_685' title='bbox 1962 5099 2059 5152; x_wconf 86' lang='lat' dir='ltr'><strong>ago</strong></span> 
     </span>
    </p>
   </div>
   <div class='ocr_carea' id='block_1_97' title="bbox 476 5168 2063 5239">
    <p class='ocr_par' dir='ltr' id='par_1_97' title="bbox 476 5168 2063 5239">
     <span class='ocr_line' id='line_1_97' title="bbox 476 5168 2063 5239; baseline 0.001 -16"><span class='ocrx_word' id='word_1_686' title='bbox 476 5169 761 5223; x_wconf 86' lang='lat' dir='ltr'><strong>mercedem</strong></span> <span class='ocrx_word' id='word_1_687' title='bbox 787 5168 973 5233; x_wconf 77' lang='lat' dir='ltr'><strong>habeo,</strong></span> <span class='ocrx_word' id='word_1_688' title='bbox 1014 5170 1058 5222; x_wconf 87' lang='lat' dir='ltr'><strong>si</strong></span> <span class='ocrx_word' id='word_1_689' title='bbox 1087 5178 1263 5223; x_wconf 86' lang='lat' dir='ltr'><strong>autem</strong></span> <span class='ocrx_word' id='word_1_690' title='bbox 1307 5171 1517 5235; x_wconf 82' lang='lat' dir='ltr'><strong>invitus,</strong></span> <span class='ocrx_word' id='word_1_691' title='bbox 1571 5171 1889 5239; x_wconf 84' lang='lat' dir='ltr'><strong>dispensatio</strong></span> <span class='ocrx_word' id='word_1_692' title='bbox 1936 5173 2063 5225; x_wconf 86' lang='lat' dir='ltr'><strong>mihi</strong></span> 
     </span>
    </p>
   </div>
   <div class='ocr_carea' id='block_1_98' title="bbox 477 5260 2051 5332">
    <p class='ocr_par' dir='ltr' id='par_1_98' title="bbox 477 5260 2051 5332">
     <span class='ocr_line' id='line_1_98' title="bbox 477 5260 2051 5332; baseline -0.001 -15"><span class='ocrx_word' id='word_1_693' title='bbox 477 5263 674 5317; x_wconf 87' lang='lat' dir='ltr'><strong>credita</strong></span> <span class='ocrx_word' id='word_1_694' title='bbox 724 5270 823 5329; x_wconf 89' lang='lat' dir='ltr'><strong>est,</strong></span> <span class='ocrx_word' id='word_1_695' title='bbox 857 5276 1016 5332; x_wconf 87' lang='lat' dir='ltr'><strong>quam</strong></span> <span class='ocrx_word' id='word_1_696' title='bbox 1063 5260 1109 5314; x_wconf 87' lang='lat' dir='ltr'><strong>si</strong></span> <span class='ocrx_word' id='word_1_697' title='bbox 1148 5261 1301 5326; x_wconf 85' lang='lat' dir='ltr'><strong>digne</strong></span> <span class='ocrx_word' id='word_1_698' title='bbox 1343 5278 1447 5315; x_wconf 82' lang='lat' dir='ltr'><strong>non</strong></span> <span class='ocrx_word' id='word_1_699' title='bbox 1482 5262 1649 5327; x_wconf 79' lang='lat' dir='ltr'><strong>facio,</strong></span> <span class='ocrx_word' id='word_1_700' title='bbox 1697 5261 1943 5316; x_wconf 85' lang='lat' dir='ltr'><strong>ultionem</strong></span> <span class='ocrx_word' id='word_1_701' title='bbox 1979 5279 2051 5317; x_wconf 80' lang='lat' dir='ltr'><strong>re-</strong></span> 
     </span>
    </p>
   </div>
   <div class='ocr_carea' id='block_1_99' title="bbox 479 5354 635 5422">
    <p class='ocr_par' dir='ltr' id='par_1_99' title="bbox 479 5354 635 5422">
     <span class='ocr_line' id='line_1_99' title="bbox 479 5354 635 5422; baseline -0.006 -16"><span class='ocrx_word' id='word_1_702' title='bbox 479 5354 613 5422; x_wconf 84' lang='lat' dir='ltr'><strong>cipio</strong></span> <span class='ocrx_word' id='word_1_703' title='bbox 624 5394 635 5405; x_wconf 89' lang='lat'><strong>.</strong></span> 
     </span>
    </p>
   </div>
   <div class='ocr_carea' id='block_1_100' title="bbox 551 5440 2067 5515">
    <p class='ocr_par' dir='ltr' id='par_1_100' title="bbox 551 5440 2067 5515">
     <span class='ocr_line' id='line_1_100' title="bbox 551 5440 2067 5515; baseline 0.002 -19"><span class='ocrx_word' id='word_1_704' title='bbox 551 5440 745 5499; x_wconf 88' lang='lat' dir='ltr'><strong>Potens</strong></span> <span class='ocrx_word' id='word_1_705' title='bbox 778 5454 853 5498; x_wconf 87' lang='lat' dir='ltr'><strong>est</strong></span> <span class='ocrx_word' id='word_1_706' title='bbox 886 5445 1021 5498; x_wconf 88' lang='lat' dir='ltr'><strong>enim</strong></span> <span class='ocrx_word' id='word_1_707' title='bbox 1043 5443 1185 5498; x_wconf 89' lang='lat' dir='ltr'><strong>Deus</strong></span> <span class='ocrx_word' id='word_1_708' title='bbox 1207 5460 1411 5499; x_wconf 88' lang='lat' dir='ltr'><strong>omnem</strong></span> <span class='ocrx_word' id='word_1_709' title='bbox 1432 5445 1656 5515; x_wconf 81' lang='lat' dir='ltr'><strong>gratiam</strong></span> <span class='ocrx_word' id='word_1_710' title='bbox 1686 5444 1955 5500; x_wconf 87' lang='lat' dir='ltr'><strong>abundare</strong></span> <span class='ocrx_word' id='word_1_711' title='bbox 1984 5446 2067 5515; x_wconf 81' lang='lat' dir='ltr'><strong>[a-</strong></span> 
     </span>
    </p>
   </div>
   <div class='ocr_carea' id='block_1_101' title="bbox 479 5533 2065 5606">
    <p class='ocr_par' dir='ltr' id='par_1_101' title="bbox 479 5533 2065 5606">
     <span class='ocr_line' id='line_1_101' title="bbox 479 5533 2065 5606; baseline 0.001 -14"><span class='ocrx_word' id='word_1_712' title='bbox 479 5552 593 5592; x_wconf 83' lang='lat' dir='ltr'><strong>cere</strong></span> <span class='ocrx_word' id='word_1_713' title='bbox 629 5537 684 5588; x_wconf 85' lang='lat' dir='ltr'><strong>in</strong></span> <span class='ocrx_word' id='word_1_714' title='bbox 728 5535 895 5590; x_wconf 84' lang='lat' dir='ltr'><strong>nobis.</strong></span> <span class='ocrx_word' id='word_1_715' title='bbox 939 5533 1093 5590; x_wconf 82' lang='lat' dir='ltr'><strong>Facit</strong></span> <span class='ocrx_word' id='word_1_716' title='bbox 1131 5551 1282 5591; x_wconf 88' lang='lat' dir='ltr'><strong>suam</strong></span> <span class='ocrx_word' id='word_1_717' title='bbox 1316 5537 1458 5591; x_wconf 88' lang='lat' dir='ltr'><strong>Deus</strong></span> <span class='ocrx_word' id='word_1_718' title='bbox 1488 5550 1701 5606; x_wconf 90' lang='lat' dir='ltr'><strong>semper</strong></span> <span class='ocrx_word' id='word_1_719' title='bbox 1726 5537 1777 5591; x_wconf 92' lang='lat' dir='ltr'><strong>in</strong></span> <span class='ocrx_word' id='word_1_720' title='bbox 1815 5540 2065 5593; x_wconf 88' lang='lat' dir='ltr'><strong>omnibus</strong></span> 
     </span>
    </p>
   </div>
   <div class='ocr_carea' id='block_1_102' title="bbox 481 5625 2065 5697">
    <p class='ocr_par' dir='ltr' id='par_1_102' title="bbox 481 5625 2065 5697">
     <span class='ocr_line' id='line_1_102' title="bbox 481 5625 2065 5697; baseline 0.003 -17"><span class='ocrx_word' id='word_1_721' title='bbox 481 5625 867 5681; x_wconf 72' lang='lat' dir='ltr'><strong>misericordiae</strong></span> <span class='ocrx_word' id='word_1_722' title='bbox 919 5626 1249 5696; x_wconf 84' lang='lat' dir='ltr'><strong>largitatem,</strong></span> <span class='ocrx_word' id='word_1_723' title='bbox 1302 5627 1610 5697; x_wconf 87' lang='lat' dir='ltr'><strong>quicunque</strong></span> <span class='ocrx_word' id='word_1_724' title='bbox 1660 5628 1872 5684; x_wconf 89' lang='lat' dir='ltr'><strong>sincero</strong></span> <span class='ocrx_word' id='word_1_725' title='bbox 1902 5630 2065 5684; x_wconf 87' lang='lat' dir='ltr'><strong>corde</strong></span> 
     </span>
    </p>
   </div>
   <div class='ocr_carea' id='block_1_103' title="bbox 481 5716 2064 5787">
    <p class='ocr_par' dir='ltr' id='par_1_103' title="bbox 481 5716 2064 5787">
     <span class='ocr_line' id='line_1_103' title="bbox 481 5716 2064 5787; baseline 0.004 -18"><span class='ocrx_word' id='word_1_726' title='bbox 481 5716 597 5780; x_wconf 83' lang='lat' dir='ltr'><strong>ejus</strong></span> <span class='ocrx_word' id='word_1_727' title='bbox 626 5718 943 5787; x_wconf 65' lang='lat' dir='ltr'><strong>quaesierint</strong></span> <span class='ocrx_word' id='word_1_728' title='bbox 966 5719 1285 5774; x_wconf 88' lang='lat' dir='ltr'><strong>bonitatem.</strong></span> <span class='ocrx_word' id='word_1_729' title='bbox 1315 5718 1548 5774; x_wconf 84' lang='lat' dir='ltr'><strong>Proinde</strong></span> <span class='ocrx_word' id='word_1_730' title='bbox 1572 5728 1819 5774; x_wconf 90' lang='lat' dir='ltr'><strong>nostrum</strong></span> <span class='ocrx_word' id='word_1_731' title='bbox 1848 5730 1933 5776; x_wconf 83' lang='lat' dir='ltr'><strong>est</strong></span> <span class='ocrx_word' id='word_1_732' title='bbox 1953 5730 2064 5775; x_wconf 84' lang='lat' dir='ltr'><strong>tan-</strong></span> 
     </span>
    </p>
   </div>
   <div class='ocr_carea' id='block_1_104' title="bbox 482 5807 2061 5879">
    <p class='ocr_par' dir='ltr' id='par_1_104' title="bbox 482 5807 2061 5879">
     <span class='ocr_line' id='line_1_104' title="bbox 482 5807 2061 5879; baseline 0.004 -21"><span class='ocrx_word' id='word_1_733' title='bbox 482 5813 594 5860; x_wconf 80' lang='lat' dir='ltr'><strong>tum</strong></span> <span class='ocrx_word' id='word_1_734' title='bbox 625 5807 952 5863; x_wconf 85' lang='lat' dir='ltr'><strong>voluntatem</strong></span> <span class='ocrx_word' id='word_1_735' title='bbox 983 5817 1218 5864; x_wconf 89' lang='lat' dir='ltr'><strong>nostram</strong></span> <span class='ocrx_word' id='word_1_736' title='bbox 1252 5809 1456 5879; x_wconf 84' lang='lat' dir='ltr'><strong>puriter</strong></span> <span class='ocrx_word' id='word_1_737' title='bbox 1502 5810 1612 5864; x_wconf 88' lang='lat' dir='ltr'><strong>Deo</strong></span> <span class='ocrx_word' id='word_1_738' title='bbox 1658 5810 2061 5875; x_wconf 86' lang='lat' dir='ltr'><strong>commendare,</strong></span> 
     </span>
    </p>
   </div>
   <div class='ocr_carea' id='block_1_105' title="bbox 2156 4620 3749 4698">
    <p class='ocr_par' dir='ltr' id='par_1_105' title="bbox 2156 4620 3749 4698">
     <span class='ocr_line' id='line_1_105' title="bbox 2156 4620 3749 4698; baseline -0.008 -13"><span class='ocrx_word' id='word_1_739' title='bbox 2156 4627 2329 4684; x_wconf 88' lang='lat' dir='ltr'><strong>modis</strong></span> <span class='ocrx_word' id='word_1_740' title='bbox 2350 4626 2573 4698; x_wconf 90' lang='lat' dir='ltr'><strong>intelligi</strong></span> <span class='ocrx_word' id='word_1_741' title='bbox 2596 4634 2800 4698; x_wconf 87' lang='lat' dir='ltr'><strong>potest:</strong></span> <span class='ocrx_word' id='word_1_742' title='bbox 2827 4624 2915 4693; x_wconf 92' lang='lat' dir='ltr'><strong>qui</strong></span> <span class='ocrx_word' id='word_1_743' title='bbox 2936 4631 3079 4678; x_wconf 89' lang='lat' dir='ltr'><strong>amat</strong></span> <span class='ocrx_word' id='word_1_744' title='bbox 3099 4622 3305 4692; x_wconf 86' lang='lat' dir='ltr'><strong>perdet,</strong></span> <span class='ocrx_word' id='word_1_745' title='bbox 3324 4620 3375 4675; x_wconf 89' lang='lat' dir='ltr'><strong>id</strong></span> <span class='ocrx_word' id='word_1_746' title='bbox 3397 4628 3479 4675; x_wconf 83' lang='lat' dir='ltr'><strong>est</strong></span> <span class='ocrx_word' id='word_1_747' title='bbox 3496 4620 3543 4674; x_wconf 93' lang='lat' dir='ltr'><strong>si</strong></span> <span class='ocrx_word' id='word_1_748' title='bbox 3568 4636 3749 4684; x_wconf 87' lang='lat' dir='ltr'><strong>amas,</strong></span> 
     </span>
    </p>
   </div>
   <div class='ocr_carea' id='block_1_106' title="bbox 2159 4711 3754 4790">
    <p class='ocr_par' dir='ltr' id='par_1_106' title="bbox 2159 4711 3754 4790">
     <span class='ocr_line' id='line_1_106' title="bbox 2159 4711 3754 4790; baseline -0.005 -16"><span class='ocrx_word' id='word_1_749' title='bbox 2159 4719 2346 4790; x_wconf 89' lang='lat' dir='ltr'><strong>perde,</strong></span> <span class='ocrx_word' id='word_1_750' title='bbox 2383 4719 2428 4773; x_wconf 88' lang='lat' dir='ltr'><strong>si</strong></span> <span class='ocrx_word' id='word_1_751' title='bbox 2461 4718 2611 4788; x_wconf 90' lang='lat' dir='ltr'><strong>cupis</strong></span> <span class='ocrx_word' id='word_1_752' title='bbox 2640 4719 2803 4771; x_wconf 87' lang='lat' dir='ltr'><strong>vitam</strong></span> <span class='ocrx_word' id='word_1_753' title='bbox 2852 4724 3033 4770; x_wconf 87' lang='lat' dir='ltr'><strong>tenere</strong></span> <span class='ocrx_word' id='word_1_754' title='bbox 3063 4714 3116 4768; x_wconf 92' lang='lat' dir='ltr'><strong>in</strong></span> <span class='ocrx_word' id='word_1_755' title='bbox 3145 4713 3381 4777; x_wconf 86' lang='lat' dir='ltr'><strong>Christo,</strong></span> <span class='ocrx_word' id='word_1_756' title='bbox 3416 4712 3524 4766; x_wconf 90' lang='lat' dir='ltr'><strong>noli</strong></span> <span class='ocrx_word' id='word_1_757' title='bbox 3553 4711 3754 4766; x_wconf 83' lang='lat' dir='ltr'><strong>timere</strong></span> 
     </span>
    </p>
   </div>
   <div class='ocr_carea' id='block_1_107' title="bbox 2163 4803 3752 4881">
    <p class='ocr_par' dir='ltr' id='par_1_107' title="bbox 2163 4803 3752 4881">
     <span class='ocr_line' id='line_1_107' title="bbox 2163 4803 3752 4881; baseline -0.006 -15"><span class='ocrx_word' id='word_1_758' title='bbox 2163 4813 2299 4867; x_wconf 91' lang='lat' dir='ltr'><strong>mori</strong></span> <span class='ocrx_word' id='word_1_759' title='bbox 2330 4827 2431 4881; x_wconf 89' lang='lat' dir='ltr'><strong>pro</strong></span> <span class='ocrx_word' id='word_1_760' title='bbox 2458 4810 2691 4866; x_wconf 90' lang='lat' dir='ltr'><strong>Christo.</strong></span> <span class='ocrx_word' id='word_1_761' title='bbox 2720 4808 2849 4863; x_wconf 90' lang='lat' dir='ltr'><strong>Item</strong></span> <span class='ocrx_word' id='word_1_762' title='bbox 2874 4808 2979 4861; x_wconf 86' lang='lat' dir='ltr'><strong>alio</strong></span> <span class='ocrx_word' id='word_1_763' title='bbox 3002 4807 3159 4861; x_wconf 90' lang='lat' dir='ltr'><strong>modo</strong></span> <span class='ocrx_word' id='word_1_764' title='bbox 3178 4822 3193 4859; x_wconf 87' lang='lat'><strong>:</strong></span> <span class='ocrx_word' id='word_1_765' title='bbox 3212 4805 3312 4872; x_wconf 90' lang='lat' dir='ltr'><strong>Qui</strong></span> <span class='ocrx_word' id='word_1_766' title='bbox 3340 4812 3487 4858; x_wconf 88' lang='lat' dir='ltr'><strong>amat</strong></span> <span class='ocrx_word' id='word_1_767' title='bbox 3506 4803 3752 4857; x_wconf 85' lang='lat' dir='ltr'><strong>animam</strong></span> 
     </span>
    </p>
   </div>
   <div class='ocr_carea' id='block_1_108' title="bbox 2165 4895 3755 4974">
    <p class='ocr_par' dir='ltr' id='par_1_108' title="bbox 2165 4895 3755 4974">
     <span class='ocr_line' id='line_1_108' title="bbox 2165 4895 3755 4974; baseline -0.006 -15"><span class='ocrx_word' id='word_1_768' title='bbox 2165 4920 2341 4969; x_wconf 89' lang='lat' dir='ltr'><strong>suam,</strong></span> <span class='ocrx_word' id='word_1_769' title='bbox 2365 4904 2554 4974; x_wconf 88' lang='lat' dir='ltr'><strong>perdet</strong></span> <span class='ocrx_word' id='word_1_770' title='bbox 2572 4917 2722 4958; x_wconf 89' lang='lat' dir='ltr'><strong>eam:</strong></span> <span class='ocrx_word' id='word_1_771' title='bbox 2748 4900 2855 4955; x_wconf 90' lang='lat' dir='ltr'><strong>noli</strong></span> <span class='ocrx_word' id='word_1_772' title='bbox 2884 4915 3067 4954; x_wconf 87' lang='lat' dir='ltr'><strong>amare</strong></span> <span class='ocrx_word' id='word_1_773' title='bbox 3095 4899 3147 4952; x_wconf 92' lang='lat' dir='ltr'><strong>in</strong></span> <span class='ocrx_word' id='word_1_774' title='bbox 3174 4900 3276 4952; x_wconf 89' lang='lat' dir='ltr'><strong>hac</strong></span> <span class='ocrx_word' id='word_1_775' title='bbox 3303 4897 3520 4961; x_wconf 88' lang='lat' dir='ltr'><strong>vita,ne</strong></span> <span class='ocrx_word' id='word_1_776' title='bbox 3550 4895 3755 4965; x_wconf 84' lang='lat' dir='ltr'><strong>perdas</strong></span> 
     </span>
    </p>
   </div>
   <div class='ocr_carea' id='block_1_109' title="bbox 2171 4985 3756 5061">
    <p class='ocr_par' dir='ltr' id='par_1_109' title="bbox 2171 4985 3756 5061">
     <span class='ocr_line' id='line_1_109' title="bbox 2171 4985 3756 5061; baseline -0.008 -11"><span class='ocrx_word' id='word_1_777' title='bbox 2171 4996 2222 5050; x_wconf 91' lang='lat' dir='ltr'><strong>in</strong></span> <span class='ocrx_word' id='word_1_778' title='bbox 2243 5006 2442 5050; x_wconf 59' lang='lat' dir='ltr'><strong>alterna</strong></span> <span class='ocrx_word' id='word_1_779' title='bbox 2463 4995 2569 5047; x_wconf 85' lang='lat' dir='ltr'><strong>vita</strong></span> <span class='ocrx_word' id='word_1_780' title='bbox 2597 5010 2611 5058; x_wconf 88' lang='lat'>;</span> <span class='ocrx_word' id='word_1_781' title='bbox 2642 4992 2746 5047; x_wconf 90' lang='lat' dir='ltr'><strong>hoc</strong></span> <span class='ocrx_word' id='word_1_782' title='bbox 2798 5001 2979 5045; x_wconf 89' lang='lat' dir='ltr'><strong>autem</strong></span> <span class='ocrx_word' id='word_1_783' title='bbox 3003 4991 3143 5061; x_wconf 90' lang='lat' dir='ltr'><strong>quod</strong></span> <span class='ocrx_word' id='word_1_784' title='bbox 3193 4987 3461 5057; x_wconf 88' lang='lat' dir='ltr'><strong>posterius</strong></span> <span class='ocrx_word' id='word_1_785' title='bbox 3486 4985 3593 5038; x_wconf 77' lang='lat' dir='ltr'><strong>dixi</strong></span> <span class='ocrx_word' id='word_1_786' title='bbox 3627 5000 3756 5038; x_wconf 87' lang='lat' dir='ltr'><strong>ma-</strong></span> 
     </span>
    </p>
   </div>
   <div class='ocr_carea' id='block_1_110' title="bbox 2167 5078 3763 5158">
    <p class='ocr_par' dir='ltr' id='par_1_110' title="bbox 2167 5078 3763 5158">
     <span class='ocr_line' id='line_1_110' title="bbox 2167 5078 3763 5158; baseline -0.006 -18"><span class='ocrx_word' id='word_1_787' title='bbox 2167 5088 2249 5158; x_wconf 90' lang='lat' dir='ltr'><strong>gis</strong></span> <span class='ocrx_word' id='word_1_788' title='bbox 2303 5087 2506 5142; x_wconf 88' lang='lat' dir='ltr'><strong>haberc</strong></span> <span class='ocrx_word' id='word_1_789' title='bbox 2562 5086 2771 5139; x_wconf 90' lang='lat' dir='ltr'><strong>videtur</strong></span> <span class='ocrx_word' id='word_1_790' title='bbox 2832 5084 3173 5154; x_wconf 88' lang='lat' dir='ltr'><strong>evangelicus</strong></span> <span class='ocrx_word' id='word_1_791' title='bbox 3229 5095 3436 5138; x_wconf 86' lang='lat' dir='ltr'><strong>sensus.</strong></span> <span class='ocrx_word' id='word_1_792' title='bbox 3490 5078 3763 5148; x_wconf 80' lang='lat' dir='ltr'><strong>Sequitur</strong></span> 
     </span>
    </p>
   </div>
   <div class='ocr_carea' id='block_1_111' title="bbox 2169 5175 3069 5234">
    <p class='ocr_par' dir='ltr' id='par_1_111' title="bbox 2169 5175 3069 5234">
     <span class='ocr_line' id='line_1_111' title="bbox 2169 5175 3069 5234; baseline -0.01 0"><span class='ocrx_word' id='word_1_793' title='bbox 2169 5179 2312 5234; x_wconf 89' lang='lat' dir='ltr'><strong>enim</strong></span> <span class='ocrx_word' id='word_1_794' title='bbox 2339 5198 2351 5232; x_wconf 92' lang='lat'>:</span> <span class='ocrx_word' id='word_1_795' title='bbox 3062 5175 3069 5183; x_wconf 84' lang='grc'><em>’</em></span> 
     </span>
    </p>
   </div>
   <div class='ocr_carea' id='block_1_112' title="bbox 2240 5263 3763 5337">
    <p class='ocr_par' dir='ltr' id='par_1_112' title="bbox 2240 5263 3763 5337">
     <span class='ocr_line' id='line_1_112' title="bbox 2240 5263 3763 5337; baseline -0.004 -14"><span class='ocrx_word' id='word_1_796' title='bbox 2240 5268 2309 5323; x_wconf 87' lang='lat' dir='ltr'><strong>Et</strong></span> <span class='ocrx_word' id='word_1_797' title='bbox 2334 5269 2420 5337; x_wconf 86' lang='lat' dir='ltr'><strong>qui</strong></span> <span class='ocrx_word' id='word_1_798' title='bbox 2451 5267 2557 5321; x_wconf 86' lang='lat' dir='ltr'><strong>odit</strong></span> <span class='ocrx_word' id='word_1_799' title='bbox 2586 5269 2815 5321; x_wconf 79' lang='lat' dir='ltr'><strong>animam</strong></span> <span class='ocrx_word' id='word_1_800' title='bbox 2858 5282 3009 5320; x_wconf 87' lang='lat' dir='ltr'><strong>suam</strong></span> <span class='ocrx_word' id='word_1_801' title='bbox 3045 5267 3100 5319; x_wconf 87' lang='lat' dir='ltr'><strong>in</strong></span> <span class='ocrx_word' id='word_1_802' title='bbox 3145 5266 3239 5319; x_wconf 78' lang='lat' dir='ltr'><strong>hac</strong></span> <span class='ocrx_word' id='word_1_803' title='bbox 3264 5263 3478 5328; x_wconf 87' lang='lat' dir='ltr'><strong>mundo,</strong></span> <span class='ocrx_word' id='word_1_804' title='bbox 3509 5263 3565 5315; x_wconf 87' lang='lat' dir='ltr'><strong>in</strong></span> <span class='ocrx_word' id='word_1_805' title='bbox 3590 5264 3763 5317; x_wconf 79' lang='lat' dir='ltr'><strong>vitam</strong></span> 
     </span>
    </p>
   </div>
   <div class='ocr_carea' id='block_1_113' title="bbox 2172 5355 3763 5427">
    <p class='ocr_par' dir='ltr' id='par_1_113' title="bbox 2172 5355 3763 5427">
     <span class='ocr_line' id='line_1_113' title="bbox 2172 5355 3763 5427; baseline -0.003 -13"><span class='ocrx_word' id='word_1_806' title='bbox 2172 5368 2421 5414; x_wconf 72' lang='lat' dir='ltr'><strong>(eternam</strong></span> <span class='ocrx_word' id='word_1_807' title='bbox 2448 5357 2668 5412; x_wconf 84' lang='lat' dir='ltr'><strong>custodit</strong></span> <span class='ocrx_word' id='word_1_808' title='bbox 2694 5372 2829 5411; x_wconf 88' lang='lat' dir='ltr'><strong>eam.</strong></span> <span class='ocrx_word' id='word_1_809' title='bbox 2882 5356 3023 5427; x_wconf 85' lang='lat' dir='ltr'><strong>Ergo</strong></span> <span class='ocrx_word' id='word_1_810' title='bbox 3064 5356 3205 5425; x_wconf 89' lang='lat' dir='ltr'><strong>quod</strong></span> <span class='ocrx_word' id='word_1_811' title='bbox 3231 5369 3394 5424; x_wconf 89' lang='lat' dir='ltr'><strong>supra</strong></span> <span class='ocrx_word' id='word_1_812' title='bbox 3419 5355 3621 5409; x_wconf 86' lang='lat' dir='ltr'><strong>dictum</strong></span> <span class='ocrx_word' id='word_1_813' title='bbox 3640 5364 3763 5421; x_wconf 80' lang='lat' dir='ltr'><strong>est,</strong></span> 
     </span>
    </p>
   </div>
   <div class='ocr_carea' id='block_1_114' title="bbox 2172 5442 3766 5517">
    <p class='ocr_par' dir='ltr' id='par_1_114' title="bbox 2172 5442 3766 5517">
     <span class='ocr_line' id='line_1_114' title="bbox 2172 5442 3766 5517; baseline -0.004 -16"><span class='ocrx_word' id='word_1_814' title='bbox 2172 5450 2264 5517; x_wconf 90' lang='lat' dir='ltr'><strong>qui</strong></span> <span class='ocrx_word' id='word_1_815' title='bbox 2309 5454 2476 5511; x_wconf 89' lang='lat' dir='ltr'><strong>amat,</strong></span> <span class='ocrx_word' id='word_1_816' title='bbox 2502 5445 2933 5514; x_wconf 85' lang='lat' dir='ltr'><strong>subintelligitur,</strong></span> <span class='ocrx_word' id='word_1_817' title='bbox 2965 5446 3019 5499; x_wconf 91' lang='lat' dir='ltr'><strong>in</strong></span> <span class='ocrx_word' id='word_1_818' title='bbox 3045 5446 3150 5500; x_wconf 87' lang='lat' dir='ltr'><strong>hoc</strong></span> <span class='ocrx_word' id='word_1_819' title='bbox 3175 5445 3397 5509; x_wconf 89' lang='lat' dir='ltr'><strong>mundo,</strong></span> <span class='ocrx_word' id='word_1_820' title='bbox 3422 5443 3534 5512; x_wconf 87' lang='lat' dir='ltr'><strong>ipse</strong></span> <span class='ocrx_word' id='word_1_821' title='bbox 3563 5442 3766 5511; x_wconf 84' lang='lat' dir='ltr'><strong>utique</strong></span> 
     </span>
    </p>
   </div>
   <div class='ocr_carea' id='block_1_115' title="bbox 2169 5521 3768 5609">
    <p class='ocr_par' dir='ltr' id='par_1_115' title="bbox 2169 5521 3768 5609">
     <span class='ocr_line' id='line_1_115' title="bbox 2169 5521 3768 5609; baseline -0.004 -17"><span class='ocrx_word' id='word_1_822' title='bbox 2169 5540 2358 5609; x_wconf 87' lang='lat' dir='ltr'><strong>perdet</strong></span> <span class='ocrx_word' id='word_1_823' title='bbox 2383 5554 2397 5604; x_wconf 83' lang='lat'><strong>;</strong></span> <span class='ocrx_word' id='word_1_824' title='bbox 2431 5538 2521 5608; x_wconf 89' lang='lat' dir='ltr'><strong>qui</strong></span> <span class='ocrx_word' id='word_1_825' title='bbox 2555 5545 2732 5591; x_wconf 87' lang='lat' dir='ltr'><strong>autem</strong></span> <span class='ocrx_word' id='word_1_826' title='bbox 2759 5537 2894 5603; x_wconf 90' lang='lat' dir='ltr'><strong>odit,</strong></span> <span class='ocrx_word' id='word_1_827' title='bbox 2924 5521 3109 5605; x_wconf 80' lang='lat' dir='ltr'><strong>utique</strong></span> <span class='ocrx_word' id='word_1_828' title='bbox 3132 5537 3185 5589; x_wconf 91' lang='lat' dir='ltr'><strong>in</strong></span> <span class='ocrx_word' id='word_1_829' title='bbox 3212 5534 3313 5588; x_wconf 86' lang='lat' dir='ltr'><strong>hoc</strong></span> <span class='ocrx_word' id='word_1_830' title='bbox 3337 5532 3558 5597; x_wconf 88' lang='lat' dir='ltr'><strong>mundo,</strong></span> <span class='ocrx_word' id='word_1_831' title='bbox 3586 5533 3643 5586; x_wconf 87' lang='lat' dir='ltr'><strong>in</strong></span> <span class='ocrx_word' id='word_1_832' title='bbox 3676 5533 3768 5586; x_wconf 74' lang='lat' dir='ltr'><strong>vi—</strong></span> 
     </span>
    </p>
   </div>
   <div class='ocr_carea' id='block_1_116' title="bbox 2170 5622 3764 5697">
    <p class='ocr_par' dir='ltr' id='par_1_116' title="bbox 2170 5622 3764 5697">
     <span class='ocr_line' id='line_1_116' title="bbox 2170 5622 3764 5697; baseline -0.003 -15"><span class='ocrx_word' id='word_1_833' title='bbox 2170 5638 2279 5682; x_wconf 90' lang='lat' dir='ltr'><strong>tam</strong></span> <span class='ocrx_word' id='word_1_834' title='bbox 2302 5636 2559 5683; x_wconf 76' lang='lat' dir='ltr'><strong>aeternam</strong></span> <span class='ocrx_word' id='word_1_835' title='bbox 2589 5626 2702 5697; x_wconf 89' lang='lat' dir='ltr'><strong>ipse</strong></span> <span class='ocrx_word' id='word_1_836' title='bbox 2731 5626 2965 5681; x_wconf 90' lang='lat' dir='ltr'><strong>custodit</strong></span> <span class='ocrx_word' id='word_1_837' title='bbox 2988 5639 3129 5678; x_wconf 89' lang='lat' dir='ltr'><strong>eam.</strong></span> <span class='ocrx_word' id='word_1_838' title='bbox 3156 5622 3351 5693; x_wconf 84' lang='lat' dir='ltr'><strong>Magna</strong></span> <span class='ocrx_word' id='word_1_839' title='bbox 3368 5630 3422 5677; x_wconf 93' lang='lat' dir='ltr'><strong>et</strong></span> <span class='ocrx_word' id='word_1_840' title='bbox 3452 5623 3590 5676; x_wconf 86' lang='lat' dir='ltr'><strong>mira</strong></span> <span class='ocrx_word' id='word_1_841' title='bbox 3623 5636 3764 5677; x_wconf 82' lang='lat' dir='ltr'><strong>sen-</strong></span> 
     </span>
    </p>
   </div>
   <div class='ocr_carea' id='block_1_117' title="bbox 2169 5714 3765 5789">
    <p class='ocr_par' dir='ltr' id='par_1_117' title="bbox 2169 5714 3765 5789">
     <span class='ocr_line' id='line_1_117' title="bbox 2169 5714 3765 5789; baseline -0.003 -15"><span class='ocrx_word' id='word_1_842' title='bbox 2169 5720 2332 5774; x_wconf 85' lang='lat' dir='ltr'><strong>tentia</strong></span> <span class='ocrx_word' id='word_1_843' title='bbox 2362 5719 2809 5789; x_wconf 86' lang='lat' dir='ltr'><strong>qucmadmodum</strong></span> <span class='ocrx_word' id='word_1_844' title='bbox 2839 5717 3074 5773; x_wconf 87' lang='lat' dir='ltr'><strong>hominis</strong></span> <span class='ocrx_word' id='word_1_845' title='bbox 3120 5715 3189 5769; x_wconf 90' lang='lat' dir='ltr'><strong>sit</strong></span> <span class='ocrx_word' id='word_1_846' title='bbox 3224 5714 3277 5769; x_wconf 91' lang='lat' dir='ltr'><strong>in</strong></span> <span class='ocrx_word' id='word_1_847' title='bbox 3308 5715 3547 5769; x_wconf 86' lang='lat' dir='ltr'><strong>animam</strong></span> <span class='ocrx_word' id='word_1_848' title='bbox 3596 5729 3765 5778; x_wconf 79' lang='lat' dir='ltr'><strong>suam</strong></span> 
     </span>
    </p>
   </div>
   <div class='ocr_carea' id='block_1_118' title="bbox 2168 5803 3763 5878">
    <p class='ocr_par' dir='ltr' id='par_1_118' title="bbox 2168 5803 3763 5878">
     <span class='ocr_line' id='line_1_118' title="bbox 2168 5803 3763 5878; baseline -0.005 -15"><span class='ocrx_word' id='word_1_849' title='bbox 2168 5823 2322 5865; x_wconf 88' lang='lat' dir='ltr'><strong>amor</strong></span> <span class='ocrx_word' id='word_1_850' title='bbox 2352 5817 2409 5864; x_wconf 93' lang='lat' dir='ltr'><strong>ut</strong></span> <span class='ocrx_word' id='word_1_851' title='bbox 2433 5809 2823 5878; x_wconf 75' lang='lat' dir='ltr'><strong>perca&#39;,odiutn</strong></span> <span class='ocrx_word' id='word_1_852' title='bbox 2852 5821 2919 5861; x_wconf 89' lang='lat' dir='ltr'><strong>ne</strong></span> <span class='ocrx_word' id='word_1_853' title='bbox 2949 5816 3137 5875; x_wconf 85' lang='lat' dir='ltr'><strong>pereat</strong></span> <span class='ocrx_word' id='word_1_854' title='bbox 3164 5819 3177 5859; x_wconf 89' lang='lat'><strong>:</strong></span> <span class='ocrx_word' id='word_1_855' title='bbox 3208 5805 3252 5861; x_wconf 87' lang='lat' dir='ltr'><strong>si</strong></span> <span class='ocrx_word' id='word_1_856' title='bbox 3292 5804 3431 5859; x_wconf 89' lang='lat' dir='ltr'><strong>male</strong></span> <span class='ocrx_word' id='word_1_857' title='bbox 3459 5803 3763 5869; x_wconf 81' lang='lat' dir='ltr'><strong>amaveris,</strong></span> 
     </span>
    </p>
   </div>
  </div>
