3960 6340
208 366 301 421 ηδ

1254 357 1553 415 HJMILLE
1597 358 1663 413 IN
1704 356 1921 413 EPIST.
1962 357 2051 418 ΕΤ
2089 357 2342 413 ΕνΑΝο.

3334 360 3440 413 434

206 492 320 538 tunc
345 480 497 535 odisti
524 496 539 545 ;
564 480 610 535 si
650 478 787 534 bene
808 476 1008 541 oderis,
1039 483 1164 531 tunc
1189 474 1402 529 amasti.
1437 473 1643 528 Felices
1664 471 1753 540 qui
1784 476 1833 533 Α
1859 471 1993 526 libus
2025 471 2219 525 mundo
2247 476 2402 525 corde
2422 480 2472 523 et
2500 480 2643 523 casto
2681 486 2895 540 corpore
2935 469 3150 541 dignum
3172 472 3443 540 sapientia

203 574 411 628 oderunt
432 568 802 632 custodiendo,
833 581 901 621 ne
925 566 1153 637 perdant
1175 564 1423 618 amando.
1450 562 1548 616 Hie
1568 561 1762 615 anima:

204 662 401 719 nomine
426 660 532 713 vita
557 673 791 729 praesens
820 656 1134 726 designatur
1158 654 1238 707 vel
1260 654 1424 707 etiam
1458 650 1616 719 hujus
1640 650 1763 703 vita:

204 752 488 813 delectatio,
512 766 633 819 qua:
662 747 869 817 perdita
919 755 1019 809 est,
1053 756 1112 798 ιιι
1152 744 1376 798 feliciter
1403 742 1645 797 invenias
1672 756 1764 794 vo-

204 841 448 899 luntatem
483 852 629 897 tuam
664 841 715 895 in
741 854 907 909 regno
955 840 1047 892 Dei
1078 853 1239 907 quam
1271 836 1481 891 fortiter
1505 835 1681 890 vicisti
1709 835 1764 889 in

203 934 294 988 hoc
345 932 727 997 saeculo;nam
760 928 933 984 sancti
980 938 1244 999 martyres
1298 927 1423 982 o'dio
1464 926 1765 980 habuerunt

202 1025 327 1078 hanc
344 1030 658 1093 praesentem
688 1021 874 1083 vitam,
910 1034 1008 1088 pro
1028 1018 1229 1072 Christi
1258 1017 1475 1071 nomine
1498 1016 1623 1070 dum
1653 1028 1767 1068 ma-

200 1114 274 1185 gis
298 1112 575 1167 voluerunt
628 1111 767 1165 hanc
813 1117 1133 1180 praesentem
1157 1108 1324 1161 vitam
1358 1106 1583 1175 perdere
1600 1117 1765 1173 quam

198 1204 455 1260 Christum
485 1218 704 1272 negare,
729 1201 1013 1271 implentes
1035 1199 1178 1269 quod
1210 1197 1456 1267 sequitur
1482 1209 1497 1249 :

262 1295 321 1351 Si
343 1296 453 1367 quis
476 1295 603 1348 mihi
633 1295 918 1358 ministrat,
955 1308 1037 1345 me
1088 1298 1355 1361 sequatur.
1386 1287 1525 1354 Quid
1566 1294 1648 1341 est
1690 1302 1769 1339 me

193 1396 458 1457 sequatur,
487 1385 593 1439 nisi
643 1399 728 1438 me
758 1382 1035 1437 imitetur?
1061 1380 1298 1435 Christus
1328 1381 1465 1435 enim
1490 1394 1675 1448 passas
1695 1386 1770 1430 est

194 1495 281 1547 pro
306 1477 469 1542 nobis,
498 1484 558 1530 ut
583 1476 659 1530 ait
703 1473 994 1545 Apostolus
1034 1471 1246 1537 Petrus,
1297 1469 1593 1537 relinquens
1623 1468 1770 1520 nobis

193 1567 470 1637 exemplum
495 1577 551 1621 ut
579 1583 861 1637 sequamur
880 1566 1092 1635 vestigia
1113 1564 1247 1634 ejus.
1267 1562 1404 1618 Ecce
1424 1562 1551 1633 quid
1567 1562 1767 1615 dictum

191 1667 283 1722 est,
314 1658 359 1711 si
384 1659 498 1728 quis
527 1658 655 1711 mihi
684 1657 946 1711 ministrat
980 1671 1062 1709 me
1092 1652 1379 1724 sequatur?
1423 1666 1528 1721 quo
1558 1649 1771 1706 fructu?

189 1765 286 1820 qua
317 1748 602 1805 mercede?
624 1763 733 1817 quo
761 1746 1017 1816 praemio?

1862 562 1960 616 Dei
2003 560 2361 616 habitaculum
2411 563 2465 614 in
2505 578 2559 615 se
2604 572 2860 632 prteparet
2904 565 3275 632 unusquisque.
3308 562 3441 618 Nam

1863 652 2107 706 Subditnr
2138 668 2149 703 :
2181 650 2245 703 Et
2287 652 2339 703 in
2385 651 2686 704 hrcrcditate
2712 652 2824 721 ejus
2852 653 3112 705 morabor.
3147 653 3444 709 limreditas

1864 741 1958 794 Dei
1984 749 2109 795 sunt
2135 755 2325 795 omnes
2368 740 2653 810 diligentes
2695 740 2882 805 Deum,
2921 751 2975 795 et
3010 742 3128 813 ejus
3150 742 3443 798 voluntatis

1865 832 2051 887 ﬁdeles
2076 840 2452 901 cooperatores
2476 832 2527 884 in
2557 846 2709 885 suam
2736 832 2972 900 ipsorum
3014 832 3260 887 salutem.
3299 832 3443 885 Tunc

1863 927 2104 995 prtrcepit
2129 935 2175 979 et
2202 925 2337 995 dixit
2364 926 2489 979 mihi
2516 936 2719 979 creator
2756 928 3008 988 omnium,
3054 937 3099 979 et
3133 928 3220 996 qui
3255 928 3443 980 crearit

1864 1030 1968 1079 me,
2012 1016 2252 1083 requievit
2284 1016 2339 1068 in
2392 1015 2727 1069 tabernaculo
2774 1033 2905 1069 meo.
2939 1017 3033 1070 Dei
3080 1016 3363 1085 sapientia,
3392 1017 3444 1070 id

1864 1113 1971 1171 est,
1995 1106 2089 1161 Dei
2104 1105 2261 1167 illius
2283 1122 2506 1163 manens
2532 1108 2583 1162 in
2606 1110 2909 1164 aeternitate
2936 1124 3056 1163 cum
3073 1108 3231 1163 Patre
3252 1108 3443 1178 :equali

1866 1212 1962 1269 per
2005 1198 2186 1254 omnia
2230 1197 2378 1253 Patri
2439 1200 2489 1253 in
2542 1198 2842 1268 majestate,
2894 1201 3166 1255 hominem
3196 1216 3355 1270 quem
3380 1200 3446 1253 ad

1866 1300 2022 1345 suam
2044 1290 2333 1361 imaginem
2378 1290 2509 1346 fecit
2535 1299 2749 1347 aeterna:
2780 1293 3204 1347 immortalitatis
3231 1307 3444 1360 posses.—

1866 1398 2045 1439 sorem
2070 1396 2189 1439 esse
2218 1382 2536 1446 constituit;
2572 1383 2665 1439 sed
2709 1383 2931 1438 seducto
2954 1400 2983 1437 a
3012 1382 3242 1445 diabolo,
3273 1391 3327 1438 et
3353 1397 3448 1452 per

1866 1481 2150 1545 peccatum
2179 1472 2392 1528 mortali
2441 1472 2604 1538 facto,
2641 1488 2737 1527 sua
2781 1473 3150 1528 misericordia
3172 1473 3450 1543 proposuit

1868 1566 2103 1621 humana
2129 1579 2187 1620 se
2220 1564 2368 1618 indui
2397 1565 2746 1632 mortalitate,
2770 1564 3233 1621 uthumanitatem
3255 1565 3447 1620 iterum

1870 1654 1937 1710 ad
1961 1665 2217 1711 aeternam
2242 1655 2521 1711 reduceret
2541 1655 3019 1711 immortalitatem.

1942 1746 2010 1799 Et
2041 1746 2172 1799 dixit
2228 1746 2375 1799 mihi.
2428 1744 2607 1800 Multis
2645 1746 2819 1801 modis
2870 1754 3027 1801 antea
3082 1758 3179 1816 per
3213 1746 3449 1816 patriar.-

256 1840 320 1895 Et
346 1841 432 1893 ubi
462 1838 946 1908 sum,inquit,ego,
972 1835 1083 1892 illic
1111 1843 1166 1890 et
1194 1836 1428 1888 ministri
1451 1832 1557 1887 mei
1582 1837 1761 1886 erunt.

1877 1837 2001 1893 thas
2021 1844 2075 1891 et
2103 1836 2396 1906 prophetas
2417 1852 2571 1891 suum
2599 1836 2726 1892 huic
2754 1836 2954 1892 mundo
2978 1836 3250 1891 nuntiavit
3262 1837 3455 1892 adven-

189 1931 381 1987 Merces
403 1940 487 1985 est
510 1930 712 1985 amoris
737 1938 791 1985 et
818 1929 998 1999 operis
1029 1927 1265 1997 pretium
1289 1940 1398 1995 quo
1428 1924 1771 1979 ministratur

191 2022 397 2078 Christo
422 2037 544 2078 esse
569 2037 692 2076 cum
722 2020 812 2075 illo
840 2019 927 2074 cui
969 2018 1325 2080 ministratur,
1351 2015 1440 2069 ubi
1466 2015 1608 2070 enim
1634 2014 1760 2067 bene

188 2112 285 2168 erit
312 2113 425 2166 sine
459 2112 573 2176 illo,
599 2120 691 2166 aut
713 2110 982 2181 quomodo
1015 2108 1153 2164 male
1181 2122 1301 2164 esse
1327 2123 1448 2163 cum
1495 2106 1585 2160 illo
1614 2112 1767 2175 pote-

188 2204 285 2258 rit?
320 2203 455 2257 Audi
489 2203 797 2257 evidentius
828 2216 843 2255 :

254 2293 317 2345 Et
361 2294 407 2346 si
463 2294 579 2364 quis
620 2293 747 2346 mihi
799 2291 1197 2356 ministraverit,
1235 2287 1598 2356 honoriﬁcabit
1651 2302 1767 2340 enm

190 2382 336 2439 Pater
369 2402 541 2449 meus,
571 2386 661 2455 qui
687 2394 760 2439 est
784 2383 1023 2439 incmlis.
1043 2382 1161 2450 Quo
1204 2381 1411 2437 honore
1460 2379 1562 2434 nisi
1594 2387 1655 2431 ut
1700 2378 1771 2433 sit

187 2495 299 2535 cum
330 2481 437 2535 ﬁlio
464 2481 616 2549 ejus?
643 2480 794 2547 Quod
818 2480 961 2533 enim
986 2478 1235 2547 superius
1268 2476 1367 2541 ait,
1398 2475 1487 2528 ubi
1512 2489 1605 2545 ego
1652 2489 1770 2527 sum

189 2570 289 2625 illic
318 2581 364 2626 et
388 2573 628 2627 minister
658 2589 799 2625 meus
824 2572 940 2635 erit,
969 2572 1069 2625 hoc
1111 2568 1425 2637 intelligitur
1455 2565 1771 2636 exposuisse

186 2674 298 2713 cum
342 2660 477 2716 dicit
511 2661 880 2730 Itonoriﬁcabit
924 2677 1041 2714 eam
1073 2659 1231 2712 Pater
1259 2674 1423 2711 meus.
1452 2655 1582 2710 Nam
1611 2670 1769 2726 quem

188 2749 435 2816 majorem
464 2752 725 2806 honorem
777 2751 1021 2820 accipere
1046 2748 1246 2819 poterit
1275 2748 1582 2817 adOptatus,
1607 2759 1769 2814 quam

188 2849 242 2895 ut
269 2843 336 2895 sit
356 2843 427 2897 ibi
453 2843 542 2897 ubi
566 2851 646 2897 est
669 2843 861 2895 unicus
889 2856 993 2895 non
1023 2840 1247 2910 mqnalis
1274 2840 1448 2893 factus
1476 2836 1766 2901 divinitati,

188 2935 273 2990 sed
301 2936 554 2990 conscius
580 2934 891 2989 :eternitati.
924 2932 1061 2999 Quid
1112 2932 1183 2985 sit
1227 2939 1406 2984 autem
1460 2929 1771 2983 ministrare

188 3026 414 3091 Christo,
447 3028 536 3083 cui
569 3009 716 3096 operi
744 3041 950 3079 merces
976 3032 1124 3079 tanta
1166 3021 1501 3093 promittitur
1526 3020 1770 3075 conside-

188 3118 405 3171 randum
429 3125 535 3181 est,
563 3118 608 3170 si
627 3117 741 3186 quis
777 3116 904 3168 mihi
934 3116 1198 3168 ministrat
1242 3130 1324 3166 me
1346 3122 1610 3183 sequatur,
1663 3112 1766 3166 hoc

1874 1937 1927 1982 tu
1935 1945 1983 1982 ιιι
1993 1968 2005 1981 .

1943 2019 2009 2075 In
2057 2019 2222 2074 Iacob
2260 2019 2516 2075 inhabita.
2570 2020 2629 2076 in
2672 2022 2753 2078 eis
2798 2022 2941 2076 enim
2971 2036 3031 2077 se
3057 2022 3303 2078 habitare
3328 2036 3453 2092 pro-

1869 2111 2039 2177 misit,
2070 2113 2162 2181 qui
2190 2111 2321 2165 vitia
2351 2120 2405 2167 et
2458 2120 2678 2183 peccata
2729 2112 3089 2184 supplantant,
3143 2122 3198 2167 et
3231 2113 3452 2168 concul-

1870 2209 1997 2255 cant
2022 2216 2084 2256 ea
2127 2200 2282 2254 boote
2328 2200 2663 2271 operationis
2709 2201 2887 2257 studio
2930 2202 3108 2257 divina
3139 2202 3312 2273 gratia
3341 2201 3452 2257 lar-

1871 2290 2054 2362 giente
2073 2308 2085 2343 :
2119 2290 2383 2361 sequitur.

1942 2377 2011 2432 Et
2033 2380 2087 2433 in
2114 2377 2288 2433 Israel
2314 2372 2640 2435 hlereditare.
2674 2380 2732 2436 id
2758 2389 2862 2445 est,
2909 2381 2963 2435 in
2990 2381 3074 2436 his
3101 2383 3191 2453 qui
3217 2382 3271 2436 in
3294 2386 3459 2437 casti-

1872 2475 1982 2524 tate
1999 2477 2053 2524 et
2082 2469 2345 2525 bonorum
2362 2483 2585 2540 operum
2608 2472 2897 2527 sanctitate
2919 2471 3013 2528 Dei
3036 2473 3242 2528 visione
3267 2473 3459 2545 dignus

1870 2576 1929 2619 se
1957 2562 2231 2629 exhibent,
2259 2570 2318 2617 ut
2338 2572 2421 2618 est
2446 2562 2572 2618 illud
2602 2582 2614 2618 :
2642 2562 2792 2619 Beati
2812 2564 2993 2618 mundi
3013 2565 3188 2632 corde,
3209 2567 3457 2637 quoniam

1870 2652 1970 2721 ipsi
1991 2652 2157 2707 Deum
2186 2654 2444 2708 videbunt.

1944 2740 2012 2795 Et
2061 2742 2118 2796 in
2172 2742 2345 2796 electis
2382 2744 2509 2797 nteis
2562 2746 2705 2799 mitte
2764 2746 2986 2801 radices.
3022 2745 3087 2801 Hi
3133 2756 3259 2801 sunt
3312 2748 3458 2801 enim

1870 2828 2028 2885 electi
2054 2830 2174 2897 Dei,
2203 2833 2293 2901 qui
2317 2834 2497 2887 omnia
2526 2834 2917 2890 oblectamenta
2948 2837 3107 2907 hujus
3128 2838 3309 2892 mundi
3347 2846 3458 2891 tota

1875 2922 2135 2977 deserunt
2158 2922 2454 2990 voluntate,
2491 2926 2582 2995 qui
2615 2926 2738 2980 huic
2790 2927 2990 2981 mundo
3036 2928 3301 2983 inhaerent
3347 2928 3458 2984 sola

1872 3019 2083 3066 tantum
2137 3014 2484 3080 necessitate,
2527 3013 2593 3069 de
2622 3015 2818 3084 quibus
2841 3016 2970 3072 dicit
2994 3017 3282 3086 Apostolus
3311 3033 3325 3071 :
3356 3018 3459 3083 Qui

1870 3110 2093 3155 utuntur
2139 3102 2237 3156 hoc
2270 3102 2485 3169 mundo,
2536 3110 2785 3175 tanquam
2836 3122 2939 3160 non
2995 3116 3231 3173 utantur,
3264 3108 3317 3162 id
3352 3116 3453 3170 est,

187 3206 401 3278 intelligi
428 3207 616 3273 voluit,
648 3222 710 3262 ac
742 3206 786 3261 si
832 3206 1055 3270 diceret,
1101 3205 1145 3259 si
1194 3203 1317 3273 quis
1343 3218 1428 3256 me
1456 3216 1561 3255 non
1586 3200 1764 3270 sequi—
1791 3191 1835 3254 C
1866 3192 2190 3249 necessilate
2218 3202 2449 3259 tantum.
2481 3202 2537 3250 et
2564 3208 2671 3249 non
2708 3195 3078 3252 delectationis
3133 3210 3423 3252 consensu.

188 3306 288 3363 tur,
313 3315 416 3353 non
440 3298 571 3353 mihi
596 3297 898 3351 ministrat.-
919 3295 1224 3349 Ministrant
1251 3309 1379 3364 ergo
1408 3291 1534 3347 Jesu
1552 3291 1768 3347 Christo

184 3392 268 3460 qui
300 3407 401 3445 non
431 3406 529 3446 sua
558 3396 806 3460 quaerunt
830 3388 923 3443 sed
950 3403 1070 3457 quae
1094 3384 1219 3441 Jesu
1236 3384 1468 3450 Christi;
1495 3383 1599 3438 hoc
1622 3382 1768 3437 enim

184 3491 276 3542 est,
302 3500 383 3535 nte
426 3492 696 3553 sequatur,
723 3480 839 3534 vias
866 3478 1102 3533 ambulet
1127 3491 1292 3541 meas,
1322 3491 1427 3529 non
1454 3489 1604 3540 suas,
1627 3472 1769 3528 sicut

186 3570 303 3626 alibi
326 3574 588 3641 scriptum
619 3580 703 3626 est
723 3588 735 3623 :
755 3568 858 3635 Qui
883 3586 937 3624 se
964 3568 1087 3621 dicit
1117 3569 1170 3620 in
1193 3566 1400 3620 Christo
1425 3579 1655 3629 manere,
1677 3563 1770 3617 de-

185 3664 257 3717 bet
286 3665 418 3718 sicut
451 3663 540 3718 ille
562 3661 868 3726 ambulavit,
895 3670 943 3715 et
980 3661 1087 3729 ipse
1114 3656 1401 3712 ambulare.
1454 3657 1621 3727 igitur
1674 3654 1766 3725 qui

192 3754 274 3807 tali
327 3754 490 3808 modo
541 3753 786 3821 sequitur
815 3750 1101 3805 Dominum
1134 3748 1430 3812 Christum,
1472 3746 1678 3801 scilicet
1709 3754 1769 3800 ut

186 3848 432 3900 mamlata
461 3844 577 3913 ejus
594 3844 907 3898 custodiens
936 3843 987 3895 in
1022 3841 1125 3895 [ide
1155 3850 1299 3895 recta
1329 3840 1580 3908 nsquein
1606 3840 1765 3893 linem

184 3942 511 4002 perseveret,
537 3934 652 4004 ipse
686 3948 807 3988 cum
834 3947 898 3985 eo
927 3931 980 3983 in
1004 3930 1207 3985 cmlesti
1234 3944 1397 4000 regno
1426 3929 1679 3998 gaudebit
1712 3929 1765 3983 in

185 4032 525 4095 perpetuum.

700 4109 982 4165 IlOMlLlA
1019 4106 1247 4165 CXLIX.

496 4217 547 4255 IN
587 4215 952 4255 ASSUIPTIONE
990 4212 1205 4253 SANCTE
1245 4213 1445 4254 ΜΔΙΠΑΕ.

598 4291 780 4345 Lectio
808 4289 930 4345 libri
965 4288 1350 4345 Ecclesiastici.

252 4381 318 4436 In
360 4382 602 4435 omnibus
652 4382 731 4435 his
773 4382 1001 4453 requiem
1032 4380 1266 4450 qua‘sivi,
1305 4380 1431 4434 etin
1460 4379 1763 4435 hereditate

190 4471 393 4527 Domini
421 4471 684 4525 morabor.
715 4470 857 4524 Tunc
881 4471 1123 4540 prtccepil
1151 4480 1197 4523 et
1227 4471 1362 4524 dixit
1402 4470 1528 4524 mihi
1559 4480 1763 4525 creator

1942 3284 2011 3338 Et
2036 3285 2111 3338 sic
2138 3286 2191 3339 in
2216 3283 2345 3339 Sion
2364 3286 2575 3355 ﬁrmata
2602 3303 2739 3352 sum,
2757 3296 2803 3341 et
2826 3287 2881 3342 in
2904 3289 3108 3342 civitate
3128 3291 3458 3357 sanctiﬁcata

1868 3375 2111 3430 similiter
2136 3376 2439 3446 requievi,et
2465 3377 2520 3430 in
2541 3375 2874 3431 Hierusalem
2896 3388 3122 3449 potestas
3145 3396 3280 3433 mea.
3298 3380 3354 3435 ιιι
3380 3389 3459 3435 ta-

1869 3466 2009 3520 libus
2051 3466 2195 3521 enim
2232 3465 2326 3522 Dei
2349 3467 2613 3537 sapientia
2636 3466 2779 3523 illius
2815 3467 2912 3524 Dei
2932 3484 3156 3524 manere
3180 3470 3461 3541 dignatur,

1868 3558 1959 3627 qui
2014 3558 2278 3613 bonorum
2326 3573 2549 3629 operum
2578 3560 2838 3629 exemplis
2880 3560 3154 3630 speculum
3182 3562 3308 3617 vitae
3335 3562 3455 3617 aliis

1867 3650 2109 3719 prmbent
2148 3650 2202 3705 in
2235 3651 2558 3720 semetipsis,
2584 3658 2639 3705 et
2668 3651 2723 3705 in
2752 3660 2938 3705 sancta
2967 3651 3207 3707 Ecclesia
3251 3654 3455 3707 sanctis

1869 3739 2110 3793 moribus
2137 3738 2485 3810 sibimetipsis
2511 3748 2567 3795 et
2587 3739 2706 3795 aliis
2729 3748 3024 3811 operantur
3045 3740 3293 3808 salutem,
3311 3752 3364 3799 et
3388 3744 3455 3799 ad

1868 3839 2083 3885 aeterna:
2102 3830 2252 3900 pacis
2273 3827 2541 3886 visionem
2568 3830 2847 3887 festinant.

1940 3928 2194 3985 Rndicavi
2222 3932 2277 3985 in
2322 3930 2514 4002 populo
2540 3929 2911 4002 honoriﬁcam,
2953 3943 3001 3988 et
3030 3932 3090 3987 in.
3128 3944 3303 4003 partes
3359 3933 3455 3989 Dei

1870 4020 1969 4074 ntei
1995 4020 2271 4075 lttrreditas
2307 4022 2471 4083 illius.
2512 4022 2685 4093 Elegit
2722 4023 2865 4077 enim
2896 4022 3038 4078 Deus
3060 4039 3171 4094 pra)
3202 4026 3456 4084 omnibus

1868 4113 2116 4185 gentibus
2135 4114 2487 4170 lsraeliticum
2510 4116 2761 4187 populum
2781 4116 3129 4187 peculiarem,
3151 4116 3452 4187 quialsrael

1866 4204 1951 4258 vir
1985 4204 2172 4261 videns
2203 4206 2370 4261 Deum
2419 4205 2637 4271 dicitur,
2661 4220 2755 4262 eos
2774 4206 2887 4261 vult
2917 4207 3267 4277 Spiritualiter
3289 4208 3447 4262 intel-

1867 4292 1981 4363 ligi,
2010 4293 2102 4362 qui
2131 4294 2380 4348 castitate
2425 4294 2552 4349 vita:
2588 4294 2642 4348 in
2693 4304 2884 4351 sancta
2940 4298 3349 4352 conversatione
3384 4300 3450 4354 ad

1865 4391 2064 4437 mterna
2093 4398 2305 4454 semper
2338 4384 2532 4455 gaudia
2564 4385 2972 4457 contemplanda
2995 4386 3268 4442 festinant.
3297 4387 3450 4455 Quod

1866 4487 2054 4528 eorum
2081 4482 2286 4528 tantum
2316 4475 2514 4529 donum
2543 4484 2647 4539 est,
2670 4476 2758 4546 qui
2788 4476 2968 4534 divina
2992 4479 3449 4561 gratialargiente

188 4566 415 4617 omnium
455 4576 472 4614 :
506 4572 553 4616 et
581 4563 671 4631 qui
695 4557 895 4616 crearit
914 4577 1015 4625 me,
1043 4561 1286 4631 requievit
1329 4562 1384 4614 in
1427 4561 1763 4616 tabernaculo
1789 4535 1842 4594 D
1869 4580 1967 4634 pro
1989 4565 2103 4620 solo
2117 4568 2355 4637 appetitu
2377 4576 2593 4623 aeternae
2606 4568 2788 4640 gloriae
2812 4535 3158 4627 contirnbntia:
3181 4535 3445 4631 vel‘ctiaui

186 4669 315 4718 meo,
352 4666 463 4707 etc.

253 4742 343 4795 Dci
371 4743 514 4797 titius
541 4742 763 4796 verbum
788 4750 846 4797 et
889 4744 1149 4814 sapientia
1199 4744 1294 4799 Dei
1342 4745 1510 4816 patris
1553 4745 1762 4801 locutus

183 4846 272 4901 per
300 4831 644 4887 Salomonem
677 4832 730 4886 in
764 4847 990 4904 persona
1019 4835 1295 4905 sapientia:
1334 4835 1478 4904 quod
1512 4847 1595 4890 est
1624 4837 1759 4905 ipse,

184 4924 513 4977 annuntians
546 4924 779 4977 humano
806 4926 989 4993 generi
1041 4926 1184 4995 quod
1230 4928 1283 4981 in
1312 4928 1391 4981 eis
1423 4929 1761 4998 requiescere

182 5022 228 5065 et
268 5013 321 5066 in
354 5012 461 5066 illis
493 5028 711 5068 manere
757 5015 1107 5081 desideraret,
1139 5016 1262 5085 quia
1308 5003 1467 5072 liomo
1512 5019 1578 5073 ad
1623 5019 1759 5072 inia-

184 5108 355 5179 ginem
382 5110 477 5163 Dei
507 5109 699 5175 factus,
730 5112 773 5165 si
800 5113 851 5165 in
884 5113 993 5167 Deo
1026 5130 1244 5169 manere
1287 5115 1539 5182 voluerit,
1565 5117 1762 5173 mundo

183 5201 369 5264 corde,
389 5210 447 5255 et
498 5202 708 5256 sincera
762 5204 1032 5259 voluntate
1079 5207 1221 5261 Deus
1273 5207 1324 5260 in
1379 5222 1444 5263 eo
1477 5218 1681 5273 manet,
1708 5217 1764 5264 et

184 5289 289 5359 ipse
341 5293 398 5345 in
442 5291 568 5347 Deo.
610 5292 760 5348 Unde
790 5295 845 5349 in
892 5300 1144 5365 praesenti
1191 5298 1439 5364 lectione,
1472 5316 1630 5369 quam
1662 5316 1760 5355 au-

183 5382 331 5437 distis
373 5382 615 5450 loquitur
641 5386 899 5453 sapientia
941 5386 1034 5441 Dei
1094 5390 1159 5442 ad
1190 5389 1434 5445 homines
1464 5391 1604 5446 ﬁlius
1627 5392 1748 5447 Dei:

183 5468 245 5523 In
272 5472 514 5525 omnibus
548 5475 626 5526 his
677 5478 900 5546 requiem
929 5480 1161 5548 qua'sivi,
1208 5489 1267 5533 ut
1298 5490 1383 5535 est
1429 5482 1558 5536 illud
1611 5485 1755 5553 quod

180 5562 465 5633 Apostolus
486 5566 588 5617 ait:
612 5565 744 5620 Deus
763 5570 898 5622 enim
926 5570 1029 5625 vult
1054 5588 1254 5625 onmem
1271 5572 1527 5626 hominem
1554 5576 1755 5629 salvum

183 5652 291 5720 ﬁeri
317 5666 365 5709 et
403 5659 461 5711 in
490 5659 805 5727 agnitionem
834 5664 1059 5718 veritatis
1080 5668 1269 5729 venire,
1296 5675 1349 5718 ut
1381 5668 1557 5720 relicto
1581 5686 1757 5726 errore

185 5751 401 5801 terrena
427 5750 853 5816 concupiscentitv
874 5756 921 5807 et
945 5756 1214 5811 desideriis
1240 5760 1540 5828 expugnatis
1571 5779 1756 5817 corna.

1871 4657 2197 4729 virginitatis
2216 4660 2554 4731 propositum
2577 4668 2815 4716 servant.

1941 4767 2106 4833 Quasi
2132 4769 2314 4824 cedrus
2335 4769 2567 4825 exaltata
2595 4788 2711 4827 sum
2749 4772 2803 4825 in
2846 4771 3066 4839 Libano,
3108 4784 3156 4829 et
3183 4776 3333 4846 quasi
3356 4793 3445 4846 cy-

1866 4878 2072 4930 pressus
2120 4863 2174 4916 in
2202 4872 2373 4917 monte
2404 4863 2556 4917 Sion.
2589 4864 2796 4918 Cedrns
2849 4874 3011 4934 atque
3039 4875 3326 4937 cypre'ssus
3353 4872 3447 4940 qui

1868 4954 2063 5007 summi
2115 4954 2297 5007 odoris
2339 4964 2463 5008 sunt
2504 4956 2744 5018 arbores,
2768 4964 2824 5009 et
2863 4956 3083 5011 altiores
3134 4960 3346 5015 caeteris
3391 4962 3445 5016 in

1864 5041 2067 5098 Libano
2091 5043 2394 5108 arboribus,
2418 5044 2507 5111 qui
2540 5045 2827 5099 ecclesiam
2852 5047 3150 5115 signiﬁcant
3186 5052 3446 5108 excelsio-

1864 5135 1939 5188 ris
1969 5134 2022 5187 in
2043 5133 2269 5188 ecclesia
2297 5133 2512 5189 virtutis
2540 5136 2687 5189 viros
2711 5150 2999 5204 possumus
3040 5137 3360 5211 intelligere,
3390 5142 3443 5197 id

1861 5226 1964 5287 est,
1994 5224 2231 5293 virgines
2280 5226 2369 5293 qui
2400 5225 2753 5279 centesimum
2796 5236 3077 5284 merentur
3099 5240 3299 5285 metere
3324 5231 3440 5287 fru-

1863 5321 2031 5366 ctum.
2064 5312 2217 5379 Quod
2260 5312 2545 5368 manifeste
2589 5314 2858 5384 signatum
2904 5327 2987 5372 est
3033 5320 3084 5373 in
3130 5320 3439 5376 beatissima

1862 5402 1953 5455 Dei
1984 5403 2242 5472 genitriee
2268 5403 2453 5469 Maria,
2482 5406 2633 5475 cujus
2676 5406 2833 5461 hodie
2862 5422 3101 5464 annuum
3142 5412 3281 5466 diem
3312 5412 3443 5468 bea-

1860 5490 2081 5544 tissitna:
2097 5494 2477 5559 assumptionis
2490 5494 2829 5552 celebramus
2851 5499 2903 5551 in
2923 5500 3140 5564 caelum,
3156 5502 3280 5569 quia
3296 5503 3443 5573 quod

1862 5581 2004 5634 Deus
2030 5580 2123 5635 Dei
2154 5581 2293 5635 illius
2311 5598 2368 5637 se
2388 5584 2441 5636 in
2473 5584 2615 5638 hunc
2637 5586 2897 5645 mundum
2922 5590 2987 5643 ad
3019 5589 3438 5662 redemptionem

1863 5671 2078 5725 humani
2117 5676 2329 5743 generis
2357 5676 2567 5734 ven-isse
2606 5679 2877 5749 promisit,
2926 5698 3031 5736 non
3066 5698 3161 5753 per
3216 5693 3440 5754 nuptam

1864 5765 2107 5829 quamvis
2125 5775 2386 5833 sanctam,
2411 5779 2467 5824 ut
2488 5770 2714 5842 legimus
2742 5774 2921 5831 multis
2942 5774 2994 5829 in
3012 5773 3308 5843 scripturis,
3328 5789 3435 5832 non
