3960 6394
445 429 552 488 435

1088 435 1152 490 Β.
1192 435 1444 492 RABANI
1484 436 1702 495 MAURI
1740 437 2058 494 ARCHIEP.
2101 436 2410 496 MOGUNT.
2443 437 2726 496 OPERUM
2762 441 2943 500 PARS
2982 444 3046 500 ll.

3619 450 3728 508 438

442 560 543 619 per
581 546 799 602 viduam
825 558 1054 617 castam,
1100 552 1192 607 sed
1223 569 1317 623 per
1355 554 1529 609 solum
1580 555 1683 610 hoc
1736 556 2035 626 virginemn
2064 553 2114 614 Α
2140 554 2250 609 ctio
2276 561 2393 620 est,
2427 565 2645 611 emtam
2677 566 2914 614 mentem
2951 575 2980 613 a
3018 561 3228 617 cunctis
3263 560 3462 618 bal-ere
3494 570 3729 623 terrenis

443 654 645 710 corpus
673 639 936 711 implevit.
978 641 1113 710 Quia
1163 647 1320 715 quasi
1367 646 1447 702 sol
1486 648 1666 703 oriens
1711 647 1916 704 nitidus
1970 649 2036 705 ab

439 731 592 786 omni
645 731 956 802 pollutionis
1012 739 1172 792 sorde
1220 739 1486 807 processit
1527 755 1592 795 ex
1621 748 1775 795 utero
1809 741 2036 811 virginis

441 820 788 896 matris;l’elix
817 835 965 881 certe
985 833 1040 882 et
1072 829 1220 884 omni
1271 829 1428 886 laude
1455 831 1796 903 dignissima,
1826 848 1944 904 quae
1968 834 2036 889 de

439 911 580 969 caelo
624 917 864 988 suscepit
898 918 1108 989 prolem
1141 931 1197 978 et
1224 925 1424 978 mundo
1455 926 1640 996 genuit
1667 925 2027 983 salvatorem:

440 1019 566 1059 cuiu
595 1006 760 1076 igitur
785 1017 935 1065 tanta
962 1011 1070 1067 sint
1097 1014 1289 1069 merita
1318 1014 1667 1086 virginitatis,
1722 1032 1828 1073 non
1851 1026 2032 1074 tamen

439 1098 804 1165 repudiandus
827 1110 912 1156 est
937 1103 1127 1158 thorus
1150 1104 1418 1160 castitatis
1451 1124 1463 1159 :
1494 1106 1620 1176 quia
1649 1106 1846 1163 bonum
1870 1109 2034 1180 virgi-

437 1185 629 1244 nitatis
678 1206 784 1245 non
817 1191 919 1246 nisi
963 1209 993 1247 a
1022 1191 1287 1265 coniugali
1328 1195 1485 1251 thoro
1514 1198 1778 1268 procedit,
1808 1200 2033 1255 castitas

439 1275 606 1347 igitur
630 1280 682 1332 in
709 1281 917 1350 virgine
948 1282 1056 1337 alta
1082 1291 1166 1340 est
1195 1292 1252 1339 et
1296 1301 1506 1340 summa
1530 1287 1574 1342 si
1605 1286 1657 1341 in
1683 1291 1844 1343 corde
1871 1289 2031 1344 simul

436 1370 680 1438 persistit
705 1383 761 1428 et
794 1389 1039 1444 corpore,
1077 1377 1171 1433 sed
1199 1378 1420 1434 castitas
1465 1377 1767 1451 coniugalis
1791 1383 2033 1437 sanctior

431 1469 516 1516 est
548 1476 667 1530 qua:
693 1465 746 1519 in
790 1466 953 1523 corde
998 1467 1158 1523 simul
1196 1470 1437 1540 persistit
1464 1479 1518 1527 et
1545 1485 1771 1540 corpore
1793 1480 2026 1538 constat,

430 1570 594 1624 quam
631 1556 719 1612 illa
745 1573 866 1628 quze
906 1559 960 1614 in
1010 1567 1172 1616 corde
1202 1571 1409 1617 tantum
1439 1571 1526 1618 est
1560 1570 1712 1619 casta
1760 1571 1815 1619 et
1867 1563 2030 1621 corde

431 1648 662 1706 diversis
683 1659 768 1706 est
795 1652 970 1708 modis
995 1653 1318 1720 adulterata,
1346 1655 1460 1712 sive
1492 1654 1828 1724 in'iactantia
1858 1665 1953 1712 aut
1973 1654 2028 1712 in

429 1737 682 1807 superbia
710 1747 806 1795 aut
836 1741 1001 1796 etiam
1040 1743 1094 1798 in
1125 1745 1365 1815 appetitu
1399 1743 1656 1802 libidinis.
1694 1746 1865 1814 Unde,
1897 1747 2031 1805 dile-

432 1827 684 1895 ctissimi,
708 1831 864 1886 nobis
891 1831 1037 1888 omni
1061 1835 1239 1891 studio
1262 1851 1564 1904 servemus,
1582 1855 1688 1894 non
1709 1839 1884 1896 solum
1907 1855 2028 1896 cor-

2140 659 2369 715 eamque
2411 656 2675 717 quantum
2724 650 2959 704 humana
3011 651 3350 711 imbecillitas
3394 656 3525 710 sinit
3573 659 3730 714 unire

2139 747 2260 788 cum
2288 734 2527 802 Christo,
2552 738 2740 794 activae
2765 755 2895 794 vero
2919 756 3079 810 quam
3111 740 3366 813 frequens
3393 745 3465 800 sit
3486 748 3730 804 ministe-

2139 825 2301 890 rium,
2331 825 2570 893 gentium
2597 828 2853 899 magister
2879 830 3090 895 edocet,
3126 832 3217 900 qui
3244 833 3588 890 creberrimis
3613 837 3729 905 epi-

2137 915 2396 970 stolarum
2425 917 2585 973 dictis
2615 934 2741 974 suos
2767 934 2868 991 pro
2891 919 3110 976 Christo
3136 930 3276 978 terra
3307 925 3551 995 marique
3578 925 3729 981 labo-

2138 1020 2226 1060 res
2268 1022 2333 1062 ac
2370 1023 2466 1062 sua
2505 1011 2746 1080 pericula
2782 1024 3194 1068 commemorat.
3237 1016 3292 1070 ln
3329 1018 3525 1086 quibus
3560 1020 3726 1076 etiam

2135 1097 2372 1153 visiones
2411 1107 2466 1154 et
2500 1100 2860 1157 revelationes
2897 1103 3109 1158 Domiui
3155 1109 3571 1173 commendans,
3616 1126 3726 1165 non

2135 1189 2313 1243 minus
2349 1205 2407 1266 se
2452 1190 2505 1244 in
2542 1191 2870 1261 speculativa
2909 1193 3107 1249 virtute
3137 1197 3280 1265 quod
3326 1207 3409 1251 est
3439 1199 3723 1268 imitabile,

2133 1292 2566 1337 consummatum
2591 1282 2757 1339 fuisse
2778 1285 3062 1356 signiﬁcat.
3087 1286 3240 1344 Unde
3262 1289 3415 1354 dicit,
3438 1291 3553 1346 sive
3577 1292 3724 1349 enim

2133 1379 2314 1427 mente
2341 1374 2642 1430 excidimus
2666 1376 2798 1442 Deo,
2830 1378 2944 1432 sive
2975 1379 3140 1434 sobrii
3169 1395 3356 1437 sumus
3383 1371 3558 1438 vobis.

2207 1462 2339 1528 Qure
2360 1464 2502 1518 stetit
2531 1475 2581 1519 et
2607 1466 2681 1519 ait
2710 1479 2730 1517 :
2761 1466 3014 1534 Domine,
3045 1483 3150 1522 non
3175 1479 3250 1524 est
3289 1472 3384 1525 tibi
3413 1489 3554 1526 cura:
3579 1474 3722 1543 quod

2132 1573 2282 1612 soror
2303 1575 2418 1613 mea
2449 1559 2655 1631 reliquit
2681 1575 2763 1614 me
2782 1560 2950 1615 solam
2981 1562 3326 1618 ministrare?
3365 1563 3462 1618 Dic
3489 1581 3611 1636 ergo
3641 1566 3722 1620 illi

2131 1658 2187 1702 ut
2213 1664 2295 1703 me
2322 1649 2555 1719 adjuvet.
2590 1651 2668 1706 De
2705 1651 2918 1706 illorum
2955 1668 3187 1724 persona
3218 1657 3474 1726 loquitur,
3508 1659 3598 1727 qui
3625 1659 3720 1715 ad—

2131 1739 2461 1797 huc-divinae
2483 1742 2954 1813 contemplationis
2995 1745 3165 1815 ignari
3211 1746 3381 1801 solum
3408 1750 3550 1818 quod
3578 1749 3688 1804 didi

2131 1845 2256 1887 cere
2285 1829 2540 1888 fraternae
2565 1833 2870 1889 dilectionis
2894 1849 3030 1905 Opus
3063 1835 3174 1891 Deo
3203 1836 3460 1906 placitum
3487 1838 3696 1893 ducunt

434 1932 556 1988 pus,
575 1919 670 1975 sed
691 1921 854 1976 etiam
878 1938 974 1979 cor
1002 1935 1244 1982 nostrum
1274 1925 1342 1982 ab
1362 1930 1509 1984 omni
1531 1931 1674 2000 quod
1702 1931 1816 1986 odii
1839 1931 2022 1988 Domi-
2057 1916 2100 1976 Β
2131 1921 2356 1992 ideoque
2392 1931 2617 1978 cunctos
2654 1923 2745 1993 qui
2787 1922 3006 1980 Christo
3042 1925 3219 1982 devoti
3253 1941 3374 1983 esse
3401 1928 3568 1982 velint
3594 1929 3721 1985 huic

427 2023 550 2073 nus,
574 2019 629 2064 et
650 2011 704 2066 in
721 2014 865 2068 omni
891 2017 1032 2084 quod
1055 2018 1103 2071 ei
1125 2017 1302 2088 placet
1322 2021 1460 2075 conti
1470 2037 1648 2077 rmare
1661 2037 1756 2078 cor
1781 2034 2024 2080 nostrum

427 2099 544 2170 eius
571 2102 1002 2162 misericordiam
1034 2109 1405 2179 postulemus;
1434 2120 1488 2168 et
1515 2113 1658 2169 inter
1689 2114 1802 2170 haec
1841 2117 2022 2170 omnia

427 2199 541 2249 toto
569 2195 750 2252 cordis
781 2195 976 2253 affectu
1005 2215 1104 2254 nos
1147 2200 1406 2256 auxilium
1454 2202 1624 2259 beatae
1646 2205 1887 2276 Virginis
1922 2207 2024 2261 ini-

427 2286 745 2358 ploremus,
803 2290 930 2361 quia
984 2291 1112 2346 dum
1163 2307 1262 2348 nos
1315 2308 1436 2348 eam
1490 2296 1716 2366 supplici
1763 2296 2023 2368 obsequio

422 2377 832 2451 frequentamus
853 2381 906 2436 in
936 2383 1118 2449 terris,
1137 2384 1255 2454 ipsa
1285 2400 1384 2441 nos
1403 2386 1586 2442 sedula
1609 2403 1772 2458 prece
1799 2387 2020 2447 Christo

420 2468 653 2526 Domino
703 2480 892 2528 nostro
945 2474 1330 2530 commendare
1393 2476 1649 2548 dignatur
1712 2480 1764 2534 in
1831 2481 2017 2547 caelis;

421 2560 566 2627 quod
593 2561 708 2632 ipse
735 2571 993 2633 pmstare
1015 2564 1268 2636 dignetur
1292 2566 1385 2638 qui
1417 2567 1472 2622 in
1521 2569 1760 2625 trinitate
1781 2570 2019 2640 perfecta

425 2661 619 2722 regnat
662 2661 719 2710 et
761 2654 1068 2711 dominatur
1088 2671 1188 2726 per
1207 2658 1388 2713 omnia
1437 2659 1631 2714 smcula
1672 2663 2013 2718 saeculorum.

418 2745 612 2801 Amen.

1003 2817 1284 2874 HOMILIA
1323 2818 1428 2874 CL.

895 2926 958 2966 IN
1013 2927 1243 2967 εοοειι
1304 2928 1526 2970 νεετο.

577 3003 767 3060 Lectio
796 3003 968 3059 sancti
998 3002 1275 3073 Evangelii
1306 3005 1604 3060 secundum
1632 3005 1855 3062 Lucam.

491 3115 561 3171 In
584 3114 677 3170 illo
705 3125 956 3186 tempore,
985 3115 1200 3169 intravit
1240 3113 1398 3171 Iesus
1433 3117 1488 3171 in
1523 3118 1788 3192 quoddam
1829 3121 2015 3176 castel-

419 3208 568 3273 lum;
605 3216 652 3262 et
691 3206 880 3260 mulier
905 3206 1182 3278 qurrdam,
1213 3205 1427 3263 Martha
1453 3211 1686 3277 nomine,
1721 3215 1919 3283 excepit
1944 3214 2010 3268 il-

417 3298 528 3353 lum
554 3299 611 3353 in
636 3299 847 3353 domum
879 3313 1032 3352 suam
1063 3311 1081 3349 :
1107 3307 1154 3352 et
1185 3297 1306 3353 huic
1327 3309 1439 3353 erat
1466 3317 1620 3355 soror
1647 3303 1854 3357 nomine
1886 3303 2008 3358 Ma-

418 3393 523 3458 ria,
560 3399 666 3446 etc.

491 3485 618 3543 Haec
665 3485 825 3542 lectio
853 3487 1117 3558 superiori
1155 3487 1516 3559 pulcherrima
1554 3487 1763 3543 ratione
1803 3503 2005 3544 conne-

422 3577 611 3645 ctitur,
643 3579 770 3649 quia
801 3578 1051 3634 videlicet
1076 3579 1167 3634 illa
1196 3580 1539 3647 dilectionem
1566 3580 1662 3634 Dei
1692 3589 1747 3636 et
1772 3582 2005 3650 proximi

415 3670 598 3727 verbis
618 3679 673 3726 et
695 3671 986 3742 parabolis,
1013 3671 1129 3728 haec
1149 3680 1329 3728 autem
1355 3672 1486 3742 ipsis
1512 3674 1672 3728 rebus
1699 3681 1754 3728 et
1780 3675 2008 3729 veritate

415 3753 683 3832 designat.
725 3761 853 3817 Duae
886 3762 1086 3833 quippe
1122 3763 1240 3821 ista:
1273 3764 1501 3821 Domino
1545 3764 1754 3820 dilectae
1790 3780 2007 3822 sorores

415 3850 551 3907 duas
576 3852 717 3908 vitas
746 3852 1016 3924 spiritales
1046 3854 1243 3929 quibus
1271 3856 1323 3910 in
1351 3857 1605 3926 praesenti
1635 3866 1820 3912 sancta
1845 3872 2004 3912 exer-

414 3952 569 3997 cetur
597 3941 861 4009 Ecclesia,
893 3945 1286 4000 demonstrant.
1324 3942 1530 3999 Martha
1565 3947 1781 4016 quidem
1823 3957 2007 4002 actua-

415 4031 665 4104 lem,qua
695 4034 942 4105 proximo
972 4035 1025 4090 in
1054 4034 1322 4091 cbarltate
1349 4038 1651 4104 sociamur;
1683 4038 1847 4092 Maria
1879 4055 2006 4095 vero

415 4125 1034 4196 contemplativam,qua
1070 4127 1126 4181 in
1161 4125 1255 4181 Dei
1297 4143 1481 4182 amore
1521 4129 1872 4198 suspiramus.
1903 4130 2007 4185 Ac-

417 4216 524 4270 tiva
553 4217 699 4272 enim
737 4217 847 4272 vita
881 4225 964 4274 est
997 4233 1193 4288 panem
1230 4218 1494 4274 esurienti
1531 4219 1801 4284 tribuere,
1841 4222 2007 4276 verbo

415 4309 694 4378 sapientia:
727 4309 1056 4366 nescientem
1087 4312 1303 4378 docere,
1334 4321 1605 4366 errantem
1637 4313 1908 4382 corrigere
1937 4315 2007 4370 ad

415 4398 768 4456 humanitatis
791 4401 952 4476 viam,
977 4403 1376 4472 superbientem
1397 4403 1702 4474 proximum
1726 4414 2004 4471 revocare,

415 4491 748 4549 inﬁrmitatis
792 4509 976 4549 curam
1014 4510 1228 4565 gerere,
1275 4512 1395 4566 quae
1435 4496 1660 4568 singulis
1705 4497 2006 4567 quibusque

2131 2015 2518 2084 mancipandos
2544 2023 2846 2071 autumant.

2199 2099 2267 2154 Et
2300 2102 2612 2172 respondens
2656 2104 2790 2158 dixit
2825 2104 2905 2159 illi
2934 2105 3191 2162 Dominus
3231 2123 3250 2162 :
3289 2107 3536 2174 Martha,
3567 2106 3721 2163 Har-

2125 2193 2236 2258 tha,
2265 2191 2492 2247 sollicita
2518 2210 2571 2248 es
2594 2203 2642 2248 et
2670 2195 2898 2250 turbaris
2927 2212 3049 2267 erga
3071 2197 3336 2268 plurima;
3366 2216 3522 2268 porro
3552 2217 3718 2254 unum

2125 2295 2201 2338 est
2233 2285 2603 2339 necessarium.
2637 2286 2704 2341 Et
2732 2286 2926 2342 beatus
2949 2287 3120 2344 David
3142 2289 3315 2344 solum
3338 2289 3442 2345 hoc
3466 2306 3720 2346 necessa-

2127 2374 2266 2428 rium
2312 2375 2515 2430 homini
2555 2390 2676 2432 esse
2717 2377 3014 2444 definiens,
3061 2379 3173 2436 Deo
3205 2379 3408 2452 iugiter
3449 2381 3721 2438 inhaerere

2125 2463 2401 2520 desiderat
2428 2465 2615 2521 dicens
2650 2484 2663 2520 :
2697 2465 2831 2523 Mihi
2871 2478 3046 2522 autem
3083 2469 3351 2525 adhwrere
3385 2470 3491 2548 Deo
3520 2471 3718 2526 bonum

2122 2563 2217 2616 est,
2241 2571 2433 2624 ponere
2455 2555 2510 2608 in
2521 2553 2747 2611 Domino
2766 2555 2872 2610 Deo
2896 2573 3037 2628 spem
3057 2574 3262 2624 meam;
3283 2567 3338 2614 et
3363 2558 3488 2615 alibi
3507 2577 3520 2614 :
3536 2559 3717 2616 Unam

2120 2646 2244 2715 petii
2273 2663 2306 2700 a
2335 2645 2578 2711 Domino,
2613 2647 2750 2702 hanc
2777 2650 3064 2720 requiram,
3096 2661 3151 2704 ut
3179 2651 3529 2706 inhabitemin
3555 2653 3717 2708 domo

2120 2736 2333 2792 Domini
2362 2739 2599 2795 omnibus
2624 2740 2805 2795 diebus
2833 2741 2949 2796 vita:
2975 2758 3125 2809 mere,
3149 2752 3205 2796 ut
3237 2743 3436 2797 videam
3468 2743 3716 2812 volupta-

2119 2839 2222 2882 tem
2262 2829 2475 2884 Domini
2509 2839 2555 2885 et
2597 2831 2797 2885 visitant
2844 2831 3090 2903 templum
3134 2842 3374 2887 sanctum
3416 2833 3550 2902 ejus.
3593 2831 3715 2887 Una

2118 2934 2249 2989 ergo
2276 2927 2330 2974 et
2355 2919 2468 2974 sola
2497 2927 2580 2975 est
2607 2921 2833 2986 theoria,
2866 2920 2919 2974 id
2948 2929 3053 2980 est.
3085 2920 3466 2991 contemplatio
3495 2922 3586 2977 Dei
3618 2923 3716 2977 cui

2121 3008 2313 3063 merito
2334 3010 2513 3064 omnia
2536 3008 2985 3079 iustiﬁcationum
3014 3011 3233 3077 merita,
3262 3012 3513 3068 universa
3536 3013 3712 3066 virtu-

2118 3110 2230 3156 tum
2265 3102 2441 3157 studia
2467 3112 2881 3173 poslponuntur.

2189 3190 2364 3246 Maria
2387 3194 2637 3264 optimam
2657 3206 2858 3270 partem
2882 3193 3050 3264 elegit,
3074 3211 3192 3264 qua
3217 3211 3321 3248 non
3346 3193 3614 3264 auferetur
3638 3195 3712 3248 ab

2035 3268 2080 3331 C
2111 3296 2193 3334 ea.
2223 3279 2361 3336 Ecce
2380 3297 2508 3351 pars
2536 3268 2760 3337 Marthae
2785 3284 2888 3337 non
2919 3284 3358 3353 reprehemlitur,
3399 3284 3491 3339 sed
3519 3283 3714 3341 Maria

2110 3371 2380 3438 laudatur,
2411 3390 2586 3444 neque
2609 3374 2753 3429 enim
2780 3376 2972 3429 bonam
2996 3385 3205 3444 partem
3229 3374 3455 3444 elegisse
3479 3373 3711 3429 Mariam

2111 3465 2261 3533 dicit,
2287 3465 2382 3521 sed
2407 3467 2688 3536 optimam,
2705 3474 2763 3521 ut
2782 3467 2942 3520 etiam
2969 3481 3095 3534 pars
3121 3464 3345 3520 Marthae
3369 3464 3713 3534 judicaretur

2108 3557 2269 3612 bona.
2309 3556 2485 3624 Quare
2511 3567 2692 3612 autem
2722 3572 2850 3627 pars
2882 3556 3063 3611 Mariae
3101 3557 3172 3611 sit
3198 3556 3400 3626 optima
3432 3555 3711 3610 subinl'er-

2111 3658 2200 3702 tur
2223 3663 2345 3703 cum
2377 3649 2577 3702 dicitur
2603 3663 2719 3718 qua:
2745 3664 2848 3705 non
2879 3647 3149 3716 auferetur
3183 3646 3247 3700 ab
3281 3662 3365 3700 ea.
3394 3646 3582 3700 Activa
3611 3655 3707 3700 et-

2109 3739 2252 3794 enim
2286 3739 2396 3794 vita
2431 3755 2552 3793 cum
2589 3754 2817 3809 corpore
2847 3739 3057 3796 deﬁcit:
3082 3738 3204 3808 quis
3231 3738 3376 3794 enim
3417 3738 3470 3792 in
3496 3745 3705 3793 aeterna

2108 3835 2283 3904 patria
2318 3850 2511 3904 panem
2549 3833 2806 3889 esurienti
2852 3831 3099 3902 porrigat“
3146 3829 3236 3885 ubi
3283 3845 3442 3885 nemo
3486 3829 3706 3884 esurit?

2109 3929 2231 3999 quis
2273 3937 2461 3998 potum
2515 3928 2718 3982 tribuat
2771 3926 2974 3983 sitienti
3016 3927 3106 3982 ubi
3147 3941 3307 3981 nemo
3364 3926 3514 3981 sitit?
3564 3925 3705 3992 Quis

2110 4029 2378 4074 mortuum
2412 4020 2634 4090 sepeliat
2665 4021 2752 4074 ubi
2798 4034 2956 4074 nemo
2989 4019 3252 4073 moritur?
3285 4016 3417 4072 Cum
3448 4018 3706 4086 praesenti

2108 4125 2236 4181 ergo
2264 4110 2462 4166 smculo
2493 4111 2599 4164 vita
2624 4110 2867 4164 aufertur
2903 4110 3078 4164 activa
3107 4127 3119 4161 :
3148 4108 3562 4177 contemplativa
3594 4124 3703 4161 au-

2112 4211 2216 4256 tem
2261 4202 2348 4256 hic
2385 4203 2673 4271 incipitur;
2706 4210 2766 4265 ut
2805 4202 2856 4255 in
2902 4200 3105 4254 cmlesti
3149 4200 3322 4269 patria
3357 4197 3701 4268 perﬁciatur,

2109 4295 2233 4363 quia
2259 4309 2412 4348 amor
2435 4294 2590 4364 ignis,
2620 4294 2711 4363 qui
2743 4294 2831 4348 hic
2860 4293 3053 4347 ardere
3082 4293 3321 4356 inchoat,
3350 4306 3472 4345 cum
3497 4291 3702 4360 ipsum,

2108 4400 2267 4455 quem
2298 4384 2696 4449 amat,viderit,
2730 4385 2782 4438 in
2813 4399 2996 4437 amore
3023 4381 3253 4452 amplius
3278 4380 3522 4451 ignescit.
3554 4378 3706 4434 Con-

2109 4476 2418 4546 templativa
2445 4491 2574 4547 ergo
2598 4477 2709 4531 vita
2740 4476 2961 4531 minime
2985 4474 3248 4539 aufertur,
3273 4473 3397 4542 quia
3420 4472 3702 4526 subtracta

414 4583 706 4655 expediant
747 4563 1091 4656 dispensare,
1135 4594 1189 4641 et
1225 4563 1545 4641 commissis
1575 4563 1737 4642 nobis
1773 4563 2007 4656 qualiter
2031 4613 2082 4672 Β
2109 4566 2391 4672 basem}:
2421 4566 2600 4672 8:390“
2629 4566 2746 4672 ilice
2769 4565 3047 4669 perﬁcitur
3074 4565 3128 4672 in
3165 4572 3374 4666 aeterna
3395 4563 3560 4634 gloria
3580 4577 3703 4672 per

416 4677 710 4732 subsistere
737 4676 952 4732 valeant
969 4677 1271 4747 providere.
1297 4676 1725 4746 Contemplativa
1752 4693 1874 4733 vero
1897 4679 2004 4731 vita

414 4775 497 4822 est
521 4767 843 4822 charitatem
873 4769 1089 4838 quidem
1120 4768 1214 4823 Dei
1247 4776 1301 4823 et
1325 4769 1554 4838 proximi
1583 4777 1695 4824 tota
1719 4779 1900 4824 mente
1922 4785 2007 4825 re-

415 4859 620 4927 tinere,
652 4861 746 4916 sed
775 4862 844 4917 ab
868 4864 1125 4918 exteriori
1162 4864 1372 4918 actione
1400 4863 1681 4932 quiescere
1699 4899 1714 4929 ,
1742 4863 1840 4918 soli
1869 4864 2009 4918 desio

414 4948 567 5005 derio
604 4953 902 5008 conditoris
929 4954 1194 5009 inhaerere
1225 4962 1282 5008 ut
1318 4955 1450 5008 nihil
1487 4969 1647 5024 agere
1684 4954 1876 5018 libeat,
1910 4955 2004 5009 sed

413 5041 634 5098 calcatis
662 5045 809 5099 curis
834 5046 1084 5100 omnibus
1110 5047 1177 5101 ad
1207 5046 1489 5100 videndam
1520 5044 1712 5100 faciem
1742 5045 2002 5099 creatoris

414 5135 497 5189 sui
526 5136 739 5191 animus
773 5137 1099 5202 inardescat,
1133 5138 1205 5192 ita
1234 5147 1290 5190 ut
1313 5135 1424 5205 iam
1450 5136 1658 5192 noverit
1684 5136 1862 5190 carnis
1885 5150 2005 5190 cor-

414 5222 689 5292 ruptibilis
715 5227 926 5294 pondus
951 5242 1074 5282 cum
1109 5242 1344 5282 maerore
1371 5235 1621 5297 portare,
1647 5226 1885 5296 totisque
1911 5225 2003 5280 de-

415 5313 631 5370 sideriis
673 5325 926 5386 appetere
968 5317 1074 5373 illis
1108 5318 1435 5389 hymnidicis
1469 5316 1785 5389 angelorum
1821 5316 2002 5370 choris

415 5405 710 5473 interesse,
748 5409 1033 5463 admisceri
1064 5410 1374 5466 coelestibus
1394 5408 1694 5479 civibus,de
1714 5417 1915 5463 :eterna
1947 5406 2000 5460 in

414 5506 706 5567 conspectu
735 5499 825 5552 Dei
856 5500 1256 5568 incorruptione
1280 5500 1533 5571 gaudere.
1709 5559 1712 5562 ,

491 5585 623 5652 Quae
658 5589 817 5643 etiam
860 5591 1042 5647 sedens
1081 5609 1230 5646 secus
1267 5598 1419 5662 pedes
1460 5591 1708 5655 Domini,
1753 5591 2000 5644 audiebat

418 5680 626 5734 verbum
657 5680 836 5747 illius;
867 5681 1081 5737 Mart/ia
1109 5694 1282 5738 autem
1309 5683 1576 5753 satagebat
1597 5685 1738 5736 circa
1762 5683 2001 5753 frequens

421 5769 786 5828 ministerium.
822 5773 949 5830 Haec
984 5777 1200 5844 utrique
1235 5776 1358 5831 vitae
1388 5790 1687 5846 congruere
1720 5789 1878 5830 nemo
1910 5775 2001 5845 qui

424 5858 661 5932 dubitet,
705 5873 759 5919 et
799 5865 1228 5938 contemplativa:
1268 5867 1483 5937 quidem
1514 5865 1798 5921 uniformis
1831 5865 2007 5936 perfe-

2107 4658 2289 4713 Jesum
2335 4659 2606 4714 Christum
2657 4658 2941 4712 Dominum
2995 4665 3241 4712 nostrum
3286 4656 3377 4725 qui
3414 4671 3536 4709 cum
3579 4654 3704 4711 Deo

2107 4747 2269 4802 Patre
2297 4749 2349 4802 in
2377 4749 2585 4802 unitate
2613 4747 2846 4816 Spiritus
2884 4748 3059 4802 sancti
3089 4748 3222 4802 vivit
3249 4758 3303 4802 et
3331 4756 3519 4817 regnat
3546 4747 3701 4803 Deus

2107 4853 2205 4908 per
2231 4839 2410 4892 omnia
2438 4837 2632 4894 saecula
2662 4837 3002 4893 saeculorum.
3034 4836 3222 4893 Amen.

2675 4949 2953 5006 HOMlLlA
2993 4950 3121 5007 CLI.

2366 5057 2683 5098 HEBDOHADA
2722 5057 2818 5096 XIII
2860 5057 2990 5097 POST
3029 5057 3421 5097 PENTECOSTEN.

2441 5131 2627 5186 Lectio
2652 5130 2904 5200 Epistolas
2931 5132 2996 5184 ad
3021 5130 3348 5186 Corinthios.

2181 5225 2425 5289 Fratres,
2455 5223 2705 5292 ﬁduciam
2736 5221 2892 5276 talem
2922 5222 3170 5274 habemus
3202 5237 3293 5289 per
3326 5217 3584 5274 Christum
3618 5223 3701 5275 ad

2104 5314 2271 5368 Deum
2301 5331 2319 5368 :
2351 5330 2454 5368 non
2493 5313 2633 5383 quod
2661 5311 2966 5381 suﬁcienles
2995 5307 3205 5381 [simus]
3231 5310 3457 5379 cogitare
3486 5307 3703 5379 aliquid

2104 5425 2136 5461 a
2165 5409 2329 5470 nobis,
2363 5407 2512 5477 quasi
2540 5421 2604 5459 ea:
2635 5405 2814 5470 nobis;
2843 5405 2930 5458 sed
2961 5404 3264 5474 suﬁicieutia
3289 5413 3464 5457 nostra
3487 5419 3550 5457 ea:
3573 5401 3704 5459 Deo

2108 5507 2196 5558 £81,
2235 5508 2339 5553 etc.

2180 5587 2540 5642 Dubitandum
2566 5603 2671 5643 non
2694 5596 2796 5653 est,
2814 5585 3167 5650 dilectissimi,
3192 5597 3404 5640 omnem
3427 5583 3707 5639 observa-

2109 5681 2308 5736 tionem
2337 5679 2700 5734 Christianam
2740 5678 3061 5735 conditionis
3094 5691 3213 5732 esse
3241 5675 3433 5730 divinae
3457 5682 3506 5727 e.‘
3532 5673 3708 5743 quid-

2111 5771 2237 5842 quid
2270 5771 2323 5826 in
2350 5770 2593 5825 ecclesiae
2630 5769 3019 5826 consuetudine
3053 5777 3137 5823 est
3177 5775 3451 5836 receptum
3481 5765 3548 5819 de
3574 5772 3708 5820 tra-

2113 5864 2313 5919 ditione
2350 5863 2640 5933 apostolica
2678 5873 2732 5917 et
2773 5861 2839 5916 de
2875 5862 3046 5916 sancti
3088 5859 3320 5930 Spiritus
3353 5857 3569 5928 prodire
3595 5857 3710 5916 do-
