3960 6344
170 406 267 466 63⁸1

1247 406 1549 466 HOMILIAS
1588 407 1656 464 IN
1688 407 1904 465 EPIST.
1946 407 2034 464 ET
2068 405 2321 467 EVANG.

3314 409 3418 472 L38

173 519 365 577 ctrina.
415 517 571 577 Unde
610 519 740 576 dicit
791 519 845 575 in
887 518 1138 590 pratscnti
1183 517 1411 575 lectione
1447 519 1737 591 apostolus,
1768 525 1815 584 Α
1844 520 1932 575 illa
1963 520 2074 575 vita
2098 521 2244 576 beati
2269 521 2433 577 futuri
2461 532 2606 589 sunt,
2632 524 2757 595 quia
2780 525 2854 582 ibi
2871 527 3114 583 omnium
3138 526 3418 585 beatorum

174 607 422 680 ﬁduciam
450 609 609 664 talem
635 609 881 664 habemus
908 628 1000 682 per
1023 607 1288 666 Christum
1311 611 1380 665 ad
1405 611 1593 678 Deum,
1618 613 1743 682 quia

175 698 419 754 novimus
446 713 541 754 vos
569 715 675 754 non
713 715 868 771 posse
905 715 1003 770 per
1042 701 1392 772 vosmetipsos
1428 700 1742 767 credidisse,

174 787 265 842 sed
297 788 478 843 divina
509 797 714 843 tantum
750 798 938 860 agente
966 789 1135 862 gratia
1163 813 1175 843 ;
1205 806 1308 845 non
1331 791 1470 862 quod
1495 790 1749 862 suﬁcien-

173 885 247 931 tes
271 893 455 936 sumus
483 879 712 950 cogitare
740 879 940 950 aliquid
962 897 994 933 α
1023 881 1189 945 nobis,
1217 882 1368 952 quasi
1387 897 1451 935 ea:
1481 881 1648 947 nobis,
1669 881 1746 937 A'c

172 964 216 1018 si
247 964 479 1021 diceret:
497 966 641 1021 Nihil
670 976 851 1021 nostra
879 982 1164 1038 possumus
1179 968 1356 1024 facere
1381 969 1662 1039 prudentia
1691 977 1748 1024 et

169 1053 390 1120 virtute,
412 1064 472 1110 ut
489 1056 603 1126 ipse
626 1056 882 1112 Dominus
903 1057 1010 1113 ait:
1036 1056 1162 1113 Sine
1183 1075 1263 1115 me
1285 1059 1358 1113 nil
1380 1061 1625 1130 potestis;
1649 1075 1744 1116 ne-

169 1158 273 1214 que
297 1160 396 1216 per
421 1161 520 1201 nos
549 1148 850 1203 rusticanos
872 1149 1119 1204 homines
1142 1165 1378 1219 unquam
1409 1149 1524 1205 ﬁeri
1551 1153 1742 1221 potuit,

170 1242 228 1288 ut
264 1242 413 1290 tanta
457 1246 601 1292 esset
653 1237 886 1293 ﬁdelium
929 1240 1216 1296 multitudo
1261 1240 1632 1299 festinantium
1678 1244 1745 1298 ad

169 1325 418 1391 salutem,
447 1327 562 1382 sine
589 1329 758 1398 gratia
788 1328 902 1384 Dei.
931 1329 1083 1385 Unde
1108 1331 1354 1386 subditur
1391 1349 1403 1385 :

241 1413 348 1468 Sed
377 1416 682 1486 suﬁicientia
712 1426 889 1472 nostra
915 1434 980 1472 ea:
1015 1416 1122 1472 Deo
1150 1429 1244 1473 est.
1272 1418 1372 1487 Qui
1395 1420 1576 1475 omnia
1601 1436 1744 1491 quaa-

167 1516 382 1570 eunque
408 1502 641 1559 voluerit
670 1513 924 1575 operatur
949 1506 1002 1559 in
1033 1506 1203 1561 servis
1231 1508 1362 1563 suis.

237 1589 345 1656 Qui
366 1602 414 1646 et
444 1594 656 1648 idoneos
685 1610 777 1649 nos
809 1594 931 1664 fecit
957 1593 1221 1652 ministros
1246 1597 1381 1652 Noui
1409 1597 1741 1656 Testamenti.

168 1681 237 1737 Ut
265 1683 652 1754 adimpleretur
675 1687 955 1756 prophetia
981 1702 1102 1757 quae
1124 1689 1252 1744 dicit
1271 1707 1284 1743 :
1301 1688 1458 1761 Aperi
1486 1708 1542 1748 os
1574 1703 1740 1760 tuum,

164 1780 212 1823 et
235 1787 327 1841 ego
353 1773 642 1843 adimplebo
662 1774 826 1840 illud;
849 1785 905 1831 et
924 1777 1036 1846 ipse
1060 1777 1344 1834 Dominus:
1365 1779 1486 1834 Non
1506 1783 1642 1836 enim
1656 1799 1743 1837 vos

162 1861 308 1925 estis,
337 1861 532 1931 inquit,
550 1863 640 1934 qui
671 1864 979 1936 loquimini;
1009 1867 1099 1921 sed
1129 1865 1356 1938 Spiritus
1389 1867 1568 1924 Patris
1592 1872 1744 1926 vestri
1772 1871 1818 1930 Β

160 1952 250 2020 qui
271 1952 504 2022 loquitur
519 1956 573 2009 in
593 1955 756 2021 vobis;
772 1965 826 2012 et
849 1957 1064 2023 iterum,
1085 1958 1194 2029 Ego
1213 1959 1348 2014 enim
1371 1961 1506 2015 dabo
1527 1963 1663 2017 vobis
1683 1979 1742 2018 os

163 2055 210 2098 et
241 2046 576 2115 sapientiam.
605 2047 760 2104 Unde
783 2050 928 2103 enim
957 2051 1058 2105 nisi
1094 2065 1125 2104 a
1154 2049 1356 2120 Spiritu
1387 2063 1576 2108 saneto
1600 2055 1743 2126 Apo-

163 2136 283 2191 stoli
318 2147 427 2190 tam
457 2138 634 2193 idonei
659 2138 876 2194 fuerunt
903 2148 965 2194 ut
989 2148 1136 2195 tanta
1172 2156 1270 2212 per
1299 2156 1392 2197 eos
1418 2142 1598 2198 divina
1627 2158 1743 2215 my-

161 2229 324 2282 steria
355 2229 699 2285 credentibus
729 2231 1131 2288 revelarentur?
1159 2233 1416 2305 Sequitur
1443 2254 1456 2291 :

235 2315 359 2370 Non
390 2316 584 2372 littera.
625 2319 740 2374 Non
765 2321 908 2375 enim
941 2323 1120 2377 omnia
1152 2323 1268 2380 haec
1297 2324 1348 2378 in
1374 2324 1571 2382 litteris
1601 2334 1744 2382 vete-

161 2407 238 2461 ris
265 2407 397 2475 legis
429 2419 769 2478 repererunt,
794 2412 888 2467 sed
910 2411 1143 2485 Spiritus
1168 2414 1343 2470 sancti
1372 2415 1599 2471 docente
1622 2431 1743 2487 gra-

162 2497 232 2550 tia
265 2498 591 2554 didicerunt.

229 2585 429 2642 Littera
454 2590 591 2643 enim
628 2592 832 2644 occidit.
866 2591 1002 2659 Quia
1034 2593 1087 2648 in
1114 2593 1229 2665 lege
1260 2595 1454 2653 littera:
1478 2596 1624 2653 nulla
1651 2613 1739 2654 re-

159 2675 382 2742 missio,
409 2678 504 2732 sed
536 2692 749 2749 semper
783 2680 914 2737 ultio
940 2692 1255 2749 exercetur,
1296 2693 1356 2740 ut
1392 2687 1495 2742 hoc
1521 2696 1607 2743 est
1636 2702 1650 2742 :
1683 2687 1741 2744 Si

158 2765 282 2833 quis
308 2765 412 2821 hoc
438 2767 522 2822 vel
544 2768 675 2823 illud
707 2769 915 2836 fecerit,
944 2781 1118 2829 morte
1146 2775 1429 2832 moriatur.

232 2853 463 2926 Spiritus
487 2868 662 2914 autem
685 2861 926 2929 viviﬁcat.
960 2862 1016 2917 id
1036 2872 1141 2927 est,
1168 2864 1253 2923 lex
1275 2866 1464 2935 gratim
1487 2869 1744 2939 spiritalis

157 2962 376 3002 omnem
406 2948 679 3005 hominem
711 2951 824 3005 vult
854 2951 1060 3007 salvum
1096 2952 1212 3008 fieri
1243 2963 1298 3009 et
1333 2955 1386 3010 in
1415 2958 1741 3028 agnitionem

158 3037 408 3092 veritatis
447 3040 660 3105 venire,
699 3049 1064 3111 aeternamque
1094 3044 1260 3098 vitam
1290 3046 1540 3104 omnibus
1571 3048 1740 3104 ﬁdeli-

159 3134 246 3182 ter
282 3129 647 3197 quaerentibus
675 3140 914 3200 praestat.

233 3217 389 3283 Quod
429 3219 476 3272 si
512 3221 826 3276 ministratio
863 3225 1075 3289 mortis,
1128 3225 1315 3281 litteris
1352 3228 1648 3300 deformata
1683 3233 1740 3287 in

156 3305 442 3375 lapidibus,
474 3309 572 3378 fuit
598 3310 652 3364 in
676 3309 866 3381 gloria.
896 3313 1025 3382 Quae
1047 3315 1202 3369 morti
1213 3315 1335 3372 licat
1356 3329 1668 3388 peccatores
1688 3330 1743 3377 et

156 3396 402 3464 damnat,
419 3409 474 3453 et
494 3409 700 3455 tantum
723 3403 1138 3462 observantibus
1157 3423 1274 3463 eam
1296 3412 1580 3480 praesentia
1603 3414 1741 3469 bona

158 3488 464 3556 promittit,
496 3497 550 3545 et
575 3491 639 3545 de
675 3491 870 3548 futuris
900 3509 1000 3548 nec
1039 3497 1366 3553 mentionem
1397 3498 1552 3572 facit,
1582 3511 1638 3556 et
1664 3511 1740 3557 ta-

160 3593 286 3632 men
317 3579 370 3631 in
399 3595 589 3651 magna
614 3582 784 3653 gloria
805 3592 925 3638 erat
951 3585 1308 3653 observanda,
1341 3590 1462 3658 quia
1495 3591 1740 3645 umbram

161 3668 470 3727 futuror..m
503 3674 766 3729 bonorum
810 3680 1150 3733 monstravit.
1194 3679 1280 3734 Ita
1321 3692 1374 3735 ut
1401 3699 1504 3737 non
1538 3695 1741 3754 possent

159 3760 432 3814 intendere
455 3761 554 3829 ﬁlii
581 3761 752 3818 Israel
776 3766 831 3818 in
856 3765 1044 3834 faciem
1076 3766 1268 3838 Moysi,
1291 3780 1500 3840 propter
1519 3772 1740 3840 gloriam

160 3847 335 3902 vultus
361 3850 497 3919 ejus,
525 3867 641 3922 quw
669 3865 951 3908 evacuatur
982 3871 1080 3926 per
1103 3856 1300 3912 Christi
1328 3861 1630 3929 passionem
1655 3870 1738 3917 at-

159 3953 269 4008 que
301 3943 749 3998 resurrectionem
769 3983 784 4011 ,
810 3959 928 4014 qua:
953 3946 1191 4002 omnium
1222 3949 1596 4018 SUperexcellit
1620 3966 1740 4023 gra-

161 4028 315 4082 tiam.

234 4119 511 4185 Quomodo
559 4140 662 4177 non
703 4127 870 4197 magis
916 4129 1232 4184 ministratio
1272 4129 1500 4200 Spiritus
1544 4135 1642 4187 erit
1687 4135 1740 4187 in

156 4211 373 4282 gloria?
409 4213 468 4269 Si
500 4216 643 4271 enim
680 4218 822 4287 quod
861 4222 1110 4276 evacuari
1139 4232 1319 4291 potest
1351 4224 1406 4278 in
1443 4225 1612 4294 gloria
1635 4233 1738 4292 est‘,

156 4314 369 4372 quanto
398 4306 569 4376 magis
595 4309 736 4376 quod
769 4309 838 4364 ad
864 4321 1119 4366 mternam
1150 4312 1372 4384 gloriam
1403 4315 1547 4370 ducit
1581 4315 1741 4385 glori-

158 4395 434 4452 ﬁcandum
473 4408 556 4453 est
592 4401 846 4470 operibus
887 4403 1091 4460 sanctis
1137 4411 1190 4458 et
1226 4404 1423 4475 justis,
1451 4415 1510 4460 ut
1538 4415 1740 4462 aeterna

154 4487 327 4541 etiam
355 4487 520 4558 gloria
550 4505 648 4558 per
670 4492 784 4547 haec
809 4495 1111 4549 mereatur!
1146 4493 1280 4549 Nam
1317 4495 1457 4550 sicut
1484 4507 1603 4552 orto
1629 4497 1741 4551 sole

154 4576 346 4633 lumen
371 4579 684 4636 obtunditur
709 4582 869 4649 lunae,
893 4599 1016 4640 cum
1045 4594 1222 4640 tamen
1241 4601 1339 4641 suo
1362 4595 1599 4656 tempore
1621 4601 1738 4643 ma-

155 4685 326 4740 gnum
357 4670 548 4725 habeat
579 4671 755 4726 lumen
777 4715 790 4738 ,
830 4675 901 4728 ita
935 4676 1336 4744 comparatione
1364 4676 1546 4746 gloria:
1579 4691 1741 4732 evan-

156 4760 352 4830 gelica:
372 4762 724 4818 obumbratur
741 4765 914 4819 omnis
944 4765 1112 4835 gloria
1138 4769 1333 4823 veteris
1354 4768 1504 4840 legis,
1537 4769 1672 4824 Nam
1695 4771 1739 4825 si

156 4851 526 4906 ministerium
569 4855 926 4910 damnationis
965 4857 1133 4928 gloria
1176 4867 1286 4924 est,
1337 4867 1536 4928 quanto
1571 4860 1740 4930 magis

155 4943 526 4996 ministerium
547 4943 803 5013 justitiae,
831 4944 1149 5002 dimittendo
1185 4956 1405 5017 peccata
1434 4949 1739 5005 hominibus

155 5039 216 5085 et
260 5031 327 5086 de
365 5031 490 5087 ﬁliis
523 5033 716 5088 diaboli
761 5033 898 5090 filios
931 5036 1024 5089 Dei
1077 5035 1349 5092 faciendo!
1379 5033 1532 5101 Quod
1551 5046 1736 5092 contra

155 5129 289 5174 sunt
323 5123 415 5190 qui
447 5123 700 5178 dicuntur
736 5123 789 5178 in
825 5124 928 5179 hac
964 5125 1072 5180 vita
1106 5126 1269 5190 beati,
1311 5128 1508 5196 quibus
1557 5129 1735 5202 omnia

154 5212 324 5281 hujus
365 5214 545 5268 mundi
577 5229 833 5285 prospera
862 5217 1091 5280 cedunt,
1124 5233 1240 5286 qua:
1279 5217 1554 5273 beatitudo
1577 5219 1735 5273 simul

153 5318 284 5357 cum
328 5303 444 5369 ipsa
491 5307 674 5360 mundi
710 5307 982 5362 evanescit
1027 5308 1410 5378 prosperitate;
1461 5309 1514 5363 hi
1557 5318 1735 5363 autem

151 5409 288 5449 vere
325 5394 463 5448 beati
491 5397 742 5451 dicuntur
763 5398 851 5467 qui
883 5414 976 5468 spe
1006 5397 1195 5453 futura:
1226 5400 1571 5455 beatitudinis
1597 5401 1738 5455 beati

149 5493 305 5548 sunt,
339 5483 430 5552 qui
458 5484 546 5539 hic
571 5486 736 5540 multa
760 5497 977 5558 propter
997 5488 1161 5542 Deum
1192 5491 1460 5544 sustinent
1489 5489 1735 5555 adversa,

147 5581 208 5630 et
235 5583 440 5643 quanto
452 5575 687 5644 majores
711 5586 765 5631 et
785 5577 1187 5648 multipliciores
1213 5578 1371 5649 hujus
1394 5579 1574 5634 seaculi
1603 5579 1736 5634 tole-

148 5674 280 5718 rant
295 5663 540 5733 injurias,
557 5672 706 5720 tanto
719 5681 929 5738 semper
942 5677 1063 5722 sunt
1077 5668 1130 5722 in
1154 5669 1333 5722 animo
1348 5669 1596 5736 Iuniores,
1611 5670 1735 5740 quia

148 5765 309 5813 tanto
342 5754 513 5826 major
541 5757 622 5811 eis
651 5756 813 5829 gloria
841 5759 1165 5823 cumulatur,
1183 5761 1273 5831 qui
1298 5776 1401 5816 non
1429 5761 1533 5826 hic,
1561 5761 1654 5816 sed
1682 5762 1734 5814 in

1843 612 2122 668 beatitudo
2140 613 2374 684 perfecta
2387 615 2509 670 erit.
2527 613 2861 687 Quapropter
2882 618 2926 673 si
2943 617 3010 672 ad
3032 617 3178 673 illam
3206 619 3417 674 beatam

1845 705 2012 760 vitam
2046 705 2331 775 pervenire
2367 705 2634 772 volumus,
2661 707 2888 764 sollicite
2934 709 3119 764 vivere
3164 709 3420 764 debemus

1845 809 2164 865 semperque
2187 796 2475 850 terminum
2491 795 2614 850 vita:
2634 794 2790 865 huius
2811 796 3037 853 sollicite
3053 797 3418 854 considerare.

1846 884 2224 955 Unusquisque
2282 895 2525 942 nostrum
2553 887 2608 941 in
2629 887 3076 958 contemplatione
3109 888 3251 943 illius
3272 888 3417 950 vitaz,

1844 973 2003 1044 hujus
2027 975 2204 1030 saeculi
2233 990 2485 1048 prospera
2512 983 2717 1032 caveat.
2744 975 3014 1048 Scriptum
3032 986 3115 1035 est
3134 978 3280 1033 enim
3314 996 3328 1032 :
3354 978 3421 1033 In

1846 1065 2084 1120 omnibus
2121 1065 2358 1136 operibus
2396 1067 2497 1120 tuis
2532 1082 2821 1122 memorare
2856 1068 3135 1124 novissima
3169 1078 3261 1124 tua
3289 1079 3337 1124 et
3363 1070 3424 1125 in

1846 1161 2096 1208 wternum
2123 1169 2225 1207 non
2248 1154 2502 1223 peccabis.
2531 1154 2655 1210 ltleo
2677 1155 2814 1210 mori
2835 1164 3046 1226 oportet
3069 1158 3340 1215 hominem
3363 1160 3418 1216 in

1845 1258 2009 1298 carne
2051 1245 2283 1308 mundo,
2327 1259 2394 1299 ne
2432 1246 2694 1302 moriatur
2735 1248 2791 1302 in
2816 1249 2995 1303 anima
3022 1248 3254 1306 Christo.
3285 1251 3419 1307 Nam

1847 1341 1975 1387 tunc
1995 1331 2224 1402 quisque
2245 1333 2426 1388 vivere
2449 1333 2705 1402 creditur,
2720 1336 2764 1390 si
2791 1335 2973 1392 saeculi
3001 1337 3284 1394 desideriis
3308 1355 3419 1395 mo-

1846 1421 1993 1476 riens
2021 1421 2076 1476 in
2100 1422 2212 1478 solo
2241 1422 2353 1480 Deo
2373 1425 2553 1481 vivere
2577 1425 2889 1499 delectetur,
2940 1426 3204 1499 largiente
3229 1429 3346 1499 ipso
3367 1441 3423 1486 et

1846 1511 2140 1568 auxiliante
2174 1510 2401 1569 Domino
2443 1521 2631 1570 nostro
2668 1513 2795 1572 Iesu
2832 1516 3048 1575 ChriSto
3072 1519 3166 1589 qui
3205 1520 3336 1575 vivit
3366 1530 3422 1575 et

1844 1605 2035 1668 regnat
2063 1613 2184 1654 cum
2212 1598 2371 1661 Patre
2397 1611 2454 1658 et
2489 1603 2692 1677 Spiritu
2729 1613 2919 1661 sancto
2953 1606 3097 1663 Deus
3118 1622 3216 1677 per
3238 1609 3429 1667 omnia,

1844 1689 2040 1747 macula
2075 1692 2411 1749 seculorum.
2439 1693 2627 1750 Amen.

2402 1805 2679 1863 HOMILIA
2712 1807 2867 1863 CLII.

2333 1908 2495 1948 ιτιι
2551 1909 2636 1950 υτ
2693 1909 2923 1951 συηΑ.

1978 1982 2162 2039 Lectio
2192 1984 2365 2040 sancti
2395 1984 2668 2056 Evangelii
2693 1985 2989 2041 secundum
3019 1985 3276 2043 Itarcum.

1911 2081 1978 2136 In
2006 2082 2098 2136 illo
2131 2092 2387 2154 tempore,
2412 2085 2588 2139 exiens
2613 2083 2768 2146 Iesus
2795 2086 2860 2140 de
2882 2086 3076 2156 ﬁnibus
3102 2086 3257 2158 Tyri,
3284 2091 3424 2144 uenit-

1839 2187 1931 2241 per
1958 2170 2204 2227 Sidonem
2230 2173 2300 2227 ad
2329 2191 2474 2229 mare
2497 2173 2753 2240 Galiltete,
2779 2176 2916 2230 inter
2944 2176 3140 2232 medios
3165 2177 3296 2246 ﬁnes
3325 2179 3424 2234 De-

1843 2259 2104 2328 capoleos,
2135 2268 2239 2316 etc.

1911 2348 2193 2420 Decapolis
2220 2361 2325 2416 est,
2352 2361 2412 2406 ut
2436 2352 2554 2422 ipso
2578 2353 2797 2410 nomine
2813 2355 3030 2425 prohat,
3057 2355 3206 2428 regio
3233 2356 3419 2413 decem

1842 2439 2052 2494 urbium
2084 2447 2234 2495 trans
2259 2440 2548 2496 Iordanem
2583 2444 2650 2498 ad
2680 2444 2944 2500 orientem
2975 2445 3120 2501 circa
3153 2446 3337 2517 Ippum
3360 2458 3416 2503 et

1840 2525 2039 2582 Pellam
2066 2536 2118 2583 et
2147 2527 2413 2584 Gadaram
2450 2539 2639 2586 contra
2668 2530 2964 2590 Galilaeam.
2995 2533 3148 2602 Quod
3179 2549 3314 2607 ergo
3337 2537 3418 2592 di-

1842 2619 2002 2685 citur,
2017 2621 2139 2690 quia
2156 2621 2411 2678 Dominus
2431 2623 2574 2678 venit
2587 2626 2653 2680 ad
2669 2623 3419 2684 mareGalileteintermedios

1841 2711 1975 2766 fines
1997 2713 2336 2784 Decapoleos,
2369 2716 2514 2785 ipsos
2535 2715 2670 2772 ﬁnes
2694 2718 3021 2788 Decapoleos
3041 2732 3164 2774 eum
3185 2719 3419 2774 intrasse

1840 2801 2126 2872 significat,
2157 2818 2331 2872 neque
2367 2804 2509 2858 enim
2551 2819 2698 2860 mare
2733 2808 3164 2879 transnavigasse
3200 2807 3416 2872 dicitur,

1841 2891 1933 2945 sed
1971 2892 2147 2962 potius
2191 2892 2256 2946 ad
2295 2909 2442 2949 mare
2483 2910 2654 2964 usque
2688 2896 2900 2952 venisse
2935 2905 3095 2967 atque
3129 2898 3197 2952 ad
3242 2897 3415 2968 ipsum

1841 2983 2147 3050 pervenisse
2185 2981 2358 3036 locum
2389 2984 2478 3052 qui
2509 2985 2714 3039 medios
2745 2985 2883 3041 lines
2912 2986 3239 3056 Decapoleos
3267 2986 3422 3058 longe

1843 3075 1996 3122 trans
2026 3082 2177 3123 mare
2206 3069 2409 3138 positos
2443 3071 2784 3143 respiciebat.

1914 3154 1984 3208 Et
2011 3155 2282 3211 adducunt
2323 3159 2371 3212 ei
2397 3159 2616 3213 surdum
2641 3169 2691 3214 et
2727 3170 2961 3228 mutum,
2992 3172 3042 3217 et
3074 3163 3424 3233 deprecaban-

1844 3255 1929 3298 tur
1957 3255 2012 3299 ut
2044 3248 2275 3317 imponat
2301 3247 2381 3302 illi
2405 3265 2638 3305 manum.
2682 3249 2891 3308 Surdus
2923 3261 2978 3308 et
3014 3262 3195 3310 mutus
3217 3255 3420 3325 estqui

1843 3351 2128 3393 nec-aures
2155 3339 2407 3394 audiendi
2437 3341 2528 3395 Dei
2553 3341 2796 3406 verbum,
2830 3358 2929 3401 nec
2954 3359 3016 3399 os
3041 3345 3216 3414 aperit
3237 3345 3418 3415 prolo-

1843 3427 2059 3497 quendi.
2087 3427 2283 3496 Quales
2306 3444 2526 3486 necesse
2545 3440 2629 3486 est
2661 3440 2720 3486 ut
2745 3432 2799 3487 hi
2833 3434 2923 3504 qui
2945 3433 3088 3504 loqui
3113 3433 3226 3503 jam
3247 3443 3301 3490 et
3329 3450 3425 3490 au-

1841 3517 1957 3572 dire
1985 3518 2159 3573 divina
2191 3519 2401 3589 eloquia
2427 3520 2585 3593 longo
2615 3536 2716 3577 usu
2741 3523 3064 3590 didicerunt,
3086 3525 3311 3581 Domino
3338 3542 3424 3582 sa-

1843 3609 2047 3663 nandos
2067 3605 2314 3676 offerant,
2335 3619 2605 3679 quatenus
2630 3627 2723 3667 eos
2744 3628 2879 3682 quos
2903 3614 3134 3669 humana
3161 3614 3423 3686 fragilitas

1843 3698 2046 3769 nequit,
2076 3700 2189 3769 ipse
2214 3701 2402 3768 gratia:
2429 3717 2538 3756 suae
2565 3702 2786 3757 dextera
2817 3704 3006 3760 salvet.

1910 3787 1980 3841 Et
2005 3790 2388 3859 apprehendens
2410 3807 2527 3844 eum
2554 3792 2617 3845 de
2638 3792 2790 3849 turba
2816 3809 3073 3848 seorsum.
3104 3795 3424 3865 Apprebcn-

1841 3880 1973 3935 dens
1993 3881 2514 3949 namqueinﬂrmum
2539 3883 2605 3937 de
2628 3883 2784 3938 turba
2808 3887 3274 3950 seorsumeducit,
3299 3903 3423 3942 cum

1842 3978 2076 4025 mentem
2109 3972 2345 4040 peccatis
2376 3971 2684 4041 languidam
2718 3973 3024 4030 visitatione
3068 3977 3430 4044 suae‘pietatis

1843 4058 2114 4114 illustrans
2134 4101 2149 4125 ,
2171 4074 2202 4113 a
2229 4060 2502 4115 consuetis
2527 4061 2778 4117 humanae
2804 4065 3233 4121 conversationis
3257 4069 3422 4127 mori,-

1841 4150 1942 4206 bus
1969 4159 2178 4216 evocat,
2204 4159 2364 4221 atqne
2392 4152 2458 4206 ad
2483 4153 2753 4222 sequenda
2785 4163 3176 4226 praceptorum
3201 4172 3418 4213 suorum

1843 4238 2036 4293 itinera
2061 4247 2337 4308 provocat.

1912 4329 2057 4385 Misit
2087 4330 2275 4402 digitos
2297 4347 2419 4386 suos
2445 4333 2500 4386 in
2528 4332 2798 4389 auriculas
2826 4335 2963 4405 ejus.
2989 4325 3204 4392 Mittere
3227 4337 3420 4407 digitos

1843 4420 1896 4473 in
1927 4420 2195 4476 auriculas
2220 4430 2302 4476 est
2349 4436 2447 4492 per
2477 4422 2614 4479 dona
2645 4421 2880 4493 Spiritus
2910 4426 3080 4480 sancti
3113 4441 3272 4482 aures
3299 4443 3419 4482 cor-

1767 4547 1817 4605 D
1844 4506 1925 4560 dis
1951 4507 2019 4561 ad
2049 4507 2390 4579 intelligenda
2422 4524 2486 4564 ac
2511 4511 2850 4580 suscipienda
2879 4514 3041 4568 verba
3073 4514 3265 4570 salutis
3293 4532 3415 4586 ape~

1844 4596 1970 4650 rire.
1996 4595 2130 4650 Nam
2151 4598 2372 4668 digitum
2395 4599 2490 4655 Dei
2513 4602 2766 4671 appellari
2792 4601 3052 4672 Spiritum
3074 4616 3318 4662 sanctum
3343 4617 3418 4664 te-

1841 4695 2014 4741 statur
2043 4688 2155 4758 ipse
2182 4690 2437 4745 Dominus
2464 4706 2585 4746 cum
2621 4692 2749 4747 dicit
2770 4692 3000 4750 Judzris:
3033 4696 3092 4752 Si
3127 4716 3219 4770 ego
3249 4703 3302 4753 in
3332 4703 3416 4754 di-

1841 4778 1947 4847 gito
1975 4777 2069 4831 Dei
2096 4779 2247 4847 ejicio
2272 4780 2563 4847 daemonia,
2591 4783 2690 4852 ﬁlii
2727 4788 2882 4839 vestri
2923 4788 2976 4841 in
3022 4806 3124 4859 quo
3165 4791 3422 4860 ejiciunt.’

1842 4869 1981 4937 quod
2012 4884 2285 4938 exponens
2333 4871 2470 4925 alius
2518 4873 2854 4944 Evangelista
2901 4877 3032 4931 dicit
3081 4896 3094 4931 :
3136 4879 3194 4933 Si
3233 4896 3324 4949 ego
3363 4882 3421 4935 in

1841 4958 2028 5027 spiritu
2062 4957 2162 5013 Dei
2187 4960 2339 5030 ejicia
2367 4961 2653 5018 dtemonia.
2699 4964 2769 5018 Et
2793 4967 2935 5036 magi
2968 4967 3021 5021 in
3062 4967 3294 5038 Egypto
3321 4985 3415 5024 su-

1837 5049 2009 5118 perati
2039 5049 2288 5104 dixerunt
2313 5069 2325 5104 :
2357 5051 2562 5122 Digitus
2590 5053 2686 5108 Dei
2708 5056 2791 5109 hic
2816 5066 2922 5122 est;
2949 5065 3003 5111 et
3027 5056 3112 5112 lex
3140 5060 3195 5113 in
3221 5059 3415 5116 tabulis

1839 5139 2005 5210 digito
2043 5140 2133 5194 Dei
2187 5141 2388 5210 scripta
2438 5153 2520 5198 est
2567 5143 2809 5214 lapideis.
2856 5146 3012 5215 Digiti
3055 5162 3184 5217 ergo
3231 5149 3323 5203 Dei
3361 5149 3415 5202 in

1841 5225 2111 5280 auriculas
2141 5228 2257 5299 ejus
2298 5230 2447 5285 missi
2481 5231 2573 5300 qui
2614 5232 2886 5289 sanandus
2921 5243 3069 5298 erat,
3109 5235 3245 5290 dona
3292 5246 3421 5290 sunt

1839 5314 2009 5368 sancti
2039 5312 2304 5384 Spiritus,
2336 5318 2530 5386 quibus
2573 5320 2733 5375 corda
2756 5359 2775 5385 ,
2809 5335 2928 5389 qua:
2968 5337 2997 5376 a
3040 5323 3121 5378 via
3171 5325 3415 5381 veritatis

1841 5405 2229 5460 aberraverunt
2265 5407 2331 5461 ad
2361 5407 2633 5464 sciendum
2671 5411 2861 5468 salutis
2885 5413 3026 5467 viam
3048 5453 3069 5479 ,
3103 5416 3170 5469 ad
3197 5416 3417 5471 audien-

1839 5491 1964 5545 dam
1993 5493 2410 5566 discendumque
2439 5497 2658 5552 revelat.
2689 5499 2754 5553 Et
2775 5500 2897 5569 quia
2928 5503 3140 5572 cognita
3171 5504 3415 5562 veritatis

1839 5580 1976 5644 luce,
2012 5584 2162 5653 sequi
2192 5583 2458 5640 confessio
2481 5585 2663 5653 debet,
2696 5599 2819 5660 apte
2846 5590 3190 5663 subjungitur
3222 5610 3236 5647 :

1911 5671 1980 5725 Et
2007 5688 2260 5744 exspuens
2285 5674 2516 5746 linguam
2542 5677 2655 5747 ejus
2690 5681 2869 5750 tetigit.
2912 5680 3189 5752 Exspuens
3221 5680 3421 5751 quippe

1841 5763 2131 5833 Dominus,
2175 5766 2412 5839 linguam
2451 5770 2622 5839 tetigit
2651 5774 2836 5844 tngroti
2867 5789 2986 5830 cum
3024 5774 3091 5829 ad
3122 5773 3415 5830 confessio-
