3960 6348
515 359 619 417 839

1150 367 1210 421 Β.
1253 366 1507 423 RABANI
1559 367 1775 424 MAURI
1816 364 2131 422 ARCIIIEP.
2174 362 2483 424 MOGUNT.
2526 358 2808 417 OPEIIUM
2846 355 3021 411 PARS
3061 356 3121 408 il.

3675 344 3785 399 “0

516 487 638 527 nem
666 472 789 530 ﬁdei
820 486 914 528 ora
946 473 1404 531 catechizatorum
1444 477 1703 547 instituit,
1731 492 1852 532 cum
1887 492 1982 531 ora
2003 475 2094 529 diu
2123 479 2168 536 Α
2200 473 2415 545 propria
2453 471 2683 525 utilitate
2723 467 3017 537 praedicare
3055 474 3111 518 ut
3146 466 3362 534 gloriosi
3401 476 3783 532 appareamus.

514 564 672 618 bruta
698 563 765 617 ad
795 564 963 619 verba
989 565 1268 634 sapientia:
1306 568 1625 638 proferenda
1667 576 1807 622 tactu
1840 582 1951 622 suae
1978 567 2093 638 pie-

516 654 645 711 tatis
669 654 956 721 informat,
983 666 1140 727 sputu
1170 650 1403 729 namque
1432 660 1638 714 Domini
1669 674 1913 729 saporem
1950 658 2095 713 desi-

515 755 642 817 gnat
669 747 967 816 sapientite.

582 834 654 890 Et
682 838 969 908 suspiciens
1003 840 1056 893 in
1089 839 1293 895 caelum.
1338 842 1591 911 Suspexit
1632 855 1862 910 namque
1904 841 1957 895 in
1994 855 2101 896 ca:-

514 926 627 981 ium
650 968 665 993 ,
696 936 758 982 ut
782 928 908 985 inde
934 930 1099 984 mutis
1133 929 1429 1001 loquelam,
1466 933 1590 988 inde
1630 933 1871 987 auditum
1898 933 2096 997 surdis,

514 1017 642 1074 inde
688 1020 898 1075 cunctis
950 1021 1351 1079 infirmantibus
1401 1024 1661 1080 medelam
1713 1024 1931 1080 doceret
1979 1038 2101 1080 esse

514 1108 881 1179 quaerendam.

586 1196 865 1268 Ingemuit.
902 1199 1168 1271 ingemuit
1195 1209 1377 1257 autem
1414 1217 1519 1257 non
1554 1204 1679 1271 quia
1716 1202 1815 1273 ipsi
1859 1216 1995 1273 opus
2020 1217 2105 1259 es-

515 1296 598 1345 set
627 1302 750 1342 cum
783 1289 985 1359 gemitu
1026 1289 1231 1360 aliquid
1273 1301 1455 1360 petere
1489 1306 1519 1346 a
1554 1290 1745 1357 Patre,
1777 1292 1867 1363 qui
1906 1299 2101 1347 cuncta

517 1378 827 1447 petentibus
855 1381 1022 1435 donat
1065 1396 1187 1436 cum
1222 1381 1405 1447 Patre,
1435 1382 1531 1437 sed
1568 1392 1627 1437 ut
1665 1383 1820 1437 nobis
1857 1382 2104 1454 gemendi

517 1466 676 1521 daret
697 1466 1003 1538 exemplum
1028 1484 1041 1534 ;
1066 1484 1188 1523 cum
1213 1468 1297 1524 vel
1318 1485 1418 1540 pro
1443 1470 1643 1527 nostris
1664 1471 1748 1527 vel
1773 1486 1871 1540 pro
1896 1479 2106 1526 nostro-

517 1570 638 1611 rum
662 1557 934 1613 erratibus
958 1550 1350 1629 pr0ximorum,
1377 1574 1623 1630 supernae
1647 1560 1898 1631 praesidia
1930 1560 2105 1631 pieta-

520 1645 592 1703 tis
622 1646 958 1703 invocamus.

593 1737 663 1792 Et
692 1738 765 1793 ait
793 1738 909 1793 illi:
933 1738 1383 1813 Ephpheta,quod
1407 1750 1481 1796 est
1511 1743 1804 1814 adaperire.
1843 1741 1997 1811 Quod
2019 1757 2110 1797 au-

2273 562 2385 617 Nos
2417 573 2591 615 autem
2619 574 2788 613 servos
2819 567 3011 611 vestros
3038 572 3129 623 per
3156 553 3359 607 Jcsum.
3398 553 3452 605 In
3482 562 3691 605 tantum
3724 567 3790 607 se

2199 665 2415 707 servum
2438 649 2635 706 ChriSIi
2661 663 2779 703 esse
2800 646 2993 715 probat
3014 652 3070 697 ut
3088 643 3311 713 jubente
3336 642 3450 711 ipso
3474 641 3789 694 ministrum

2201 761 2260 801 se
2293 745 2486 800 horum
2523 744 2576 796 in
2618 739 2996 812 prtedicatione
3035 743 3281 799 tcstctur,
3322 743 3376 788 et
3416 748 3512 803 pro
3546 732 3795 788 utilitate

2201 834 2393 888 horum
2441 830 2740 900 subjectum
2792 826 2844 880 in
2895 824 3195 880 ministerio
3234 821 3527 893 Evangelii.
3582 820 3794 876 Servos

2202 941 2331 996 ergo
2365 924 2551 978 dicens
2594 920 2870 976 ministros
2908 915 3206 987 signiﬁcat,
3246 915 3337 968 sed
3382 913 3663 967 humiliter
3708 913 3796 966 lo-

2203 1031 2375 1086 quens
2399 1016 2477 1070 sic
2500 998 2655 1075 dixit,
2693 1018 2753 1065 ut
2778 1023 2905 1064 vere
2934 1005 3246 1063 ostenderet
3266 1020 3371 1059 non
3400 1004 3465 1057 ad
3491 1018 3645 1058 suam
3675 1002 3796 1072 glo-

2205 1107 2339 1161 riam
2379 1101 2656 1173 praedicari
2683 1115 2712 1154 a
2757 1114 2816 1154 se
2850 1096 3229 1167 Evangelium,
3260 1094 3353 1149 sed
3385 1092 3449 1146 ad
3480 1092 3795 1147 claritatem

2205 1196 2414 1253 Domini
2444 1193 2666 1257 Christi,
2697 1190 2784 1246 cui
2812 1189 3013 1253 obedit,
3038 1187 3124 1243 cui
3156 1187 3341 1248 servit,
3370 1185 3511 1239 sicut
3538 1184 3654 1252 ipse
3679 1182 3795 1235 Do-

2208 1287 2383 1341 minus
2414 1286 2485 1338 ait
2516 1300 2529 1337 :
2561 1284 2671 1353 Ego
2717 1298 2834 1336 sum
2874 1281 2928 1334 in
2970 1279 3139 1333 medio
3183 1286 3438 1341 vestrum,
3479 1286 3533 1328 ut
3562 1291 3665 1328 non
3695 1274 3799 1327 mi-

2208 1378 2415 1440 nistrer,
2430 1374 2519 1428 sed
2561 1384 2613 1427 ut
2661 1372 2967 1425 ministram.
2999 1368 3115 1424 Non
3154 1366 3347 1422 merito
3373 1365 3567 1421 horum
3593 1364 3799 1433 quibus

2206 1467 2504 1532 ministrat,
2537 1462 2629 1517 sed
2651 1469 2871 1533 propter
2900 1458 3183 1530 imperium
3216 1456 3446 1512 Domini.

2280 1556 2544 1623 Quoniam
2576 1552 2749 1617 Deus,
2785 1550 2875 1621 qui
2902 1550 3036 1603 dixit
3065 1549 3129 1602 de
3164 1545 3384 1601 tenebris
3423 1544 3592 1598 lucem
3620 1542 3804 1613 splen-

2208 1650 2431 1713 descere,
2464 1647 2641 1701 illuxit
2678 1645 2733 1698 in
2768 1643 3012 1698 cordibus
3042 1641 3232 1695 nostris
3260 1639 3330 1693 ad
3357 1637 3803 1692 illuminationem

2208 1739 2440 1795 scientiae
2468 1734 2723 1790 claritatis
2756 1732 2883 1796 Dei,
2915 1732 2972 1784 in
3001 1730 3135 1799 facie
3160 1728 3354 1784 Christi
3388 1727 3536 1782 Iesu.
3576 1720 3806 1780 Iloc'di-

518 1840 629 1885 tem
660 1830 738 1886 ait
761 1831 1055 1901 ephpheta,
1081 1831 1134 1886 id
1160 1841 1264 1898 est,
1290 1832 1590 1904 adaperire,
1615 1833 1864 1902 adaures
1890 1832 2106 1903 proprie
2132 1824 2179 1885 B
2208 1828 2281 1883 cit
2313 1826 2439 1897 quia
2468 1822 2843 1880 misericordia
2873 1820 2967 1875 Dei
2994 1819 3194 1874 factum
3223 1826 3335 1882 est;
3363 1824 3425 1870 ut
3451 1831 3569 1879 nos,
3597 1814 3805 1884 inquit,

518 1921 773 1992 pertinet.
820 1922 995 1977 Aures
1038 1922 1237 1978 etenim
1284 1924 1349 1978 ad
1393 1924 1719 1979 audiendum
1757 1924 2102 1993 aperiendae:

520 2014 701 2085 lingua
745 2029 876 2069 vero
916 2023 976 2068 ut
1019 2014 1163 2085 loqui
1203 2025 1390 2085 posset
1416 2031 1444 2069 a
1481 2015 1795 2071 retinaculis
1832 2026 1947 2070 erat
1996 2028 2107 2070 suae

519 2103 1094 2160 tarditatissolvenda.

594 2193 662 2248 Et
703 2195 881 2249 statim
927 2204 1121 2267 aperta:
1155 2204 1277 2250 sunt
1314 2212 1467 2250 aures
1514 2195 1655 2266 ejus,
1696 2206 1744 2249 et
1780 2197 2009 2251 solutum
2035 2204 2110 2250 est

520 2282 784 2337 vinculum
812 2282 1006 2352 lingua:
1029 2282 1162 2353 ejus,
1191 2292 1240 2337 et
1268 2282 1576 2354 loquebatur
1604 2296 1756 2338 recte.
1788 2284 1880 2339 ille
1909 2286 2107 2339 etenim

521 2373 668 2429 solus
698 2381 844 2429 recte
870 2373 1126 2443 loquitur,
1156 2374 1271 2429 sive
1295 2374 1465 2429 Deum
1497 2373 1823 2441 conﬁtendo,
1852 2376 1965 2430 sive
1993 2375 2112 2430 aliis

521 2465 886 2536 praedicando,
917 2463 1070 2534 cujus
1091 2465 1355 2530 auditum,
1374 2473 1435 2520 ut
1456 2465 1769 2523 ctelestibus
1795 2467 1964 2538 possit
1992 2482 2115 2522 aus‘

522 2558 752 2625 euitare,
788 2565 843 2614 et
866 2558 1241 2614 obsecundare
1266 2561 1536 2615 mandatis
1563 2560 1740 2615 divina
1768 2562 1939 2631 gratia
1964 2576 2112 2616 rese—

526 2657 632 2713 rat,
662 2648 816 2719 cujus
844 2649 1082 2721 linguam
1100 2649 1361 2706 Dominus
1381 2659 1526 2706 tactu
1554 2652 1833 2723 sapientia:
1857 2666 1977 2724 quae
2002 2654 2113 2723 ipse

523 2748 610 2797 est
634 2740 703 2795 ad
734 2739 1062 2810 loquendum
1100 2740 1353 2796 instituit.
1390 2741 1539 2796 Talis
1569 2751 1752 2797 autem
1793 2744 1988 2797 emito
2019 2758 2115 2813 po-

526 2838 634 2888 test
668 2831 849 2888 dicere
888 2846 1011 2887 cum
1052 2830 1360 2898 Psalmista,
1397 2831 1642 2899 Domine,
1678 2833 1819 2888 labia
1852 2851 1967 2890 mea
1996 2852 2117 2905 ape-

527 2923 661 2987 ries,
701 2933 749 2977 et
790 2939 848 2978 os
884 2940 1061 2978 meum
1090 2924 1441 2979 'annuntiabit
1468 2924 1677 2979 laudem
1705 2935 1886 2991 tuam;
1918 2936 2116 2981 etcum

528 3014 690 3080 Isaia,
716 3014 971 3071 Dominus
996 3014 1139 3070 dedit
1168 3015 1297 3068 mihi
1318 3014 1552 3086 linguam
1573 3016 1851 3079 eruditam,
1880 3026 1932 3069 ut
1955 3017 2119 3070 sciam

527 3108 785 3163 suscitare
813 3124 929 3162 eum
959 3107 1047 3179 qui
1076 3105 1255 3176 lapsus
1285 3116 1359 3161 est
1390 3106 1575 3171 verba;
1598 3108 1746 3177 erigit
1767 3123 1941 3172 mane,
1967 3125 2119 3162 mane

528 3206 679 3275 erigit
710 3204 839 3258 mihi
868 3220 1051 3259 aurem
1077 3213 1135 3257 ut
1159 3202 1375 3257 audiam
1398 3205 1550 3274 quasi
1579 3204 1904 3273 magistrum.

604 3294 673 3347 Et
716 3294 960 3365 prwcepit
1004 3292 1111 3349 illis
1156 3309 1221 3347 ne
1261 3295 1347 3347 cui
1388 3293 1636 3348 dicerent.
1688 3292 1897 3358 Quanto
1948 3304 2121 3347 autem

528 3385 882 3457 prtrcipiebat,
916 3394 1062 3439 tanto
1084 3386 1252 3456 magis
1280 3384 1399 3456 plus
1422 3384 1779 3455 prwdicabant
1796 3425 1810 3447 ,
1844 3394 1891 3437 et
1919 3400 1978 3437 eo
2004 3402 2121 3438 am-

528 3474 666 3545 plius
696 3474 1100 3529 admirabantur
1118 3474 1346 3529 dicentes
1372 3490 1390 3529 :
1412 3472 1554 3529 Bene
1575 3475 1751 3528 omnia
1778 3473 1993 3543 fecit:et
2014 3491 2125 3527 sur-

530 3567 627 3621 dos
657 3567 780 3637 fecit
808 3558 1017 3632 au'dire,
1044 3576 1091 3620 et
1120 3575 1291 3620 mutos
1318 3565 1478 3637 loqui.
1504 3563 1563 3621 Si
1597 3564 1804 3621 sciebat
1825 3580 1917 3620 eos
1939 3605 1953 3629 ,
1984 3565 2128 3619 sicut

532 3658 643 3723 ille,
669 3657 761 3727 qui
792 3668 951 3711 notas
983 3656 1216 3711 habebat
1235 3665 1291 3710 et
1314 3664 1615 3725 praesentes
1639 3662 1694 3709 et
1720 3654 1930 3709 futuras
1954 3652 2127 3708 homi-

534 3766 666 3806 num
702 3748 1038 3812 voluntates,
1075 3756 1228 3803 tanto
1269 3749 1441 3819 magis
1479 3747 1899 3818 praedicatums,
1926 3754 2127 3815 quanto

530 3844 708 3913 magis
746 3857 814 3898 ne
848 3841 1211 3912 praedicarent
1251 3840 1329 3896 eis
1368 3839 1747 3910 praecipiebat,
1780 3846 1840 3891 ut
1864 3836 1991 3906 quid
2026 3836 2129 3891 hoc

533 3933 881 4004 prtecipiebat
909 3933 1007 3987 nisi
1038 3932 1162 4003 quia
1189 3931 1358 4003 pigris
1376 3928 1590 3986 volebat
1618 3929 1903 3985 ostendere
1927 3935 2129 4000 quanto

538 4028 835 4085 studiosius
870 4036 1183 4097 quantoque
1218 4025 1517 4081 ferventius
1555 4039 1677 4079 eum
1716 4022 2011 4093 praedicare
2039 4020 2129 4075 de-

534 4124 720 4184 beant,
750 4119 947 4189 quibus
972 4118 1123 4186 jubet
1150 4110 1208 4171 ut
1235 4115 1532 4187 praedicent
1555 4113 1773 4184 quando
1795 4112 1868 4166 illi
1894 4111 1985 4181 qui
2006 4125 2130 4179 pro-

538 4212 885 4274 hibebantur,
914 4218 1095 4263 tacere
1124 4223 1231 4263 non
1257 4214 1509 4276 poterant
1534 4222 1549 4270 ;
1584 4203 1907 4259 studendum
1934 4200 2132 4271 quippe

536 4312 623 4359 est
646 4302 793 4357 omni
835 4300 1042 4355 homini
1079 4300 1170 4370 qui
1207 4298 1321 4352 vult
1358 4297 1424 4353 ad
1460 4296 1628 4350 vitam
1668 4292 1877 4365 ingredi
1906 4299 1966 4346 ut
1995 4289 2133 4346 bene

540 4397 740 4452 docens
777 4403 833 4450 et
867 4396 1004 4450 bene
1049 4408 1282 4463 operans
1323 4399 1644 4462 praesentem
1678 4390 1842 4444 vitam
1882 4402 2133 4443 consum-

540 4503 694 4544 mare
719 4488 1042 4551 contendat,
1071 4487 1196 4556 quia
1236 4485 1317 4539 sic
1352 4485 1556 4553 absque
1589 4482 1696 4537 ullo
1721 4480 1883 4536 dubio
1908 4480 1973 4535 ad
2002 4494 2133 4556 gau-

543 4582 629 4636 dia
660 4588 861 4635 aeterna
894 4579 1003 4635 Deo
1028 4578 1320 4633 miserante
1346 4575 1641 4648 perveniet.

1098 4709 1376 4771 IIOMILIA
1414 4708 1587 4765 CLIII.

1200 4818 1355 4858 FERIA
1396 4818 1470 4858 ιν.

545 4914 730 4971 Lectio
773 4913 1025 4984 Epistolte
1064 4913 1208 4967 beati
1250 4910 1402 4966 Pauli
1433 4908 1659 4980 apostoli
1696 4908 1763 4963 ad
1798 4906 2127 4962 Corinthios.

618 5027 868 5091 Fratres,
899 5043 1003 5080 non
1034 5025 1382 5096 prtcdicamus
1431 5020 1767 5091 nosmetipsos
1786 5059 1800 5084 ,
1837 5018 1925 5072 sed
1956 5016 2133 5070 Domi-

548 5138 673 5175 num
708 5130 942 5174 nostrum
964 5117 1145 5172 Iesum
1169 5114 1457 5178 Christum,
1489 5122 1595 5168 etc.

622 5213 736 5269 Hoc
757 5222 859 5275 est,
884 5228 988 5265 non
1013 5219 1251 5265 nostram
1277 5209 1505 5281 gloriam
1534 5207 1918 5261 annuntiamus
1934 5218 2000 5256 ne
2014 5201 2135 5271 quis

549 5307 831 5380 nos‘dicat
870 5313 1092 5374 propter
1130 5318 1228 5358 nos
1271 5302 1416 5371 ipsos
1462 5299 1836 5370 evangelizare
1880 5304 1939 5349 ut
1980 5294 2136 5347 nobis

550 5396 803 5471 proliciat
840 5392 977 5448 forte
1008 5391 1072 5446 ad
1101 5400 1311 5463 tempus
1338 5409 1351 5444 ς
1382 5387 1484 5443 Sed
1520 5389 1698 5443 Iesum
1726 5384 1987 5439 Christum
2021 5381 2130 5434 Do-

552 5488 750 5541 minum
775 5480 1010 5540 nostrum
1030 5484 1436 5546 annuntiamus,
1461 5477 1805 5551 subjicientes
1828 5491 1924 5529 nos
1950 5472 2132 5528 virtuti

554 5582 931 5653 tuajestatique
954 5581 1089 5651 ejus.
1121 5578 1346 5647 Quando
1371 5591 1500 5647 ergo
1530 5574 1735 5629 nullum
1770 5569 2134 5630 concutimus,

558 5674 761 5729 nullum
806 5687 1128 5745 gravamus,
1169 5681 1223 5724 et
1260 5668 1532 5723 Christum
1567 5662 1850 5719 Dominum
1891 5667 2135 5717 nostrum

560 5769 808 5827 fatemur.
828 5764 951 5830 quid
976 5772 1057 5818 est
1081 5771 1138 5815 ut
1159 5761 1282 5815 elati
1299 5754 1634 5831 judicemur?
1660 5752 1812 5827 quasi
1838 5764 1934 5821 pro
1957 5758 2140 5804 nostra

2208 1919 2300 1991 qui
2326 1918 2526 1973 fuimus
2552 1912 2898 1970 incredibiles
2926 1912 2981 1966 in
3010 1908 3335 1980 ignorantia,
3366 1908 3471 1961 hoc
3501 1916 3603 1969 est,
3632 1906 3688 1959 in
3720 1914 3809 1960 te-

2208 2009 2394 2064 nebris
2429 2022 2527 2078 per
2555 2020 2656 2060 nos
2689 2004 2843 2058 daret
2876 2001 3017 2056 Deus
3057 2000 3237 2053 lumen
3277 1997 3490 2051 caeteris
3527 1998 3806 2066 gentibus.

2211 2099 2482 2168 Quantum
2512 2111 2569 2153 se
2605 2094 2784 2150 adhuc
2808 2091 3057 2147 humiliat
3076 2131 3090 2155 ,
3121 2099 3182 2144 ut
3208 2089 3302 2144 Dei
3328 2087 3496 2143 solius
3523 2096 3579 2141 et
3597 2086 3808 2142 Christi

2212 2190 2440 2262 gloriam
2471 2184 2747 2259 proferat;
2782 2181 3157 2237 illuminantur
3183 2178 3326 2232 enim
3356 2186 3415 2231 ut
3438 2179 3809 2247 cognitionem

2211 2279 2445 2335 habeant
2484 2275 2668 2348 gloria:
2703 2272 2795 2327 Dei
2838 2285 2937 2341 per
2969 2268 3278 2333 Christum,
3326 2266 3447 2322 ideo
3488 2266 3676 2336 glori:e
3706 2265 3808 2320 Dei

2212 2372 2289 2426 ait
2314 2368 2700 2442 cognitionem,
2738 2362 2791 2417 id
2818 2368 2919 2426 est,
2953 2375 3059 2414 non
3090 2358 3183 2412 Dei
3225 2356 3415 2421 solius,
3450 2356 3543 2410 sed
3569 2363 3625 2408 et
3649 2353 3812 2408 Chri-

2214 2464 2305 2529 sti,
2334 2462 2424 2533 qui
2453 2470 2536 2517 est
2568 2459 2737 2531 gloria
2774 2456 2891 2526 ejus
2919 2462 2979 2510 ut
3006 2452 3335 2526 significaret
3377 2466 3483 2504 non
3512 2450 3683 2503 Deum
3721 2462 3813 2502 so-

2214 2556 2324 2610 iu‘m
2353 2549 2629 2622 cognosci,
2661 2548 2755 2604 sed
2785 2555 2841 2603 et
2864 2561 3029 2616 opera
3068 2544 3183 2615 ejus
3212 2551 3267 2597 et
3292 2539 3724 2596 misericordiam
3754 2545 3815 2594 et

2214 2642 2632 2717 providentiam,
2656 2654 2764 2710 qua
2792 2648 2847 2694 et
2869 2637 3140 2701 condidit,
3177 2644 3231 2690 et
3259 2634 3486 2688 salvavit
3515 2646 3688 2702 genus
3709 2631 3815 2684 hu-

2218 2751 2437 2793 manum
2464 2736 2614 2791 visus
2640 2734 2693 2789 in
2722 2733 2939 2789 Christo
2971 2746 3071 2803 per
3098 2728 3324 2801 gloriam
3355 2726 3572 2779 virtutis
3600 2738 3734 2777 sum.

2289 2827 2340 2883 il
2346 2827 2555 2881 abemus
2581 2834 2756 2878 autem
2779 2825 3082 2877 thesaurum
3107 2821 3264 2874 istum
3287 2817 3340 2869 in
3368 2816 3501 2871 vasis
3526 2812 3807 2882 ﬁctilibus,

2218 2924 2294 2978 uti
2319 2920 2613 2977 sublimitas
2649 2917 2715 2972 sit
2753 2914 2957 2969 virtutis
2989 2910 3117 2972 Dei,
3159 2918 3205 2962 et
3225 2923 3347 2961 non
3380 2922 3443 2960 ea:
3474 2904 3641 2958 nobis.
3672 2902 3817 2957 Theb

2220 3028 2442 3071 saurum
2478 3015 2879 3067 sacramentum
2916 2999 3241 3074 significavit
3284 2998 3427 3052 Deus
3474 2996 3528 3049 in
3569 2994 3813 3056 Christo,

2221 3104 2367 3176 quod
2403 3099 2750 3158 credentibus
2779 3092 3176 3155 manifestatur,
3209 3085 3500 3143 incredulis
3525 3099 3656 3139 vero
3682 3099 3817 3153 quo-

2147 3163 2192 3226 C
2224 3163 2349 3250 dam
2373 3189 2641 3247 velamine
2680 3193 2883 3241 tectum
2914 3191 3033 3247 est,
3066 3180 3191 3250 quia
3234 3177 3376 3233 sicut
3426 3176 3722 3229 thesaurus
3757 3171 3811 3226 in

2224 3286 2435 3344 occulto
2468 3282 2720 3354 ponitur,
2752 3280 2827 3333 ita
2861 3284 2917 3331 et
2952 3279 3352 3331 sacramentum
3388 3268 3483 3323 Dei
3526 3266 3671 3319 intra
3714 3264 3816 3318 ho-

2226 3376 2424 3431 minem
2444 3352 2541 3439 ,iid
2568 3379 2684 3435 est,
2715 3369 2770 3422 in
2801 3366 2969 3423 corde
2993 3365 3230 3419 humano
3256 3356 3625 3413 absconditur.
3661 3352 3818 3408 IIunc

2225 3481 2352 3536 ergo
2383 3463 2696 3519 thesaurum
2733 3458 2787 3513 in
2811 3457 2992 3511 animo
3013 3463 3067 3509 et
3090 3465 3318 3521 corpore
3342 3448 3471 3503 dicit
3498 3460 3621 3501 esse
3648 3460 3680 3498 a
3706 3445 3817 3498 Deo

2227 3535 2408 3612 datum
2430 3596 2445 3621 ,
2472 3562 2533 3608 ut
2565 3550 2857 3609 eminentia
2888 3545 3107 3601 virtutis
3145 3542 3263 3611 ejus
3307 3544 3565 3610 appareat
3596 3550 3697 3606 per
3723 3535 3817 3589 ho-

2229 3649 2421 3711 mines,
2454 3644 2839 3716 pmedicatores
2862 3639 3143 3693 dumtaxat
3161 3641 3221 3687 ut
3242 3627 3622 3686 reconcilietur
3642 3623 3817 3681 omnis

2228 3739 2410 3810 lingua
2444 3735 2672 3792 creatori
2703 3747 2820 3788 suo.

2301 3829 2368 3883 In
2399 3826 2637 3883 omnibus
2676 3821 3066 3878 tribulationem
3094 3817 3356 3888 patimur,
3386 3810 3474 3866 sed
3517 3825 3623 3863 non
3653 3823 3815 3877 angu-

2228 3923 2483 3984 stiamur;
2529 3932 2672 3972 nunc
2716 3912 2953 3971 ostendit
2988 3918 3209 3981 propter
3245 3903 3386 3975 quod
3431 3899 3612 3955 idonei
3662 3904 3815 3952 erant

2231 4010 2613 4082 praedicatores
2638 4004 2762 4075 quia
2798 4015 3010 4070 semper
3045 3998 3149 4052 illis
3184 3996 3237 4049 in
3281 3990 3605 4047 necessitate
3650 3984 3815 4042 adfuit

2232 4079 2395 4166 Deus,
2419 4101 2539 4155 ideo
2564 4110 2874 4167 pressuram
2899 4092 2975 4146 ait
3002 4089 3170 4162 passi,
3194 4087 3285 4143 sed
3315 4100 3421 4140 non
3453 4079 3811 4152 coangustati,

2233 4196 2334 4249 hoc
2365 4198 2478 4254 est,
2508 4204 2614 4243 non
2644 4184 2889 4257 permisit
2914 4182 3056 4236 Deus
3094 4186 3302 4232 tantum
3332 4189 3429 4228 nos
3459 4170 3727 4241 opprimi,
3765 4179 3813 4223 ut

2234 4285 2549 4340 cederemus
2595 4278 2827 4347 inopiam
2855 4271 3133 4346 passi,sed
3166 4285 3272 4323 non
3311 4264 3594 4329 destituti,
3627 4264 3681 4318 id
3718 4269 3812 4326 est,

2236 4376 2290 4430 in
2322 4373 2501 4442 inopia
2536 4370 2695 4441 positi
2717 4366 2890 4423 adluit
2912 4373 3097 4435 pastor
3126 4363 3283 4417 Deus.

2310 4462 2729 4519 Persecutionem
2753 4458 3004 4528 patimur,
3028 4454 3118 4508 sed
3141 4470 3244 4507 non
3271 4449 3706 4520 derelinquimur.
3724 4447 3813 4502 Ye-

2240 4572 2359 4611 rum
2386 4563 2489 4617 est,
2517 4551 2643 4622 quia
2671 4547 2985 4605 consulebat
3004 4545 3084 4604 eis
3108 4543 3269 4606 Deus,
3297 4555 3365 4596 ne
3393 4539 3527 4595 satis
3553 4537 3655 4592 sibi
3680 4535 3813 4591 face-

2240 4657 2361 4705 rent
2386 4646 2450 4701 de
2476 4645 2561 4699 bis
2583 4639 2808 4696 inimici.

2313 4743 2542 4814 Dejecti,
2578 4739 2668 4794 sed
2707 4754 2809 4791 non
2843 4735 3092 4805 perimus.
3121 4729 3178 4785 Id
3211 4736 3325 4793 est,
3349 4723 3669 4780 verberibus
3700 4736 3811 4791 pro-

2241 4813 2393 4893 strati
2424 4835 2676 4888 obstante
2704 4829 2814 4883 Deo
2849 4841 2957 4882 non
2982 4819 3319 4884 mortiﬁcati,
3347 4817 3461 4873 sive
3484 4816 3629 4870 enim
3652 4813 3807 4870 clausi

2240 4930 2352 4983 sive
2381 4921 2664 4985 vinculati,
2706 4917 2973 4987 adjutorio
2999 4912 3093 4969 Dei
3126 4924 3319 4965 manus
3357 4905 3593 4962 hostium
3631 4904 3810 4959 evade-

2236 5019 2386 5072 bant.
2416 5011 2657 5084 Denique
2682 5006 2881 5061 Paulus
2904 5012 2960 5059 et
2985 5001 3128 5057 Silas
3158 5014 3281 5054 cum
3308 5005 3493 5052 essent
3518 4992 3690 5049 clausi
3712 4993 3808 5063 jam

2237 5108 2386 5172 czesi,
2416 5113 2470 5159 et
2500 5104 2663 5175 pedes
2689 5112 2875 5156 eorum
2903 5101 3088 5151 essent
3127 5094 3180 5149 iu
3212 5104 3378 5146 nervo
3406 5085 3674 5148 conclusi,
3720 5085 3809 5139 ala-

2238 5214 2361 5255 cres
2395 5172 2656 5265 hymnum
2693 5188 2960 5246 canebant
3004 5186 3114 5243 Deo
3152 5181 3405 5237 fortiores
3446 5179 3531 5234 his
3566 5175 3695 5231 facti
3738 5172 3807 5245 qui

2241 5306 2347 5346 non
2374 5294 2529 5343 erant
2557 5284 2701 5339 etesi.

2318 5379 2531 5448 Semper
2559 5370 3013 5441 mortiﬁcationem
3033 5364 3162 5421 Iesu
3197 5366 3251 5417 in
3280 5376 3494 5431 corpore
3519 5366 3700 5411 nostra
3730 5357 3809 5410 cir—

2244 5471 2607 5540 cumferentes,
2638 5475 2695 5518 ut
2725 5474 2772 5517 et
2799 5452 2902 5516 vita
2932 5459 3060 5514 Iesu
3088 5458 3145 5511 in
3161 5453 3470 5523 corporibus
3495 5448 3686 5502 nostris
3716 5460 3809 5500 nut-

2247 5532 2537 5632 nifestetur.
2570 5554 2799 5611 Dubium
2832 5566 2937 5604 non
2968 5556 3051 5603 est
3080 5546 3205 5616 quia
3230 5544 3282 5598 in
3313 5539 3645 5611 martyribus
3673 5532 3811 5630 Citrio

2248 5620 2364 5708 stus
2384 5648 2665 5707 occiditur,
2692 5652 2742 5698 et
2771 5643 2822 5695 in
2846 5642 2932 5695 his
2952 5638 3039 5708 qui
3062 5651 3159 5707 pro
3180 5634 3282 5687 tide
3300 5628 3582 5701 patiuntur
3604 5635 3699 5680 aut
3720 5620 3808 5678 exi-

2252 5752 2357 5807 tus,
2390 5748 2481 5793 aut
2512 5734 2743 5797 vincula,
2775 5740 2863 5786 aut
2894 5729 3119 5783 verbera
3144 5720 3340 5780 Christi
3367 5718 3653 5788 passiones
3682 5717 3804 5773 sunt.
