3960 6352
177 393 285 448 ιιι

1301 397 1602 455 ιλςξπιιιλιίΕ
1642 396 1705 450 ΙΝ
1744 397 1958 452 EPIST.
2003 398 2090 453 ΕΤ
2126 397 2372 455 EVANG.

3355 401 3464 458 £42

182 518 249 561 ut
272 518 330 561 et
350 508 463 560 vita
489 507 611 575 ejus
635 509 687 560 in
712 523 934 577 corpore
952 523 1137 562 eorum
1166 508 1341 578 palam
1370 509 1478 562 ﬁat.
1505 510 1787 564 Passioues
1816 518 1865 572 Α
1893 512 2094 567 dicere.
2150 513 2246 568 liic
2288 529 2417 584 ergo
2463 515 2621 569 homo
2661 516 2981 570 daemonium
3030 502 3289 582 habebat,
3333 522 3459 588 quia

187 601 341 652 enim
368 605 517 662 sunt,
542 614 664 665 qua:
684 598 969 650 ostendunt
996 597 1246 651 meritum
1274 599 1341 651 ad
1366 598 1597 651 futuram
1622 599 1785 651 vitam

192 703 362 755 quam
410 688 664 757 promisit
697 687 968 751 Christus,
998 688 1139 741 unde
1168 687 1275 742 alio
1304 688 1422 742 loco
1454 688 1586 741 dicit
1615 705 1628 741 :
1654 686 1786 742 Cum

192 777 444 843 inﬁrmor
472 789 597 828 tunc
624 786 800 845 potens
831 793 978 837 sum;
1003 786 1057 830 et
1084 777 1310 831 iterum:
1335 775 1442 831 Per
1463 776 1655 830 multas
1687 778 1785 829 tri-

193 865 494 919 bnlationes
536 875 733 935 Oportet
768 881 859 918 nos
899 866 1096 920 intrare
1135 868 1189 919 in
1226 883 1439 937 regnum
1478 866 1592 920 Dei.
1636 866 1784 933 Quod

194 956 357 1009 nobis
396 966 657 1025 praestare
689 956 962 1027 dignetur,
995 958 1106 1026 ipsc
1137 957 1394 1014 Dominus
1425 966 1608 1010 noster
1631 954 1786 1011 Jesus

193 1046 475 1109 Christus,
502 1047 593 1116 qui
617 1063 737 1101 cum
770 1046 930 1101 Patre
952 1042 1007 1102 et
1031 1047 1233 1116 Spiritu
1260 1056 1449 1102 sancto
1475 1047 1608 1100 vivit
1628 1056 1680 1101 et
1703 1062 1786 1102 re-

192 1145 330 1207 gnat
355 1136 499 1192 Deus
528 1152 619 1207 per
652 1138 831 1191 omnia
860 1137 1053 1191 smcula
1079 1137 1419 1191 saeculorum.
1453 1136 1645 1191 Amen.

740 1245 1022 1301 HOMILIA
1073 1245 1177 1301 CLI
1186 1246 1247 1301 Υ.

777 1354 907 1394 ιτειι
946 1353 1103 1394 FERIA
1144 1356 1215 1393 IV.

303 1428 494 1484 Lectio
522 1427 697 1483 sancti
726 1427 1003 1499 Evangelii
1038 1430 1331 1484 secundum
1359 1430 1687 1488 Mattbreum.

288 1518 357 1572 In
395 1519 486 1572 illo
528 1528 755 1587 tempore
793 1528 1092 1574 transeunte
1130 1519 1250 1573 inde
1270 1519 1430 1585 Iesu,
1465 1524 1628 1577 secuti
1664 1538 1781 1580 sunt

192 1629 319 1666 eum
341 1614 446 1666 duo
470 1614 617 1677 ca'ci,
638 1613 922 1673 clamantes
959 1622 1006 1665 et
1027 1612 1296 1667 dicentes:
1326 1612 1572 1670 Miserere
1596 1619 1779 1684 nostri,

193 1700 278 1767 [ili
326 1700 511 1753 David.
538 1700 669 1753 Cum
712 1710 886 1754 autem
928 1701 1142 1756 venisset
1175 1701 1411 1769 domum,
1456 1717 1782 1761 accesserunt

195 1791 271 1843 ad
301 1808 417 1844 eum
445 1791 588 1854 cwci,
612 1801 719 1845 etc.

273 1880 613 1935 Transeuntc
654 1895 752 1949 per
792 1880 1007 1935 domum
1037 1880 1295 1950 principis
1329 1881 1554 1937 Domino
1578 1882 1703 1938 Jesu
1733 1893 1787 1939 et

199 1978 468 2039 pergente
524 1970 588 2021 ad
638 1970 855 2023 domum
904 1984 1057 2024 suam
1106 1969 1245 2023 sicut
1299 1985 1460 2039 supra
1513 1972 1782 2043 legimus:

197 2057 498 2111 Ascendens
521 2058 817 2111 naviculam
838 2060 1194 2128 transfretavit
1221 2071 1266 2113 et
1293 2062 1423 2115 venit
1448 2064 1502 2116 in
1526 2064 1785 2117 civitatem

195 2164 354 2202 suam
378 2167 396 2204 :
421 2148 728 2203 clamabant
752 2149 856 2202 duo
882 2149 1008 2203 caeci
1038 2150 1277 2204 dicentes
1297 2165 1312 2203 :
1330 2150 1577 2205 Miserere
1600 2154 1782 2217 nostri,

195 2239 279 2307 ﬁli
325 2238 514 2293 David.
561 2239 628 2292 Et
675 2248 855 2293 tamen
905 2255 1011 2294 non
1067 2242 1241 2295 sanati
1289 2250 1415 2297 sunt
1454 2243 1509 2296 in
1568 2243 1781 2309 itinere,

196 2346 307 2384 non
347 2330 678 2395 transitorie,
710 2339 769 2383 ut
794 2332 1075 2399 putabant,
1109 2332 1203 2385 sed
1241 2341 1527 2401 postquam
1553 2334 1701 2388 venit
1731 2336 1785 2389 in

196 2422 419 2475 domum
448 2436 623 2479 suam.
655 2420 919 2474 accedunt
947 2419 1012 2472 ad
1046 2436 1172 2475 eum
1199 2429 1253 2475 et
1280 2422 1577 2477 introeunt.
1618 2401 1785 2489 'Quod

197 2520 382 2566 autem
436 2511 621 2565 dicunt
670 2509 823 2574 eieci,
870 2508 951 2577 ﬁli
994 2509 1188 2575 David,
1241 2511 1425 2565 audiat
1459 2511 1695 2566 Marcion
1732 2522 1790 2567 et

197 2603 533 2658 Manichacus
579 2610 635 2656 et
679 2601 858 2656 caeteri
906 2601 1168 2667 hmreu'ci,
1200 2602 1291 2671 qui
1321 2612 1478 2675 vetus
1512 2602 1787 2658 laniabant

198 2693 642 2753 instrumentum,
668 2698 722 2745 et
744 2690 953 2744 discant
978 2689 1302 2744 salvatorem
1331 2690 1591 2759 appellari
1619 2690 1784 2746 filium

197 2786 400 2851 David;
420 2785 463 2840 si
490 2784 634 2838 enim
663 2797 767 2837 non
792 2789 876 2837 est
894 2790 1052 2836 natus
1076 2780 1131 2836 in
1153 2796 1335 2847 carne,
1353 2782 1621 2852 quomodo
1642 2782 1786 2839 ﬁlius

198 2876 372 2931 David
398 2874 668 2929 vocatur?

273 2970 340 3022 Et
362 2969 488 3022 dicit
526 2968 600 3020 eis
620 2965 776 3020 Iesus
797 2982 817 3021 .'
838 2964 1063 3020 Creditis
1087 2967 1212 3034 quia
1250 2982 1462 3034 possum
1492 2967 1589 3022 hoc
1611 2968 1785 3037 facere

197 3060 383 3116 vobis?
431 3057 616 3112 Fidem
646 3072 833 3112 eorum
864 3056 978 3126 ipse
1007 3070 1234 3111 noscens
1280 3058 1595 3129 interrogat,
1629 3067 1686 3113 ut
1722 3060 1781 3114 ﬁ-

197 3154 321 3210 dem
354 3150 620 3207 confessio
648 3158 880 3219 promat,
913 3155 970 3203 et
1012 3146 1406 3204 confessionem
1452 3152 1625 3205 virtus
1653 3166 1781 3206 con-
1807 3190 1852 3250 Ο

196 3250 459 3310 sequatur
488 3241 741 3310 salusque
765 3240 1017 3294 virtutem
1058 3239 1368 3300 comitetur.
1397 3241 1524 3309 quia
1565 3249 1623 3295 ut
1644 3241 1781 3311 Apo-

190 3331 368 3386 stolus
393 3332 467 3385 ait
488 3349 499 3383 :
518 3328 686 3384 Corde
707 3330 936 3384 creditur
953 3327 1021 3381 ad
1039 3328 1325 3397 justitiam,
1350 3345 1439 3383 ore
1456 3339 1640 3383 autem
1662 3346 1779 3383 con-

194 3423 354 3493 fessio
372 3422 433 3491 ﬁt
470 3424 539 3475 ad
551 3415 807 3476 salutem.

268 3512 462 3565 Dicunt
490 3512 539 3565 ei
557 3508 803 3583 :Utique,
838 3509 1075 3565 Domine.
1119 3509 1262 3565 Tunc
1293 3511 1457 3581 tetigit
1485 3510 1662 3565 oculos
1693 3528 1777 3565 eo-

198 3619 315 3655 rum
346 3602 523 3656 dicens
547 3620 565 3658 :
594 3600 888 3657 Secundum
932 3600 1091 3668 ﬁdem
1120 3608 1341 3654 vestram
1369 3600 1464 3668 ﬁat
1488 3600 1648 3653 vobis.
1676 3600 1780 3654 Per

195 3692 375 3762 utique
428 3690 560 3745 foris
626 3688 895 3743 aﬁirmant
940 3686 1085 3757 quod
1141 3687 1287 3741 intus
1337 3690 1500 3744 corde
1560 3687 1780 3743 credulo

194 3790 430 3852 gestant,
457 3791 511 3835 et
534 3782 641 3835 Deo
667 3779 820 3833 ﬁrma
847 3778 1111 3850 professio
1138 3778 1336 3833 factum
1366 3779 1563 3831 meruit
1586 3777 1779 3831 divina:

196 3873 433 3943 pietatis.
468 3871 766 3926 Secundum
786 3869 964 3937 ﬁdem,
997 3869 1191 3938 inquit,
1221 3880 1445 3922 vestram
1468 3870 1562 3937 ﬁat
1600 3869 1776 3922 vobis:

196 3965 310 4020 Hoc
340 3976 424 4019 est
452 3964 576 4033 quia
608 3961 740 4016 ﬁdes
760 3959 872 4030 jam
906 3970 1139 4016 mentem
1176 3960 1463 4025 illuminat,
1500 3961 1778 4015 oculorum

193 4056 373 4111 lucem
412 4056 524 4123 ipsa
552 4052 704 4107 vobis
733 4052 1002 4107 restituat.

267 4146 339 4200 Et
366 4144 531 4213 aperti
569 4152 689 4197 sunt
725 4142 863 4196 oculi
902 4159 1101 4196 eorum.
1136 4142 1273 4208 Quia
1316 4141 1609 4197 secundum
1643 4141 1777 4195 Pro~

194 4238 375 4307 pheta:
400 4235 742 4296 sententiam,
771 4233 945 4287 omnis
976 4233 1067 4301 qui
1099 4234 1387 4287 credilerit
1413 4234 1464 4286 in
1495 4233 1639 4287 illum
1670 4250 1774 4287 non

192 4324 575 4381 confundetur.
605 4321 738 4387 Quia
772 4321 886 4389 ipsa
919 4321 1024 4390 ipse
1056 4331 1127 4373 est
1153 4320 1246 4373 tua:
1274 4338 1411 4384 vera,
1438 4338 1553 4388 qua:
1586 4322 1779 4376 illumi-

194 4428 283 4471 nat
317 4431 521 4469 omnem
552 4414 813 4466 hominem
840 4413 1117 4465 venientem
1139 4412 1191 4465 in
1217 4413 1352 4465 hunc
1375 4414 1645 4465 mundum.

1888 603 2202 658 idololatriae
2244 620 2341 673 per
2373 606 2551 659 omnia
2603 606 2812 661 deditus
2835 615 2971 661 erat.
3020 609 3153 663 Cum
3194 625 3321 681 ergo
3367 625 3465 679 per

1886 692 2266 761 praedicatores
2292 696 2461 749 sancti
2494 695 2765 765 Evangelii
2804 696 2868 747 ad
2896 697 3221 751 salvatorem
3270 700 3460 767 perdu-

1886 782 2128 847 cebatur,
2158 783 2339 837 ablato
2363 798 2545 838 errore
2573 786 2906 856 gentilitatis,
2939 785 3331 843 confessionem
3364 804 3459 840 no-

1885 874 2048 929 minis
2076 874 2167 928 Dei
2196 875 2400 931 clarius
2427 891 2681 931 resonare
2712 878 3021 948 incipiebat.

1958 960 2024 1014 Et
2052 964 2255 1018 mirata:
2290 974 2411 1018 sunt
2450 966 2616 1019 turbte
2641 967 2869 1020 dicentes
2898 988 2914 1023 :
2946 969 3226 1040 Nunquam
3257 972 3329 1025 sic
3369 990 3463 1041 op-

1883 1051 2059 1121 paruit
2086 1050 2139 1102 in
2162 1051 2347 1106 Israel.
2374 1052 2634 1108 Pharisa'i
2654 1066 2825 1109 autem
2851 1058 3121 1111 dicebant:
3146 1058 3209 1111 1η
3235 1062 3465 1129 principe

1885 1142 2264 1197 dtrmoniorum
2287 1145 2424 1213 ejicit
2448 1146 2731 1201 dwmones.
2778 1147 2954 1200 Turba
2984 1164 3146 1217 opera
3175 1149 3267 1204 Dei
3299 1151 3465 1204 confl-

1886 1239 2031 1286 tetur
2057 1240 2111 1287 et
2139 1232 2269 1287 dicit
2298 1250 2569 1303 nunquam
2616 1238 2694 1290 sic
2729 1238 3040 1307 apparuisse
3083 1239 3133 1291 in
3166 1238 3327 1293 Israel
3362 1259 3372 1291 :
3410 1241 3463 1292 iu

1886 1322 2041 1375 turba
2070 1324 2345 1377 nationum
2375 1324 2643 1380 confessio
2674 1335 2775 1380 est.
2835 1326 3091 1381 Pharisaei
3127 1338 3304 1383 autem
3336 1330 3461 1397 quia

1884 1427 2081 1484 negare
2101 1415 2351 1469 virtutem
2368 1415 2461 1472 Dei
2486 1432 2589 1472 non
2603 1427 2872 1488 poterant,
2889 1434 3051 1488 opera
3066 1420 3464 1476 calumniantur

1882 1514 1937 1561 et
1959 1505 2172 1560 dicunt:
2190 1505 2255 1560 In
2275 1508 2507 1578 principe
2521 1509 2899 1563 daemoniorum
2922 1512 3005 1563 hic
3025 1510 3163 1579 ejicit
3183 1512 3461 1576 da‘monia,

1883 1613 1977 1667 per
2008 1615 2158 1654 suam
2186 1600 2507 1655 calumniam
2539 1615 2709 1671 usque
2742 1603 2901 1657 hodie
2929 1602 3233 1657 Judzeorum
3272 1602 3463 1657 inﬁde-

1884 1687 2087 1744 litatem
2118 1688 2574 1745 demonstrantes.

1960 1780 2028 1833 Et
2051 1780 2303 1833 circuibat
2318 1779 2474 1834 Iesus
2497 1797 2670 1835 omnes
2693 1782 2923 1834 civitates
2947 1791 2994 1833 ct
3015 1781 3250 1846 castella,
3276 1782 3465 1835 docens

1887 1870 1942 1925 in
1969 1871 2247 1940 synagogis
2289 1886 2487 1932 eorum,
2525 1881 2572 1924 et
2597 1871 2888 1941 prmdicans
2919 1870 3258 1939 Evangelium
3298 1871 3462 1941 regni,

1885 1968 1932 2012 et
1971 1974 2162 2012 curans
2204 1974 2406 2011 omnem
2446 1957 2748 2029 languorem
2777 1969 2821 2012 et
2849 1974 3047 2012 omnem
3086 1959 3461 2026 inﬁrmitatem.
3540 1960 3562 1966 ’

1885 2047 2073 2103 Cernis
2098 2048 2238 2117 quod
2263 2038 2539 2116 aequaliter
2563 2058 2615 2103 et
2640 2048 2779 2103 villis
2805 2058 2860 2103 et
2883 2047 3102 2102 urbibus
3132 2056 3184 2103 et
3208 2048 3462 2111 castellis,

1886 2139 1937 2193 id
1966 2147 2049 2194 est
2076 2146 2130 2193 et
2157 2141 2367 2208 magnis
2394 2147 2449 2192 et
2476 2139 2656 2209 parvis
2695 2138 3042 2209 Evangelium
3091 2139 3465 2210 prmdieaverit

1885 2237 1944 2283 ut
1973 2244 2078 2283 non
2105 2230 2473 2284 consideraret
2500 2229 2757 2284 nobilium
2786 2230 3106 2300 potentiam,
3123 2232 3214 2285 sed
3237 2231 3462 2286 salutem

1885 2320 2217 2376 credentium
2246 2338 2258 2373 :
2285 2320 2551 2374 Circuibat
2594 2320 2844 2386 civitates,
2892 2321 2993 2375 hoc
3025 2322 3228 2377 habens
3260 2322 3463 2392 operis,

1885 2410 2026 2476 quod
2052 2410 2404 2464 mandaverat
2427 2420 2603 2478 pater,
2624 2420 2676 2465 et
2704 2412 2843 2466 hanc
2872 2413 3102 2466 esuriem
3135 2422 3193 2466 ut
3217 2400 3461 2468 doctrina

1886 2515 1983 2554 sua
2009 2499 2188 2554 salvos
2215 2500 2423 2554 faceret
2453 2499 2713 2553 inﬁdeles.
2768 2500 2990 2554 Docebat
3027 2503 3081 2554 in
3115 2504 3389 2571 synagogis
3418 2511 3464 2555 et

1885 2590 1938 2644 in
1963 2589 2097 2643 villis
2125 2588 2463 2660 Evangelium
2499 2592 2731 2658 regni,ct
2760 2598 2881 2659 post
2908 2591 3345 2659 praedicationem
3377 2601 3463 2644 at-

1885 2695 1989 2750 que
2026 2680 2326 2734 doctrinam
2358 2680 2581 2735 curabat
2610 2696 2813 2735 onmem
2849 2680 3150 2749 languorem
3182 2691 3228 2733 et
3260 2664 3462 2735 omnem

1885 2771 2273 2841 inﬁrmitatem;
2297 2770 2367 2823 nil
2397 2770 2591 2839 quippe
2618 2769 2665 2822 ei
2695 2768 3021 2837 impossibile
3035 2770 3239 2837 est,qui
3269 2778 3460 2823 cuncta

1879 2861 2092 2916 creavit
2132 2869 2184 2914 et
2208 2860 2446 2913 omnium
2474 2858 2783 2913 dominatur
2820 2856 2977 2912 Jesus
3003 2858 3251 2912 Christus
3281 2844 3464 2912 Domi-

1883 2964 1986 3004 nus
2026 2960 2208 3003 noster
2232 2949 2323 3017 qui
2356 2963 2477 3002 cum
2504 2946 2664 3003 Patre
2688 2958 2743 3002 et
2769 2947 2973 3018 Spiritu
3018 2959 3205 3001 sancto
3234 2948 3369 3001 vivit
3410 2958 3464 3001 et

1883 3048 2072 3111 regnat
2100 3038 2241 3093 Deus
2265 3053 2361 3107 per
2396 3038 2573 3092 omnia
2616 3036 2809 3092 sarcula
2845 3036 3186 3091 saeculorum.
3219 3035 3409 3091 Amen.

2438 3145 2717 3202 HOMILIA
2759 3145 2913 3206 CLV.

2531 3253 2688 3292 FBHM
2726 3253 2799 3291 νι.

1985 3329 2170 3385 Lectio
2198 3329 2369 3384 sancti
2397 3327 2670 3399 Evangelii
2699 3327 2993 3383 secundum
3021 3327 3349 3381 Matthaeum.

1950 3421 2016 3474 In
2043 3420 2133 3473 illo
2156 3431 2381 3490 tempore
2402 3427 2549 3488 erepit
2570 3417 2724 3471 Iesus
2754 3419 3067 3487 exprobrare
3095 3419 3386 3471 civitatibus
3408 3420 3461 3471 in

1878 3510 2064 3579 quibus
2087 3511 2241 3579 factm
2264 3517 2383 3562 sunt
2405 3508 2646 3578 plurimm
2666 3508 2876 3561 virtutes
2896 3508 3031 3575 ejus,
3054 3508 3176 3575 quia
3202 3526 3301 3562 non
3325 3510 3460 3578 egis-

1878 3607 1990 3652 sent
2012 3599 2388 3667 pwnitentiam,
2417 3607 2525 3652 etc.

1952 3689 2308 3759 Exprobratio
2353 3688 2623 3741 civitatum
2656 3686 2937 3741 Corozaim
2986 3697 3040 3742 et
3086 3678 3369 3743 Betbsalda
3406 3698 3460 3742 et

1878 3780 2251 3850 Capharnaum
2283 3778 2500 3849 capituli
2530 3777 2686 3846 hujus
2710 3779 2864 3833 titulo
2894 3780 3145 3848 panditur
3171 3780 3311 3848 quod
3339 3781 3459 3835 ideo

1878 3869 2287 3940 exprobravcrit
2326 3869 2407 3923 eis
2441 3884 2561 3937 qua:
2595 3877 2715 3937 post
2754 3867 2926 3923 factas
2953 3877 3179 3925 virtutes
3225 3879 3278 3923 et
3309 3871 3458 3940 signa

1879 3976 2039 4031 quam
2066 3960 2295 4030 plurima
2328 3975 2431 4014 non
2460 3959 2671 4029 egerint
2700 3960 3093 4029 paenitentiam.

1945 4048 2037 4102 γω
2052 4047 2164 4112 tibi,
2180 4044 2478 4110 Gorozaim,
2495 4062 2569 4099 va:
2584 4048 2698 4111 tibi,
2720 4046 3017 4101 Bethsaida.
3038 4048 3350 4113 Quaeramus
3370 4050 3458 4105 ubi

1879 4141 2137 4208 scriptum
2166 4139 2238 4193 sit
2261 4139 2401 4207 quod
2428 4137 2479 4191 in
2506 4137 2786 4193 Comzaim
2816 4149 2871 4194 et
2900 4141 3182 4195 Betbsaida
3202 4144 3458 4199 Dominus

1878 4230 2030 4300 signa
2072 4228 2277 4281 fecerit.
2322 4226 2493 4295 Supra
2525 4226 2787 4296 legimus:
2827 4227 2897 4280 Et
2927 4230 3176 4283 circuibat
3201 4231 3354 4285 Iesus
3377 4233 3454 4285 ci-

1878 4327 2059 4379 vitates
2086 4332 2131 4376 et
2160 4339 2333 4376 omnes
2356 4324 2489 4376 vicos
2512 4339 2701 4375 curans
2725 4339 2924 4375 omnem
2953 4315 3327 4390 inﬁrmitatem,
3347 4336 3452 4379 etc.

1878 4414 2024 4469 lnter
2070 4424 2294 4469 caeteras
2336 4430 2465 4485 ergo
2494 4415 2655 4469 urbes
2683 4425 2736 4469 et
2765 4416 2910 4470 vicos
2954 4416 3325 4474 atstimaudum
3374 4427 3457 4471 est

288 4503 358 4557 Et
391 4504 736 4556 comminatus
756 4512 830 4556 est
857 4503 929 4554 eis
954 4500 1108 4556 Iesus
1134 4501 1341 4554 dicens:
1372 4499 1546 4555 Videte
1574 4519 1634 4554 ne
1658 4503 1773 4571 quis
1806 4525 1851 4580 ι)
1877 4520 2090 4574 quoque
2120 4505 2173 4559 in
2197 4503 2475 4559 Corozaim
2500 4512 2551 4559 et
2570 4504 2855 4559 Betbsaida
2881 4506 3164 4559 Dominum
3195 4506 3346 4578 signa
3376 4506 3452 4561 fe—

192 4596 347 4650 sciat.
386 4592 477 4646 Illi
504 4600 677 4644 autem
711 4600 953 4644 exeuntes
991 4591 1394 4659 di/famaverunt
1426 4608 1542 4645 eum
1574 4593 1625 4644 in
1664 4604 1772 4646 tota

193 4695 338 4738 terra
377 4680 492 4733 illa.
539 4680 607 4757 Et
633 4680 890 4734 Dominus
918 4688 1137 4750 propter
1160 4681 1516 4735 humilitatem
1564 4680 1773 4750 fugiens

189 4773 468 4845 iactantia:
495 4771 719 4840 gloriam
751 4772 851 4825 hoc
876 4772 1131 4842 prmeepit
1163 4789 1175 4824 :
1218 4782 1272 4827 et
1308 4772 1384 4826 illi
1414 4784 1633 4841 propter
1665 4787 1777 4826 me-

192 4866 424 4920 moriam
454 4861 641 4930 gratiae
669 4875 773 4913 non
800 4870 1025 4929 possunt
1057 4869 1236 4916 tacere
1266 4863 1606 4917 beneficium.
1639 4862 1774 4917 Nota

195 4969 327 5023 ergo
364 4951 580 5019 aliquod
611 4949 749 5004 inter
780 4966 837 5005 se
863 4949 1070 5018 justum
1101 4967 1219 5006 esse
1245 4955 1594 5007 contrarium.

266 5044 509 5114 Egressis
552 5053 724 5096 autem
770 5040 898 5105 illis,
946 5059 1059 5096 ecce
1104 5042 1398 5096 obtulerunt
1437 5045 1484 5098 ei
1520 5045 1777 5097 hominem

196 5146 421 5197 mutant,
445 5134 759 5187 datmonium
783 5132 1073 5186 habentem.
1116 5132 1184 5185 Et
1215 5133 1375 5202 ejecta
1403 5133 1658 5197 dwmone,
1697 5133 1777 5186 lo-

198 5237 351 5283 cutus
377 5234 449 5279 est
484 5235 678 5278 mutus.
715 5224 882 5278 Homo
909 5224 1010 5278 iste
1041 5224 1291 5293 gentilem
1320 5226 1571 5295 populum
1614 5225 1779 5295 signi-

199 5320 330 5377 licet
349 5318 440 5387 qui
468 5325 647 5371 mutus
673 5325 810 5378 erat,
834 5317 958 5387 quia
990 5315 1378 5371 confessionem
1406 5334 1543 5371 vera:
1573 5317 1695 5372 ﬁdei
1725 5318 1776 5371 in

198 5426 292 5467 ore
329 5425 436 5464 non
466 5409 716 5472 habebat,
750 5425 848 5462 nec
880 5424 985 5463 non
1021 5417 1074 5461 et
1103 5410 1317 5473 surdus,
1349 5411 1471 5478 quia
1503 5391 1685 5464 audire
1706 5408 1778 5464 le-

198 5517 322 5574 gem
351 5500 445 5553 Dei
478 5514 584 5552 nou
610 5500 997 5554 consentiebat.
1019 5500 1169 5565 Quod
1200 5502 1342 5553 enim
1368 5501 1551 5555 Graece
1580 5500 1776 5555 dicitur

200 5589 362 5664 ιωγᾶς
381 5591 552 5659 magis
575 5590 757 5643 tritum
783 5596 864 5644 est
893 5605 1141 5645 sermone
1169 5592 1462 5654 communi,
1496 5601 1553 5643 ut
1582 5591 1776 5644 surdus

198 5682 377 5755 potius
425 5695 588 5751 quam
622 5690 801 5734 mutus
832 5679 1180 5750 intelligatur,
1212 5680 1304 5733 sed
1339 5682 1504 5734 moris
1532 5688 1613 5734 est
1647 5681 1778 5735 scri-

206 5784 507 5845 pturarum,
526 5768 684 5843 xoth
714 5770 1077 5827 indifferenter
1104 5772 1185 5828 vel
1213 5781 1417 5831 mutum
1445 5772 1527 5827 vel
1553 5772 1776 5827 surdum

1876 4609 2035 4649 ClSSG.

1952 4683 2088 4749 Quia
2115 4684 2161 4735 si
2188 4684 2240 4735 in
2265 4677 2399 4750 Tyro
2436 4692 2480 4734 et
2506 4680 2699 4734 Sidone
2728 4681 2881 4749 facta;
2912 4690 3080 4735 essent
3106 4683 3317 4737 virtutes
3340 4700 3452 4754 qua:

1881 4772 2035 4841 [actm
2066 4783 2181 4826 sunt
2219 4774 2271 4825 in
2306 4773 2466 4834 vobis,
2497 4772 2617 4824 olim
2660 4772 2712 4824 in
2737 4771 2907 4824 cilicio
2939 4780 2985 4824 et
3009 4774 3178 4824 cinere
3202 4775 3452 4841 paeniten-

1882 4867 2010 4918 tiam
2042 4867 2279 4933 egissent.
2314 4862 2613 4916 Nummium
2644 4861 2783 4929 quod
2818 4861 2995 4931 Tyrus
3026 4863 3341 4932 metropolis
3372 4872 3455 4919 est

1887 4956 2153 5012 Phoenicis
2200 4957 2252 5009 in
2303 4955 2442 5008 tribu
2472 4954 2793 5023 Nephtalim.
2833 4955 2954 5008 “(PC
2984 4957 3250 5023 quondam
3284 4958 3453 5012 insula

1880 5048 1980 5102 fuit
2005 5049 2177 5116 posita
2207 5048 2315 5102 alto
2342 5047 2496 5110 mari,
2516 5047 2607 5102 sed
2638 5062 2779 5100 nunc
2813 5047 3059 5117 contigua
3088 5055 3262 5102 terrae.
3290 5047 3454 5103 Sidon

1879 5152 2091 5208 quoque
2138 5140 2268 5193 urbs
2315 5146 2396 5195 est
2435 5138 2705 5192 Phoenicis
2753 5139 2975 5207 insignis
3017 5139 3143 5193 olim
3196 5141 3457 5196 terminus

1880 5229 2309 5283 Cbananmorum
2356 5228 2423 5282 ad
2473 5227 2775 5296 aquilonem
2822 5227 3113 5295 respiciens
3167 5238 3221 5282 et
3270 5238 3455 5297 postea

1881 5317 2113 5388 regionis
2135 5316 2349 5372 Iudicas.
2372 5316 2575 5371 Cecidit
2605 5324 2782 5370 autem
2814 5316 2865 5369 in
2890 5326 3085 5372 sortem
3115 5318 3271 5371 tribui
3296 5319 3452 5384 Aser,

1880 5410 1973 5465 sed
2002 5425 2105 5464 non
2131 5424 2246 5463 eam
2278 5408 2537 5478 possedit,
2566 5408 2690 5477 quia
2718 5408 2902 5463 hostes
2929 5418 3268 5476 nequaquam
3292 5410 3459 5465 valuit

1878 5499 2164 5569 expellere.
2220 5503 2610 5569 Interpretatur
2662 5507 2837 5553 autem
2884 5499 3057 5570 Tyrus
3103 5501 3349 5569 angustia
3399 5511 3453 5555 et

1880 5589 2045 5642 Sidon
2097 5590 2330 5653 venatio,
2382 5597 2435 5643 et
2476 5588 2744 5659 signiﬁcat
2833 5598 3017 5659 gentes
3060 5603 3196 5657 quas
3228 5598 3455 5643 venatur

1881 5680 2121 5735 diabolus
2152 5681 2205 5733 in
2242 5681 2487 5747 angustia
2526 5680 2730 5751 peccati
2766 5680 3195 5749 comprehendit,
3224 5680 3318 5735 sed
3342 5682 3453 5737 sal-

1884 5781 2033 5827 vator
2060 5771 2213 5825 .lcsus
2245 5788 2337 5841 per
2374 5772 2719 5843 Evangelium
2754 5771 2999 5827 absolvnt.
