3960 6336
160 413 252 467 iiii

1250 413 1546 470 HOMIleE
1584 415 1648 469 IN
1688 417 1905 473 EPIST.
1950 419 2038 473 ET
2077 417 2330 478 EVANG.

3287 430 3392 486 H6

157 527 398 582 suntm.
425 523 537 579 Soli
561 524 862 579 mortalium
892 524 1127 580 Herodes
1149 533 1204 582 et
1241 526 1451 584 Pharao
1473 528 1720 599 leguntur
1746 535 1793 593 Α
1823 532 1995 586 turbis
2045 531 2314 602 Propheta
2362 548 2482 589 esse
2519 535 2807 604 putabatur
2857 536 3113 592 Dominus
3161 538 3398 610 Prophe-

157 618 285 671 diem
306 615 498 669 natalis
525 615 607 669 sui
635 613 842 686 gaudiis
871 614 1076 670 festivis
1106 617 1426 684 celebrasse,
1461 621 1554 674 sed
1575 630 1721 674 uter-

162 721 252 777 que
277 721 367 760 rex
394 702 628 763 infausto
647 705 882 774 auspicio
912 706 1257 762 festivitatem
1286 724 1438 763 suam
1462 712 1720 782 sanguine

158 797 409 862 foedavit;
463 812 649 851 verum
704 798 941 853 Herodes
993 807 1145 854 tanto
1195 800 1398 869 majore
1448 803 1720 872 impietate

153 897 342 959 quanto
378 898 624 943 sanctum
653 897 708 944 et
752 890 1092 944 innocentem
1143 893 1426 947 Ductorem
1479 895 1722 948 veritatis

153 986 203 1033 et
249 992 550 1047 praeconem
586 977 708 1031 vitae
744 993 808 1032 ac
839 979 988 1049 regni
1029 980 1263 1043 caelestis
1287 982 1505 1045 occidit,
1546 983 1721 1037 ethoc

154 1082 244 1137 pro
280 1074 400 1121 voto
427 1082 490 1120 ac
540 1067 797 1137 petitione
827 1068 1140 1134 saltatricis,
1193 1086 1365 1141 neque
1392 1071 1534 1124 enim
1561 1079 1722 1140 caput

151 1160 303 1215 occisi
334 1168 457 1215 ante
484 1160 737 1215 convivas
757 1159 956 1215 inferre
995 1162 1216 1230 puduit;
1244 1177 1364 1214 nam
1393 1161 1604 1216 Pharao
1647 1163 1720 1216 uil

155 1253 266 1319 talis
315 1253 546 1306 vesaniae
589 1253 924 1308 commisisse
961 1253 1181 1323 legitur,
1214 1255 1307 1308 sed
1339 1263 1545 1306 tantum
1596 1268 1724 1321 pec-

151 1352 348 1398 cantem
379 1343 480 1397 sibi
514 1343 817 1398 eunuchum
867 1345 973 1398 vita
1001 1345 1202 1421 privari
1217 1342 1436 1412 jubens,
1467 1359 1573 1410 quo
1607 1343 1724 1398 lon-

151 1435 262 1501 gius
291 1449 320 1487 a
341 1448 484 1492 verte
515 1434 660 1488 cultu
681 1433 958 1503 religionis
987 1435 1198 1498 aberat,
1229 1449 1293 1488 eo
1325 1433 1493 1488 levius
1531 1435 1582 1488 in
1611 1435 1725 1488 vio-

149 1525 336 1580 latione
365 1539 476 1579 suze
504 1523 814 1578 festivitatis
842 1524 1086 1594 deliquit.
1117 1524 1369 1579 Attamen
1416 1540 1479 1578 ex
1526 1526 1725 1579 utrius-

151 1629 245 1683 que
265 1615 508 1686 exemplo
527 1616 807 1686 probatur,
835 1616 1023 1672 utilius
1043 1631 1163 1672 esse
1193 1618 1350 1672 nobis
1373 1617 1512 1672 diem
1537 1618 1725 1672 mortis

150 1709 328 1765 futura
354 1710 592 1765 timendo
621 1717 673 1766 et
699 1717 845 1765 caste
873 1709 1080 1779 agendo
1100 1711 1296 1780 smpius
1325 1711 1378 1764 in
1409 1711 1724 1764 memoriam

155 1816 416 1864 revocare,
455 1817 620 1870 quam
670 1800 811 1855 diem
867 1802 1165 1873 nativitatis
1209 1802 1530 1856 luxuriando
1580 1801 1722 1856 cele-

1823 626 1998 672 tarum
2027 627 2081 674 et
2109 618 2356 676 Christus
2396 622 2487 676 Dei
2523 622 2662 677 filius
2705 639 2735 676 a
2777 626 2984 680 cunctis
3031 626 3276 683 fidelibus
3318 640 3398 687 est

1821 709 2054 777 agnitus.
2085 708 2318 764 Minutus
2358 726 2485 780 ergo
2515 715 2688 783 capite
2726 714 2975 779 Joannes,
3024 718 3293 774 exaltatus
3318 730 3400 776 est

1820 801 1874 855 in
1901 816 2060 856 cruce
2086 801 2367 867 Dominus,
2386 803 2510 871 quia
2534 805 2672 858 sicut
2700 806 2837 859 idem
2867 805 3104 863 Joannes
3127 809 3226 872 ait,
3247 809 3397 864 illum

1821 893 2086 963 oportebat
2111 910 2356 957 crescere,
2386 893 2644 947 Joannem
2691 907 2861 949 autem
2896 899 3099 962 minui;
3131 899 3280 953 illum
3306 916 3400 954 au-

1822 992 1928 1037 tem
1952 985 2040 1053 qui
2067 985 2331 1054 Propheta
2353 985 2741 1048 aestimabatur,
2757 985 3030 1041 Christum
3055 991 3328 1060 cognosci,
3346 999 3401 1046 et

1821 1087 1944 1126 eum
1971 1075 2061 1142 qui
2086 1074 2336 1129 Christus
2380 1091 2479 1146 pro
2509 1077 2764 1130 virtutum
2804 1079 3132 1136 sublimitate
3176 1084 3404 1152 putaba-

1823 1171 1933 1227 tur,
1967 1162 2166 1218 Christi
2203 1180 2323 1219 esse
2372 1167 2712 1234 prophetam,
2747 1175 2800 1221 et
2833 1183 3219 1236 prtecursorem
3247 1174 3406 1228 dece-

1824 1254 1914 1307 bat
1937 1253 2180 1324 intelligi,
2215 1256 2356 1322 quod
2407 1256 2580 1325 ipsum
2621 1272 2835 1327 quoque
2875 1260 3222 1317 distinctione
3268 1273 3403 1319 tem-

1821 1343 1969 1412 poris
2008 1359 2116 1412 quo
2154 1353 2381 1414 uterque
2431 1346 2644 1400 illorum
2696 1357 2855 1405 natus
2898 1360 3003 1415 est,
3041 1353 3174 1407 satis
3221 1364 3405 1423 aperte

1822 1433 2092 1503 signatum
2128 1442 2211 1488 est
2238 1453 2250 1486 :
2277 1435 2369 1502 qui
2395 1434 2628 1490 Joannes
2656 1438 2871 1507 quidem
2915 1455 3071 1508 quem
3123 1445 3406 1510 oportebat

1823 1522 2014 1587 minui,
2041 1538 2164 1578 cum
2188 1524 2437 1578 diurnum
2467 1525 2643 1580 lumen
2677 1528 2994 1583 decrescere
3034 1533 3222 1602 incipit
3250 1544 3406 1589 natus

1823 1620 1925 1676 est,
1959 1612 2217 1668 Dominus
2239 1621 2418 1668 autem
2442 1615 2532 1685 qui
2561 1631 2688 1669 vera
2721 1617 3024 1693 lux‘mundi
3053 1631 3152 1686 est,
3188 1638 3252 1678 eo
3281 1627 3404 1677 anui

1824 1713 2090 1771 tempore,
2108 1719 2216 1773 quo
2241 1703 2356 1758 dies
2375 1719 2620 1761 crescere
2643 1707 2853 1778 incipit,
2877 1708 3089 1765 luciflua
3117 1714 3272 1767 nobis
3297 1729 3406 1769 sua:

1826 1790 1964 1844 dona
2000 1792 2301 1847 nativitatis
2329 1795 2611 1860 exhibuit;
2659 1798 2749 1865 qui
2792 1799 2924 1853 vivit
2967 1808 3022 1854 et
3065 1812 3256 1873 regnat
3284 1819 3405 1860 cum

151 1887 318 1943 brare.
345 1888 516 1943 Homo
539 1888 681 1942 enim
731 1888 799 1942 ad
851 1887 1089 1942 laborem
1135 1889 1377 1942 nascitur
1405 1889 1456 1942 in
1502 1890 1722 1951 mun.‘o,
1762 1888 1802 1945 Β
1832 1884 1940 1938 Deo
1966 1884 2125 1938 Patre
2157 1886 2209 1938 in
2241 1883 2446 1940 unitate
2489 1889 2709 1956 spiritus
2735 1892 2906 1945 sancti
2933 1891 3075 1947 Deus
3102 1909 3198 1963 per
3227 1898 3405 1950 omnia

151 1988 200 2032 et
224 1979 370 2035 electi
397 1980 463 2034 ad
493 1979 737 2048 requiem
766 1994 863 2047 per
892 1989 1118 2033 mortem
1146 1988 1425 2035 transeunt
1450 1996 1479 2035 e
1503 1984 1720 2035 muulo.

214 2068 440 2139 Cumque
470 2069 732 2123 introisset
761 2068 875 2136 ﬁlia
903 2069 1065 2138 ipsius
1091 2068 1431 2134 Ilerodiadis,
1472 2081 1519 2124 et
1540 2072 1724 2124 saltas-

151 2169 235 2220 set,
259 2169 306 2215 et
328 2159 610 2228 placuisset
643 2158 861 2222 Herodi,
885 2157 1140 2227 simulque
1176 2160 1604 2224 recumbentibus,
1635 2177 1722 2214 rex

149 2250 213 2302 ait
238 2249 418 2317 puella
445 2266 464 2302 :
498 2246 624 2302 Pete
654 2265 686 2301 a
723 2248 962 2318 mequod
1004 2249 1097 2311 vis,
1127 2258 1173 2301 et
1201 2247 1336 2301 dabo
1372 2249 1487 2312 tibi,
1513 2259 1557 2302 et
1573 2249 1725 2318 jura-

151 2339 212 2392 rit
235 2339 327 2402 illi,
361 2347 471 2394 etc.
505 2337 620 2392 Non
653 2348 942 2392 excusatur
985 2337 1223 2392 Herodes
1258 2340 1399 2411 quod
1452 2339 1650 2393 invitus
1673 2347 1726 2393 et

154 2428 324 2483 nolens
348 2437 574 2498 propter
591 2427 964 2496 juramentum
992 2429 1341 2483 homicidium
1373 2428 1726 2497 fecerit,quia

149 2520 332 2573 adhoc
361 2518 744 2586 fortejuravit,
797 2528 856 2573 ut
898 2519 1093 2573 futurae
1142 2519 1400 2574 occisioni
1450 2521 1728 2574 machinas

148 2619 418 2680 praeparet.
449 2610 700 2680 Alioquin
726 2611 768 2664 si
788 2609 857 2663 ob
872 2608 1251 2680 jusjurandum
1276 2609 1468 2665 fecisse
1491 2625 1550 2663 se
1573 2610 1722 2676 dicit,

148 2704 188 2756 si
210 2704 388 2772 patris,
432 2703 483 2756 si
533 2702 723 2756 matris
775 2701 1103 2771 postulasset
1153 2702 1428 2757 interitum
1486 2702 1727 2759 facturus

148 2792 308 2847 fuerat
335 2808 404 2848 an
434 2793 586 2847 non?
640 2791 782 2861 quod
828 2794 880 2846 in
923 2807 983 2846 se
1012 2792 1390 2860 repudiaturus
1449 2794 1568 2858 fuit,
1602 2808 1728 2848 con-

149 2895 375 2943 temnere
397 2886 586 2944 debuit
614 2893 667 2941 et
691 2886 743 2939 in
773 2884 1060 2955 Propheta.

213 2978 336 3043 Qua!
357 2995 481 3032 cum
529 2977 737 3042 emisset,
768 2977 902 3030 dixit
953 2977 1110 3030 matri
1137 2992 1248 3030 sua!
1269 2989 1287 3026 :
1334 2974 1476 3040 Quid
1503 2985 1673 3045 petam
1704 2977 1729 3030 Ρ

147 3069 203 3120 At
228 3067 316 3121 illa
341 3067 482 3121 dixit
502 3085 528 3120 :.
565 3065 735 3136 Caput
771 3065 995 3119 Joannis
1041 3064 1312 3134 Baptistce.
1365 3062 1627 3118 Ilerodias
1655 3063 1713 3116 ti-

149 3173 288 3212 mens
307 3170 374 3210 ne
397 3156 640 3211 Herodes
665 3154 952 3224 aliquando
975 3153 1340 3223 resipisceret,
1370 3153 1454 3208 vel
1481 3153 1726 3222 Philippo

1827 1976 2020 2030 saecula
2043 1976 2380 2031 saeculorum.
2403 1977 2594 2032 Amen.

2361 2067 2639 2123 HOMILIA
2677 2069 2896 2126 CLVIII.

2107 2171 2424 2213 Βεευοκλολ
2455 2175 2545 2214 XIV
2571 2175 2699 2215 POST
2730 2178 3124 2223 PENTECOSTEN.

2200 2248 2386 2305 Lectio
2415 2251 2668 2321 Epistolas
2697 2255 2763 2308 ad
2803 2254 3040 2312 Galatas.

1913 2336 2166 2404 Fratres,
2202 2340 2425 2394 Abraha:
2467 2342 2622 2396 dictae
2666 2329 2787 2398 sunt
2826 2347 3196 2414 promissiones
3238 2359 3288 2404 et
3329 2368 3410 2405 se-

1825 2428 1954 2482 mini
1982 2429 2116 2498 ejus.
2168 2429 2292 2483 Non
2319 2431 2444 2484 dicit
2477 2448 2494 2485 :
2525 2432 2594 2486 Et
2625 2435 2936 2501 seminibus,
2984 2440 3135 2506 quasi
3175 2440 3229 2494 in
3277 2442 3414 2494 mul-

1827 2517 1913 2580 tis,
1947 2516 2037 2570 sed
2079 2517 2233 2588 quasi
2260 2517 2314 2572 in
2353 2535 2456 2573 uno
2488 2534 2505 2570 :
2537 2519 2605 2573 Et
2653 2523 2835 2575 semini
2875 2532 2985 2589 tuo,
3015 2525 3105 2594 qui
3133 2536 3205 2580 est
3253 2524 3411 2582 Chri-

1826 2617 1939 2660 stus
1955 2647 1968 2670 ,
2001 2618 2108 2662 etc.

1898 2697 1975 2752 De
2003 2698 2120 2769 lege
2157 2714 2252 2768 per
2275 2698 2490 2770 Meysen
2519 2701 2643 2755 data
2677 2701 2873 2771 populo
2903 2703 3086 2770 Israel,
3116 2715 3170 2760 et
3193 2707 3258 2761 de
3282 2723 3412 2778 pro-

1826 2788 2177 2844 missionibus
2228 2790 2459 2845 Abrahae
2502 2791 2830 2846 sanctissimi
2883 2794 3246 2862 patriarcha},
3301 2806 3409 2850 tra«

1825 2887 1981 2934 ctaus
2025 2879 2331 2948 Apostolus,
2362 2889 2420 2934 ut
2462 2882 2516 2934 in
2549 2883 2797 2950 praesenti
2842 2883 3071 2940 lectione
3101 2886 3306 2959 audivit
3332 2889 3413 2940 di-

1827 2972 1988 3027 lectio
2010 2983 2217 3036 vestra,
2267 2973 2490 3028 Abrahae
2518 2975 2671 3028 dieue
2699 2985 2841 3041 sunt,
2876 2977 3071 3046 inquit,
3104 2980 3407 3048 promissio-

1826 3080 1914 3119 nes
1950 3064 2334 3134 redemptionis
2370 3074 2424 3119 et
2464 3065 2780 3122 salvationis
2821 3069 3043 3123 humani
3096 3071 3310 3140 generis
3361 3081 3412 3125 et

1825 3157 2010 3209 semini
2035 3157 2171 3226 ejus,
2201 3166 2262 3210 ut
2290 3157 2487 3212 dicitur
2515 3158 2565 3212 ei
2601 3176 2612 3210 :
2649 3157 2717 3212 In
2747 3160 2941 3213 semine
2986 3169 3074 3213 tuo
3112 3161 3414 3216 benedicen-

145 3245 286 3301 fratri
324 3247 538 3301 amicus
569 3245 742 3311 ﬂeret,
788 3255 950 3315 atque
1000 3243 1198 3299 illicitte
1255 3245 1456 3313 nuptiae
1500 3244 1724 3312 repudio
1753 3243 1796 3304 C
1827 3255 1915 3299 tur
1941 3262 2116 3300 omnes
2157 3247 2326 3301 tribus
2356 3257 2529 3312 terrm,
2573 3257 2631 3302 ut
2671 3249 3064 3306 maledictionis
3086 3268 3212 3321 pars
3239 3255 3410 3322 prima

146 3341 496 3403 solverentur,
521 3347 702 3392 monet
734 3337 919 3402 filiam,
943 3344 1004 3391 ut
1028 3337 1081 3390 in
1114 3337 1230 3406 ipso
1265 3337 1453 3391 statim
1476 3336 1724 3392 convivio

145 3439 296 3499 caput
340 3428 572 3485 Joannis
623 3427 882 3497 postulet,
927 3428 1144 3498 dignum
1195 3442 1328 3497 opus
1380 3427 1721 3490 saltationis,

149 3519 356 3590 dignum
383 3519 663 3588 sanguinis
687 3516 990 3587 praemium.

209 3607 273 3662 Et
293 3611 638 3664 contristatus
661 3618 736 3663 est
764 3623 854 3662 rea:
876 3621 895 3660 :
917 3615 1126 3679 propter
1143 3606 1518 3677 Jusjurandum
1536 3617 1582 3660 et
1603 3623 1725 3677 pro-

145 3711 248 3768 pter
286 3701 449 3754 simul
496 3699 848 3754 recumbentes
890 3698 1054 3752 noluit
1101 3715 1215 3752 eam
1263 3700 1592 3762 contristare,
1633 3697 1721 3750 sed

146 3791 290 3845 misso
318 3791 638 3862 spiculatore
673 3792 916 3862 prmcepit
937 3792 1120 3861 afferri
1153 3801 1305 3860 caput
1330 3791 1442 3859 ejus
1474 3791 1529 3843 in
1555 3791 1722 3856 disco,

145 3893 240 3938 etc.
282 3884 701 3939 Consuetudinis
728 3883 1128 3954 Scripturarum
1169 3891 1271 3946 est,
1319 3891 1377 3935 ut
1416 3883 1721 3950 opinionem

147 3973 430 4028 multorum
458 3974 537 4029 sic
558 3982 743 4029 narret
769 3974 1079 4036 historicus,
1103 3974 1372 4042 quomodo
1395 3987 1458 4026 eo
1482 3981 1723 4042 tempore

147 4063 207 4116 ab
228 4064 481 4118 omnibus
503 4064 845 4118 credebatur.
871 4061 1021 4117 Sicut
1042 4061 1242 4132 Joseph
1274 4061 1342 4117 ab
1371 4061 1483 4129 ipsa
1509 4076 1725 4130 quoque

148 4151 302 4207 Maria
331 4153 630 4224 appellatur
667 4163 820 4223 pater
841 4153 990 4219 Jesu,
1016 4155 1087 4208 ita
1118 4164 1170 4208 et
1211 4169 1352 4208 nunc
1379 4152 1616 4209 Herodes
1637 4154 1721 4208 di-

145 4229 673 4309 cituricontristatus,
699 4245 822 4313 quia
853 4245 956 4299 hoc
986 4245 1384 4300 discumbentes
1420 4246 1718 4314 putabant;

148 4332 503 4387 dissimulator
537 4335 678 4388 enim
711 4335 904 4388 mentis
941 4349 1071 4396 suae,
1106 4343 1157 4387 et
1187 4334 1381 4389 artifex
1429 4335 1720 4400 homicida,

150 4420 415 4475 tristitiam
446 4421 767 4490 prmfcrebat
810 4421 865 4475 in
909 4421 1063 4486 facie,
1088 4437 1208 4476 cuin
1238 4422 1474 4476 laetitiam
1501 4423 1725 4478 haberet

151 4511 197 4564 in
224 4520 422 4576 mente,
451 4512 734 4582 scelusque
764 4520 984 4568 excusat
1021 4510 1350 4579 juramento,
1388 4521 1462 4566 'ut
1500 4514 1600 4568 sub
1625 4528 1718 4568 oc-

1827 3334 2119 3400 deleretur,
2160 3345 2214 3390 et
2264 3335 2568 3392 benedictio
2619 3339 2840 3392 daretur
2885 3354 2982 3408 pro
3037 3341 3413 3398 maledictione

1826 3424 2078 3479 omnibus
2111 3425 2198 3496 qui
2249 3425 2341 3480 Dei
2375 3426 2595 3481 credere
2625 3437 2679 3482 et
2707 3428 2926 3483 obedire
2973 3431 3240 3486 voluerint
3271 3449 3411 3503 pra:-

1827 3513 2015 3581 ceptis.
2050 3512 2171 3567 Non
2206 3514 2330 3568 dicit
2360 3529 2377 3566 .'
2407 3515 2473 3568 Et
2501 3518 2804 3582 seminibus,
2828 3520 2979 3586 quasi
3003 3520 3059 3572 in
3098 3521 3298 3586 multis,
3322 3523 3412 3576 sed

1824 3605 1977 3674 quasi
2017 3603 2073 3656 in
2105 3620 2209 3657 uno
2253 3619 2270 3657 :
2297 3603 2366 3658 Et
2390 3605 2575 3659 semini
2598 3616 2719 3671 tuo,
2763 3607 2852 3677 qui
2883 3617 2957 3661 est
2998 3605 3255 3673 Christus,
3284 3611 3408 3679 quia

1824 3709 1920 3764 per
1967 3694 2164 3749 nullius
2230 3695 2462 3748 hominis
2511 3696 2700 3748 merita
2770 3710 2868 3751 nec
2934 3698 3254 3765 promissio,
3310 3714 3410 3756 nec

1827 3785 1939 3854 ipsa
1977 3785 2098 3839 data
2140 3795 2224 3839 est
2251 3784 2578 3853 benedictio,
2619 3793 2675 3838 et
2703 3783 2846 3839 facta
2881 3785 3174 3858 redemptio
3202 3789 3257 3843 in
3295 3790 3405 3844 sola

1823 3875 2054 3945 gratuita
2090 3874 2289 3928 Christi
2335 3873 2455 3927 Filii
2495 3873 2589 3926 Dei
2622 3874 3018 3932 misericordia.

1895 3963 2008 4016 Hoc
2034 3973 2206 4016 autem
2230 3963 2366 4027 dico,
2399 3972 2765 4017 testamentum
2802 3965 3168 4033 conﬁrmatum
3211 3985 3243 4021 a
3269 3968 3404 4034 Deo,

1823 4070 1934 4122 qua:
1972 4061 2086 4122 post
2140 4051 2545 4122 quadringentos
2595 4061 2642 4106 et
2686 4053 2900 4122 triginta
2942 4071 3105 4110 annos
3141 4055 3282 4124 facta
3330 4067 3404 4112 est

1823 4144 1953 4208 Lex,
1982 4159 2084 4196 non
2112 4143 2320 4196 irritum
2351 4142 2477 4211 facit
2509 4142 2576 4194 ad
2611 4143 2967 4196 evacuandam
2988 4147 3400 4214 promissionem.

1823 4234 1922 4288 Hic
1960 4234 2115 4288 docet
2143 4231 2430 4301 Apostolus
2457 4247 2562 4286 non
2591 4247 2749 4301 posse
2774 4248 2870 4302 per
2897 4234 3091 4302 Legem
3112 4276 3126 4300 ,
3158 4253 3277 4306 qua:
3305 4255 3402 4307 po-

1821 4334 1934 4378 stea
1963 4325 2086 4378 data
2118 4331 2224 4389 est,
2269 4324 2713 4392 repromissiones
2763 4340 2882 4396 quae
2911 4336 3035 4381 ante
3083 4327 3236 4384 factae
3280 4339 3406 4386 sunt

1819 4415 1886 4469 ad
1911 4415 2186 4468 Abraham
2242 4413 2466 4478 destrui,
2496 4425 2550 4469 et
2573 4416 2875 4484 poeteriora
2914 4417 3183 4485 prioribus
3211 4419 3404 4489 pneju-

1821 4508 2020 4568 dicare,
2054 4520 2175 4558 cum
2207 4503 2653 4573 repromissiones
2687 4506 2956 4575 pra-dictae
2975 4507 3245 4562 Abraham
3278 4520 3404 4566 ante

149 4603 354 4657 casione
381 4603 598 4672 pietatis
627 4602 821 4672 impius
866 4601 1038 4656 fieret.
1065 4601 1216 4669 Quod
1242 4612 1420 4656 autem
1463 4602 1678 4672 subjicit
1703 4622 1714 4656 :
1744 4592 1796 4651 D
1822 4596 2242 4666 quadringentos
2283 4603 2338 4648 et
2373 4595 2592 4665 triginta
2619 4609 2791 4648 annos
2829 4593 2986 4665 Legis
3013 4595 3149 4651 data:
3179 4597 3397 4665 fuerint,

154 4690 213 4743 Et
243 4703 447 4762 propter
471 4691 628 4746 simul
677 4691 1046 4757 recumbentes,
1102 4692 1215 4746 vult
1260 4709 1448 4747 omnes
1499 4695 1718 4750 sceleris

151 4780 260 4848 ejus
295 4797 411 4836 esse
436 4788 734 4844 consortes,
768 4789 826 4834 ut
855 4782 906 4834 in
939 4781 1215 4836 luxurioso
1255 4782 1571 4853 impuroque
1591 4801 1719 4838 con-

149 4871 282 4926 vivio
307 4880 542 4931 cruentae
569 4871 737 4944 epulae
757 4871 1111 4929 deferrentur.

218 4960 282 5016 Et
306 4965 480 5018 attulit
511 4973 664 5034 caput
695 4962 808 5030 eius
835 4965 890 5018 in
915 4964 1081 5028 disco,
1110 4977 1156 5017 et
1186 4964 1326 5018 dedit
1356 4964 1488 5017 illud
1507 4966 1713 5035 puellis,

151 5061 195 5104 et
221 5053 384 5121 puella
425 5054 568 5107 dedit
599 5055 756 5108 matri
793 5071 904 5109 sua:
960 5053 1075 5120 Quo
1114 5054 1296 5108 audito
1331 5056 1575 5124 discipuli
1605 5056 1715 5124 ejus

155 5153 383 5198 venerunt
422 5154 471 5198 et
501 5144 728 5200 tulerunt
769 5161 955 5214 corpus
1008 5144 1144 5214 ejus,
1185 5155 1232 5198 et
1259 5156 1544 5215 posuerunt
1584 5147 1717 5200 illud

153 5231 207 5284 in
242 5245 584 5288 monumento.
634 5233 748 5289 Hoc
786 5234 940 5307 juxta
986 5235 1222 5293 litteram
1259 5236 1458 5290 factum
1503 5238 1593 5301 sit,
1621 5252 1720 5292 nos

157 5332 319 5377 autem
351 5340 520 5394 usque
553 5325 711 5383 hodie
735 5327 1004 5380 cernimus
1031 5327 1084 5380 in
1116 5326 1290 5395 capite
1335 5324 1557 5381 Joannis
1595 5341 1721 5397 pro-

160 5409 334 5481 phetae,
363 5411 576 5468 Judaeos
606 5413 876 5470 Christum
905 5416 994 5486 qui
1021 5425 1183 5487 caput
1219 5416 1612 5484 Prophetarum
1636 5423 1718 5470 est

159 5504 481 5571 perdidisse;
531 5504 724 5563 aliter:
775 5505 1064 5559 Decollatio
1121 5505 1342 5560 Joannis
1404 5505 1708 5559 miuoratio~

159 5605 270 5646 nem
310 5595 464 5651 fama:
491 5595 631 5650 illius
679 5611 783 5666 qua
813 5596 1058 5652 Christus
1102 5612 1132 5650 a
1172 5598 1366 5667 popqu
1396 5599 1717 5652 credebatur

157 5675 397 5749 insinuat,
445 5686 585 5741 sicut
631 5685 888 5741 exultatio
916 5686 966 5739 in
995 5702 1155 5741 cruce
1193 5686 1404 5740 Domini
1432 5685 1716 5741 salvatoris

161 5770 440 5842 profectum
489 5774 801 5849 designabat
854 5774 1000 5841 ildei,
1051 5791 1154 5852 qua
1204 5775 1315 5847 ipse
1365 5774 1453 5847 qui
1499 5776 1648 5846 prius
1684 5791 1712 5830 a

1826 4686 1970 4754 quod
1996 4686 2446 4741 benedicerentur
2472 4685 2525 4738 in
2546 4685 2751 4738 semine
2775 4685 2910 4755 ejus,
2941 4685 3042 4738 hoc
3065 4694 3148 4739 est
3172 4688 3223 4741 in
3247 4689 3400 4744 Chri‘

1824 4787 1928 4842 sto,
1953 4777 2214 4832 universae
2237 4777 2572 4839 nationes,et
2601 4775 2668 4829 ab
2690 4775 2836 4829 omni
2860 4773 3250 4832 maledictionis
3287 4782 3402 4834 viu-

1829 4869 1944 4925 culo
1973 4870 2352 4924 liberarentur.

1896 4959 2038 5015 Nam
2066 4963 2112 5014 si
2139 4977 2204 5016 ea;
2245 4960 2352 5030 lege
2380 4959 2680 5014 haereditas.
2711 4961 2790 5014 Ac
2828 4961 2872 5016 si
2923 4962 3133 5017 dicatur
3162 4980 3174 5016 :
3213 4964 3266 5017 Si
3305 4980 3401 5034 per

1821 5050 1956 5121 legis
1981 5051 2412 5106 observationem
2442 5050 2598 5105 nobis
2628 5051 2945 5105 redderetur
2965 5059 3181 5106 aeternae
3211 5056 3399 5122 patria:

1817 5141 2124 5205 haereditas,
2160 5156 2280 5210 quae
2329 5156 2427 5211 per
2476 5140 2646 5194 Adam
2692 5139 2903 5209 perdita
2932 5150 3030 5203 est,
3052 5142 3170 5211 jam
3203 5160 3304 5196 non
3332 5159 3399 5196 ea:

1815 5231 2175 5299 promissione.
2201 5229 2316 5284 Non
2340 5231 2482 5286 enim
2505 5231 2572 5286 ad
2591 5231 2958 5285 evacuandam
2985 5231 3396 5301 promissionem

1820 5324 1905 5380 vel
1943 5323 2323 5377 destruendam
2355 5323 2478 5377 data
2507 5332 2590 5377 est
2615 5323 2745 5388 Lex,
2774 5331 2834 5376 ut
2865 5323 2918 5377 in
2942 5323 3396 5393 consequentibus

1822 5416 2021 5470 dicitur
2052 5433 2065 5469 :

1895 5504 2034 5571 Quid
2072 5521 2193 5575 ergo
2240 5503 2390 5558 Lex?
2434 5503 2655 5576 Propter
2686 5509 3120 5577 transgressiones
3173 5510 3398 5564 omnino

1818 5598 1987 5666 posita
2036 5606 2129 5650 est.
2173 5595 2402 5666 Propter
2449 5595 2769 5652 offensiones
2809 5599 2951 5652 enim
2999 5599 3212 5662 multas,
3259 5614 3396 5669 quas

1820 5687 1947 5741 fecit
2004 5687 2094 5741 Dei
2147 5687 2392 5756 populus,
2429 5687 2512 5742 lex
2559 5689 3018 5757 transgressiones
3071 5686 3393 5758 prohibendi

1821 5777 1939 5832 data
1967 5784 2071 5846 est,
2103 5776 2264 5830 donec
2293 5776 2484 5830 veniret
2531 5791 2733 5840 semen,
2768 5775 2821 5830 id
2868 5785 2952 5831 est
2997 5776 3265 5841 Christus,
3307 5773 3391 5828 cui
