3960 6376
484 384 588 441 447

486 512 853 576 repromtserat
884 503 1064 556 mundi
1095 504 1491 557 liberationem.
1529 501 1638 554 Lex
1693 498 1940 553 ordinata
1988 512 2081 566 per
2109 500 2161 558 Α

486 596 697 666 angelos
726 594 926 648 mansit
955 604 1174 662 peccata
1198 593 1513 663 prohibens,
1540 601 1597 645 ut
1617 590 1708 659 qui
1743 603 1837 658 per
1863 586 2075 642 arbitrii

485 688 790 741 libertatem
827 686 1115 739 noluerunt
1147 684 1463 739 innocentes
1489 692 1806 752 exspectare
1841 680 2076 749 promis-

485 792 627 838 sum,
660 775 917 843 legalibus
946 775 1173 829 vinculis
1222 774 1501 844 praepediti
1554 782 1609 828 et
1656 774 1709 827 in
1760 773 2077 828 servitutem

484 865 865 919 mandatorum
891 866 1116 928 redacti,
1148 865 1553 919 custodirentur
1580 879 1751 934 usque
1782 865 1834 917 in
1877 865 2079 916 azlveu-

488 961 600 1006 tum
653 954 843 1007 intime
890 953 944 1006 in
980 954 1199 1009 Christo
1229 953 1377 1016 ﬁdei,
1409 966 1526 1021 qum
1557 952 1926 1022 impletionem
1956 970 2078 1023 pro-

487 1044 1478 1112 missionisaﬂerrct.Qnodautemait,
1502 1046 1747 1099 ordinata
1786 1064 1878 1115 per
1916 1065 2076 1115 auge-

487 1136 585 1200 los,
618 1136 721 1191 hoc
754 1136 868 1189 vult
920 1135 1146 1207 intelligi
1194 1134 1339 1205 quod
1392 1136 1445 1189 in
1492 1126 1639 1191 omni
1673 1135 1853 1192 Veteri
1891 1137 2081 1191 Testa-

488 1241 695 1293 mento,
738 1230 829 1283 ubi
880 1228 1101 1298 angelus
1157 1229 1334 1299 primo
1380 1229 1526 1284 visus
1582 1228 1837 1295 refertur,
1894 1239 2079 1299 postea

486 1322 642 1391 quasi
692 1324 838 1377 Deus
886 1323 1111 1392 loquens
1144 1322 1435 1386 inducitur,
1467 1321 1731 1377 Mcdiator
1772 1323 1823 1376 in
1872 1324 1980 1386 illo,
2027 1324 2081 1377 id

485 1420 591 1474 est,
626 1413 766 1467 Deus
796 1414 907 1482 ipse
926 1412 1089 1481 judex
1120 1423 1173 1466 et
1207 1422 1385 1466 rector
1413 1414 1751 1482 loqnebatur.
1770 1413 1870 1480 Qui
1896 1415 2029 1469 dixit
2065 1432 2078 1468 :

489 1504 604 1573 ligo
636 1522 752 1559 sum
786 1504 924 1558 Deus
973 1506 1261 1569 Abraham,
1292 1516 1339 1559 et
1372 1506 1507 1559 Dens
1534 1506 1709 1570 Isaac,
1739 1518 1786 1561 et
1818 1506 1955 1561 Dens
1986 1507 2084 1561 Ja-

486 1595 606 1657 cob,
664 1596 923 1649 mediator
986 1596 1078 1649 Dei
1116 1605 1165 1649 et
1218 1597 1509 1651 hominum.
1566 1596 1709 1652 Inter
1758 1599 1975 1653 dantem
2026 1607 2083 1653 et

488 1687 845 1755 accipientem
898 1686 1094 1758 Legem
1151 1689 1359 1743 medius
1409 1689 1625 1744 dicitur.
1685 1691 1776 1745 Sic
1826 1693 1934 1747 Lex
1968 1694 2083 1763 ipsa

487 1792 609 1845 quae
652 1786 775 1845 post
803 1779 1218 1847 promissionem
1262 1764 1385 1834 data
1438 1781 1579 1834 inter
1608 1785 2080 1853 repromissionem

1127 386 1185 439 Β.
1232 384 1478 439 RABANI
1519 382 1738 439 MAUlll
1777 379 2099 435 ARCHIEP.
2146 374 2454 433 MOGUNT.
2488 376 2774 435 OPERUM
2809 377 2989 433 PARS
3030 379 3090 434 ll.

3669 376 3789 433 448

2666 494 3011 549 llOMlLIA
3062 493 3267 549 CLIX.

2755 600 2882 638 1T8!
2914 600 3195 639 UTSUPRA.

2307 670 2495 728 Lectio
2536 674 2709 728 sancti
2754 673 3029 745 Evangelii
3079 674 3377 729 secundum
3410 674 3637 730 Lucam.

2252 770 2321 826 In
2356 772 2448 827 illo
2477 782 2701 842 tempore
2756 773 2891 826 dixit
2918 772 3074 827 Iesus
3119 773 3391 842 discipulis
3421 777 3533 830 suis
3574 793 3593 829 :
3621 774 3789 832 Beati

2181 862 2320 917 oculi
2346 863 2436 925 qui
2462 863 2634 915 vident
2666 878 2783 933 qua:
2806 878 2891 917 vos
2918 863 3123 925 videtis,
3156 872 3259 918 etc.

2252 953 2368 1007 Non
2402 954 2545 1009 oculi
2590 955 2891 1009 scribarum
2931 963 2985 1009 et
3028 954 3456 1021 Pharisaeorum,
3505 959 3596 1028 qui
3646 974 3783 1016 cor:

2183 1059 2282 1113 pus
2340 1043 2548 1098 Domini
2604 1052 2812 1098 tantum
2867 1042 3089 1110 videre,
3147 1048 3242 1101 sed
3292 1046 3365 1101 illi
3434 1048 3577 1103 beati
3649 1062 3787 1107 sunt

2182 1135 2323 1190 oculi
2370 1136 2457 1203 qui
2501 1135 2616 1205 ejus
2661 1144 2887 1203 possunt
2923 1151 3255 1206 cognoscere
3294 1151 3657 1195 sacramenta.
3706 1142 3789 1198 De

2184 1229 2378 1298 quibus
2400 1229 2595 1283 dicitur
2632 1242 2647 1279 :
2676 1228 2740 1281 Et
2788 1228 3027 1284 rerelasti
3070 1246 3130 1284 ea
3176 1230 3429 1301 parvulis.
3462 1233 3613 1287 Beati
3639 1234 3789 1289 oculi

2184 1320 2553 1390 parvulorum,
2587 1320 2785 1388 quibus
2820 1330 2873 1375 et
2899 1335 2959 1375 se
2993 1330 3047 1375 et
3091 1320 3307 1376 Patrem
3336 1322 3504 1377 Filius
3534 1325 3786 1381 revelare

2186 1410 2454 1479 dignatur.

2256 1497 2386 1551 Dico
2412 1498 2549 1551 enim
2585 1498 2727 1551 vobis
2756 1498 2898 1568 quod
2928 1499 3081 1553 multi
3108 1506 3371 1571 propheta:
3420 1512 3469 1556 et
3510 1521 3652 1575 reges
3696 1516 3791 1559 ῑιοί

2185 1590 2395 1644 luerunt
2428 1591 2599 1645 videre
2641 1607 2758 1661 qua:
2798 1606 2887 1645 vos
2923 1592 3128 1657 videtis,
3176 1604 3224 1646 et
3260 1610 3365 1647 non
3412 1595 3690 1661 viderunt;
3738 1607 3788 1651 et

2185 1680 2372 1734 audire
2392 1698 2507 1751 qua:
2535 1680 2754 1745 auditis,
2778 1690 2825 1733 et
2850 1698 2952 1734 non
2975 1682 3279 1737 audierunt.
3312 1684 3581 1737 Abraham
3605 1683 3788 1739 exsul-

2187 1774 2311 1824 tavit
2341 1781 2396 1825 ut
2425 1773 2616 1826 videret
2648 1774 2786 1827 diem
2811 1772 3043 1840 Christi,
3086 1785 3133 1829 et
3174 1776 3319 1838 vidit,
3354 1786 3402 1829 et
3432 1778 3639 1845 garisus
3681 1787 3785 1832 est.

487 1874 544 1921 et
566 1866 982 1935 completionem
1010 1867 1126 1937 ejus
1152 1869 1327 1923 media
1366 1872 1657 1941 subrepsit,
1691 1874 1744 1927 in
1779 1876 2079 1930 custodiam

2200 1862 2352 1916 isaias
2380 1862 2887 1931 quoque,Micb:eas
2916 1872 2972 1917 et
3006 1864 3161 1919 multi
3191 1866 3279 1917 alii
3321 1867 3596 1933 prophetae
3630 1867 3785 1921 video

489 1959 926 2027 repromissionis
956 1958 1195 2028 ejusdem
1222 2002 1236 2028 ,
1289 1979 1395 2017 non
1437 1963 1491 2017 in
1543 1964 1951 2020 subversionem
1999 1978 2083 2028 est

489 2048 613 2101 data
648 2063 663 2100 :

562 2138 827 2204 Mediator
856 2151 1031 2194 autem
1086 2142 1244 2196 unius
1294 2158 1397 2196 non
1441 2152 1516 2196 est
1566 2144 1759 2213 partis,
1790 2144 1885 2199 sed
1940 2145 2083 2200 inter

490 2230 658 2285 Deum
690 2240 747 2284 et
788 2232 1061 2285 hominem
1112 2240 1196 2286 est
1248 2233 1497 2287 medius:
1536 2233 1590 2289 id
1633 2243 1738 2300 est,
1785 2236 1876 2305 qui
1926 2253 2082 2291 suum

491 2322 729 2376 humano
774 2324 956 2393 generi
993 2324 1042 2376 in
1096 2324 1238 2379 hunc
1284 2326 1541 2380 mundum
1594 2330 1843 2396 promisit
1889 2331 2084 2384 adven-

490 2420 606 2466 tum
636 2421 697 2467 ut
743 2428 865 2468 cum
918 2412 1233 2485 paciﬁcaret
1280 2416 1388 2470 Deo
1438 2416 1684 2472 homines
1732 2426 1786 2473 ct
1834 2420 2084 2474 reconci-

490 2504 673 2560 liaret.

565 2598 706 2653 Deus
736 2609 910 2653 autem
944 2616 1078 2654 unus
1112 2608 1205 2654 est.
1242 2600 1354 2655 lloc
1398 2601 1520 2656 ideo
1546 2600 1711 2666 addit,
1742 2616 1810 2657 ne
1840 2602 1960 2671 quis
1989 2620 2087 2673 pn-

492 2698 636 2743 tarct
658 2688 933 2743 Christum
974 2689 1042 2743 ab
1069 2688 1275 2745 unitate
1324 2686 1519 2744 divina:
1550 2698 1759 2745 natura:
1807 2706 1966 2760 posse
2007 2691 2087 2745 di-

490 2780 625 2842 vidi,
651 2779 776 2847 quia
824 2782 1140 2835 mediatoris
1171 2782 1497 2851 suscepisset
1544 2777 1796 2835 cilicium.
1830 2781 2088 2837 Mediator

490 2872 637 2927 enim
668 2872 760 2926 Dei
794 2882 849 2925 et
878 2873 1155 2927 hominum
1190 2874 1351 2928 homo
1383 2873 1632 2929 Christus
1680 2872 1857 2939 Jesus,
1888 2889 2091 2942 nequa-

491 2976 654 3031 quam
684 2962 821 3015 alter
851 2962 905 3016 in
940 2964 1291 3027 humanitate,
1334 2964 1471 3017 alter
1502 2964 1555 3017 in
1609 2964 1811 3019 deitate
1850 2974 1957 3028 est,
1996 2964 2089 3019 sed

493 3052 549 3106 in
578 3060 807 3121 utraque
860 3052 999 3107 idem
1040 3068 1180 3108 unus
1223 3061 1304 3107 est
1339 3071 1351 3106 :
1391 3068 1494 3108 nec
1530 3069 1699 3123 purus
1750 3056 1912 3110 homo
1962 3071 2091 3110 con-

493 3154 712 3215 ceptus,
762 3157 865 3200 nec
918 3162 1083 3216 purus
1130 3148 1293 3203 homo
1324 3156 1486 3202 natus
1534 3154 1638 3210 est,
1667 3146 1761 3201 sed
1792 3145 1935 3202 Deus
1957 3146 2090 3201 Ver-

2190 1960 2311 2005 runt
2348 1952 2571 2021 gloriam
2601 1952 2835 2015 Domini,
2867 1954 2959 2023 qui
2988 1962 3040 2007 et
3072 1964 3357 2023 propterea
3402 1958 3627 2010 videntes
3655 1964 3789 2011 sunt

2188 2042 2460 2110 appellati.
2502 2041 2608 2097 Sed
2640 2043 2694 2097 hi
2726 2059 2935 2109 omnes,
2974 2060 3003 2097 a
3036 2044 3192 2114 longe
3230 2046 3554 2115 aspicientes
3592 2056 3647 2102 et
3688 2062 3787 2103 sa.

2187 2133 2439 2195 tutantes,
2474 2149 2572 2201 per
2619 2135 2897 2203 Speculum
2943 2144 2998 2190 et
3048 2136 3099 2189 iu
3150 2139 3435 2207 :enigmate
3483 2137 3785 2204 viderunt;

2189 2223 2415 2291 apostoli
2458 2231 2636 2278 autem
2679 2224 3167 2292 impraesentiarum
3192 2226 3456 2281 habentes
3490 2225 3787 2283 Dominum

2188 2322 2681 2381 convescentesque
2721 2315 2791 2377 ei,
2821 2325 2875 2368 et
2918 2328 3145 2385 qumque
3192 2316 3490 2372 voluissent
3541 2318 3787 2374 interro-

2189 2402 2363 2469 gando
2396 2402 2687 2467 discentes,
2720 2420 3058 2472 nequaquam
3088 2421 3183 2475 per
3207 2407 3430 2476 angelos
3469 2416 3564 2461 aut
3601 2408 3789 2463 varias

2187 2492 2456 2546 visionum
2499 2493 2705 2561 species
2755 2508 2891 2561 opus
2938 2494 3211 2550 habebant
3233 2496 3436 2551 doceri.
3481 2498 3626 2564 Quos
3648 2514 3789 2553 vero

2190 2580 2364 2635 Lucas
2413 2582 2612 2637 multos
2650 2586 2945 2652 prophetas
2990 2592 3045 2637 et
3078 2600 3232 2653 reges
3290 2586 3441 2651 dicit,
3496 2586 3789 2644 Matthams

2192 2673 2431 2741 apertius
2475 2675 2765 2744 prophetas
2791 2684 2847 2729 et
2865 2675 3041 2743 justos
3073 2675 3333 2747 appellat:
3360 2678 3459 2748 ipsi
3481 2690 3606 2733 sunt
3634 2680 3788 2734 enim

2192 2779 2347 2833 rcges
2393 2765 2572 2833 magni
2604 2766 2695 2835 qui
2740 2766 3099 2820 tentationum
3137 2782 3358 2821 suarum
3411 2770 3643 2823 motibus
3674 2782 3788 2824 non

2193 2856 2577 2911 conscnticudo
2630 2860 2994 2924 succubuere,
3056 2859 3152 2914 sed
3206 2861 3441 2930 regendo
3494 2878 3786 2932 promove-

2195 2957 2369 3001 runt:

2264 3038 2332 3091 Et
2372 3053 2487 3092 erce
2508 3040 2722 3109 quidam
2754 3039 3077 3111 legisperitus
3108 3046 3372 3108 surrexit,
3420 3055 3624 3099 tentaus
3662 3063 3789 3101 eum

2194 3127 2371 3181 dicens
2401 3141 2420 3179 :
2446 3126 2722 3198 Magister,
2747 3130 2871 3199 quid
2900 3130 3143 3198 faciendo
3183 3132 3343 3185 vitam
3384 3144 3633 3188 cateruam
3668 3151 3791 3205 pos-

492 3234 623 3288 bum
675 3235 769 3290 Dei
818 3236 1113 3305 assumpsit
1166 3253 1388 3293 carnem
1429 3253 1530 3305 pro
1583 3236 1755 3292 salute
1790 3236 2086 3300 "humana,

2200 3218 2411 3272 sidebo?
2438 3217 2823 3289 Legisperitus.
2855 3220 2948 3289 qui
2983 3222 3049 3275 de
3090 3222 3197 3276 vita
3246 3231 3448 3277 aeterna
3498 3224 3790 3281 Dominum

494 3323 551 3378 in
579 3331 687 3393 q'ua
728 3326 820 3395 qui
870 3325 1222 3395 impassibilis
1257 3336 1374 3381 erat
1418 3326 1575 3391 Deus,
1610 3326 1775 3381 homo
1822 3326 2093 3396 passibilis

496 3424 820 3484 appareret:
849 3416 900 3469 in
927 3431 1033 3485 qua,
1059 3415 1386 3470 immortalis
1418 3416 1561 3470 Deus
1597 3432 1703 3471 non
1744 3432 1905 3487 posse
1933 3417 2088 3477 mori,

494 3514 549 3561 et
574 3506 739 3560 homo
766 3506 1013 3560 mortalis
1048 3507 1181 3560 mori
1212 3521 1373 3576 posse
1409 3506 1811 3571 ostenderetur,
1842 3505 1931 3575 qui
1964 3522 2094 3575 pec-

496 3602 679 3648 catum
711 3610 815 3647 non
848 3596 1091 3661 admisit,
1120 3596 1214 3650 sed
1245 3606 1465 3665 pinnam
1495 3608 1593 3665 pro
1642 3595 1797 3649 nobis
1834 3598 2091 3666 suscepit,

501 3694 561 3738 ut
599 3702 695 3755 per
737 3686 1032 3740 indebitam
1065 3697 1289 3741 mortem
1319 3687 1564 3741 ablueret
1593 3686 1803 3756 culpam
1831 3696 2090 3742 nostram.

498 3774 737 3843 Agamus
798 3792 925 3846 ergo
968 3778 1188 3847 gratias,
1246 3776 1612 3841 dilectissimi,
1643 3776 1755 3832 Deo
1803 3776 1949 3831 Patri
1999 3792 2096 3847 per

499 3866 695 3920 Filium
728 3867 844 3935 ejus
874 3869 927 3923 in
962 3868 1164 3938 Spiritu
1194 3877 1417 3934 sancto;
1448 3866 1572 3937 quia
1606 3878 1824 3937 propter
1870 3868 2092 3922 multam

499 3956 821 4010 cbaritatem
871 3972 976 4026 qua
1038 3958 1223 4012 dilexit
1272 3974 1387 4023 nos,
1448 3959 1702 4012 misertus
1752 3966 1837 4012 est
1885 3959 2091 4024 nostri;

500 4058 555 4102 et
584 4062 707 4103 cum
754 4063 998 4103 essemus
1044 4050 1239 4103 mortui
1282 4050 1336 4103 in
1380 4050 1639 4117 peccatis,
1697 4049 2095 4104 convivitlcavit

504 4152 601 4191 nos
648 4138 702 4190 in
750 4136 987 4199 Christo,
1035 4146 1095 4190 ut
1128 4154 1373 4192 essemus
1406 4138 1457 4191 in
1491 4138 1606 4207 ipso
1653 4152 1789 4191 nova
1842 4148 2091 4192 creatura

504 4242 813 4291 novumque
867 4229 1201 4297 ﬁgmentum.
1255 4228 1598 4295 Deponamus
1666 4242 1795 4297 ergo
1852 4236 2090 4281 veterem

504 4316 775 4370 hominem
804 4332 925 4369 cum
951 4318 1160 4371 actibus
1184 4318 1317 4379 suis,
1342 4328 1393 4369 et
1417 4317 1593 4387 adepti
1627 4311 2093 4388 participationem

504 4406 872 4476 generationis
902 4406 1124 4469 Christi,
1160 4408 1340 4461 carnis
1392 4409 1765 4464 renuntietnus
1814 4411 2090 4480 operibus.

504 4496 770 4565 Agnoscc,
802 4512 835 4549 o
863 4497 1189 4560 Christiane,
1233 4496 1549 4567 dignitatem
1598 4507 1744 4552 tuam
1794 4508 1849 4553 et
1898 4500 2094 4554 divina:

2198 3318 2414 3365 tentans
2456 3311 2786 3381 interrogat,
2818 3314 3192 3377 occasionem,
3246 3323 3304 3367 ut
3352 3328 3496 3379 reor,
3542 3317 3788 3371 tentandi

2197 3401 2264 3456 de
2301 3401 2432 3472 ipsis
2461 3402 2671 3456 Domini
2705 3406 3047 3459 sermonibus
3077 3406 3335 3475 sumpsit,
3366 3407 3457 3461 ubi
3483 3408 3559 3460 ait
3590 3426 3602 3460 :
3639 3405 3787 3461 Gau-

2196 3494 2311 3548 dete
2331 3495 2471 3565 quod
2513 3498 2725 3549 nomina
2772 3506 2943 3550 vestra
2988 3498 3184 3568 scripta
3218 3508 3339 3552 sunt
3385 3500 3440 3552 in
3484 3499 3643 3553 caelis.
3676 3500 3788 3556 Sed

2196 3586 2311 3654 ipsa
2338 3600 2435 3639 sua
2474 3587 2771 3641 tentatione
2809 3587 3048 3642 declarat
3088 3604 3250 3657 quam
3276 3604 3404 3643 vera
3435 3590 3505 3642 sit
3551 3590 3639 3643 illa
3688 3591 3791 3645 llo—

2198 3676 2329 3729 mini
2370 3676 2674 3741 confessio,
2721 3693 2825 3747 qua
2870 3679 3015 3732 Patri
3067 3678 3351 3748 loquitur:
3401 3678 3541 3744 Quia
3577 3682 3791 3735 abscon-

2195 3767 2332 3819 disti
2358 3768 2467 3821 [nec
2507 3784 2540 3821 a
2578 3768 2899 3838 sapientibus
2928 3781 2974 3822 et
3000 3770 3342 3839 prudentibus
3366 3781 3413 3824 et
3461 3772 3698 3826 rerelasti
3725 3790 3789 3828 ea

2195 3862 2447 3931 parvulis.

2255 3935 2332 4007 'At
2378 3953 2467 4008 ille
2510 3955 2641 4008 dixit
2673 3956 2742 4008 ad
2776 3973 2894 4009 eum
2937 3974 2953 4009 :
2986 3955 3051 4009 In
3082 3954 3191 4025 lege
3229 3956 3353 4024 quid
3402 3958 3653 4025 scriptum
3689 3968 3786 4022 est,

2196 4044 2457 4114 quomodo
2482 4046 2648 4115 legis?
2684 4044 2783 4099 Ille
2812 4044 3125 4114 respondens
3161 4045 3335 4099 dixit:
3367 4046 3563 4117 Diliges
3602 4048 3784 4103 Domi-

2198 4149 2321 4185 num
2348 4132 2517 4187 Deum
2565 4144 2711 4187 tuum
2753 4151 2816 4188 ex
2838 4145 2944 4188 toto
2973 4136 3127 4188 corde
3152 4146 3261 4199 tuo,
3289 4146 3335 4189 et
3369 4153 3433 4190 ex
3454 4146 3563 4189 tota
3608 4139 3785 4191 anima

2198 4235 2289 4279 tua
2316 4235 2362 4278 et
2386 4242 2450 4279 ea:
2475 4221 2711 4279 omnibus
2754 4228 2945 4279 viribus
2988 4227 3113 4291 tuis,
3141 4236 3188 4280 et
3210 4244 3276 4280 ea:
3301 4228 3442 4280 omni
3476 4239 3645 4281 mente
3671 4239 3782 4294 tua,

2197 4326 2243 4368 et
2286 4317 2582 4385 prosintum
2634 4326 2779 4369 tuum
2828 4318 2961 4370 sicut
3012 4320 3253 4386 teipsum.
3285 4317 3419 4371 Dum
3476 4319 3786 4390 lcgispcrito

2200 4406 2510 4473 respondet,
2542 4405 2838 4474 perfectura
2888 4407 3043 4460 nobis
3088 4406 3334 4460 Salvator
3381 4408 3485 4461 iter
3531 4408 3653 4460 vita:
3679 4423 3783 4464 cm-

2199 4499 2349 4552 lcstis
2373 4499 2629 4561 ostendit,
2657 4499 2741 4551 cui
2778 4499 2953 4566 primo
2976 4501 3040 4553 de
3072 4498 3357 4553 dilectione
3388 4498 3503 4561 Dei,
3529 4499 3781 4567 proximi,

503 4601 729 4641 consors
759 4586 932 4642 factus
961 4601 1185 4651 natura},
1218 4590 1325 4643 noli
1359 4592 1410 4643 in
1449 4600 1687 4645 veterem
1712 4592 1970 4647 vilitatem
2004 4596 2093 4647 de-
2120 4582 2171 4639 D
2198 4591 2355 4661 Legis
2402 4591 2604 4660 scripta
2659 4590 2981 4659 Proponenti
3034 4589 3164 4643 dicit
3192 4607 3204 4641 :
3242 4588 3395 4641 Recte
3440 4590 3781 4658 respondisti;

503 4679 687 4747 gtPllt'l'l
713 4681 1124 4733 conversatione
1152 4682 1425 4735 recedere.
1457 4680 1726 4736 Memento
1766 4685 1961 4753 capitis
1992 4686 2091 4749 tui,

502 4776 558 4819 et
604 4769 757 4837 cujus
805 4770 879 4823 sis
928 4770 1172 4838 corporis
1218 4772 1519 4824 membrum
1568 4771 1947 4837 reminiscere,
2002 4774 2093 4842 qui

503 4868 692 4911 exutus
712 4856 777 4911 de
803 4868 1069 4926 potestate
1100 4859 1464 4924 tenebrarum,
1498 4862 1791 4917 translatus
1822 4879 1882 4917 es
1908 4862 1963 4917 in
1997 4864 2093 4918 Dei

502 4943 683 4998 lumen
731 4954 786 5000 et
838 4962 1098 5025 regnum,
1150 4964 1247 5017 per
1300 4951 1641 5018 baptismatis
1690 4962 2091 5008 sacramentum

504 5034 739 5105 Spiritus
765 5039 938 5090 sancti
973 5037 1145 5092 factus
1166 5055 1225 5093 es
1270 5040 1545 5108 templum.
1566 5040 1682 5095 Noli
1702 5050 1911 5096 tantum
1940 5044 2092 5097 habi—

502 5133 960 5205 tatorem‘pravis
1007 5136 1219 5187 actibus
1260 5134 1516 5205 cﬂ'ugar‘,
1549 5147 1604 5191 et
1650 5139 1845 5193 diaboli
1894 5140 2090 5193 iterum

502 5220 686 5273 subire
737 5222 1053 5277 servitium.
1108 5226 1231 5293 quia
1268 5226 1499 5293 pretium
1558 5228 1943 5297 redemptionis
1989 5239 2091 5285 tuze

502 5309 721 5375 sanguis
747 5319 829 5365 est
874 5310 1093 5365 Christi.
1139 5315 1252 5382 Ipse
1304 5316 1355 5368 in
1400 5316 1627 5371 veritate
1650 5318 1945 5387 judicabit,
1999 5320 2089 5387 qui

504 5402 877 5459 misericordia
917 5415 967 5460 te
1000 5408 1266 5471 redemit,
1318 5409 1473 5463 Jesus
1525 5410 1774 5464 Christus
1827 5411 2087 5466 Dominus

502 5504 707 5559 noster,
745 5497 836 5565 qui
868 5499 998 5551 vivit
1027 5510 1080 5553 et
1112 5512 1298 5567 regnat
1330 5518 1449 5554 cum
1489 5502 1597 5556 Dco
1645 5503 1805 5557 Patre
1858 5515 1911 5559 ct
1962 5506 2087 5575 Spi-

502 5582 609 5637 ritu
649 5593 835 5639 saucto
872 5587 923 5639 in
967 5590 1171 5643 unitate
1203 5589 1361 5651 Deus,
1406 5606 1500 5660 per
1530 5594 1710 5647 omnia
1744 5594 1939 5649 su‘cula
1984 5610 2088 5649 sa:-

503 5670 766 5727 culorum.
798 5674 988 5730 Anien.

2197 4681 2294 4735 hoc
2343 4681 2428 4749 fac
2473 4693 2517 4735 et
2559 4682 2710 4735 vives.
2748 4681 2949 4734 Deinde
2995 4689 3118 4749 post
3156 4682 3425 4734 inductam
3471 4681 3779 4750 parabolam

2198 4770 2540 4839 respondenti
2568 4771 2716 4823 illum
2750 4768 2916 4825 fuisse
2942 4772 3247 4840 proximum
3272 4770 3554 4826 vulnerato
3589 4772 3677 4842 qui
3706 4771 3782 4826 {eo

2196 4862 2270 4915 cit
2296 4862 2721 4916 misericordiam
2764 4862 2817 4915 in
2850 4862 3020 4927 illum,
3058 4862 3290 4930 adjecit:
3327 4862 3469 4917 Vade
3505 4873 3552 4917 et
3600 4874 3654 4916 tu
3696 4865 3779 4932 [ac

2194 4952 2464 5016 similiter;
2495 4954 2547 5007 id
2573 4962 2687 5017 est,
2713 4954 2805 5007 tali
2838 4955 3224 5009 misericordiae
3269 4956 3446 5009 studio
3474 4955 3775 5024 proximum

2195 5052 2343 5097 tuum
2390 5058 2611 5099 necesse
2653 5046 2941 5100 habentem
2991 5046 3211 5115 diligere
3248 5054 3300 5101 et
3329 5054 3635 5101 sustentare
3672 5061 3779 5100 me-

2197 5144 2409 5197 mento,
2445 5137 2787 5204 apertissime
2832 5137 3112 5191 declarans
3163 5137 3331 5191 solam
3366 5150 3485 5189 esse
3540 5136 3778 5191 dilectio-

2196 5242 2318 5279 nem
2347 5234 2403 5279 et
2445 5226 2615 5293 ipsam
2656 5241 2762 5279 non
2789 5226 3112 5279 verbotenus
3161 5234 3482 5278 ostentatum
3528 5226 3621 5279 sed
3655 5240 3777 5293 ope—

2196 5316 2271 5369 ris
2311 5318 2654 5369 exsecutione
2694 5316 2994 5385 probatam,
3020 5330 3136 5383 qua:
3164 5323 3477 5384 ptrpctnam
3522 5314 3684 5368 ducat
3712 5316 3776 5369 ad

2194 5408 2376 5459 vitam.

2264 5495 2363 5549 Ille
2393 5508 2567 5549 autem
2606 5495 2774 5549 volens
2796 5498 3093 5565 justiﬁcare
3131 5498 3375 5563 scipsum,
3405 5498 3538 5549 dixit
3581 5497 3647 5549 ad
3687 5496 3779 5551 1(-

2191 5602 2306 5639 sum
2332 5598 2350 5635 .·
2394 5586 2460 5637 Et
2488 5587 2600 5655 quis
2626 5598 2697 5639 est
2720 5589 2987 5655 proximus
3019 5588 3202 5641 meus?
3231 5586 3439 5652 Quanta
3464 5586 3643 5641 inanis
3669 5587 3776 5657 glo-

2194 5679 2287 5730 riae
2309 5678 2602 5740 dementia,
2628 5679 2989 5745 legisperitus,
3030 5680 3098 5733 ob
3121 5680 3261 5748 vulgi
3290 5679 3529 5733 favorem
3558 5689 3779 5749 captan-

2194 5769 2343 5834 dum,
2370 5785 2475 5838 quo
2519 5769 2793 5836 sapienter
2822 5769 3158 5838 respondisse
3194 5768 3517 5837 jactarctur,
3546 5771 3775 5840 primum
