3960 6390
206 382 307 440 H9

1326 381 1628 438 llOllll.l.~E
1670 382 1736 437 IN
1772 382 1987 438 EPIST.
2030 382 2116 437 ΕΤ
2154 382 2405 441 EV’ANG.

3380 388 3483 444 43⁵ἰο

210 514 269 553 se
309 496 471 569 Legis
520 496 727 551 fatetur
771 498 1019 564 lgnarare
1066 496 1378 551 mandatum
1426 510 1611 558 :vere,
1642 495 1796 565 juxta
1831 498 1873 555 Α
1904 494 1957 549 id
1994 503 2095 560 est,
2126 495 2177 549 in
2215 494 2619 550 similitudinem
2665 497 2945 551 hominum
2990 497 3164 553 factus
3209 506 3261 554 et
3299 500 3485 556 habitu

214 587 515 641 Salvatoris
569 588 894 641 sententiam
948 590 1164 658 sapiens
1192 596 1244 643 et
1274 591 1513 659 prudens
1568 591 1619 643 in
1665 590 1800 661 lege,

211 679 309 734 sed
341 678 465 747 quia
501 694 607 731 non
663 678 933 732 humiliari
963 695 1086 733 cum
1133 681 1373 749 parvulis
1419 680 1653 741 Christi,
1709 684 1803 736 sed

212 770 451 840 seipsum
490 766 791 835 justiﬁcare
837 771 1143 835 desiderat,
1174 772 1361 828 beatos
1386 774 1571 828 oculos
1600 774 1801 827 colum-

210 861 430 925 barum,
477 861 800 914 innocentia:
853 862 989 915 laete
1038 861 1309 927 letarum,
1361 864 1557 931 quibus
1601 862 1797 917 Christi

210 965 418 1004 arcana
448 950 631 1005 videre
655 958 856 1019 posset,
888 951 1133 1019 accipere
1170 942 1402 1007 rccus'at.
1430 950 1527 1006 Cui
1559 951 1800 1021 profecto

210 1042 477 1097 Dominus
526 1043 599 1095 ita
657 1057 973 1111 responsum
1034 1046 1355 1113 temperavit
1400 1059 1589 1106 suum,
1641 1054 1692 1096 ut
1746 1051 1799 1096 et

206 1146 429 1184 onmem
462 1131 550 1199 qui
596 1131 1023 1186 misericordiam
1074 1132 1309 1198 faceret,
1353 1132 1571 1187 cuilibet
1616 1133 1798 1202 proxi-

207 1235 363 1273 mum
406 1220 655 1284 doceret;
704 1231 759 1274 et
805 1230 981 1276 t'imru
1012 1224 1125 1278 lucc
1169 1226 1354 1277 eadem
1387 1224 1638 1293 parabola
1682 1240 1801 1292 spe-

202 1309 423 1365 cialiter
454 1312 627 1380 ipsum
672 1312 766 1365 Dei
793 1312 1009 1376 Filium,
1052 1315 1140 1383 qui
1174 1316 1329 1369 nobis
1352 1330 1451 1382 per
1493 1315 1798 1367 immanita-

202 1406 316 1452 tem
371 1402 649 1468 proximus
693 1402 806 1455 ﬁeri
835 1402 1083 1472 dignatus
1114 1412 1218 1468 est,
1252 1405 1579 1473 designaret.
1616 1404 1798 1473 Nepie

200 1489 350 1544 enim
393 1492 464 1544 ita
511 1494 836 1561 proximum,
863 1511 1022 1563 quem
1078 1496 1219 1550 sicut
1257 1512 1354 1551 nos
1389 1496 1609 1569 diligere
1641 1496 1798 1565 jube-

200 1596 352 1646 tuur,
390 1599 553 1651 super
578 1585 793 1639 Christo
843 1586 1192 1655 interpretari
1222 1588 1497 1652 debemus,
1536 1598 1592 1643 ut
1621 1605 1796 1644 mora-

200 1672 273 1727 lia
309 1683 509 1726 mutua:
550 1672 901 1729 fraternitatis
930 1676 1179 1731 instituta
1209 1678 1308 1733 sub
1334 1677 1603 1749 allegoria:
1632 1695 1792 1749 regu-

198 1761 271 1816 lis
302 1772 599 1817 extenuare
621 1774 673 1818 et
696 1766 909 1820 auferre
936 1783 1215 1821 conemur.

1907 585 2159 638 inventus
2189 593 2247 637 ut
2269 586 2449 649 homo,
2475 586 2865 655 compassionis
2900 597 3096 641 nostra:
3126 591 3484 659 susceptione,

1906 674 2169 728 finitimus
2213 681 2267 729 et
2302 674 2687 729 misericordia:
2730 677 2905 732 factus
2957 689 3042 733 est
3078 679 3365 735 collatione
3402 682 3484 735 vi-

1904 766 2078 819 ciuus.

1986 854 2054 908 Et
2105 854 2423 926 appropians
2464 854 2705 927 alligavit
2746 857 2962 911 vulnera
3010 860 3155 927 ejus,
3204 858 3487 927 infundens

1901 944 2073 998 oleum
2100 955 2146 997 et
2193 946 2389 998 vinum.
2452 924 2677 1000 l’eccata
2715 962 2832 1015 quae
2879 948 2932 1001 in
2978 949 3287 1003 hominibus
3338 950 3486 1004 inve-

1901 1036 2011 1098 nit,
2064 1035 2445 1103 redarguendo
2474 1036 2733 1099 cohibuit,
2781 1052 2929 1105 Spem
2978 1041 3148 1093 venite
3177 1040 3487 1108 pwniteuti-

1900 1125 2033 1189 bus,
2085 1132 2350 1180 terrorem
2382 1140 2555 1193 pinnae
2581 1127 2934 1195 peccantibus
2964 1128 3227 1183 incutiens
3255 1147 3266 1181 :
3302 1129 3484 1196 alligat

1900 1215 2043 1268 enim
2068 1215 2291 1269 vulnera
2321 1215 2444 1269 dum
2488 1218 2731 1285 praecipit
2763 1236 2774 1268 :
2808 1216 3173 1269 Paenitentiam
3205 1219 3371 1286 agite;
3405 1219 3488 1270 in-

1900 1305 2073 1360 fundit
2102 1306 2311 1366 oleum,
2361 1307 2485 1361 dum
2525 1308 2674 1360 addit
2710 1322 2722 1359 :
2768 1307 3211 1378 Appropinquabit
3244 1311 3375 1361 enim
3408 1325 3485 1363 re-

1898 1412 2056 1464 gnum
2104 1396 2383 1459 ccelorum;
2436 1395 2672 1449 infundit
2702 1397 2883 1449 vinum
2925 1398 3048 1450 dum
3090 1397 3219 1450 dicit
3255 1414 3267 1450 :
3303 1396 3485 1451 Omnis

1898 1488 2056 1541 arbor
2086 1504 2203 1557 qua:
2240 1503 2341 1540 non
2368 1486 2496 1555 facit
2537 1486 2773 1555 fructum
2811 1488 2999 1541 bonum
3048 1488 3317 1542 excidetur
3353 1500 3400 1543 et
3430 1490 3484 1541 in

1896 1578 2064 1647 ignem
2101 1579 2351 1631 mittetur.

1970 1667 2041 1720 Et
2080 1668 2347 1736 imponens
2396 1666 2547 1719 illum
2589 1668 2644 1719 in
2688 1668 2990 1735 jumentum
3035 1684 3187 1722 suum
3238 1669 3389 1723 duxit
3429 1670 3487 1723 in

1895 1757 2184 1819 stabulum,
2213 1768 2259 1809 et
2303 1774 2483 1810 curam
2524 1759 2638 1826 ejus
2694 1762 2815 1827 egit.
2860 1758 3167 1815 iumentum
3230 1761 3346 1830 ejus
3400 1769 3486 1815 est

276 1849 577 1919 Suspiciens
604 1862 775 1906 autem
798 1854 1321 1910 Jesusdixitﬂlomo
1350 1858 1562 1927 quidam
1589 1859 1781 1911 desren

1898 1864 2049 1911 caro,
2078 1848 2130 1900 in
2164 1861 2267 1915 qua
2297 1846 2361 1898 ad
2391 1862 2487 1900 nos
2508 1848 2695 1900 venire
2721 1848 2972 1917 dignatus
3004 1858 3106 1912 est,
3144 1850 3195 1902 in
3231 1864 3338 1918 quo
3361 1864 3484 1906 sau-

196 1938 358 1992 debat
382 1940 446 1992 ab
470 1939 799 1995 Hierusalem
817 1943 869 1995 in
889 1941 1123 1997 Iericho.
1142 1944 1309 1998 llomo
1330 1945 1431 2000 iste
1454 1946 1621 1999 Adam
1646 1947 1795 2000 intel-

197 2026 384 2100 ligitur
400 2028 453 2081 in
476 2044 671 2097 genere
694 2030 956 2085 humano:
974 2032 1307 2088 Hierusalem
1328 2035 1519 2089 civitas
1534 2035 1683 2105 pacis
1706 2035 1792 2088 illa

195 2119 473 2184 caelestis,
520 2136 551 2174 a
580 2119 732 2190 cujus
781 2121 1113 2178 beatitudine
1149 2123 1329 2193 lapsus
1367 2125 1418 2178 in
1459 2126 1598 2179 hanc
1645 2140 1790 2179 mor-

198 2210 363 2264 talem
393 2212 758 2281 miseramque
804 2210 967 2265 vitam
1000 2212 1249 2278 devenit;
1285 2229 1445 2282 quam
1490 2215 1625 2269 bene
1655 2215 1791 2269 Jeri-

195 2300 333 2365 eho,
370 2316 491 2371 qua:
522 2303 648 2355 luna
706 2302 1117 2372 interpretatur,
1175 2304 1465 2374 significat,
1492 2305 1673 2377 tvariis
1710 2307 1789 2359 vi-

194 2391 394 2446 delicet
420 2391 725 2448 defectuum
750 2392 1024 2448 laboribus
1051 2394 1434 2463 erroribusque
1462 2410 1677 2463 semper
1705 2396 1789 2449 in-

194 2491 429 2536 certam.

272 2570 341 2623 Et
372 2572 554 2623 incidit
589 2573 641 2623 in
666 2570 914 2625 latrones.
945 2570 1210 2625 Latrones
1246 2571 1516 2626 diabetum
1545 2582 1599 2627 et
1627 2587 1789 2643 ange-

193 2660 278 2715 los
307 2660 424 2729 ejus
451 2663 692 2733 iutclligc
715 2704 729 2727 ,
776 2664 829 2717 in
873 2680 1008 2733 quos
1036 2665 1127 2734 qui
1160 2662 1523 2720 descendebat
1552 2667 1741 2721 incidit
1771 2685 1785 2720 :

191 2767 323 2807 nam
377 2755 479 2807 nisi
528 2756 678 2823 prius
726 2755 871 2809 intus
912 2756 1319 2820 intumesceret,
1374 2757 1505 2811 foris
1550 2764 1788 2813 tentatus

193 2852 307 2898 tam
352 2843 507 2899 facile
536 2860 639 2898 non
685 2846 980 2899 recederet.
1010 2843 1145 2898 Vera
1174 2853 1259 2899 est
1286 2846 1430 2900 enim
1480 2846 1613 2901 satis
1656 2861 1785 2901 sen-

196 2934 368 2987 tentia
401 2949 521 3003 qua:
544 2934 674 2988 dicit
705 2949 719 2987 :
750 2937 881 2988 Ante
906 2936 1113 2987 ruinam
1139 2934 1457 2989 exaltabitur
1479 2952 1587 2990 cor.

270 3026 376 3092 Qui
402 3028 558 3080 etiam
579 3025 986 3096 dispoliaverunt
1016 3043 1155 3080 eum.
1192 3027 1371 3082 Gloria
1396 3028 1647 3083 videlicet
1682 3030 1782 3083 im-

192 3116 546 3171 mortalitatis
598 3125 654 3171 et
716 3116 1038 3171 innocentia:
1095 3126 1243 3171 veste
1297 3118 1594 3185 privarunt.
1656 3120 1780 3175 Hinc

1899 1938 2042 1991 cium
2066 1935 2343 2004 imposuit,
2371 1934 2495 2003 quia
2541 1944 2763 2004 peccata
2794 1946 2973 1990 nostra
3005 1938 3238 2007 portavit
3265 1940 3317 1991 in
3359 1955 3481 1993 cor-

1895 2042 2027 2097 pore
2053 2042 2151 2081 suo
2198 2039 2359 2096 super
2388 2026 2623 2095 lignum;
2657 2035 2712 2080 et
2736 2025 2891 2095 juxta
2938 2028 3099 2083 aliam
3145 2029 3480 2098 parabolam,

1894 2122 2165 2173 inventam
2197 2133 2319 2188 quae
2350 2127 2630 2181 erraverat
2672 2133 2826 2173 ovem
2856 2119 3093 2173 humeris
3120 2120 3231 2175 suis
3260 2121 3481 2189 imposi-

1894 2218 2004 2262 tam
2037 2208 2335 2278 reportavit
2384 2207 2452 2261 ad
2500 2222 2740 2278 gregem.
2772 2207 2956 2276 Itaque
3004 2208 3205 2277 imponi
3232 2209 3481 2277 junicuto

1890 2298 2055 2353 estin
2098 2299 2265 2368 ipsam
2297 2298 2723 2353 incarnationem
2763 2298 2961 2353 Christi
2991 2301 3211 2353 credere
3253 2300 3478 2368 ejusque

1893 2390 2168 2459 mysteriis
2192 2389 2419 2453 initiari,
2448 2390 2608 2444 simul
2635 2398 2690 2444 et
2730 2391 2797 2444 ab
2836 2390 3009 2445 hostis
3055 2391 3363 2446 incursione
3392 2400 3476 2445 tu-

1894 2480 2015 2534 tari.
2047 2479 2329 2535 Stabulum
2362 2488 2543 2534 autem
2570 2489 2650 2534 est
2676 2479 2914 2534 Ecclesia
2956 2494 3214 2549 praesens,
3239 2482 3327 2535 ubi
3355 2482 3479 2535 reli-

1889 2571 2107 2625 ciuntur
2144 2570 2382 2625 viatores
2410 2570 2477 2624 de
2506 2570 2943 2640 peregrinatione
2974 2571 3105 2634 hac,
3134 2570 3187 2623 in
3214 2580 3475 2625 aeternam

1889 2662 2121 2729 patriam
2156 2662 2468 2727 redeuntes,
2493 2672 2549 2717 et
2574 2676 2707 2717 ncne
2724 2660 2971 2730 jumento
2994 2662 3301 2732 impositum
3327 2663 3479 2717 duxit

1889 2751 1943 2804 in
1973 2750 2264 2814 stabulum,
2294 2750 2420 2820 quia
2452 2766 2610 2807 nemo
2632 2752 2733 2805 nisi
2766 2752 3092 2819 baptizatus,
3124 2751 3230 2807 nisi
3260 2754 3475 2822 corpori

1887 2838 2091 2895 Christi
2121 2840 2403 2906 adunatus,
2449 2841 2747 2897 Ecclesium
2788 2842 3010 2896 intrabit
3038 2858 3051 2895 :

1956 2928 2027 2983 Et
2048 2930 2215 2984 altera
2238 2930 2323 2984 die
2355 2930 2575 3001 protulit
2602 2931 2735 2984 duos
2762 2930 3003 2985 denarios
3041 2940 3089 2984 et
3119 2930 3262 2985 dedit
3290 2933 3474 2985 stabu-

1885 3020 2020 3074 lario
2062 3031 2109 3074 et
2153 3022 2225 3074 ait
2253 3039 2270 3075 .'
2298 3021 2493 3075 Curam
2522 3020 2667 3074 illius
2697 3021 2846 3074 habe.
2874 3020 3059 3075 Altera
3098 3022 3213 3076 dies
3246 3029 3328 3076 est
3354 3032 3476 3091 post

1887 3113 2098 3167 Domini
2154 3112 2634 3176 resurrectionem,
2665 3127 2787 3166 nam
2834 3122 2889 3167 et
2939 3123 3065 3167 aute
3104 3115 3322 3183 quidem
3377 3130 3475 3184 per

191 3218 281 3263 est
311 3208 456 3261 enim
481 3208 649 3277 prima
681 3207 816 3261 stola
864 3222 991 3276 qua,
1022 3206 1179 3275 juxta
1231 3207 1392 3262 aliam
1442 3211 1777 3278 parabolam,
1808 3192 1853 3252 C
1886 3205 2161 3275 Evangelii
2194 3205 2273 3259 sui
2298 3204 2527 3274 gratiam
2564 3203 2961 3257 illuminaverat
2988 3204 3080 3257 hos
3114 3206 3202 3273 qui
3240 3205 3294 3256 in
3325 3215 3467 3258 tene-

190 3300 509 3355 luxuriosus
567 3300 711 3353 illius
778 3315 876 3369 per
927 3300 1303 3369 paenitentiam
1357 3302 1569 3356 annulis
1622 3318 1781 3357 orna-

190 3397 316 3453 tur,
372 3399 427 3444 et
470 3405 576 3459 qua
625 3389 941 3459 protoplasti
989 3390 1189 3445 amissa
1241 3399 1613 3462 cognoverunt
1659 3408 1778 3449 esse

188 3495 249 3535 se
285 3478 492 3540 nudos,
534 3478 853 3550 tunicasque
882 3478 1136 3549 pelliceas
1164 3486 1371 3534 natum
1418 3482 1663 3562 mortalis
1698 3484 1777 3539 iu-

188 3573 310 3627 duti
342 3580 485 3627 sunt.

262 3661 336 3715 Et
357 3660 523 3731 plagis
550 3662 806 3732 impositis
842 3662 1081 3717 abierunt
1110 3666 1350 3719 δειδιὶυὶυο
1380 3663 1574 3718 relicto.
1602 3665 1778 3735 Plaga:

185 3761 416 3822 peccata
454 3761 603 3817 sunt,
650 3752 845 3821 quibus
891 3763 1100 3808 natura:
1130 3754 1380 3809 humana:
1410 3756 1774 3826 integritatem

185 3841 462 3905 violando,
496 3842 845 3895 seminarium
880 3842 1168 3911 quoddam,
1202 3853 1261 3897 ut
1301 3844 1372 3899 ita
1425 3845 1633 3909 dicam,
1679 3863 1774 3900 au-

183 3931 380 4000 genda:
407 3930 597 3984 mortis
652 3929 807 3985 fessis
854 3931 1098 3985 indidere
1144 3932 1460 3988 visceribus.
1512 3933 1775 3989 Abierunt

186 4030 397 4081 autem,
430 4035 534 4074 non
580 4020 647 4075 ab
690 4020 901 4075 insidiis
948 4021 1283 4091 aliquatenus
1326 4025 1627 4089 cessando,
1679 4026 1775 4080 sed

184 4110 505 4166 earumdem
563 4110 881 4166 insidiarum
941 4111 1157 4167 fraudes
1203 4113 1543 4170 occultando.
1601 4114 1775 4171 Semi-

183 4198 372 4254 vivum
398 4198 759 4269 reliquerunt,
804 4201 930 4270 quia
973 4201 1361 4258 beatitudinem
1389 4206 1513 4258 vita:
1553 4206 1773 4260 immor-

183 4290 315 4345 talis
347 4304 561 4355 exucre,
600 4291 691 4346 sed
717 4307 821 4345 non
852 4306 1067 4347 sensum
1097 4296 1320 4349 rationis
1350 4296 1567 4351 abolere
1592 4297 1772 4352 value-

186 4387 340 4434 runt.
370 4379 447 4433 Ex
476 4395 579 4448 qua
603 4380 745 4434 enim
784 4391 934 4450 parte
953 4397 1143 4449 sapere
1170 4393 1223 4436 et
1248 4398 1572 4454 cognoscere
1600 4386 1767 4439 Deum

180 4476 385 4538 potest,
409 4470 563 4522 vivus
591 4479 672 4523 est
700 4470 859 4525 homo
884 4488 898 4535 ;
948 4485 1014 4525 ex
1044 4487 1148 4541 qua
1170 4487 1297 4527 vero
1322 4474 1558 4542 peccatis
1579 4485 1769 4530 conta-

182 4558 363 4612 bescit
385 4564 439 4611 et
462 4557 679 4611 miseria
709 4558 909 4616 deficit.
949 4570 1193 4614 mortuus
1234 4560 1371 4614 ide.u
1411 4561 1767 4635 lethiferoque

182 4654 270 4700 est
300 4646 524 4700 vulnere
560 4646 813 4700 fmdatus.

255 4734 462 4787 Accidit
504 4744 675 4787 autem
706 4746 761 4787 ut
782 4736 1022 4789 sacerdos
1067 4738 1280 4807 quidam
1310 4737 1638 4793 descenderet
1679 4758 1768 4795 ea-

182 4825 301 4881 dem
332 4826 430 4889 via,
458 4834 505 4878 et
534 4827 641 4878 viso
667 4825 757 4878 illo
780 4827 1047 4894 prteteriit.
1084 4825 1335 4882 Similiter
1362 4838 1409 4881 et
1435 4826 1613 4883 Levita
1652 4847 1768 4883 cum

182 4925 318 4970 esset
350 4931 495 4968 secus
526 4915 717 4977 locum,
745 4924 791 4967 et
819 4915 1008 4969 videret
1034 4933 1152 4969 eum
1177 4918 1495 4986 pertransiit.
1529 4918 1771 4973 Samari-

182 5020 343 5062 tanus
386 5018 559 5061 autent
586 5009 797 5078 quidam
841 5009 940 5062 iter
966 5009 1164 5078 faciens
1207 5010 1343 5063 venit
1369 5027 1517 5064 secus
1554 5026 1690 5074 eum,
1721 5020 1769 5065 et

185 5098 362 5152 videns
391 5114 531 5161 eum,
558 5097 915 5151 misericordia
941 5110 1113 5151 motus
1132 5108 1225 5152 est.
1262 5098 1660 5165 Samaritanus,
1679 5100 1767 5168 qui

185 5188 574 5257 interpretatur
609 5198 801 5251 custos,
831 5186 1112 5241 Dominum
1139 5188 1409 5259 signiﬁcat
1439 5190 1545 5261 (cui
1576 5191 1767 5245 rectis-

186 5282 323 5336 sime
370 5279 663 5349 Propheta,
695 5296 761 5336 ne
808 5282 905 5337 hos
952 5282 1191 5335 latrones
1237 5286 1409 5352 possit
1466 5285 1762 5351 incurrere,

186 5371 453 5443 supplicat
486 5390 499 5426 :
532 5370 748 5426 Custodi
775 5390 871 5435 me,
900 5374 1175 5442 inquiens,
1206 5392 1236 5427 rt
1265 5375 1448 5445 laqueo
1479 5394 1628 5447 quem
1659 5390 1766 5431 sta-

188 5470 396 5515 tuerunt
440 5462 565 5514 mihi
596 5473 644 5515 et
674 5480 704 5515 a
730 5462 995 5517 scandulis
1024 5466 1345 5531 operantium
1373 5466 1765 5538 iniquitatem);

185 5550 273 5620 qui
305 5557 515 5620 propter
541 5566 632 5603 nos
673 5552 905 5606 homines
948 5562 996 5605 et
1028 5564 1234 5622 propter
1264 5564 1496 5608 nostram
1543 5556 1764 5611 salutem

186 5637 500 5692 descendens
526 5638 593 5692 de
620 5639 745 5693 ccelo
792 5639 916 5694 vita:
966 5642 1244 5710 prreseutis
1276 5643 1378 5697 iter
1407 5645 1674 5714 arripuit,
1709 5655 1765 5700 et

184 5728 335 5782 'enit
368 5741 524 5783 secus
554 5742 678 5781 eum
706 5729 799 5800 qui
832 5729 1141 5785 vulneribus
1171 5734 1480 5788 tabescebat
1526 5735 1763 5800 inﬂictis,

1883 3294 1988 3348 lm's
2018 3304 2063 3347 et
2104 3294 2159 3347 in
2205 3295 2389 3346 umbra
2416 3294 2596 3345 mortis
2625 3292 2902 3355 sedebant,
2937 3293 3029 3346 sed
3065 3294 3241 3361 potior
3283 3308 3469 3347 resur—

1883 3385 2122 3440 rectione
2164 3384 2435 3439 celebrata
2488 3392 2760 3453 perpettue
2792 3381 2924 3437 lucis
2972 3382 3223 3452 Splendor
3249 3381 3467 3437 effulsit.

1879 3475 1995 3529 Duo
2032 3475 2239 3529 denarii
2280 3483 2407 3529 sunt
2430 3474 2534 3527 duo
2558 3472 2932 3536 Testamenta,
2973 3472 3025 3525 in
3055 3474 3252 3541 quibus
3280 3473 3470 3527 aeterni

1882 3568 2026 3637 regis
2055 3581 2249 3620 nomen
2281 3574 2335 3619 et
2384 3565 2563 3634 imago
2594 3564 2921 3618 continetur.
2966 3562 3117 3618 Finis
3142 3565 3289 3617 enim
3336 3562 3467 3633 legis

1878 3666 1961 3712 est
1999 3655 2263 3718 Christus,
2292 3655 2382 3725 qui
2432 3654 2597 3709 altera
2651 3653 2735 3708 die
2776 3652 2970 3722 prolati
3003 3654 3198 3707 dantur
3228 3653 3467 3707 Stabula-

1877 3749 1987 3809 rio,
2013 3750 2137 3818 quia
2179 3757 2307 3802 tunc
2351 3746 2565 3816 aperuit
2608 3744 2713 3797 illis
2760 3759 2975 3799 sensum
3017 3753 3075 3797 ut
3103 3744 3466 3815 intelligerent

1878 3837 2203 3907 Seripturas.
2231 3838 2416 3893 Altera
2444 3839 2533 3895 die
2561 3838 2889 3893 stabularius
2930 3840 3199 3903 denarios,
3234 3856 3463 3910 quorum

1876 3933 2049 4001 pretio
2094 3933 2433 3988 vulneratum
2479 3943 2734 4001 curaret,
2776 3934 3001 4004 accepit,
3044 3934 3170 4003 quia
3230 3931 3464 4003 Spiritus

1876 4036 2096 4077 sanctus
2115 4024 2403 4079 adveniens
2428 4025 2610 4079 docuit
2633 4023 2904 4094 apostolos
2924 4039 3137 4079 omnem
3154 4023 3457 4086 veritatem,

1874 4128 1981 4181 quo
2021 4113 2269 4183 gentibus
2308 4112 2618 4168 erudiendis
2671 4113 2872 4168 instare
2917 4123 3079 4183 atque
3110 4112 3459 4184 Evangelium

1872 4204 2171 4274 praedicare
2201 4202 2529 4259 sullicerent.

1944 4293 2011 4346 Et
2052 4293 2394 4363 quodcunque
2435 4296 2911 4365 supererogaveris,
2952 4311 3045 4365 ego
3096 4310 3213 4349 cum
3258 4294 3462 4348 rediero

1873 4384 2089 4435 reddam
2121 4382 2233 4435 tibi.
2261 4381 2627 4454 Supererogat
2650 4384 2975 4439 stabularius
2998 4384 3139 4453 quod
3170 4385 3222 4438 in
3257 4385 3462 4439 duobus

1873 4474 2110 4529 denariis
2141 4489 2245 4527 non
2274 4474 2504 4542 accepit,
2536 4490 2658 4528 cum
2684 4474 2814 4528 dicit
2839 4474 3126 4543 Apostolus
3152 4491 3165 4525 :
3205 4474 3277 4526 De
3306 4475 3460 4543 virgi-

1874 4566 2022 4618 nibus
2052 4576 2224 4618 autem
2248 4576 2559 4635 pra’ceptum
2584 4565 2796 4619 Domini
2837 4581 2939 4619 non
2962 4565 3141 4627 habeo,
3181 4564 3455 4619 consilium

1874 4665 2049 4707 autem
2096 4656 2184 4707 do.
2228 4654 2465 4723 itemque
2508 4666 2563 4707 et
2610 4653 2871 4709 Dominus
2914 4654 3186 4707 ordinavit
3234 4654 3317 4707 bis
3361 4655 3452 4724 qui

1876 4744 2222 4814 Evangelium
2282 4745 2603 4799 anuuntiaut
2652 4745 2718 4799 de
2768 4744 3060 4815 Evangelia
3098 4746 3315 4811 vivere;
3364 4746 3455 4799 scd

1878 4852 1979 4888 non
2005 4837 2086 4888 usi
2107 4852 2284 4888 sumus
2305 4835 2403 4888 hac
2425 4845 2696 4903 potestate,
2714 4853 2775 4888 ne
2793 4852 2943 4905 quem
2969 4845 3187 4888 vestrum
3212 4852 3459 4905 gravare.

1867 4940 2010 4978 mus.
2048 4923 2145 4978 Cui
2181 4924 2393 4977 rediens
2440 4924 2581 4991 quod
2627 4924 2949 4993 promiserat
2995 4923 3207 4984 debitor
3244 4925 3450 4992 reddet,

1874 5014 1995 5083 quia
2025 5015 2244 5068 veniens
2287 5014 2338 5067 iu
2365 5012 2568 5082 judicio
2620 5014 2879 5069 Dominus
2922 5015 3051 5070 dicit
3082 5033 3093 5067 :
3129 5014 3267 5080 Quia
3296 5033 3452 5086 super

1874 5124 2041 5175 pauca
2071 5107 2213 5176 fuisti
2235 5106 2425 5175 ﬁdelis,
2448 5125 2603 5176 super
2632 5106 2797 5161 multa
2836 5117 2885 5160 te
2926 5108 3236 5160 constituam
3262 5121 3282 5159 :
3310 5109 3448 5163 intra

1873 5198 1927 5252 in
1960 5214 2171 5269 regnum
2208 5196 2407 5251 domini
2434 5199 2529 5251 tui.

1946 5292 2074 5357 Quis
2117 5291 2304 5344 horum
2347 5293 2503 5345 trium
2531 5292 2735 5344 videtur
2762 5290 2856 5343 tibi
2878 5291 3145 5359 proximus
3174 5289 3337 5357 fuisse
3368 5288 3446 5341 illi

1865 5382 1954 5449 qui
2002 5381 2182 5432 incidit
2212 5380 2266 5432 in
2293 5379 2519 5434 latrones
2540 5382 2565 5433 ?
2602 5382 2665 5433 At
2690 5379 2775 5433 ille
2796 5381 2927 5434 dixit
2952 5394 2971 5431 :
3000 5380 3104 5444 Qui
3150 5381 3269 5447 fecit
3296 5381 3447 5432 mise-

1868 5469 2149 5523 ricordiam
2172 5471 2226 5523 in
2253 5469 2421 5525 illum.
2460 5468 2620 5524 Juxta
2650 5470 2883 5524 litteram
2908 5468 3191 5524 manifesta
3230 5478 3315 5524 est
3343 5468 3449 5521 Do-

1867 5558 1994 5612 mini
2031 5560 2319 5623 sententia,
2354 5560 2555 5614 nullum
2584 5559 2738 5614 nobis
2770 5560 2997 5629 amplius
3029 5575 3190 5630 quam
3217 5560 3308 5628 qui
3342 5558 3447 5612 mi-

1866 5657 2074 5703 seretur
2119 5663 2240 5702 esse
2266 5651 2608 5719 proximum,
2660 5651 2797 5706 sicut
2837 5650 3260 5722 llierosolymiUe
3308 5649 3443 5713 civi.

1865 5753 1969 5792 nua
1998 5737 2273 5805 sacerdos,
2303 5754 2406 5794 non
2440 5739 2623 5795 Levita
2656 5755 2721 5795 cx
2753 5741 2939 5797 eadem
2987 5750 3176 5812 gente,
3226 5740 3335 5795 imo
3385 5740 3445 5795 in
