3960 6348
513 375 634 442 ιδι.

1157 367 1219 421 Β.
1262 365 1514 421 RABANI
1555 362 1772 419 MAURI
1813 358 2131 416 ARCHIEP.
2166 353 2476 413 MOGUNT.
2518 348 2802 409 OPERUM
2841 345 3020 402 PARS
3060 344 3125 400 ll.

3688 339 3716 391 4
3729 338 3803 392 32

505 485 697 544 eadem
737 485 871 538 urbe
914 480 1027 534 nati
1058 486 1113 536 et
1155 477 1370 543 nutriti,
1413 477 1506 530 sed
1539 483 1777 529 externae
1803 471 1979 541 gentis
2007 483 2099 524 ac-
2127 475 2172 534 Α
2203 467 2298 521 tali
2328 467 2563 530 cultura,
2609 461 2787 518 veraci
2827 459 3011 522 corde,
3061 457 3177 512 sine
3223 452 3589 517 simulatione,
3617 451 3670 505 in
3699 466 3800 507 sa-

509 577 657 642 cola,
687 574 814 644 quia
858 571 1034 640 magis
1062 570 1318 624 misertus
1349 575 1452 630 est,
1486 565 1660 620 factus
1685 570 1767 619 est
1800 560 2099 632 proximus.

512 667 821 726 Sacratiore
871 673 1051 719 autem
1098 660 1394 724 intellectu,
1425 658 1679 728 quoniam
1728 671 1886 710 nemo
1932 653 2104 722 magis

509 770 595 817 est
638 758 915 830 proximus
968 770 1131 824 quam
1185 752 1278 822 qui
1327 751 1554 806 vulnera
1607 756 1796 803 nostra
1849 745 2100 806 curavit,

510 852 799 921 diligamus
838 863 961 903 eum
1011 845 1165 915 quasi
1203 844 1489 898 Dominum
1528 841 1693 895 Deum
1734 846 1998 902 nostrum,
2024 837 2106 890 di-

512 941 741 1011 ligamus
771 937 927 1009 quasi
984 936 1291 1007 proximum
1327 952 1340 987 :
1373 932 1508 987 nihil
1555 931 1701 986 enim
1749 939 1860 983 tam
1915 927 2103 998 proxi-

511 1046 661 1085 mum
706 1045 866 1099 quam
917 1035 1080 1098 caput
1128 1025 1406 1080 membris.
1444 1022 1739 1092 Diligamus
1777 1020 1941 1075 etiam
1981 1033 2104 1073 eum

511 1123 604 1190 qui
652 1121 893 1175 imitator
934 1127 1020 1173 est
1049 1116 1285 1181 Christi;
1337 1115 1442 1169 hoc
1498 1123 1581 1169 est
1633 1113 1776 1168 enim
1832 1111 1976 1182 quod
2021 1124 2079 1164 se

513 1212 697 1281 quitur
729 1224 743 1264 :

583 1301 650 1355 Et
680 1301 754 1355 ait
778 1299 859 1354 illi
884 1299 1038 1354 Iesus
1064 1312 1085 1351 .°
1121 1296 1268 1352 Vade
1309 1306 1355 1351 et
1388 1305 1444 1349 tu
1489 1296 1576 1365 {ac
1617 1293 1879 1348 similiter.
1915 1291 1970 1346 Id
2000 1299 2104 1355 est,

510 1403 572 1447 ut
601 1407 729 1445 vero
774 1399 831 1447 te
883 1390 1190 1460 proximum
1238 1389 1378 1443 sicut
1429 1396 1481 1441 te
1509 1387 1683 1456 ipsum
1715 1384 1937 1455 diligere
1987 1396 2106 1435 ma-

511 1484 761 1550 nifestes,
787 1483 1047 1555 quidquid
1079 1481 1228 1536 vales
1261 1481 1313 1535 in
1337 1479 1453 1548 ejus
1482 1478 1565 1533 vel
1597 1476 1864 1547 corporali
1895 1475 1978 1528 vel
2001 1474 2110 1544 spi—

512 1574 656 1630 ritali
683 1575 1010 1630 necessitate
1033 1571 1362 1627 sublevanda
1399 1570 1622 1624 devotus
1646 1582 1895 1636 operare,
1923 1568 2110 1637 sicque

513 1666 583 1721 ad
616 1664 769 1736 regni
799 1662 1037 1719 caelestis
1065 1661 1287 1732 praemia
1322 1659 1526 1730 poteris
1559 1658 1864 1728 pervenire.

1059 1772 1340 1830 HOMILIA
1400 1770 1558 1827 CLX.

1170 1858 1330 1898 FERIA
1371 1859 1447 1896 IV.

512 1935 702 1992 Lectio
754 1933 1008 2004 Epistolas
1053 1933 1197 1987 beati
1250 1931 1400 1984 Pauli
1450 1930 1678 2001 apostoli
1713 1930 1778 1984 ad
1829 1929 2108 1984 Hebrazos.

587 2025 840 2090 Fratres,
876 2024 1119 2078 habentes
1158 2023 1408 2090 ﬁduciam
1442 2025 1496 2074 in
1534 2021 1752 2073 introitu
1784 2029 2110 2085 sanctorum,

514 2119 570 2172 in
599 2116 856 2186 sanguine
908 2113 1124 2176 Christi,
1174 2127 1332 2182 quam
1364 2109 1588 2163 initiavit
1640 2110 1788 2162 nobis
1834 2108 1969 2162 viam
2014 2124 2114 2160 no-

516 2223 634 2262 eam
662 2216 710 2260 et
741 2205 989 2259 viventem
1030 2219 1122 2273 per
1162 2202 1394 2256 velamen
1418 2242 1432 2263 ,
1481 2200 1535 2252 id
1575 2209 1650 2253 est
1695 2214 1904 2253 carnem
1939 2215 2112 2263 suam,

516 2306 566 2352 et
594 2294 917 2351 sacerdotem
948 2309 1194 2362 magnum
1225 2308 1382 2360 super
1405 2291 1619 2344 domum
1651 2290 1768 2343 Dei.

590 2386 691 2442 Hic
715 2384 949 2439 ostendit
977 2383 1287 2437 distantiam
1319 2381 1587 2451 pontiﬁcis
1617 2389 1672 2436 et
1699 2380 2022 2444 hostiarum,
2057 2387 2115 2434 et

520 2478 880 2541 tabernaculi,
936 2485 989 2530 et
1043 2474 1402 2538 Testamenti,
1453 2481 1508 2528 et
1556 2472 2015 2543 repromissionis,
2062 2478 2117 2526 et

521 2569 745 2624 multam
775 2566 1133 2621 differentiam
1171 2583 1182 2618 :
1216 2565 1482 2634 siquidem
1530 2564 1616 2617 illa
1665 2563 1880 2633 quidem
1914 2573 2117 2631 tempo-

523 2658 680 2724 ralia,
707 2660 821 2713 baec
853 2665 1031 2710 autem
1063 2664 1294 2719 aeterna;
1339 2654 1427 2707 illa
1463 2653 1679 2722 quidem
1729 2651 1962 2715 inﬁrma,
2002 2651 2116 2706 haec

523 2755 704 2802 autem
731 2744 1003 2815 perlecta;
1033 2743 1118 2797 illa
1145 2743 1363 2812 quidem
1390 2742 1594 2806 formae,
1625 2743 1737 2795 hmc
1766 2748 1944 2794 autem
1970 2740 2114 2793 veri-

521 2847 625 2894 tas.
649 2837 768 2891 Non
793 2837 934 2891 enim
954 2834 1108 2904 juxta
1141 2835 1311 2905 legem
1339 2835 1599 2900 mandati,
1630 2834 1827 2904 inquit,
1860 2833 2115 2895 carnalis,

522 2926 789 2997 sedjuxta
814 2927 1069 2980 virtutem
1093 2926 1220 2979 vitae
1268 2925 1593 2989 insolubilis,
1624 2934 1678 2978 et
1704 2934 1760 2977 tu
1789 2939 1841 2976 es
1873 2923 2116 2976 sacerdos

523 3019 578 3072 in
609 3026 932 3089 perpetuum.
969 3016 1107 3071 Ecce
1150 3017 1483 3086 perpetuitas
1524 3013 1823 3070 sacerdotis
1847 3023 1902 3066 et
1928 3010 2119 3066 Testa-

526 3116 711 3163 mento
742 3106 833 3159 illo
859 3105 993 3160 dixit
1016 3104 1158 3174 quod
1201 3114 1471 3159 vetustum
1507 3113 1618 3166 est;
1645 3103 1785 3173 quod
1827 3110 2006 3156 autem
2029 3116 2118 3154 ve-

533 3196 758 3251 terascit
783 3202 837 3249 et
861 3195 1094 3249 senescit
1121 3194 1428 3263 proximum
1461 3202 1544 3248 est
1574 3192 1833 3247 interitni.
1865 3192 1977 3245 Hoc
2027 3206 2121 3244 au-

526 3292 636 3340 tem
662 3285 1070 3340 Testamentum
1125 3283 1330 3338 Novum
1374 3293 1428 3338 et
1457 3282 1828 3337 remissionem
1869 3289 2122 3351 peccato-

527 3389 649 3429 rum
681 3375 866 3440 habet,
900 3374 1030 3428 illud
1065 3383 1243 3428 autem
1272 3374 1403 3427 nihil
1434 3372 1771 3440 hujusmodi;
1830 3372 1957 3426 illud
2001 3371 2120 3441 qui-

529 3465 654 3519 dem
690 3479 850 3517 manu
884 3462 1107 3527 factum,
1147 3464 1249 3518 hoc
1289 3471 1469 3517 autem
1517 3478 1624 3516 non
1669 3478 1829 3516 manu
1880 3459 2118 3526 factum;

531 3555 662 3611 illud
691 3555 905 3623 quidem
937 3554 1252 3624 sanguinem
1285 3554 1558 3607 hircorum
1609 3553 1864 3614 habebat,
1899 3552 2002 3605 hoc
2030 3565 2124 3603 au-

533 3653 642 3701 tem
668 3643 908 3709 Domini;
940 3643 1069 3697 illud
1098 3643 1314 3712 quidem
1357 3650 1590 3697 stantem
1629 3641 1989 3703 sacerdotem,
2022 3641 2124 3693 hoc

534 3745 714 3792 autem
747 3735 1045 3789 sedentem.
1074 3735 1339 3800 Quoniam
1384 3734 1548 3805 igitur
1575 3743 1766 3788 cuncta
1797 3732 1882 3787 illa
1915 3732 2123 3785 minora

534 3835 683 3891 sunt,
711 3828 826 3881 haec
849 3836 1029 3879 autem
1060 3826 1290 3896 majora,
1314 3835 1619 3896 propterea,
1642 3826 1837 3894 inquit,
1859 3824 2121 3888 habentes,

534 3919 747 3989 fratres,
800 3917 1073 3987 fiduciam.
1133 3917 1317 3971 Unde?
1371 3915 1521 3970 Sicut
1561 3917 1705 3970 enim
1757 3915 2125 3969 confusionem

533 4007 739 4062 faciunt
764 4017 1009 4077 peccata,
1039 4008 1125 4062 sic
1157 4007 1407 4060 ﬁduciam
1436 4006 1676 4061 onmium
1718 4005 1965 4058 remissio
2003 4017 2127 4073 pec-

536 4107 802 4161 catorum,
837 4105 890 4150 et
917 4097 1058 4165 quod
1090 4096 1402 4150 cohaeredes
1450 4095 1627 4150 ell‘ecti
1669 4109 1872 4156 sumus,
1903 4103 1956 4148 et
1983 4093 2128 4162 quod

538 4193 688 4240 tanta
712 4187 999 4241 dilectione
1031 4186 1282 4240 fruimur.
1314 4187 1380 4239 In
1415 4187 1658 4248 introitu,
1700 4185 1892 4254 inquit,
1922 4193 2130 4237 sancto-

538 4293 676 4330 rum.
711 4275 990 4331 lntroitum
1038 4278 1125 4332 hic
1151 4277 1345 4331 ccelum
1386 4277 1516 4332 dicit
1540 4288 1596 4332 et
1622 4291 1895 4330 accessum
1926 4277 1990 4329 ad
2020 4275 2129 4344 spi-

541 4368 740 4423 ritalia.
767 4369 938 4436 Quam
970 4369 1259 4431 dedicavit,
1297 4369 1400 4422 hoc
1449 4377 1551 4433 est,
1597 4384 1757 4438 quam
1802 4366 2125 4433 construxit,

540 4474 702 4528 quam
728 4458 1049 4526 praeparavit
1074 4469 1128 4512 et
1155 4473 1316 4526 quam
1348 4459 1596 4512 initiavit.
1631 4454 1907 4510 Dedicatio
1934 4456 2131 4525 quippe

539 4550 740 4606 dicitur
783 4548 995 4601 initium
1038 4550 1244 4602 utendi.
1277 4549 1447 4615 Quam
1477 4549 1816 4618 prarparavit,
1850 4549 2041 4616 inquit,
2073 4554 2125 4599 et

540 4655 640 4712 per
661 4651 823 4709 quam
853 4640 964 4708 ipse
991 4640 1230 4708 perrexit
1251 4640 1391 4692 viam
1416 4654 1632 4702 novam,
1657 4638 1781 4690 hinc
1801 4635 2124 4690 satisfactio-

542 4748 664 4787 nem
697 4731 808 4801 spei
841 4729 1078 4783 declarat
1096 4745 1285 4783 novam
1309 4730 1510 4791 dicens,
1531 4737 1756 4784 conatur
1775 4727 1918 4780 enim
1944 4736 2127 4780 osten-

543 4822 673 4875 dere
727 4830 921 4874 cuncta
981 4819 1182 4888 majora
1240 4833 1337 4871 nos
1389 4819 1606 4872 habere.
1657 4817 1932 4885 Siquidem
1985 4831 2128 4869 nunc

543 4919 746 4977 aperta:
778 4918 902 4962 sunt
947 4919 1117 4977 portae
1162 4907 1305 4970 coeli,
1339 4908 1481 4976 quod
1530 4924 1703 4977 neque
1747 4908 1814 4961 ad
1852 4907 2124 4961 Abraham

543 5000 792 5070 contigit.
824 5003 974 5054 Viam
999 5014 1192 5053 novam
1222 4999 1359 5052 dixit
1378 4999 1518 5063 vitae,
1543 5001 1638 5052 sed
1668 4999 1808 5052 viam
1841 4998 1986 5051 illam
2033 5011 2129 5050 vo—

545 5089 710 5153 cavit,
754 5089 858 5143 hoc
904 5097 990 5142 est
1032 5094 1332 5156 praecepta;
1364 5088 1476 5155 ipse
1507 5095 1686 5140 autem
1715 5087 1983 5141 dedicavit
2031 5102 2126 5140 no-

548 5180 974 5244 vam,dedicavit
999 5188 1176 5233 autem
1210 5179 1355 5233 illam
1384 5181 1485 5232 hac
1507 5180 1710 5232 ratione
1737 5180 1989 5247 quoniam
2013 5180 2127 5248 ipse

549 5273 602 5327 iu
637 5287 700 5325 ea
740 5272 996 5341 perrexit.
1054 5271 1424 5327 Velame‘ntum
1457 5280 1637 5324 autem
1690 5271 1900 5324 vocavit
1946 5289 1958 5323 :
2003 5284 2125 5324 cum

548 5362 693 5416 enim
746 5361 986 5415 elevatus
1035 5371 1117 5416 est
1169 5363 1222 5416 in
1272 5361 1567 5426 excelsum,
1598 5370 1727 5416 tunc
1761 5366 2128 5429 apparuerunt

550 5450 810 5506 caelestia.

621 5545 942 5600 Accedamus
993 5563 1111 5601 cum
1159 5565 1276 5602 vero
1317 5549 1470 5603 corde
1508 5549 1565 5602 in
1609 5544 1932 5618 plenitudine
1982 5543 2129 5614 ﬁdei,

554 5638 750 5706 aspersi
801 5637 959 5691 corda
1005 5655 1036 5692 a
1084 5640 1402 5693 conscientia
1451 5638 1612 5703 mala,
1648 5646 1696 5692 et
1735 5635 1902 5690 abluti
1943 5651 2131 5704 corpus

557 5743 691 5797 aqua
720 5731 935 5785 munda.
991 5731 1045 5785 ln
1079 5746 1184 5798 quo
1211 5733 1554 5794 accedamus,
1582 5728 1788 5786 scilicet
1817 5726 1941 5791 ﬁde,
1973 5724 2133 5794 spiri-

2207 558 2512 614 tisl'actione
2541 555 2685 620 ﬁdei,
2708 555 2833 625 quia
2866 552 3000 607 nihil
3025 557 3109 606 est
3131 545 3343 603 visibile
3370 547 3588 609 horum,
3615 557 3804 612 neque

2205 649 2461 705 sacerdos
2503 646 2637 715 jam,
2699 659 2876 713 neque
2940 638 3305 704 sacriﬁcium,
3364 650 3540 706 neque
3597 633 3796 688 altare.

2206 740 2520 809 Propterea,
2571 735 2763 804 inquit,
2801 735 2866 786 vin
2908 728 3232 801 plenitudine
3293 727 3415 796 ﬁdei
3458 726 3537 780 sic
3577 731 3801 793 oportet

2207 830 2452 892 credere,
2490 823 2761 896 quomodo
2786 823 2918 878 certi
2954 836 3141 877 sumus
3165 819 3229 873 de
3269 816 3464 870 visibili
3492 816 3691 870 etenim
3741 824 3804 868 et

2208 921 2385 975 adhuc
2411 918 2657 987 amplius.
2690 914 2827 970 Hinc
2871 913 3014 966 enim
3061 908 3348 979 aliquando
3377 906 3557 960 carnis
3600 920 3802 960 sensus

2206 1021 2363 1068 erant
2391 1011 2442 1065 in
2474 1011 2558 1064 his
2579 1024 2698 1078 quae
2745 1006 3018 1067 videntur,
3070 1002 3178 1056 illic
3209 1013 3389 1054 autem
3430 1012 3799 1066 neqannam,

2208 1105 2334 1174 quia
2369 1101 2558 1170 spiritu
2591 1095 2852 1167 spiritalia
2894 1094 3242 1166 percipimus,
3273 1097 3327 1144 et
3355 1104 3459 1143 non
3489 1088 3614 1141 licet
3638 1087 3802 1140 bassi—

2210 1204 2325 1249 tare
2377 1191 2444 1246 de
2492 1193 2586 1255 iis;
2638 1190 2759 1244 ideo
2803 1185 2920 1240 ait:
2955 1183 3164 1253 Aspersi
3197 1180 3351 1235 corde
3395 1198 3426 1231 a
3475 1178 3804 1231 conscientia

2208 1282 2372 1347 mala,
2401 1280 2693 1336 ostendens
2734 1276 2861 1346 quia
2904 1289 3010 1327 non
3037 1271 3169 1325 ﬁdes
3199 1269 3333 1332 sola,
3367 1267 3460 1323 sed
3492 1267 3654 1321 etiam
3686 1267 3804 1318 vita

2210 1389 2335 1429 cum
2365 1373 2565 1426 virtute
2588 1369 2868 1438 quaeritur,
2893 1364 3017 1434 quia
3050 1362 3184 1416 ﬁdes
3205 1362 3320 1415 sine
3344 1359 3600 1430 operibus
3622 1359 3804 1410 otiosa

2209 1472 2314 1519 est.
2355 1463 2434 1516 llli
2488 1471 2668 1516 autem
2719 1471 2948 1526 corpora
2994 1453 3346 1514 mundabant,
3394 1465 3491 1504 nos
3519 1447 3808 1503 conscien-

2213 1556 2361 1610 tiam.
2387 1554 2454 1607 Et
2483 1551 2648 1606 abluti
2687 1565 2825 1620 aqua
2870 1545 3087 1599 munda.
3132 1543 3431 1598 Lavacrum
3459 1541 3808 1611 baptismatis

2211 1649 2264 1702 in
2311 1647 2412 1701 hoc
2441 1645 2559 1700 loco
2589 1643 2719 1696 dicit
2749 1658 2764 1694 :
2799 1640 3124 1708 baptismum
3176 1637 3320 1691 enim
3367 1635 3612 1706 corporis
3638 1651 3800 1688 mun-

2212 1738 2357 1794 datio
2390 1751 2496 1792 non
2533 1743 2638 1798 est,
2689 1730 2784 1786 sed
2810 1730 3024 1792 animae,
3059 1727 3104 1781 si
3147 1726 3280 1780 ﬁdes
3303 1725 3456 1779 adest
3502 1725 3807 1793 baptizata,

2140 1843 2187 1902 Β
2217 1828 2328 1883 sive
2353 1833 2663 1897 parentum,
2693 1823 2806 1877 sive
2827 1820 3025 1874 suimet
3050 1817 3237 1887 ipsius,
3265 1816 3311 1871 si
3333 1815 3399 1870 ad
3423 1813 3807 1869 rationabilem

2213 1927 2426 1974 aztatem
2456 1915 2780 1986 perveniret.

2287 2010 2573 2064 Teneamus
2625 2007 2731 2078 spei
2787 2016 2976 2059 nostra:
3028 2003 3406 2073 confessionem
3451 1997 3810 2054 indeclinabi—

2215 2100 2312 2154 lem
2357 2115 2374 2154 :
2426 2097 2598 2167 ﬁdelis
2636 2106 2712 2151 est
2766 2099 2904 2150 enim
2945 2096 3034 2166 qui
3094 2092 3406 2164 repromisit.
3462 2088 3605 2142 Nihil
3652 2087 3807 2142 enim

2216 2190 2493 2252 scruteris,
2526 2188 2601 2242 nil
2639 2187 2865 2242 rationis
2914 2194 3193 2256 exspectes
3244 2202 3256 2237 :
3292 2182 3396 2236 ﬁde
3435 2196 3570 2250 opus
3599 2181 3809 2233 habent

2215 2284 2330 2338 huic
2374 2281 2576 2345 omnia,
2620 2281 2744 2348 quia
2801 2280 2912 2331 sine
2959 2278 3063 2346 ﬁde
3104 2274 3418 2346 impossibile
3465 2283 3539 2327 est
3593 2271 3810 2342 placere

2214 2373 2346 2429 Deo.
2389 2372 2543 2425 Sicut
2570 2369 2711 2423 Deus
2741 2367 2915 2422 ﬁdelis
2944 2377 3026 2422 est
3055 2368 3106 2421 in
3139 2364 3423 2434 promissis
3450 2363 3583 2427 suis,
3613 2362 3688 2415 ita
3740 2360 3808 2414 ﬁ-

2217 2465 2365 2521 deles
2394 2463 2506 2516 vult
2552 2477 2652 2516 nos
2679 2476 2798 2515 esse
2830 2460 2883 2513 in
2923 2459 3203 2530 promissis
3233 2457 3455 2521 nostris,
3500 2470 3619 2523 qua:
3648 2453 3810 2507 vovi-

2218 2571 2360 2622 mus,
2391 2555 2604 2610 diabolo
2633 2551 3009 2607 contradicere
3053 2558 3106 2604 et
3137 2547 3354 2602 Christo
3380 2547 3577 2599 dicere.

2293 2647 2360 2700 Et
2397 2644 2781 2700 consideremus
2812 2642 3026 2694 invicem
3048 2640 3102 2692 in
3134 2637 3494 2709 provocatione
3530 2633 3814 2686 charitatis

2218 2752 2264 2796 et
2297 2741 2548 2794 bonorum
2590 2751 2823 2805 Operam,
2872 2749 2975 2785 non
3013 2730 3300 2783 deserentes
3334 2724 3685 2778 collectionem
3711 2739 3812 2775 no-

2218 2841 2406 2895 stram,
2456 2827 2590 2880 sicut
2637 2827 2711 2878 est
2761 2819 3152 2876 consuetudinis
3184 2813 3516 2887 quibusdam.
3558 2811 3696 2877 Quid
3722 2819 3813 2865 est

2219 2922 2581 2990 intelligamus
2605 2914 2862 2970 invicem?
2888 2913 2930 2967 si
2959 2911 3077 2980 quis
3115 2909 3277 2963 fuerit
3299 2907 3499 2960 virtute
3524 2903 3808 2973 praeditus.

2220 3016 2363 3068 hunc
2399 3011 2692 3070 imitemur,
2724 3014 2778 3060 et
2806 3003 3145 3059 intendamus
3175 3000 3226 3053 in
3254 3013 3397 3060 eum,
3431 3004 3489 3050 ut
3519 2995 3811 3065 diligamus

2220 3112 2274 3159 et
2299 3102 2619 3171 diligamur;
2651 3111 2717 3149 ex
2746 3093 3033 3148 dilectione
3061 3088 3256 3159 quippe
3286 3087 3422 3140 bona
3447 3099 3612 3153 opera
3645 3083 3807 3135 ﬁunt.

2148 3190 2191 3251 C
2226 3195 2472 3265 Magnum
2509 3191 2704 3260 quippe
2733 3180 2933 3240 bonum
2962 3192 3046 3238 est
3079 3178 3426 3250 congregatio
3453 3194 3465 3230 :
3500 3177 3615 3245 ipsa
3647 3190 3810 3227 nam-

2223 3299 2326 3354 que
2344 3282 2662 3337 charitatem
2683 3284 2934 3346 operatur
2958 3269 3335 3326 ferventiorem
3362 3277 3494 3321 etex
3521 3280 3582 3318 ea
3610 3270 3810 3317 cuncta

2221 3353 2360 3430 bona
2392 3385 2555 3440 opera
2590 3372 2932 3440 generantur.
2972 3359 3113 3415 Nihil
3145 3372 3377 3427 namque
3407 3357 3624 3417 bonum,
3661 3353 3810 3424 quod

2223 3481 2329 3520 non
2381 3478 2476 3531 per
2506 3460 2823 3515 eharitatem
2879 3456 2966 3515 lit;
3018 3454 3178 3508 istam
3231 3451 3393 3520 igitur
3422 3447 3811 3502 conﬁrmemns

2225 3555 2478 3615 invicem,
2522 3551 2647 3620 quia
2698 3544 2974 3618 plenitudo
3018 3543 3179 3612 Legis
3230 3539 3469 3594 eharitas
3519 3546 3622 3591 est.
3686 3536 3807 3590 Non

2225 3643 2369 3697 enim
2409 3639 2609 3694 laboris
2638 3651 2773 3707 opus
2801 3635 3062 3689 habemus
3101 3638 3193 3684 aut
3236 3628 3474 3692 sudoris;
3529 3627 3575 3680 si
3606 3625 3810 3680 dilexe-

2227 3733 2396 3786 rimus
2431 3730 2683 3792 invicem,
2734 3733 3031 3795 spontanea
3083 3720 3238 3776 nobis
3282 3720 3391 3773 vita
3440 3719 3813 3786 prosternitur

2227 3822 2429 3875 ducens
2477 3818 2544 3871 ad
2586 3816 2836 3868 virtutem
2880 3823 2931 3866 et
2963 3810 3030 3864 ad
3069 3807 3334 3863 ccelestia.
3376 3804 3531 3860 Sicut
3575 3805 3720 3858 enim
3752 3804 3808 3857 in

2227 3912 2420 3967 itinere
2447 3906 2731 3976 contingit,
2783 3903 2826 3957 si
2853 3903 2973 3972 quis
3023 3901 3235 3954 initium
3275 3895 3682 3966 comprehendit
3733 3909 3812 3950 re-

2229 4009 2372 4056 ctam
2402 3999 2568 4062 viam,
2600 3996 2813 4049 ducitur
2845 3993 2932 4046 ubi
2962 3997 3191 4060 oportet,
3223 3988 3302 4042 sic
3343 3987 3506 4042 etiam
3534 3987 3588 4039 in
3627 3987 3811 4040 chari-

2231 4101 2340 4147 tate
2396 4098 2600 4144 tantum
2648 4086 2827 4154 arripe
2859 4082 3218 4154 principium,
3251 4088 3305 4134 et
3345 4077 3528 4134 statim
3586 4090 3807 4132 manum

2232 4182 2328 4236 tibi
2367 4180 2637 4249 prmbens,
2680 4176 2794 4244 ipsa
2837 4183 2890 4228 te
2920 4173 3068 4228 ducit
3096 4183 3152 4226 et
3175 4171 3377 4236 dirigit.
3405 4167 3577 4232 Sicut,
3609 4169 3806 4238 inquit,

2231 4282 2304 4326 est
2342 4267 2733 4324 consuetudinis
2763 4263 3092 4336 quibusdam.
3124 4263 3181 4318 ln
3209 4262 3310 4316 hoc
3339 4261 3456 4322 loco
3497 4277 3605 4316 non
3635 4261 3806 4316 solum

2233 4361 2530 4422 admonuit,
2578 4356 2672 4413 sed
2713 4356 2878 4411 etiam
2919 4354 3153 4422 culpavit
3202 4362 3256 4407 et
3306 4353 3499 4405 terruit
3546 4351 3808 4405 unitatem

2233 4449 2516 4505 charitatis
2555 4446 2884 4502 scindentes.

2154 4536 2203 4594 D
2298 4539 2401 4596 Sed
2423 4538 2770 4601 consolantes,
2804 4546 2852 4589 et
2879 4545 3021 4588 tanto
3045 4537 3210 4603 magis
3233 4542 3428 4604 quanto
3459 4533 3690 4587 videritis
3715 4551 3810 4603 ap-

2229 4634 2659 4705 prOpinquantem
2684 4629 2840 4682 diem.
2866 4628 3036 4694 Quem
3072 4627 3212 4682 diem
3241 4627 3506 4696 designat,
3542 4626 3642 4680 nisi
3666 4626 3809 4681 diem

2224 4723 2438 4792 jndicii,
2494 4723 2549 4776 in
2603 4734 2709 4790 quo
2755 4718 3087 4790 singulorum
3148 4717 3339 4771 merita
3391 4717 3811 4771 examinantur?

2232 4814 2326 4869 Vel
2362 4815 2523 4867 etiam
2553 4822 2851 4866 extremum
2891 4809 3029 4863 diem
3066 4807 3188 4861 vitae
3235 4815 3458 4870 nostrae;
3491 4805 3624 4860 dicit
3662 4807 3808 4860 enim

2233 4905 2338 4960 alio
2370 4903 2487 4958 loco
2520 4920 2532 4955 ε
2575 4901 2824 4954 Dominus
2854 4915 3011 4968 prope
3053 4907 3150 4962 est,
3175 4896 3302 4948 nihil
3333 4895 3544 4949 solliciti
3566 4895 3722 4959 es:is,
3758 4896 3808 4950 id

2231 5007 2333 5060 est,
2366 4997 2431 5050 de
2472 4974 2739 5057 terrenis;
2767 4999 2821 5046 et
2851 4993 2980 5044 item
3007 5008 3021 5042 :

2302 5085 2456 5140 Nunc
2477 5086 2686 5154 propius
2727 5092 2802 5136 est
2846 5080 2991 5134 nobis
3012 5078 3155 5134 salus
3180 5086 3357 5132 nostra
3376 5094 3535 5147 quam
3560 5089 3675 5129 cum
3704 5093 3813 5131 cre-

2225 5180 2478 5241 didimus,
2527 5186 2724 5244 tempus
2757 5173 2942 5242 quippe
2985 5170 3337 5223 abbreviatum
3379 5178 3485 5229 est;
3515 5167 3808 5221 voluntarie

2232 5271 2370 5324 enim
2417 5265 2746 5336 peccantibus
2784 5261 2928 5314 nobis
2968 5268 3079 5330 post
3112 5267 3374 5327 acceptam
3405 5256 3643 5309 notitiam
3677 5258 3810 5310 veri-

2234 5359 2356 5412 tatis
2376 5357 2493 5427 jam
2531 5370 2634 5408 non
2664 5349 2973 5421 relinquitur
3002 5347 3169 5401 hostia
3206 5361 3300 5416 pro
3326 5345 3570 5416 peccatis.
3607 5343 3809 5414 Sponte

2233 5461 2468 5516 namque
2492 5442 2838 5514 peccantibus
2866 5439 3042 5500 nobis,
3077 5446 3359 5507 postquam
3387 5434 3697 5503 accepimus
3721 5448 3810 5487 ve-

2235 5539 2414 5595 ritatis
2443 5534 2795 5607 agnitionem,
2823 5529 2959 5583 ultra
3006 5543 3113 5581 non
3141 5525 3465 5594 relinquitur
3491 5524 3670 5578 hostia
3717 5537 3810 5594 pro

2235 5625 2492 5698 peccatis,
2528 5626 2668 5678 sicut
2692 5622 2745 5676 in
2777 5619 2943 5674 veteri
2972 5617 3115 5687 Lege
3147 5617 3407 5670 donatum
3457 5613 3561 5667 fuit
3607 5613 3808 5667 hostias

2234 5721 2428 5777 oﬁ‘erre
2457 5719 2649 5787 saepius
2669 5731 2765 5785 pro
2791 5719 3030 5782 peccato.
3064 5709 3247 5779 Neque
3267 5710 3410 5765 enim
3431 5708 3684 5764 Christus
3701 5711 3810 5779 ipse
