3960 6344
210 332 316 389 855

1316 324 1618 382 ΠΟΜΙΙΔᾹΞ
1653 322 1718 378 ιΝ
1759 323 1971 381 EPIST.
2011 325 2098 381 ET
2136 325 2390 381 EVANG.

3359 323 3462 379 456

214 443 413 498 iterum
465 439 826 496 immolandos
871 445 955 494 est
995 451 1095 509 pro
1143 436 1382 508 peccatis
1427 435 1647 501 nostris,
1691 434 1796 489 hoc
1821 436 1998 502 Alius
2033 435 2312 508 Scriptura
2340 437 2513 492 dicit:
2544 439 2783 494 Accedite
2816 438 2887 492 ad
2917 455 3055 504 eum,
3106 449 3151 494 et
3201 440 3471 500 illumina-

215 535 362 590 cuim
412 533 580 588 semel
609 534 807 587 factum
850 541 954 597 est,
997 541 1053 587 et
1104 530 1342 586 secundo
1386 545 1492 584 non
1517 536 1600 584 est
1624 543 1795 597 opus;

216 626 313 681 sed
360 625 535 695 magis
562 639 696 694 opus
739 631 820 678 est
861 631 984 694 post
1012 631 1288 693 acceptam
1327 622 1553 693 gratiam
1585 635 1800 690 perma-

215 730 350 770 nere
380 715 436 768 in
466 713 572 768 fide
597 724 651 767 et
679 713 943 768 charitate
983 713 1246 767 bonorum
1277 726 1522 782 operum.
1565 711 1800 765 Arbores

216 821 341 876 qua:
391 804 654 859 institutae
683 811 809 859 sunt
847 812 900 858 et
934 812 1185 858 catteram
1225 802 1526 866 habuerunt
1572 801 1800 871 diligen-

215 897 353 949 tiam
382 893 756 965 agricolarum,
792 893 1091 948 adhibitam
1124 893 1370 947 manibus
1397 900 1559 960 atque
1597 889 1798 944 labori-

215 987 340 1054 bus,
374 987 422 1041 si
457 986 656 1040 nullam
701 984 942 1040 referant
985 985 1188 1040 laboris
1227 984 1676 1049 vicissitudinem,
1716 997 1801 1036 ra~

211 1080 416 1133 dicitus
447 1077 664 1142 evulsas,
713 1077 820 1148 igni
855 1077 1169 1131 tradentur:
1204 1076 1310 1130 tale
1351 1075 1608 1145 quiddam
1647 1085 1701 1128 et
1746 1075 1799 1127 in

212 1185 382 1225 causa
438 1170 702 1242 contingit
755 1169 1135 1240 baptismatis;
1186 1184 1308 1223 cum
1360 1167 1506 1222 enim
1554 1165 1801 1220 Christus

210 1277 315 1316 nos
346 1261 642 1316 instituerit
680 1269 734 1315 et
784 1261 1112 1331 irrogatione
1149 1258 1380 1328 spiritali
1425 1257 1580 1327 potiti
1637 1257 1801 1312 fueri-

210 1364 363 1416 mus,
392 1350 438 1404 si
469 1349 893 1405 deinde'nullum
921 1349 1154 1403 fructum
1179 1347 1488 1410 afferamus,
1522 1346 1664 1416 ignis
1704 1361 1801 1400 nos

211 1439 556 1509 exspectabit
577 1441 838 1510 gehenna:
849 1438 1128 1494 etllamma
1161 1438 1637 1508 inexstinguibilis.
1659 1439 1798 1493 Pau-

209 1530 298 1585 lus
326 1530 495 1600 igitur
520 1530 770 1584 hortatur
796 1529 863 1583 ad
889 1528 1210 1584 charitatem
1249 1537 1303 1582 et
1332 1527 1800 1583 fructificationem

208 1619 481 1674 bonorum
505 1634 752 1688 operum,
783 1633 845 1672 ex
878 1618 1098 1673 utilibus
1119 1618 1373 1674 invitans.
1406 1618 1535 1685 Qua:
1565 1626 1690 1672 sunt
1713 1635 1802 1672 au-

210 1718 323 1764 tem
353 1711 470 1764 haec
492 1710 666 1774 utilia,
697 1710 953 1778 quoniam
984 1709 1267 1763 introitum
1303 1710 1567 1764 habemus
1589 1710 1653 1763 ad
1681 1725 1802 1763 san-

1898 526 2050 593 mini,
2077 536 2133 582 ct
2176 537 2391 582 czetera.
2440 527 2712 583 Exeuntes
2759 529 3006 585 videlicet
3052 545 3173 585 cum
3213 532 3474 605 magistro

1899 632 1998 674 suo
2038 619 2270 684 diabOlo,
2319 619 2387 674 de
2435 636 2539 690 quo
2569 623 2830 692 scriptum
2854 631 2937 678 est
2979 641 2992 678 :
3026 623 3202 677 Exivit
3230 621 3396 679 Satan
3441 643 3474 679 α

1899 707 2032 776 facie
2064 709 2296 762 Domini.
2325 707 2613 763 Consilium
2643 711 2871 780 fecerunt
2897 712 3154 779 quomodo
3177 713 3333 766 vitam
3360 730 3476 785 per-

1899 800 2097 855 derent.
2129 800 2247 855 Non
2294 803 2560 869 quomodo
2599 801 2762 855 vitam
2810 803 2909 871 ipsi
2953 803 3274 858 invenirent.
3322 803 3476 870 Quod

1900 898 2075 942 autem
2105 891 2334 944 Domino
2379 891 2547 960 iniqui
2597 891 2890 945 moliuntur
2943 892 3183 957 insidias,
3239 892 3378 948 livor
3418 893 3472 949 in

1900 994 2060 1034 causa
2088 989 2171 1036 est
2195 999 2206 1033 :
2241 981 2368 1051 quid
2397 983 2539 1036 enim
2569 980 2776 1036 fecerat
2804 993 2860 1036 ut
2884 982 3184 1039 Pharisazos
3211 985 3279 1038 ad
3306 985 3469 1039 intero

1900 1067 2188 1122 lectionem
2230 1071 2312 1123 sui
2355 1070 2714 1139 provocarat?
2758 1069 2959 1140 Nempe
3009 1071 3153 1140 quod
3192 1078 3350 1126 homo
3376 1087 3474 1126 ex-

1903 1161 2150 1214 tenderat
2176 1175 2412 1214 manum.
2469 1161 2601 1227 Quis
2640 1161 2782 1216 enim
2836 1162 3230 1216 Pharisaeorum
3282 1165 3339 1216 in
3389 1163 3477 1217 die

1903 1248 2122 1304 Sabbati
2156 1265 2260 1303 non
2285 1251 2600 1309 extenderat
2639 1267 2877 1317 manum,
2900 1260 3123 1322 portans
3147 1253 3316 1318 cibos,
3348 1253 3479 1308 cali-

1901 1357 2016 1396 cem
2034 1343 2334 1412 porrigens,
2351 1350 2404 1396 et
2431 1350 2623 1396 cattera
2648 1357 2770 1412 qua:
2793 1343 2957 1396 victui
2985 1342 3291 1398 necessaria
3321 1337 3483 1397 sunt?

1901 1432 1957 1487 Si
1987 1448 2115 1504 ergo
2153 1449 2369 1488 manum
2397 1435 2688 1489 extendere
2715 1443 2768 1488 et
2795 1435 3045 1489 alimenta
3080 1435 3359 1490 sublevare
3395 1437 3479 1492 vel

1900 1536 2084 1595 potum
2106 1527 2159 1580 in
2185 1527 2407 1581 sabbato
2431 1543 2535 1581 non
2563 1535 2646 1581 est
2674 1528 2936 1592 criminis,
2965 1543 3062 1582 cur
3091 1514 3194 1583 hoc
3238 1528 3364 1582 mali
3393 1544 3479 1582 ar-

1901 1625 2060 1686 guunt
2088 1618 2229 1686 quod
2255 1618 2354 1685 ipsi
2377 1627 2640 1688 coguntur
2669 1617 2864 1683 facere,
2905 1619 3206 1689 praesertim
3232 1634 3354 1673 cum
3378 1619 3479 1674 iste

1903 1708 2276 1760 crementur-ius
2298 1708 2430 1760 nihil
2455 1708 2557 1762 tale
2583 1710 2901 1792 portaverit,
2934 1709 3027 1763 sed
3054 1710 3119 1762 ad
3146 1717 3478 1780 praeceptum

209 1807 322 1863 cta,
355 1800 627 1855 dedicavit
653 1801 808 1854 nobis
834 1799 976 1852 viam
1019 1814 1250 1864 novam;
1294 1808 1578 1869 postquam
1606 1815 1670 1853 ex
1701 1797 1800 1853 uti-
1831 1783 1874 1842 Β
1903 1794 2114 1848 Domini
2142 1794 2343 1848 salvam
2369 1783 2683 1850 extenderet
2713 1811 2952 1861 manum.
3008 1813 3181 1866 neque
3219 1799 3362 1852 ellim
3395 1799 3482 1853 ille

207 1886 353 1943 libus
383 1887 615 1943 mutavit
663 1888 730 1942 ad
775 1902 940 1957 opera
975 1886 1136 1952 bona,
1185 1888 1298 1940 vult
1343 1887 1504 1941 etiam
1551 1903 1692 1942 nunc
1733 1902 1800 1942 ex

207 1980 520 2036 metuendis
549 1988 605 2035 et
648 1979 892 2034 tristibus
947 1979 1178 2048 idipsum
1228 1979 1356 2034 item
1393 1979 1602 2045 facere;
1648 1990 1800 2050 post-

209 2085 376 2139 quam
420 2070 565 2124 enim
607 2069 746 2124 dixit
779 2091 792 2124 ;
840 2068 963 2124 Non
989 2069 1409 2140 derelinquamus
1435 2071 1786 2140 congregatio-

208 2174 328 2213 nem
357 2168 613 2224 nostram,
637 2158 1074 2229 quemadmodum
1095 2158 1403 2229 quibusdam
1436 2177 1560 2213 usus
1583 2171 1680 2224 est;
1711 2162 1800 2214 scd

207 2247 549 2302 exhortantes
571 2244 714 2301 tanti)
729 2246 951 2316 amplius
966 2257 1162 2317 quanto
1178 2247 1362 2301 videtis
1385 2249 1805 2319 appropinquan-

209 2345 315 2389 tem
359 2335 523 2400 diem,
554 2334 738 2390 intulit
764 2335 950 2390 dicens
975 2353 987 2388 :
1038 2334 1242 2405 Sponte
1271 2352 1504 2405 namque
1533 2339 1805 2405 peccanti-

207 2427 316 2482 bus
352 2427 510 2482 nobis
532 2435 815 2496 postquam
843 2427 1151 2497 accepimus
1180 2427 1508 2497 agnitionem
1537 2429 1801 2493 veritatis,

211 2515 374 2589 [opus
384 2526 489 2582 est,
507 2517 699 2586 inquit,
716 2517 871 2572 bonis
886 2517 1160 2586 operibus;
1178 2532 1311 2586 opus
1320 2527 1402 2571 est
1419 2518 1562 2570 enim
1578 2526 1633 2572 et
1651 2518 1805 2572 valde

206 2623 352 2677 opus
382 2626 394 2661 :
447 2615 641 2676 sponte
674 2621 910 2677 namque
936 2608 1287 2682 peccantibus
1322 2608 1478 2661 nobis
1517 2619 1804 2677 postquam

207 2697 526 2767 accepimus
552 2696 799 2751 veritatis
835 2695 1184 2768 agnitionem]
1224 2697 1364 2751 ultra
1397 2713 1502 2752 non
1549 2699 1806 2768 relinqui-

210 2794 304 2841 tur
337 2787 512 2841 hostia
543 2802 644 2858 pro
671 2789 929 2857 peccatis.
963 2787 1250 2842 Mundatus
1279 2803 1358 2852 es,
1392 2789 1528 2843 liber
1553 2805 1612 2844 es
1641 2805 1671 2843 a
1694 2790 1801 2845 cri-

208 2876 475 2943 minibus,
505 2875 681 2932 factus
709 2892 768 2932 es
795 2877 937 2932 fiiius
960 2877 1085 2942 Dei;
1121 2877 1167 2932 si
1191 2878 1258 2932 ad
1285 2879 1516 2948 primum
1544 2879 1803 2933 vomitum

207 2981 469 3022 reversus
491 2965 678 3033 fueris,
710 2967 855 3023 aliud
882 2977 933 3021 te
958 2975 1235 3037 exspectat
1258 2968 1543 3036 judicium,
1575 2970 1678 3022 nisi
1706 2984 1805 3039 per

206 3058 588 3128 panitentiam
639 3068 928 3115 renovatus
985 3055 1173 3113 fueris.
1221 3058 1349 3113 ldeo
1404 3059 1801 3129 subsequenter

209 3148 295 3203 ait
320 3165 336 3203 ;

291 3237 560 3292 Terribilis
607 3247 780 3292 autem
812 3238 1053 3310 qua'dam
1104 3238 1420 3308 exspectatio
1438 3237 1634 3307 judicii
1670 3238 1804 3309 ignis

208 3329 484 3384 wmulatio
508 3345 630 3400 qua?
660 3340 1031 3401 consumptum
1059 3337 1134 3382 est
1174 3330 1525 3383 adversarios.
1596 3329 1654 3383 In
1703 3331 1806 3384 hoc

209 3437 325 3475 non
389 3422 766 3491 paenitentiam
816 3423 1075 3488 exclusit,
1137 3438 1312 3494 neque
1365 3424 1802 3493 propitiationem

207 3527 340 3583 quae
378 3512 439 3566 fit
467 3527 564 3582 per
590 3513 996 3583 ptenitentlam;
1027 3527 1203 3583 neque
1230 3513 1438 3583 repellit
1481 3529 1577 3582 per
1615 3515 1804 3583 (ἰοδνε-

210 3605 486 3658 rationem
499 3603 898 3672 delinquentem
916 3623 929 3658 :
949 3620 1055 3659 non
1086 3606 1232 3669 enim
1256 3607 1328 3660 ita
1342 3608 1692 3662 estinimicus
1720 3624 1807 3662 sa-

209 3695 348 3749 lutis
379 3702 576 3750 nostra}
623 3704 682 3749 ut
727 3696 949 3750 secundi
997 3697 1338 3766 baptismatis
1365 3697 1662 3762 lavacrum,
1705 3699 1807 3752 hoc

210 3797 302 3842 cst
326 3785 679 3856 paenitentiae,
711 3786 981 3841 excludat.
1015 3785 1132 3840 Non
1183 3788 1329 3840 enim
1359 3787 1514 3852 dixit,
1563 3786 1680 3841 Non
1723 3797 1799 3842 est

213 3878 364 3933 ultra
396 3877 749 3947 poenitentia;
781 3891 956 3946 neque
985 3876 1142 3942 dixit,
1177 3875 1329 3931 Ultra
1357 3892 1465 3931 non
1498 3888 1582 3931 est
1618 3879 1808 3932 remis-

212 3969 332 4033 sio;
363 3966 458 4022 sed
487 3965 700 4033 Hostia,
727 3966 925 4037 inquit,
957 3965 1099 4020 ultra
1133 3983 1236 4022 non
1275 3976 1370 4033 est,
1419 3966 1523 4023 hoc
1551 3978 1635 4024 est
1675 3982 1808 4023 crux

211 4057 456 4114 secunda
486 4056 627 4111 ultra
657 4071 764 4113 non
791 4065 913 4112 est:
945 4073 1050 4111 una
1080 4071 1311 4127 namque
1333 4057 1564 4127 perfecit
1603 4058 1657 4112 in
1687 4073 1812 4129 per.

211 4158 442 4222 petuum
488 4162 583 4202 eos
627 4147 1198 4217 qui-sanctiﬁcantur,
1259 4161 1364 4201 non
1405 4146 1546 4201 sicut
1601 4145 1803 4212 Judaei;

211 4251 416 4297 cautos
445 4254 544 4292 nos
571 4237 756 4293 volens
806 4236 1036 4302 efﬁcere,
1086 4252 1153 4292 ne
1182 4237 1320 4291 ultra
1351 4237 1432 4292 vel
1460 4237 1658 4293 Christi
1686 4254 1809 4294 cru-

214 4347 342 4386 cem
373 4329 456 4384 vel
485 4330 690 4384 hostias
715 4327 966 4382 Judaicas
990 4339 1365 4398 exspectemus
1405 4344 1504 4399 pro
1539 4330 1807 4401 peccatis,

214 4430 279 4478 et
307 4422 616 4492 quicunque
642 4419 974 4490 pamitentize
1004 4421 1457 4476 medicamentum
1486 4424 1806 4493 neglexerit,

217 4514 370 4586 ignis
389 4511 659 4567 mmulatio
684 4511 963 4566 devorabit
991 4526 1134 4567 eum.
1161 4511 1504 4584 Quapropter
1525 4516 1808 4585 unusquis-

215 4617 334 4675 que
365 4603 430 4657 ad
454 4601 805 4672 paenitentiae,
834 4602 959 4655 dum
989 4611 1202 4672 tempus
1230 4603 1412 4668 habet,
1451 4606 1805 4658 medicamen-

217 4704 344 4749 tum
377 4692 668 4764 confugiat,
717 4707 787 4748 ne
832 4692 939 4764 igni
970 4693 1216 4747 tradatur
1241 4704 1464 4760 aeterno,
1494 4695 1618 4765 quia
1654 4694 1810 4763 juxta

217 4798 400 4840 sacra:
448 4783 743 4854 Scriptura:
803 4785 1163 4851 sententiam,
1210 4784 1314 4850 Qui
1361 4787 1494 4840 bona
1553 4797 1764 4856 egerunt
1794 4826 1809 4852 ,

215 4877 379 4933 ibunt
417 4877 487 4928 ad
516 4878 673 4930 vitam
710 4885 992 4930 aeternam:
1030 4877 1120 4946 qui
1147 4893 1264 4930 vero
1313 4877 1452 4932 mala
1495 4888 1728 4948 egerunt,
1756 4879 1812 4932 in

219 4967 548 5038 supplicium
576 4976 850 5022 retentum.

797 5057 1077 5115 HOMILIA
1112 5056 1289 5113 CLXI.

709 5169 729 5183 κ
804 5162 936 5201 ιτειι
971 5162 1130 5201 FEBIA
1171 5162 1244 5200 ιν.

299 5238 490 5296 Lectio
528 5238 700 5293 sancti
741 5237 1014 5309 Evangelii
1055 5239 1351 5301 secundum
1397 5236 1727 5293 Matthreum.

297 5330 374 5386 In
401 5329 493 5384 illo
528 5326 757 5399 tempore
784 5341 1027 5385 exeuntes
1055 5326 1316 5383 Pharisaei
1344 5330 1618 5383 consilium
1648 5331 1814 5400 {acie-

223 5425 360 5481 bant
388 5422 667 5476 adversum
692 5420 898 5489 Iesum,
930 5423 1187 5493 quomodo
1225 5439 1341 5476 eum
1369 5422 1662 5491 perderent,
1708 5432 1814 5477 etc.

300 5511 575 5566 Exeuntes
605 5523 699 5565 eos
727 5511 880 5578 dicit,
927 5527 1034 5566 non
1082 5513 1362 5577 adeuntes,
1394 5511 1476 5567 vel
1531 5514 1819 5583 appropin-

226 5611 487 5676 quantes,
519 5601 653 5672 quia
676 5617 860 5658 eorum
889 5619 1042 5659 meus
1066 5619 1233 5675 prava
1266 5617 1480 5672 semper
1523 5619 1554 5657 a
1592 5605 1818 5661 Domino

229 5709 427 5754 aversa
475 5693 602 5755 fuit,
637 5707 734 5747 nec
771 5695 1112 5763 pertinebant
1139 5695 1204 5750 ad
1244 5707 1432 5749 eorum
1461 5703 1662 5749 sortem
1695 5696 1812 5765 qui-

1903 1886 1995 1954 qui
2035 1887 2213 1940 dixit:
2259 1886 2325 1939 Et
2375 1886 2517 1954 facta
2561 1897 2682 1940 sunt
2725 1889 2923 1952 omnia,
2955 1887 3190 1943 Sabbato
3237 1888 3485 1945 laborare

1902 1985 2114 2047 poterat
2139 1977 2406 2031 convinci.

1970 2069 2124 2123 Jesus
2176 2078 2348 2122 autem
2388 2069 2579 2134 sciens,
2624 2070 2831 2123 secessit
2858 2067 3216 2135 inde.,Sclens
3260 2070 3484 2128 insidias

1902 2175 2110 2222 eorum,
2138 2161 2280 2230 quod
2311 2160 2508 2216 vellent
2539 2162 2763 2230 perdere
2804 2160 3138 2216 SalvatOrcm
3171 2177 3346 2228 suum,
3401 2181 3485 2221 re-

1903 2251 2068 2304 cessit
2097 2251 2241 2316 inde,
2267 2258 2330 2304 ut
2357 2249 2646 2305 Pharisazis
2675 2258 2864 2304 contra
2909 2266 2968 2305 se
3001 2252 3292 2321 impietatis
3319 2269 3483 2308 occa-

1904 2339 2111 2394 sionem
2145 2338 2403 2395 auferret.
2438 2339 2675 2394 Secessit
2705 2341 2858 2408 quasi
2898 2341 3080 2406 homo,
3113 2343 3322 2413 fugiens
3366 2358 3484 2411 per-

1905 2429 2244 2498 sequentium
2273 2428 2518 2494 insidias,
2550 2428 2675 2499 quia
2707 2443 2877 2498 ncque
2898 2429 3075 2483 adhuc
3107 2439 3328 2484 venerat
3353 2431 3482 2484 liora

1903 2520 2172 2588 passionis
2197 2521 2334 2590 ejus,
2363 2535 2537 2590 neque
2561 2529 2712 2575 extra
2741 2518 3035 2576 Jerusalem
3062 2519 3162 2574 fuit
3189 2520 3338 2575 lucus
3355 2536 3486 2590 pas-

1904 2613 2092 2667 sionis.
2125 2613 2362 2668 Secessit
2390 2613 2598 2685 fugiens
2627 2629 2745 2668 sese
2785 2614 2908 2668 odio
2939 2623 3353 2684 persequentes,
3392 2615 3487 2670 sed

1905 2705 1977 2759 ibi
2003 2706 2234 2760 accessit
2259 2706 2344 2760 ubi
2371 2705 2554 2774 plures
2580 2706 2785 2761 invenit
2825 2721 2944 2762 sese
2988 2722 3084 2775 per
3109 2723 3351 2763 amorem
3396 2724 3485 2764 se-

1903 2803 2150 2864 quentes.
2184 2794 2317 2848 Nam
2352 2795 2601 2850 subditur
2626 2812 2638 2847 :

1975 2885 2043 2939 Et
2068 2887 2231 2940 secuti
2265 2895 2383 2940 sunt
2437 2903 2552 2940 eum
2601 2885 2772 2951 multi,
2817 2895 2863 2939 et
2909 2889 3110 2940 curavit
3157 2905 3242 2941 eos
3289 2905 3487 2943 omnes.

1906 2976 2046 3031 Ecce
2090 2976 2370 3042 Pliarismi,
2425 2977 2664 3045 magistri
2708 2975 2955 3031 videlicet
3002 2976 3195 3044 plebis,
3246 2977 3490 3032 unanimi

1908 3069 2197 3123 Dominum
2222 3069 2448 3123 consilio
2490 3067 2719 3138 perdere
2746 3077 3026 3137 quaerunt;
3059 3076 3114 3122 at
3151 3069 3303 3123 turba
3333 3070 3488 3124 indo-

1833 3129 1879 3194 Ο
1909 3168 1994 3214 cta
2015 3166 2069 3214 et
2108 3159 2298 3230 vulgus
2325 3160 2678 3227 undecunque
2723 3158 3006 3213 collectum
3050 3159 3289 3212 unanimi
3343 3159 3491 3214 illum

1908 3248 2191 3302 dilectione
2243 3256 2561 3317 sequuntur.
2616 3246 2693 3300 llli
2747 3247 2991 3302 videntes
3018 3261 3183 3316 opera
3228 3249 3488 3302 virtutum

1905 3336 2042 3405 ejus,
2072 3346 2126 3392 et
2155 3338 2312 3390 verba
2343 3337 2601 3391 doctrinae
2631 3334 2937 3402 audientes,
2964 3337 3096 3390 nihil
3127 3337 3356 3406 amplius
3383 3338 3492 3392 dis-

1905 3443 2030 3481 cere
2059 3443 2220 3496 quam
2250 3436 2310 3481 ut
2349 3442 2472 3481 eum
2519 3438 2996 3496 persequerentur,
3046 3429 3330 3494 volebant;
3380 3430 3491 3495 isti,

1907 3517 2156 3586 opinione
2189 3524 2395 3570 tantum
2430 3516 2576 3571 ducti
2605 3517 2864 3571 virtutum
2920 3517 3059 3586 ejus,
3091 3529 3352 3590 congesto
3395 3535 3492 3591 ag-

1909 3608 2052 3662 mine
2078 3608 2415 3676 permaximo
2440 3609 2664 3661 veniunt
2695 3608 2762 3662 ad
2792 3608 3116 3663 audiendum
3140 3624 3287 3676 eum,
3308 3625 3492 3680 opem-

1907 3711 2012 3765 que
2036 3697 2225 3751 salutis
2255 3696 2621 3766 flagitandam.

1978 3786 2046 3839 Et
2095 3787 2339 3857 pra’cepit
2373 3788 2446 3841 eis
2474 3802 2536 3840 ne
2563 3787 2903 3857 manifestum
2929 3805 3045 3841 eum
3077 3789 3326 3858 facerent.
3350 3789 3494 3844 Prae-

1909 3875 2051 3946 cepit
2099 3877 2242 3929 enim
2285 3876 2406 3941 hoc,
2455 3891 2560 3930 non
2605 3885 2827 3946 propter
2866 3877 3113 3932 timorem
3157 3879 3382 3943 mortis,
3426 3865 3493 3934 ne

1909 3965 2047 4020 forte
2074 3966 2320 4036 proditus
2349 3965 2460 4035 jam
2489 3967 2849 4031 occide.etur,
2881 3967 2970 4021 cui
2996 3976 3113 4021 erat
3146 3968 3195 4020 in
3227 3976 3491 4037 potestate

1910 4058 2086 4113 anima
2117 4074 2235 4123 sua,
2294 4058 2386 4113 sed
2429 4059 2701 4127 parcendo
2756 4057 2975 4126 Iudaeis,
3026 4075 3094 4114 ne
3139 4059 3238 4128 ipsi
3291 4060 3491 4114 invidia

1910 4147 2315 4202 trucidarentur
2361 4149 2702 4203 innocentem
2753 4151 3143 4219 persequendo.
3182 4151 3257 4206 De
3298 4152 3494 4220 quibus

1910 4238 2038 4292 alibi
2069 4237 2285 4308 legitur,
2309 4255 2424 4292 rere
2451 4238 2636 4292 stultos
2675 4239 2920 4307 interﬁcit
2958 4241 3253 4305 iracundia,
3296 4252 3343 4294 et
3370 4259 3494 4312 par-

1910 4328 2060 4382 vulos
2106 4329 2292 4382 occidit
2327 4329 2543 4383 invidia.
2601 4328 2711 4384 Nos
2760 4338 2961 4394 autem,
3010 4330 3354 4402 tropologice,
3408 4333 3493 4386 in-

1913 4419 2093 4485 struit,
2131 4427 2190 4473 ut
2217 4434 2338 4472 cum
2387 4418 2588 4488 aliquid
2617 4420 2794 4490 magni
2822 4418 3128 4485 fecerimus,
3176 4421 3388 4478 laudem
3415 4422 3496 4478 fo-

1899 4510 2153 4574 _rinsecus
2181 4525 2284 4564 non
2321 4525 2642 4578 quaeramus.

1988 4597 2054 4653 Ut
2105 4599 2478 4670 adimpleretur
2512 4600 2652 4671 quod
2695 4595 2889 4655 dictum
2937 4612 3009 4655 est
3037 4620 3128 4672 per
3153 4601 3351 4658 Isaiam
3375 4622 3495 4670 pro-

1913 4698 2120 4767 phetam
2149 4697 2398 4750 dicentem
2431 4714 2444 4750 :
2487 4696 2622 4753 Ecce
2653 4713 2784 4767 puer
2803 4713 2967 4762 meus,
3001 4715 3151 4768 quem
3179 4700 3325 4769 elegi,
3358 4700 3493 4754 dile-

1917 4799 2030 4840 ctus
2069 4803 2213 4841 meus
2246 4788 2300 4840 in
2329 4803 2428 4855 quo
2460 4786 2583 4840 bene
2612 4785 2920 4852 complacuit
2944 4789 3134 4841 animte
3163 4805 3310 4841 mete.
3341 4789 3492 4856 Quod

1920 4878 2063 4930 enim
2089 4878 2346 4947 propheta
2377 4877 2442 4931 de
2465 4876 2555 4930 illo
2580 4875 2818 4929 futurum
2841 4877 3107 4947 pmdixit,
3139 4894 3354 4934 necesse
3377 4891 3495 4935 erat

1922 4968 1975 5022 in
2009 4969 2126 5037 ipso
2167 4967 2402 5039 impleri,
2456 4975 2516 5021 ut
2545 4967 2850 5022 innocentia
2901 4977 2954 5023 et
2999 4975 3351 5025 mansuetudo
3378 4971 3495 5039 ejus

1920 5074 2106 5114 verum
2154 5059 2529 5129 comprobaret
2584 5059 2966 5128 prophetarum
3009 5059 3304 5114 oraculum.
3355 5059 3496 5116 Puer

1921 5165 2050 5219 ergo
2079 5148 2291 5202 Domini
2317 5157 2400 5202 est
2421 5145 2599 5213 Jesus,
2630 5149 2755 5216 quia
2787 5146 3014 5201 formam
3039 5149 3180 5202 servi
3209 5151 3415 5218 accepit
3442 5159 3497 5206 et

1921 5241 2106 5296 habitu
2136 5240 2382 5295 inventus
2407 5249 2491 5294 est
2518 5247 2574 5293 ut
2601 5241 2760 5294 homo
2777 5257 2791 5304 ;
2811 5240 2904 5294 sed
2931 5249 3106 5294 tamen
3129 5240 3351 5304 electus,
3372 5243 3496 5311 quia

1919 5331 2048 5401 ipse,
2090 5330 2229 5382 sicut
2278 5329 2554 5398 Scriptura
2603 5329 2753 5394 dicit,
2799 5327 2988 5382 electus
3018 5339 3190 5383 estea:
3241 5331 3493 5396 millibus,

1919 5437 2080 5477 verus
2123 5421 2329 5476 scilicet
2359 5421 2525 5475 David
2546 5461 2561 5488 ,
2597 5422 2680 5474 vir
2710 5421 3001 5476 secundum
3031 5438 3126 5477 cor
3165 5423 3377 5477 Domini
3416 5424 3497 5476 in-

1921 5520 2131 5576 ventus,
2169 5511 2257 5579 qui
2285 5507 2412 5564 fecit
2441 5526 2629 5565 omnes
2666 5511 2970 5566 voluntates
3001 5510 3137 5580 ejus.
3169 5511 3386 5566 Electus
3413 5522 3496 5565 est

1917 5603 2061 5656 enim
2107 5602 2161 5655 in
2203 5617 2339 5671 opus
2382 5602 2524 5671 quod
2552 5617 2711 5656 nemo
2742 5602 2877 5656 alius
2925 5602 3074 5668 fecit,
3120 5613 3178 5656 ut
3209 5602 3505 5657 redimeret

1920 5707 2088 5765 gntus
2166 5692 2457 5746 humanum
2539 5700 2593 5747 et
2663 5691 2974 5762 pacificaret
3050 5691 3308 5748 mundum
3370 5706 3498 5748 cum
