3960 6344
497 346 600 405 ιδδ

1138 349 1196 403 Β.
1242 350 1492 405 RABANI
1534 350 1752 406 MAUltl
1790 346 2074 404 AllClllEi

2188 346 2464 406 IOGUNT.
2506 348 2794 407 OPERUM
2835 352 3014 408 PARS
3052 353 3115 407 ll.

3659 351 3761 411 456

496 463 624 520 lieo.
668 470 892 535 Quando
920 470 1062 521 cnim
1097 468 1210 536 ipsc
1245 468 1480 539 eligitur,
1514 471 1674 524 homo
1703 478 1821 531 cst;
1866 469 2084 537 quando
2113 468 2163 527 Α
2191 464 2335 519 bitur
2361 466 2587 527 insidiis,
2622 468 2792 521 donec
2823 475 2989 536 ponat
3020 468 3074 521 in
3112 476 3256 523 terra
3278 469 3639 537 judicium,et
3664 473 3759 528 ltu-

494 560 661 629 t-ligit,
691 559 831 613 Deus
856 568 938 613 cst
968 578 979 612 :
1018 577 1070 612 ιιι
1098 560 1304 614 duabus
1326 561 1543 629 quidem
1583 561 1793 614 naturis
1819 575 1925 614 una
1961 575 2083 630 per-
2168 558 2517 627 pleaturillud
2548 560 2692 628 quod
2722 559 2983 628 scriptum
3008 568 3122 614 est:
3146 558 3264 613 Fiat
3297 562 3533 616 roluntas
3561 574 3643 618 tua
3664 566 3760 621 sic-

492 661 624 704 snna
655 660 736 705 est
780 648 1049 705 Christus.
1094 651 1152 705 ln
1196 652 1313 720 ipso
1352 656 1533 705 autem
1573 650 1709 705 bene
1756 650 2083 717 complacuit

493 742 597 797 sibi
633 741 812 795 anima
843 741 956 807 Dei,
1000 742 1122 810 quia
1157 741 1274 811 ipse
1303 741 1448 796 solus
1485 749 1568 796 est
1610 741 1794 811 Agnus
1817 742 1931 795 sine
1955 756 2084 811 pec-

492 832 597 886 cati
631 831 862 895 macula,
894 831 959 887 de
986 848 1093 902 quo
1139 841 1195 887 et
1236 840 1459 900 paterna
1490 848 1595 886 vos
1637 832 1810 887 dicit:
1859 832 1963 885 llic
2006 843 2082 886 est

491 924 664 978 Filius
694 943 837 979 meus
878 925 1118 989 dilectus,
1152 927 1205 979 in
1232 942 1333 995 quo
1376 925 1503 978 mihi
1530 926 1653 978 bene
1696 924 2007 995 complacui.

566 1013 764 1067 Ponant
794 1016 1036 1088 spiritum
1068 1033 1233 1069 meum
1269 1034 1426 1084 super
1455 1033 1571 1068 eum
1602 1026 1648 1067 et
1672 1016 1935 1086 judicium
1958 1034 2082 1086 gett-

488 1105 623 1159 tibus
652 1106 932 1158 nuntiabit.
996 1106 1069 1159 lix
1101 1121 1326 1173 persona
1367 1105 1544 1159 Patris
1590 1108 1689 1159 hoc
1729 1123 1826 1176 per
1852 1108 2082 1177 prophe-

488 1204 597 1246 tam
639 1193 863 1258 dicitur;
896 1194 1117 1261 spiritus
1147 1195 1345 1263 quippe
1380 1196 1601 1264 ponitur
1647 1212 1753 1249 non
1796 1211 1957 1263 super
1984 1196 2079 1250 Dei

488 1283 744 1348 Verbum,
784 1295 838 1339 et
878 1303 1040 1354 super
1092 1287 1437 1355 Unigenitum
1483 1289 1575 1358 qui
1630 1290 1697 1344 dc
1742 1290 1861 1344 sinu
1902 1290 2081 1345 Patris

484 1376 771 1445 processit,
810 1377 903 1429 sed
931 1392 1094 1445 super
1136 1392 1260 1430 eum
1304 1378 1369 1431 de
1411 1394 1519 1446 quo
1549 1379 1750 1432 dictum
1780 1391 1863 1433 est
1896 1398 1909 1433 :
1948 1379 2082 1433 Ecce

484 1483 612 1519 uuer
640 1484 818 1530 meus;
846 1477 905 1521 et
943 1469 1071 1521 item
1118 1482 1131 1520 :
1178 1467 1495 1538 Requiescet,
1532 1469 1727 1538 inquit,
1759 1487 1915 1541 super
1961 1488 2080 1523 eum

482 1558 698 1625 spiritus
739 1557 975 1621 Domini,
1004 1558 1217 1628 spiritus
1248 1559 1519 1628 sapientiw
1548 1569 1592 1611 et
1630 1559 1942 1623 intellectus,
1969 1561 2078 1631 spi-

484 1652 612 1702 titus
639 1648 846 1703 consilii
883 1660 929 1703 et
973 1650 1322 1721 fortitudinis,
1369 1651 1584 1719 spiritus
1612 1652 1843 1705 scientia?
1878 1662 1926 1706 et
1966 1654 2080 1719 pie-

480 1742 622 1805 tutis,
662 1751 712 1795 et
751 1741 965 1812 replebit
1008 1758 1125 1796 eum
1160 1743 1375 1813 spiritus
1420 1744 1623 1796 timoris
1670 1743 1898 1797 Domini.
1923 1741 2077 1797 Judi-

2188 655 2243 698 ut
2279 648 2331 698 in
2359 646 2484 699 caelo
2520 656 2568 699 et
2598 650 2651 699 in
2687 657 2842 701 terra.

2255 738 2321 791 Et
2347 740 2399 791 in
2432 740 2637 792 nomine
2665 740 2778 808 ejus
2809 752 2981 809 gentes
3013 743 3312 811 sperabunt.
3335 743 3526 798 Merito
3563 759 3682 815 ergo
3705 747 3758 799 in

2184 832 2392 885 nomine
2436 833 2549 900 ejus
2597 844 2767 900 gentes
2810 833 3113 902 sperabunt,
3164 836 3290 903 quia
3320 837 3432 903 ipse
3474 845 3559 889 est
3586 849 3759 890 semen

2184 923 2249 977 de
2278 939 2384 991 quo
2418 924 2739 992 promissum
2770 933 2853 977 est
2897 924 3127 978 Abrahae
3153 926 3296 993 quod
3327 928 3378 979 in
3409 928 3611 980 semine
3648 925 3761 994 cjus

2181 1013 2633 1067 benediccrcutur
2663 1029 2851 1067 omnes
2878 1024 3066 1080 gentes
3108 1024 3296 1069 terrai:
3332 1017 3399 1070 de
3424 1033 3532 1085 quo
3559 1026 3611 1071 et
3635 1031 3741 1085 pra:

2183 1106 2360 1159 dictus
2406 1106 2570 1159 lsaias
2618 1105 2692 1159 ait
2738 1146 2749 1158 .
2807 1105 2977 1159 Radix
3022 1105 3171 1161 Iesse
3194 1108 3280 1177 qui
3324 1119 3561 1177 exsurget
3599 1126 3758 1178 regere

2182 1208 2379 1265 gentes,
2416 1198 2469 1249 in
2501 1215 2618 1250 eum
2650 1208 2824 1267 gentes
2871 1199 3174 1267 sperabunt,
3220 1199 3491 1269 ipsumque
3530 1201 3736 1269 depreca

2183 1286 2395 1340 buntur.

2257 1379 2321 1432 In
2372 1381 2578 1433 nomine
2617 1380 2815 1450 quippe
2858 1381 2972 1450 ejus
3013 1387 3191 1434 omnes
3229 1392 3404 1451 gentes
3451 1384 3760 1453 sperabunt,

2184 1470 2327 1537 quia,
2374 1479 2430 1522 ut
2466 1471 2655 1523 fetrus
2685 1471 2781 1533 ait,
2826 1487 2929 1525 non
2970 1483 3041 1525 est
3090 1471 3238 1524 aliud
3273 1489 3461 1526 nomen
3502 1473 3595 1525 sub
3643 1472 3763 1526 cado

2182 1560 2365 1614 datum
2417 1560 2735 1623 hominibus,
2775 1578 2867 1627 per
2893 1563 3032 1632 quod
3070 1562 3268 1630 possint
3297 1562 3529 1614 salvari:
3577 1562 3665 1614 sed
3712 1563 3766 1621 in

2183 1654 2391 1707 nomine
2438 1654 2589 1715 Jesu,
2637 1654 2791 1723 juxta
2824 1653 2969 1707 Pauli
3000 1670 3209 1717 vocem,
3249 1670 3400 1706 omne
3430 1670 3564 1722 genu
3602 1654 3767 1721 ﬂecte-

2182 1752 2289 1806 tur,
2323 1742 2628 1806 cmlestium,
2676 1745 2999 1797 terrestria»:
3034 1754 3081 1797 et
3116 1744 3478 1813 infernarum;
3529 1759 3573 1795 et
3607 1744 3767 1796 omnis

481 1834 627 1887 cium
697 1847 828 1905 ergo
892 1833 987 1889 Dei
1044 1832 1306 1888 Dominus
1383 1832 1540 1887 Jesus
1615 1835 1865 1905 gentibus
1945 1850 2082 1887 nun-
2112 1815 2154 1872 Β
2186 1832 2366 1902 lingua
2396 1833 2745 1900 conﬁtebitur,
2777 1835 2900 1904 quia
2928 1835 3179 1888 Dominus
3218 1835 3374 1889 Iesus
3404 1837 3459 1888 in
3488 1835 3652 1904 gloria
3697 1846 3768 1887 est

480 1925 655 1990 tiavit,
687 1926 813 1994 quia
863 1924 1389 1993 futurumjudicium
1432 1942 1611 1991 suum,
1646 1928 1786 1994 quod
1827 1926 1928 1979 illtc
1975 1928 2079 1980 mi—

480 2013 628 2068 nime
683 2014 1056 2077 crediderunt,
1110 2030 1207 2083 per
1256 2014 1604 2084 Evangelium
1676 2030 1830 2069 suum
1883 2024 1937 2069 ct
1985 2032 2082 2086 per

478 2103 866 2174 pmdicatores
903 2103 1033 2159 Novi
1087 2103 1420 2159 Testamenti
1465 2104 1746 2175 patefecit,
1791 2107 2081 2177 docuitque

478 2208 573 2248 eas
603 2196 765 2249 modo
794 2209 955 2264 agere
980 2195 1186 2265 judicia
1216 2194 1365 2263 jztSla
1401 2206 1457 2249 ct
1487 2196 1730 2251 devitarc
1762 2197 1966 2269 judicia
1999 2200 2079 2252 in-

473 2284 644 2355 justa.
688 2286 947 2355 Sequitur
976 2304 988 2338 :

555 2375 678 2429 Non
703 2376 996 2439 contendet,
1027 2392 1190 2447 neque
1217 2374 1481 2442 clamabit,
1504 2394 1666 2448 neque
1687 2379 1864 2433 audiet
1886 2380 2077 2450 aliquis

479 2468 536 2523 in
589 2466 775 2538 plateis
812 2484 982 2522 vocem
1020 2468 1156 2537 ejus.
1200 2467 1313 2524 Non
1345 2470 1624 2523 contendit
1651 2486 1781 2539 ergo
1828 2469 2078 2525 Christus

482 2571 658 2625 neque
705 2555 978 2621 clamavit,
1021 2572 1195 2626 neque
1247 2557 1431 2612 audita
1491 2569 1574 2614 est
1628 2559 1682 2613 in
1727 2560 1924 2631 plateis
1971 2578 2075 2616 vox

482 2647 626 2717 ejus,
653 2648 779 2718 quia
809 2664 925 2700 cum
956 2646 1375 2714 malediceretur,
1410 2665 1515 2702 non
1544 2648 1909 2715 maledicebat,
1957 2668 2076 2704 cum

479 2748 767 2810 pateretur,
812 2756 914 2792 non
955 2738 1376 2794 comminabatur
1399 2757 1417 2794 :
1453 2741 1701 2796 tradebat
1728 2753 1909 2797 autem
1932 2743 2078 2812 judi-

480 2831 628 2885 canti
664 2845 721 2885 se
752 2828 970 2898 injuste,
1002 2846 1200 2900 corpus
1238 2847 1394 2887 suum
1422 2832 1571 2888 dedit
1610 2836 2039 2903 pcreutientibus
2060 2878 2074 2902 ,

480 2930 538 2977 et
562 2936 727 2992 genas
772 2937 897 2977 suas
926 2921 1269 2983 vellentibus,
1319 2924 1454 2976 sicut
1503 2924 1611 2977 ovis
1659 2925 1727 2977 ad
1766 2926 2074 2981 occisionem

483 3011 672 3065 ductus
706 3022 803 3076 est,
832 3022 877 3065 et
907 3029 1009 3066 non
1033 3013 1237 3082 aperuit
1259 3029 1315 3065 os
1345 3030 1519 3067 suum.
1545 3016 1846 3086 Allegorice
1871 3028 2072 3087 autem,

482 3121 590 3160 non
635 3106 841 3160 audivit
870 3108 1159 3175 quisquam
1189 3107 1242 3162 in
1272 3106 1467 3175 plateis
1491 3124 1675 3162 vorem
1698 3108 1923 3173 Clu-isti,
1949 3111 2073 3179 quia

2186 1923 2284 1978 Dei
2318 1922 2525 1977 Patris:
2553 1925 2642 1993 qui
2678 1940 2800 1979 cum
2834 1925 2990 1979 Patre
3013 1935 3067 1979 et
3093 1925 3297 1995 Spiritu
3338 1935 3529 1980 sancto
3561 1925 3691 1979 vivit
3711 1936 3768 1980 et

2184 2026 2371 2085 regnat
2396 2017 2536 2070 Deus
2563 2031 2660 2085 per
2685 2018 2865 2073 onmia
2897 2017 3090 2077 saecula
3118 2018 3454 2073 srcculorum.
3488 2018 3671 2071 Amen.

2715 2148 3000 2205 HOMILIA
3034 2148 3236 2204 CLXII.

2842 2267 3001 2309 FERIA
3038 2269 3112 2309 Vl.

2348 2362 2535 2419 Lectio
2562 2363 2735 2418 sancti
2764 2361 3038 2435 Evangelii
3069 2365 3362 2421 secundmn
3388 2366 3608 2423 Lucam.

2254 2473 2319 2529 In
2349 2474 2440 2528 illo
2476 2486 2724 2545 tempore,
2762 2476 2887 2529 dum
2913 2478 3009 2530 iret
3035 2477 3191 2532 Jesus
3220 2497 3313 2550 per
3340 2481 3573 2535 civitates
3613 2493 3659 2535 et
3687 2499 3773 2536 αις

2182 2563 2359 2629 stella,
2390 2563 2581 2617 docens
2613 2574 2659 2617 et
2702 2566 2799 2617 iter
2826 2565 3027 2633 faciens
3067 2564 3384 2631 Jerusalem,
3422 2569 3495 2621 ait
3538 2568 3616 2622 illi
3659 2572 3777 2639 qui-

2182 2656 2349 2709 dam:
2376 2655 2619 2717 Domine,
2656 2656 2701 2709 si
2725 2657 2883 2726 pauci
2905 2667 3023 2711 sunt
3064 2659 3155 2728 qui
3194 2658 3505 2714 salvantur?
3544 2662 3662 2732 Ipse
3685 2682 3776 2717 au-

2182 2756 2284 2799 tem
2322 2746 2456 2799 dixit
2496 2746 2567 2799 ad
2610 2745 2728 2800 illos
2755 2763 2773 2802 :
2798 2747 3104 2803 Contendite
3129 2751 3329 2806 intrare
3364 2770 3458 2823 per
3497 2767 3775 2825 angustam

2179 2846 2407 2907 portam,
2443 2846 2548 2891 etc.

2250 2928 2353 2982 Per
2389 2938 2672 2999 angustam
2704 2936 2915 2999 portam
2956 2931 3076 2984 aula
3112 2931 3305 2987 salutis
3344 2933 3597 2998 intratur,
3647 2937 3775 3005 quia

2183 3032 2403 3071 necesse
2441 3031 2520 3071 cst
2561 3027 2620 3072 ut
2660 3033 2755 3087 per
2794 3018 3007 3074 labores
3048 3030 3103 3074 et
3136 3020 3341 3090 jejunia
3395 3022 3629 3078 fallentis
3671 3040 3776 3079 sar-

2179 3108 2285 3162 culi
2330 3106 2583 3161 illecebra
2631 3108 2912 3175 vincatur;
2954 3117 3009 3162 et
3046 3111 3183 3165 bene
3236 3111 3372 3164 dixit
3418 3127 3431 3164 :
3467 3111 3779 3167 Contendite

481 3196 591 3251 lata
636 3207 709 3251 est
742 3199 821 3251 via
850 3214 969 3268 quw
1009 3199 1153 3251 ducit
1193 3199 1262 3252 ad
1295 3200 1659 3269 perditionem,
1717 3210 1763 3252 et
1811 3201 1958 3253 multi
1988 3202 2078 3270 qui
2107 3187 2149 3247 C
2182 3200 2402 3259 intrare,
2449 3199 2570 3265 quia
2620 3198 2722 3252 nisi
2773 3199 2971 3253 mentis
3023 3202 3301 3255 contentio
3339 3202 3579 3267 ferveat,
3631 3205 3782 3257 unda

480 3288 849 3357 ingrediuntur
885 3305 977 3357 per
1003 3304 1152 3351 eam;
1181 3288 1270 3357 qui
1300 3278 1452 3341 multi
1484 3305 1589 3342 non
1630 3289 1859 3342 audiunt
1890 3306 2078 3344 vocem

485 3378 805 3444 Salvatoris,
840 3380 962 3447 quia
1011 3395 1115 3433 ItOu
1142 3388 1270 3434 sunt
1300 3380 1351 3433 in
1380 3390 1531 3435 arcta
1562 3381 1669 3446 ria,
1722 3384 1815 3436 sed
1862 3383 1913 3435 in
1959 3399 2083 3452 spa-

487 3471 646 3526 tiosa.

534 3554 878 3615 ‘Arundinem
910 3572 1214 3632 quassatam
1246 3578 1349 3616 non
1378 3562 1689 3632 confringet,
1720 3572 1765 3615 et
1796 3560 1959 3623 linum
1996 3563 2081 3630 fu-

482 3655 686 3723 migans
737 3671 839 3707 non
885 3654 1194 3723 exstinguet.
1265 3654 1589 3707 Arundinem
1639 3662 1940 3723 quassatam
1986 3652 2081 3707 Ju-

483 3744 630 3798 dacos
656 3744 805 3805 dicit,
861 3754 1081 3814 propter
1117 3745 1262 3813 quod
1293 3760 1430 3798 unus
1458 3743 1687 3813 populus
1726 3751 1865 3809 erat,
1913 3752 1970 3797 et
2011 3742 2080 3797 ab

483 3832 715 3887 invicem
763 3834 1165 3905 discrepabunt.
1209 3834 1398 3887 Linum
1442 3834 1706 3905 fumigans
1753 3850 1857 3888 non
1886 3836 2081 3889 exstin-

480 3933 621 3992 guet.
672 3923 934 3992 Populum
979 3924 1227 3979 videlicet
1256 3925 1321 3979 de
1362 3926 1610 3995 gentibus
1642 3934 2031 3997 congregatum
2061 3965 2077 3991 ,

487 4012 601 4081 qui,
624 4014 895 4068 exstincto
919 4014 1050 4084 legis
1070 4015 1331 4069 naturalis
1358 4014 1570 4081 ardore,
1596 4014 1726 4070 fumi
1748 4015 2077 4072 amarissimi

482 4115 539 4160 ct
561 4106 654 4176 qui
706 4107 901 4160 noxius
928 4107 1100 4161 oculis
1144 4118 1226 4162 est
1276 4110 1679 4177 tenebrosreque
1709 4108 1955 4180 caliginis
1994 4110 2076 4164 iu-

485 4204 803 4259 volvebatur
831 4203 1129 4267 erroribus,
1154 4220 1312 4273 quem
1342 4220 1447 4258 non
1480 4204 1653 4257 solum
1685 4220 1791 4259 non
1820 4204 2080 4261 ekstinxit

480 4304 536 4350 et
561 4296 765 4365 redegit
789 4296 839 4348 in
872 4298 1129 4358 cinerem,
1166 4295 1259 4349 seat
1290 4311 1321 4348 e
1350 4295 1626 4349 contrario
1652 4294 1717 4348 de
1742 4309 1909 4364 parva
1934 4294 2079 4348 scin-

482 4387 597 4441 tilla
630 4396 685 4441 et
712 4402 849 4455 pene
886 4387 1151 4441 moriente
1188 4386 1421 4439 inaxima
1468 4385 1751 4439 suscitavit
1800 4384 2074 4450 incendia,

482 4481 557 4533 ita
602 4488 661 4533 ut
710 4487 854 4533 totus
883 4480 1031 4532 orbis
1065 4478 1283 4532 arderet
1328 4477 1449 4547 igne
1492 4477 1705 4531 Domini
1754 4476 2071 4543 Salvatoris,

480 4583 641 4637 quem
673 4568 820 4622 venit
866 4569 1081 4623 mittere
1114 4582 1277 4637 super
1310 4576 1530 4620 terram.
1566 4565 1691 4620 Sive
1740 4566 1897 4619 aliter
1920 4606 1935 4632 ,
1981 4567 2073 4636 qui

478 4661 756 4731 peccatori
800 4676 906 4715 non
965 4660 1195 4729 porrigit
1256 4673 1497 4722 manum,
1551 4673 1650 4713 nec
1709 4666 1893 4727 portat
1940 4673 2076 4713 onus

482 4750 670 4804 fratris
706 4752 808 4811 sui,
853 4750 953 4804 iste
994 4757 1313 4818 quassatum
1358 4748 1625 4803 calamum
1669 4746 1991 4818 confringit;
2024 4756 2079 4803 et

479 4840 572 4909 qui
621 4840 887 4895 modicam
925 4838 1212 4893 scmtillam
1245 4839 1543 4893 contemnit
1594 4838 1647 4892 in
1677 4838 1937 4907 parvulis,
1989 4839 2077 4894 hic

481 4930 650 4983 linum
678 4930 975 5001 exstinguit
1010 4930 1281 5000 fumigans
1313 4946 1326 4983 :
1381 4929 1526 4998 quod
1566 4927 1817 4982 Christus
1860 4938 2073 4982 utrum-

479 5037 585 5091 que
614 5038 722 5077 non
764 5021 922 5087 fecit;
958 5023 1024 5076 ad
1068 5024 1172 5077 hoc
1200 5021 1343 5076 enim
1384 5028 1605 5076 verterat
1641 5029 1699 5075 ut
1739 5020 1943 5075 salvum
1990 5021 2071 5074 fa-

481 5121 632 5166 ceret
674 5114 812 5181 quod
846 5114 1100 5182 perierat,
1135 5122 1190 5167 et
1218 5128 1372 5167 ovem
1418 5127 1703 5168 erroneam
1750 5113 1816 5167 ad
1856 5128 2068 5183 gregem

482 5204 535 5256 in
579 5205 692 5258 suis
720 5206 888 5257 sacris
930 5204 1173 5259 humeris
1214 5214 1556 5274 reportaret;
1600 5205 1743 5258 unde
1785 5205 2066 5273 sequitur:

559 5292 731 5349 Donec
783 5294 961 5363 ejiciat
1013 5295 1083 5347 ad
1120 5295 1389 5348 victorions
1430 5294 1716 5363 judicium.
1758 5294 1862 5347 lste
1890 5306 2068 5348 autem

481 5382 574 5453 qui
624 5384 942 5437 arundinem
972 5393 1285 5453 quassatam
1333 5398 1439 5437 non
1494 5382 1750 5437 contrivit
1797 5393 1850 5437 et
1901 5384 2069 5437 linum

483 5472 772 5527 fulminans
802 5488 904 5527 non
949 5474 1231 5538 exstinxit,
1274 5472 1535 5541 judicium
1575 5488 1789 5542 quoque
1818 5473 2070 5541 perduxit

481 5566 549 5621 ad
583 5566 889 5629 victoriam,
923 5566 1076 5633 cujus
1098 5565 1301 5634 judicia
1352 5580 1477 5620 vera
1512 5574 1637 5619 sunt
1670 5564 1968 5633 justificata
2014 5566 2063 5619 in

482 5657 824 5727 semetipsis,
889 5660 1069 5714 tandiu
1126 5658 1304 5711 lumen
1376 5658 1777 5726 prazdicatiouis
1832 5658 1948 5726 ejus
2013 5657 2063 5710 in

484 5744 684 5801 mundo
712 5746 1035 5817 resplendet,
1066 5747 1351 5816 nullusque
1377 5755 1691 5802 conteretur
1718 5761 1815 5801 nec
1843 5761 2061 5814 supcra-

2182 3286 2366 3340 muntli
2422 3301 2527 3339 non
2570 3286 2852 3352 vincitur,
2879 3303 2976 3357 per
3007 3304 3171 3359 quam
3220 3290 3400 3347 anima
3445 3307 3659 3362 semper
3710 3296 3786 3348 ad

2184 3376 2290 3429 ima
2321 3385 2625 3431 revocatur.

2253 3467 2392 3535 Quia
2430 3470 2621 3535 multi,
2662 3470 2783 3524 dico
2818 3470 2971 3526 vobis
3000 3512 3015 3538 ,
3045 3483 3287 3543 quaerunt
3334 3476 3535 3528 intrare
3582 3485 3628 3527 et
3670 3494 3785 3530 non

2178 3572 2439 3630 poterunt.
2483 3562 2739 3628 Qumrunt
2770 3563 2973 3617 intrare
3001 3563 3193 3619 salutis
3236 3581 3423 3620 amme
3450 3568 3738 3636 provocati
3767 3608 3783 3631 ,

2179 3660 2233 3705 et
2271 3667 2377 3706 non
2404 3661 2691 3720 poterunt,
2723 3653 2937 3708 itineris
2972 3656 3269 3724 asperitate
3301 3656 3551 3712 deterriti
3580 3676 3592 3711 :
3628 3674 3788 3727 quaa-

2180 3750 2306 3795 runt
2342 3742 2445 3795 hoc
2474 3742 2765 3797 ambitione
2792 3746 3159 3813 praemiorum,
3184 3761 3213 3799 a
3238 3761 3344 3814 quo
3371 3762 3495 3801 mox
3523 3747 3781 3803 laborum

2181 3832 2375 3889 timore
2417 3833 2721 3905 refugiunt;
2757 3850 2861 3889 non
2892 3836 3016 3905 quia
3038 3837 3227 3907 jngum
3272 3837 3485 3892 Domini
3518 3854 3783 3909 asperum

2179 3933 2273 3977 aut
2305 3940 2444 3980 onus
2474 3933 2558 3979 est
2587 3939 2768 3995 grave.
2811 3926 2904 3979 sed
2930 3926 3057 3993 quia
3093 3925 3283 3980 nolunt
3316 3927 3531 3981 discere
3571 3928 3642 3981 ab
3675 3942 3747 3983 eo
3768 3970 3783 3993 ,

2177 4016 2424 4085 quoniam
2451 4018 2592 4070 mitis
2637 4027 2711 4070 est
2751 4026 2799 4070 et
2828 4016 3041 4070 humilis
3071 4018 3227 4072 corde
3261 4027 3319 4072 ut
3365 4018 3647 4073 inveniant
3690 4037 3786 4074 re-

2179 4107 2359 4175 quiem
2396 4106 2679 4161 animabus
2719 4105 2860 4169 suis;
2907 4120 3078 4175 eoque
3128 4106 3188 4161 fit
3212 4115 3442 4176 angusta
3482 4116 3640 4179 porta
3666 4124 3783 4177 qua

2180 4196 2411 4249 intratur
2427 4196 2494 4250 ad
2534 4195 2723 4249 vitam.

2249 4284 2380 4339 Cum
2420 4295 2593 4339 autem
2636 4287 2908 4340 intraverit
2950 4286 3335 4357 paterfamilias
3362 4328 3375 4351 ,
3423 4300 3471 4342 et
3520 4289 3783 4345 clauserit

2180 4383 2391 4444 ostium,
2434 4390 2559 4435 tunc
2590 4382 2848 4451 incipietis
2877 4381 3005 4449 foris
3040 4392 3199 4446 stare,
3231 4393 3278 4435 et
3315 4382 3529 4452 pulsare
3555 4386 3779 4447 os:ium,

2177 4474 2445 4527 dicentes:
2482 4473 2720 4539 Domine,
2749 4475 2895 4542 aperi
2926 4473 3091 4528 nobis.
3132 4472 3553 4540 Paterfamilias,
3580 4475 3779 4529 Dami-

2180 4581 2282 4619 nns
2308 4565 2558 4620 videlicet
2579 4564 2848 4627 Christus,
2886 4566 2975 4633 qui
3005 4566 3204 4635 ubique
3242 4574 3389 4621 totus
3418 4576 3503 4622 est
3531 4583 3599 4621 ex
3633 4568 3779 4621 divi-

2175 4655 2368 4717 nitate,
2412 4656 2557 4708 intus
2581 4654 2801 4723 quidem
2846 4662 2932 4708 est
2972 4655 3051 4709 eis
3077 4670 3213 4723 quos
3248 4656 3301 4710 in
3334 4657 3545 4710 cwlesti
3590 4658 3778 4726 patria

2172 4760 2410 4814 przesens
2437 4760 2530 4799 sua
2561 4744 2767 4798 visione
2792 4743 3050 4808 lmtilicat,
3082 4746 3173 4799 sed
3206 4746 3358 4814 Quasi
3392 4744 3526 4798 foris
3546 4755 3639 4800 est
3681 4746 3781 4800 ad-

2174 4841 2280 4895 huc
2315 4839 2393 4892 cis
2417 4854 2551 4907 quos
2579 4838 2630 4891 in
2673 4838 2774 4891 hac
2802 4837 3238 4907 peregrinatione
3271 4845 3547 4891 certantes
3577 4837 3777 4891 occul-

2174 4940 2262 4985 tus
2300 4930 2606 4985 consolator
2635 4926 2874 4996 adjuvat,
2899 4928 3054 4997 juxta
3099 4929 3241 4997 quod
3284 4928 3399 4997 ipse
3446 4928 3707 4996 promisit
3758 4946 3770 4979 :

2177 5018 2313 5072 Ecce
2336 5035 2426 5087 ego
2452 5018 2709 5070 robiscum
2736 5033 2849 5070 sum
2878 5016 3115 5069 omnibus
3144 5017 3323 5069 diebus
3347 5032 3512 5086 usque
3540 5017 3615 5068 ad
3637 5032 3772 5069 con-

2176 5110 2577 5164 summationem
2638 5108 2837 5162 steculi.
2896 5107 3125 5161 Intrabit
3193 5116 3369 5162 autem
3441 5116 3496 5161 et
3546 5106 3777 5161 claudet

2175 5201 2372 5253 ostium
2400 5236 2413 5263 ,
2445 5197 2660 5266 quando
2690 5205 2859 5249 totum
2889 5211 3085 5264 corpus
3125 5213 3304 5260 suum,
3352 5199 3497 5266 quod
3526 5206 3615 5251 est
3657 5198 3773 5251 Ec-

2174 5288 2360 5351 clesia,
2394 5286 2811 5340 resurrectionis
2837 5286 3004 5355 gloria
3032 5286 3384 5355 glorificatum
3413 5288 3480 5341 ad
3503 5303 3617 5343 suae
3639 5302 3777 5341 con-

2175 5375 2542 5448 templationis
2588 5378 2839 5447 gaudium
2894 5380 3231 5447 perducens,
3284 5380 3528 5449 reprobis
3578 5379 3769 5435 locum

2172 5471 2506 5541 pmnitentia:
2538 5470 2709 5532 tollet,
2741 5485 2900 5538 quem
2950 5485 3092 5524 nunc
3118 5472 3206 5540 pie
3250 5470 3592 5541 pulsantibus
3629 5485 3774 5540 ape-

2173 5567 2243 5617 rit
2274 5579 2286 5616 :
2324 5580 2449 5617 nam
2480 5564 2609 5619 foris
2641 5572 2845 5618 stantes
2876 5566 3073 5619 ostium
3102 5566 3335 5635 pulsare,
3368 5576 3453 5623 est
3494 5583 3524 5621 a
3562 5568 3767 5622 beato.-

2171 5669 2291 5707 rum
2322 5662 2468 5708 sorte
2511 5666 2751 5709 secretos
2790 5654 3214 5711 misericordiam
3240 5699 3255 5721 ,
3299 5673 3464 5727 quam
3507 5656 3769 5726 neglexcr

2171 5754 2315 5809 rant,
2348 5762 2376 5799 a
2409 5746 2517 5800 Deo
2546 5745 2747 5801 frustra
2784 5746 3029 5816 ﬂagitari.
