3960 6366
136 403 231 461 457

1240 387 1545 448 IIOMELIJi
1589 388 1653 443 IN
1695 385 1947 443 I‘l\':\.\'G.
1992 386 2078 441 ET
2121 383 2335 440 EPIST.

3300 383 3406 441 ‘58

210 516 272 571 Et
303 515 617 586 respondens
661 514 793 568 dicet
827 511 965 566 vobis
1001 526 1017 563 :
1054 508 1245 564 Nescio
1272 524 1357 562 ros
1402 506 1537 561 unde
1587 506 1719 560 sitis.
1752 520 1806 577 θ,
1830 504 2011 561 nandi.
2044 502 2230 558 Potest
2273 514 2327 557 et
2354 501 2449 567 ita,
2474 501 2602 572 quia
2638 500 2790 556 multi
2837 515 2961 559 sero
3006 501 3074 558 ad
3106 502 3201 559 Dei
3236 507 3408 563 servi-

139 607 417 679 Qnmnodo
445 606 628 673 nescit,
646 603 786 659 unde
812 602 942 668 sint,
971 617 1095 657 cum
1123 599 1361 670 psalmus
1386 597 1531 655 dicat
1563 613 1577 651 :
1617 597 1725 650 Do-

141 701 309 753 minus
365 697 502 751 norit
549 696 886 767 cogitationes
924 692 1238 757 hominum,
1281 690 1534 760 quoniam
1579 703 1727 742 cantu

140 800 289 854 sunt;
331 798 387 844 et
418 787 545 844 alibi
596 786 858 856 scriptum
901 783 1011 839 sit:
1046 782 1166 854 Ipse
1206 782 1344 837 novit
1388 781 1728 850 decipientem

140 888 187 931 et
219 892 334 931 eum
366 877 459 945 qui
488 874 776 945 decipitur;
818 875 923 931 nisi
948 875 1075 945 quia
1123 873 1266 929 scire
1312 872 1409 928 Dei
1440 871 1729 941 aliquando

1830 595 1961 649 tiam
1991 594 2267 648 venientes
2313 593 2523 665 magnis
2558 592 2681 648 vita:
2723 594 2934 650 meritis
2972 593 3268 661 excellant;
3319 595 3407 652 alii

1831 702 1982 751 vero,
2023 702 2052 741 a
2080 687 2257 756 prima
2297 696 2458 742 aetate
2498 686 2727 756 Spiritali
2776 687 2953 743 studio
2996 686 3411 755 ferventes,.ad

1828 787 2134 833 extremum
2156 777 2268 833 otio
2292 786 2537 848 torpente
2574 778 2855 835 latescunt.
2880 780 3081 835 Tamen
3110 782 3211 836 hoc
3234 780 3413 837 scien-

1830 870 1956 925 dum
1976 877 2059 924 est
2079 868 2222 939 quod
2238 866 2487 923 Salvator
2502 878 2706 933 noster,
2721 870 2811 938 qui
2828 877 2910 925 est
2921 870 3085 939 judex
3102 872 3345 927 vivorum
3360 881 3415 927 ct

138 980 471 1038 cognoscere
497 965 717 1030 dicitur,
749 965 1043 1036 aliquando
1083 963 1428 1034 approbare?
1465 962 1729 1031 Quoniam
1832 966 2189 1025 mortuorum,
2214 957 2505 1028 unicuique
2531 958 2585 1013 in
2607 957 2893 1026 diejudicii
2917 976 3186 1030 propriam
3213 976 3415 1019 merce.

142 1055 292 1110 novit
314 1055 457 1111 Deus
480 1055 622 1110 viam
643 1058 940 1126 justorum,
962 1055 1053 1124 qui
1083 1065 1264 1110 autem
1290 1055 1520 1127 ignorat
1535 1093 1550 1121 ,
1578 1053 1731 1125 igno-

142 1148 375 1215 rabitur,
408 1158 467 1203 et
501 1148 605 1203 scit
645 1162 776 1218 ergo
807 1148 1102 1217 reprobos,
1151 1161 1288 1217 quos
1322 1145 1727 1218 cognoscendo,

142 1238 391 1307 Iudicat,
447 1252 622 1307 neque
664 1238 810 1298 enim
854 1237 1155 1306 iudicasset
1200 1252 1337 1307 quos
1385 1236 1607 1291 minime
1645 1250 1738 1291 co-

138 1337 459 1401 gnosceret;
488 1338 668 1385 tamen
700 1328 1100 1399 quodammodo
1126 1326 1299 1383 nescit
1320 1342 1415 1383 eos
1441 1328 1583 1382 unde
1604 1326 1733 1391 sint,

143 1421 290 1490 apud
315 1432 454 1491 quos
490 1420 616 1476 tidci
657 1427 713 1476 et
735 1419 1040 1476 dilectionis
1073 1434 1183 1475 sua:
1213 1419 1585 1475 characterem
1629 1434 1736 1474 nor.

141 1514 433 1583 approbat.

223 1601 371 1655 Tunc
407 1601 662 1674 incipietis
701 1602 895 1666 dicere,
946 1600 1384 1657 Manducarimus
1436 1609 1486 1656 et
1516 1599 1738 1654 bibimus

140 1708 329 1747 coram
368 1701 415 1747 te
456 1700 506 1746 et
534 1692 588 1749 in
609 1690 798 1761 plateis
830 1690 1024 1745 nostris
1069 1690 1315 1744 docuisti.
1355 1687 1451 1745 Vel
1481 1688 1741 1758 simplici-

148 1791 238 1837 ter
291 1781 699 1852 intelligendum
752 1780 897 1851 quod
951 1779 1073 1836 ﬁdei
1121 1778 1381 1851 mysteria
1422 1786 1741 1849 spernentes

1834 1048 1954 1102 dem
1977 1047 2243 1113 restituet,
2275 1058 2327 1102 ct
2354 1049 2506 1104 ibunt
2532 1048 2681 1118 impii
2713 1049 2764 1103 in
2784 1051 3104 1119 supplicium
3129 1066 3414 1116 aeternum,

1828 1140 1961 1212 justi
1997 1149 2176 1196 autem
2206 1142 2258 1195 in.
2286 1141 2449 1195 vitam
2478 1152 2759 1197 aeternam.

2359 1252 2635 1308 IIOMILIA
2676 1253 2901 1310 CLXIII.

1927 1342 2138 1398 Initium
2170 1343 2338 1398 sancti
2378 1343 2649 1413 Evangelii
2679 1346 2974 1400 secundum
3004 1344 3334 1407 Matthznum.

1912 1433 2064 1487 Liber
2108 1434 2459 1504 generationis
2508 1432 2638 1488 Iesu
2686 1435 2917 1500 Christi,
2944 1436 3044 1503 lilii
3083 1436 3278 1506 David,
3319 1439 3424 1510 ﬁlii

1841 1522 2104 1577 Abraham
2126 1563 2139 1589 ,
2168 1531 2273 1578 etc.

1914 1612 2067 1667 Liber
2113 1615 2463 1683 generationis
2499 1614 2628 1669 Jesu
2672 1613 2889 1683 Christi,
2937 1618 3039 1688 lilii
3082 1618 3273 1686 David,
3320 1621 3422 1691 lilii

1842 1702 2126 1757 Abraham.
2162 1702 2307 1760 Ordo
2333 1716 2711 1776 praposterus,
2733 1708 2825 1764 sed
2853 1712 3163 1766 necessario
3182 1726 3427 1767 commu-

1846 1800 2032 1848 tatus:
2078 1794 2125 1848 si
2165 1794 2309 1849 enim
2351 1796 2502 1864 prius
2541 1798 2810 1866 posuisset
2838 1798 3111 1855 Abraham
3150 1816 3205 1856 et
3234 1813 3423 1871 postea

143 1872 344 1938 Judmi,
374 1888 439 1928 co
488 1887 547 1929 sc
598 1872 828 1928 Domino
870 1882 1030 1963 n-OIAOS
1070 1871 1427 1937 arbitremur,
1463 1870 1735 1963 Si_501l_lm
1770 1878 1815 1936 Β
1843 1881 2033 1947 David,
2047 1897 2235 1939 rursus
2259 1883 2309 1938 ei
2342 1886 2661 1954 repetendus
2690 1896 2833 1943 esset
2858 1888 3156 1957 Abraham,
3180 1870 3427 1963 utgene-

148 1962 404 2017 victimas
454 1962 523 2015 ad
571 1960 832 2031 templum
880 1958 1149 2024 deferant,
1184 1968 1240 2014 et
1284 1973 1469 2013 coram
1514 1956 1741 2013 Domino

144 2053 459 2124 epulcntur,
485 2053 869 2123 prophetarum
901 2051 1117 2107 lectioni
1141 2050 1467 2117 anscultcnt,
1500 2050 1744 2106 nescien-

152 2153 240 2199 tcs
270 2143 401 2198 illud
444 2142 687 2213 Apostoli
724 2162 736 2197 :
772 2142 897 2197 Non
933 2152 1009 2198 est
1053 2159 1263 2213 regnum
1292 2142 1390 2196 Dei
1423 2158 1540 2196 esca
1568 2150 1616 2195 et
1651 2156 1743 2211 po—

152 2244 264 2299 tus,
298 2234 389 2287 sed
402 2234 614 2303 justitia
642 2244 690 2289 et
720 2250 846 2305 pax,
873 2244 920 2289 et
947 2234 1196 2305 gaudium
1223 2234 1275 2289 in
1304 2233 1508 2304 Spiritu
1527 2242 1744 2299 sancto;

149 2333 214 2380 et
243 2324 372 2380 alibi
416 2342 429 2378 :
461 2323 699 2391 Quorum
736 2324 878 2379 Deus
904 2335 1079 2380 venter
1104 2333 1200 2391 est,
1229 2334 1276 2379 et
1320 2324 1491 2396 gloria
1525 2325 1583 2379 in
1623 2339 1748 2377 con-

152 2416 423 2485 fusionem
454 2418 707 2489 ipsorum,
733 2418 785 2471 id
809 2425 916 2484 cst,
966 2419 1019 2472 in
1063 2416 1476 2473 circumcisione
1520 2414 1745 2472 carnali.

1844 1971 2069 2028 rationis
2112 1974 2280 2029 series
2309 1983 2601 2031 texeretnr.
2638 1976 2760 2033 Ideo
2805 1988 3004 2044 autem,
3046 1984 3426 2050 praetermissis

1845 2062 1987 2129 aliis,
2026 2064 2214 2118 horum
2250 2066 2415 2121 ﬁlium
2443 2068 2580 2121 dixit
2616 2087 2629 2122 :
2662 2070 2787 2139 quia
2826 2072 2895 2125 ad
2928 2073 3027 2127 hos
3054 2080 3259 2128 tantum
3286 2075 3428 2130 facta

1844 2160 1931 2208 cst
1963 2154 2310 2221 repromissio
2350 2156 2417 2210 de
2446 2155 2681 2213 Christo.
2727 2159 2809 2214 Ad
2856 2160 3129 2216 Abraham
3160 2164 3305 2219 enim
3347 2165 3428 2220 die

1846 2250 1992 2298 ctum
2023 2250 2108 2299 est
2150 2262 2164 2299 :
2209 2241 2275 2299 In
2299 2246 2491 2301 semine
2515 2258 2606 2301 tuo
2629 2248 2996 2305 benedicentur
3015 2268 3190 2307 omnes
3215 2266 3429 2325 gentes;

1847 2333 1917 2388 ad
1942 2333 2110 2389 David
2145 2346 2158 2383 θ
2189 2334 2266 2389 De
2298 2334 2473 2404 fructu
2500 2337 2690 2391 ventris
2729 2340 2807 2392 tui
2828 2355 3019 2410 ponam
3059 2359 3217 2412 super
3256 2345 3429 2399 sedem

1850 2435 2016 2479 tuam.
2049 2425 2146 2481 Vel
2176 2426 2294 2482 ideo
2321 2426 2471 2497 prior
2506 2429 2713 2497 positus
2741 2438 2823 2485 est
2849 2430 3036 2498 David,
3066 2434 3191 2504 quia
3214 2435 3433 2505 propior

162 2507 263 2561 νει
298 2508 525 2578 mystice
572 2508 916 2563 sentiendum
962 2508 1295 2563 manducare
1338 2521 1433 2563 eos
1465 2515 1522 2563 et
1563 2506 1753 2561 bibere
1852 2512 1955 2568 fuit
1982 2513 2221 2570 Christo.

155 2614 353 2655 coram
400 2598 648 2665 Domino,
680 2599 773 2670 qui
803 2588 965 2655 verbi
1000 2598 1257 2669 pabulum
1285 2599 1444 2669 digna
1495 2597 1755 2653 aviditate

158 2690 502 2760 suscipiunt;
534 2690 675 2745 unde
705 2690 806 2761 ipsi
833 2690 927 2762 qui
985 2690 1101 2745 haec
1141 2690 1358 2756 dicunt,
1395 2689 1544 2746 velut
1586 2704 1754 2761 expo-

158 2782 353 2837 nendo
399 2781 755 2853 subiungunt,
796 2794 843 2837 et
883 2784 939 2837 in
989 2782 1177 2853 plateis
1236 2772 1429 2838 nostris
1464 2782 1688 2837 docuisti
1734 2794 1756 2836 :

162 2870 458 2944 Scriptura
489 2873 634 2929 enim
668 2887 826 2929 sacra
859 2872 1149 2943 aliquando
1178 2873 1331 2929 cibus
1354 2874 1510 2929 nobis
1529 2882 1635 2939 est,
1662 2873 1759 2928 ali-

162 2966 394 3037 quando
420 2974 600 3036 potus.
634 2966 690 3022 ln
719 2967 851 3022 locis
872 2966 1462 3023 obscurioribuscibus
1485 2975 1590 3033 est,
1634 2968 1761 3038 quia

161 3058 336 3129 quasi
380 3058 701 3128 exponendo
737 3056 1037 3129 frangitur,
1064 3066 1120 3113 et
1168 3056 1471 3114 mandendo
1514 3059 1758 3129 glutitur.

167 3148 349 3205 Polus
371 3162 501 3203 vero
524 3156 607 3203 est
629 3148 684 3202 in
706 3147 841 3203 locis
863 3148 1243 3218 apertioribus,
1262 3152 1387 3219 quia
1418 3148 1491 3202 ita
1516 3148 1765 3203 sorbetur

1925 2606 2192 2662 Abraham
2232 2608 2405 2679 genuit
2433 2608 2608 2663 Isaac.
2642 2609 2806 2666 Recte
2832 2626 2862 2665 a
2887 2613 3063 2683 capite
3090 2614 3210 2670 ﬁdei
3235 2626 3291 2670 et
3320 2616 3437 2686 ipso

1855 2698 2012 2754 initio
2031 2697 2406 2768 promissionis
2427 2699 2628 2755 Christi
2647 2702 2954 2773 genealogia
2980 2719 3151 2775 usque
3176 2708 3242 2761 ad
3266 2707 3439 2777 ipsum

1857 2789 2132 2846 Christum
2174 2790 2425 2863 dirigitur
2477 2809 2490 2846 :

1862 2879 2068 2954 Morte,
2085 2881 2139 2936 in
2165 2881 2297 2936 retis
2323 2879 2545 2960 capite],
2568 2891 2622 2936 et
2649 2883 2702 2937 in
2721 2878 2821 2939 ﬁne
2854 2885 3178 2957 genealogis“:
3207 2887 3438 2956 positus;

1861 2985 1969 3040 quo
1994 2971 2293 3026 aduncatus
2318 2980 2401 3026 est
2440 2970 2735 3027 Leviathan
2764 2974 3093 3046 ntaxillaque
3113 2974 3229 3044 ejus
3261 2976 3446 3047 perlo-

1865 3070 1982 3117 rata
2001 3102 2017 3128 ,
2051 3061 2384 3131 pmuitentite
2406 3062 2524 3143 ejus
2541 3062 2706 3133 janua
2735 3075 2920 3133 aperta
2949 3076 3051 3120 est.
3085 3065 3297 3132 Genuit,
3337 3082 3445 3123 non

1866 3153 1988 3221 fuit,
2032 3168 2209 3224 neque
2253 3155 2553 3225 generavit.
2590 3155 2935 3212 Divinitatem
2975 3156 3178 3213 Christi
3219 3160 3451 3215 ostendit

2554 2792 2746 2847 hamus
2802 2794 2984 2864 utique
3037 2796 3089 2850 in
3142 2796 3246 2852 ﬁde
3298 2799 3442 2870 regis

166 3242 326 3297 sicut
361 3240 649 3296 invenitur.
680 3233 747 3295 Et
775 3241 985 3296 occulta
1025 3255 1154 3310 ergo
1193 3242 1445 3297 mandata
1485 3241 1623 3296 sacri
1657 3240 1766 3296 elo-
1794 3233 1838 3296 C
1870 3246 2055 3302 dicens
2087 3246 2352 3304 Divinitas
2381 3266 2394 3302 :
2442 3247 2555 3320 Ego
2582 3249 2739 3303 hodie
2782 3251 2936 3321 genui
2964 3259 3043 3316 te;
3094 3252 3222 3306 item
3256 3269 3270 3306 :
3316 3251 3452 3308 Ante

164 3335 294 3405 quii
323 3345 377 3389 et
417 3343 601 3405 aperta
649 3349 707 3390 se
757 3334 1090 3389 intellexisse
1140 3343 1427 3401 testantur,
1458 3335 1550 3405 qui
1583 3349 1767 3406 repro-

170 3424 335 3481 bauti
372 3440 429 3481 se
464 3424 634 3494 judici
674 3426 801 3495 quia
852 3421 1299 3481 manducaverint
1348 3441 1534 3482 coram
1579 3427 1669 3481 illo
1714 3434 1769 3481 et

168 3518 426 3572 biberint
487 3528 910 3587 conqueruutur.
963 3515 1073 3573 Sed
1131 3517 1430 3573 timendum
1474 3527 1559 3574 est
1616 3517 1771 3573 valde

168 3608 334 3677 quod
366 3608 586 3662 additur
615 3625 629 3661 :

263 3698 338 3753 Et
376 3699 511 3754 dicet
551 3700 712 3763 vobis,
745 3699 938 3754 Nescio
966 3715 1053 3755 vos
1087 3699 1224 3753 unde
1261 3699 1376 3753 sitis
1399 3716 1418 3755 :
1464 3699 1712 3755 discedite
1741 3717 1774 3754 a

174 3804 296 3851 me,
334 3803 511 3841 omnes
542 3790 769 3859 aperarii
794 3789 1103 3859 iniquitatis.
1133 3788 1275 3856 Non,
1305 3790 1498 3859 inquit,
1522 3790 1776 3861 legalium

174 3881 548 3937 festivitatum
596 3883 830 3952 epulatio
861 3880 1035 3950 juvat,
1075 3897 1237 3952 quem
1280 3880 1403 3937 ﬁdei
1451 3884 1625 3952 pietas
1669 3897 1774 3937 non

171 3972 567 4037 commendat;
600 3988 707 4028 non
738 3970 1137 4041 Scripturarum
1180 3972 1409 4027 scientia
1437 3972 1546 4029 Deo
1591 3982 1777 4027 notum

174 4062 347 4126 facit,
374 4076 535 4131 quem
564 4076 785 4131 operum
834 4062 1092 4130 iniquitas
1121 4063 1397 4118 obtutibus
1436 4061 1552 4131 ejus
1591 4072 1779 4119 osteu‘

177 4156 276 4210 dit
308 4155 608 4227 indignant.

266 4245 354 4299 Ibi
387 4246 484 4299 erit
524 4247 677 4313 ﬂetus
720 4256 767 4300 et
819 4247 1017 4302 stridor
1057 4246 1311 4301 dentium.
1364 4246 1548 4303 Fletus
1590 4249 1654 4303 de
1698 4263 1783 4302 ar-

177 4338 352 4401 dore,
390 4336 587 4389 stridor
614 4337 845 4391 dentiant
873 4338 1010 4393 solet
1044 4338 1273 4393 excitari
1303 4340 1369 4394 de
1398 4338 1597 4411 [rigore
1638 4359 1649 4392 :
1693 4340 1781 4394 ubi

176 4429 398 4498 duplex
429 4428 730 4484 ostenditur
781 4432 1057 4499 gehenna,
1112 4431 1164 4486 id
1210 4442 1313 4498 est,
1372 4432 1521 4486 nimii
1570 4430 1787 4502 frigoris

176 4527 245 4571 et
286 4517 643 4573 intolerabilis
682 4533 804 4574 esse
843 4518 1100 4586 fervoris;
1133 4522 1221 4575 cui
1255 4521 1395 4577 beati
1435 4520 1535 4576 Job
1570 4531 1785 4576 senten-

180 4614 278 4667 tia
338 4612 613 4667 consentit
646 4612 877 4668 dicentis
908 4632 921 4666 :
956 4614 1037 4666 Ad
1079 4612 1305 4668 calorem
1355 4614 1571 4668 nimium
1618 4624 1792 4670 trans-
1818 4579 1867 4637 ι)

178 4706 354 4760 ibunt
391 4705 455 4757 ab
493 4705 645 4774 aquis
692 4705 907 4757 nivium.
961 4704 1058 4760 Vel
1107 4716 1255 4762 certe
1294 4706 1495 4762 stridor
1545 4706 1787 4762 dentium

180 4795 391 4869 prodit
423 4795 758 4866 indignantis
802 4795 1074 4863 allectum,
1129 4812 1195 4852 eo
1238 4798 1379 4867 quod
1425 4812 1549 4853 sero
1593 4814 1787 4852 unum-

177 4904 480 4962 quemque
508 4891 784 4960 pteniteat,
817 4905 939 4945 sero
982 4892 1329 4961 ingemiscat,
1376 4907 1499 4949 sero
1524 4892 1791 4948 irascatur

178 4980 343 5041 sibi,
383 4981 525 5050 quod
568 4989 678 5033 tam
719 4981 989 5049 pervicaci
1026 4982 1369 5051 improbitate
1400 4983 1707 5055 deliquerit.

278 5069 361 5124 Et
408 5088 523 5125 ecce
541 5083 682 5127 sunt
725 5075 990 5127 novissimi
1040 5078 1129 5145 qui
1161 5087 1308 5129 erant
1346 5077 1544 5146 primi,
1589 5088 1636 5129 et
1674 5090 1793 5130 sunt

178 5162 370 5233 primi
407 5162 495 5230 qui
533 5174 681 5216 erant
720 5165 1004 5218 novissimi.
1042 5164 1362 5234 Principalis
1398 5167 1613 5236 quidem
1638 5165 1795 5233 hujus

181 5270 305 5309 seu
317 5252 499 5306 tentia:
529 5267 723 5309 sensus
748 5268 813 5307 ex
842 5255 1213 5323 superioribus
1239 5265 1415 5325 patet;
1450 5258 1574 5327 quia
1613 5257 1795 5327 populi

181 5341 455 5418 gentium
487 5344 575 5397 diu
607 5345 723 5399 sine
765 5346 866 5401 ﬁde
897 5347 1136 5403 viventes
1174 5357 1358 5404 essent
1404 5351 1473 5405 ad
1508 5351 1665 5405 ﬁdem
1698 5366 1795 5405 vo-

182 5433 400 5495 candi,
424 5444 477 5488 et
493 5433 683 5502 Judaei,
712 5446 872 5506 caput
902 5437 1023 5494 ﬁdei
1053 5449 1107 5494 et
1130 5438 1356 5508 justitia:
1378 5456 1472 5512 per
1499 5449 1575 5496 tot
1602 5442 1795 5496 scecula

186 5535 490 5587 tenentes,
525 5525 691 5583 futuri
719 5540 902 5585 essent
943 5532 996 5585 in
1026 5532 1273 5587 caudam.
1303 5532 1501 5603 .l‘otest
1530 5532 1708 5588 autem
1745 5542 1802 5589 et

186 5620 281 5674 ita
342 5614 606 5685 intelligi:
655 5616 781 5685 quia
831 5618 1095 5682 nonnulli,
1144 5620 1210 5673 ad
1240 5620 1799 5691 sarculumdespecti,

188 5720 475 5775 magnam
528 5706 581 5759 in
627 5704 812 5760 futuro
854 5709 963 5762 sint
1004 5709 1227 5779 gloriam
1286 5709 1556 5777 habituri;
1615 5720 1668 5765 et
1711 5712 1800 5767 alii

186 5796 367 5870 εψυιι
409 5796 655 5852 homines
691 5796 932 5867 gloriosi,
972 5816 1001 5853 a
1032 5800 1279 5855 districto
1316 5799 1626 5871 sintjudice
1654 5801 1803 5858 dam-

555 5889 827 5949 Ps'rnOL
874 5888 1000 5954 CX.

1870 3334 2173 3407 Luciferum
2194 3337 2348 3407 genui
2371 3344 2437 3391 te.
2483 3336 2783 3404 Matthmus,
2806 3340 3006 3408 genuit,
3032 3340 3158 3411 quia
3186 3339 3329 3397 ﬁlios
3352 3357 3450 3396 na-

1871 3434 2025 3492 turas,
2052 3426 2217 3493 dicit;
2247 3426 2440 3494 Lucas,
2466 3428 2588 3498 fuit,
2619 3430 2745 3497 quia
2775 3428 2912 3483 ﬁlios
2940 3429 3093 3501 legis.

1940 3515 2109 3571 Iacob
2133 3528 2309 3572 autem
2337 3518 2511 3588 genuit
2549 3517 2750 3572 ludam
2794 3530 2841 3574 et
2866 3519 3055 3589 fratres
3084 3521 3219 3591 ejus.
3260 3522 3452 3579 lsmael

1875 3608 2264 3680 primogenitus
2304 3609 2555 3681 Abrahte,
2597 3618 2652 3665 et
2689 3610 2829 3665 Esau
2870 3613 3259 3681 primogenitus
3304 3613 3454 3671 Isaac

1875 3698 2031 3766 quasi
2057 3697 2217 3752 alieni
2249 3712 2279 3752 a
2308 3699 2504 3769 pepqu
2529 3699 2624 3753 Dei
2657 3702 3002 3769 pneternissi
3042 3712 3202 3769 sunt,
3260 3703 3457 3761 fratres

1874 3785 2026 3841 Judaa
2049 3797 2575 3844 commemorantur:
2600 3791 2690 3859 qui
2716 3791 3038 3861 patriarchae
3059 3793 3339 3850 duodecim
3364 3796 3458 3851 tri-

1879 3876 2065 3942 buum,
2098 3875 2221 3947 quia
2245 3888 2401 3933 erant
2425 3879 2492 3934 de
2516 3881 2713 3951 populo
2739 3880 2853 3949 Dei,
2888 3896 2995 3937 non
3029 3892 3155 3939 sunt
3196 3886 3361 3943 etiam
3390 3888 3458 3943 de

1881 3969 2190 4041 genealogia
2218 3968 2417 4025 Christi
2447 3970 2628 4026 alieni.

1951 4059 2122 4114 Judas
2150 4063 2323 4131 genuit
2356 4060 2556 4116 Phares
2585 4073 2631 4117 et
2674 4060 2889 4119 Zaram.
2934 4065 3023 4121 Isti
3051 4083 3155 4121 non
3193 4077 3318 4123 sunt
3345 4070 3459 4140 prl~

1885 4152 2140 4221 tnogeniti
2171 4152 2351 4219 Judze;
2384 4154 2477 4208 sed
2514 4154 2605 4223 qui
2633 4154 2791 4209 simul
2823 4157 2933 4211 nati
2963 4166 3109 4223 sunt,
3137 4167 3280 4213 recte
3301 4159 3459 4214 simul

1884 4251 2375 4297 commemorantur
2423 4261 2434 4296 :
2488 4252 2542 4299 et
2590 4244 2814 4299 istorum
2862 4256 3085 4315 uterque
3130 4248 3271 4302 nulla
3303 4249 3461 4320 culpa

1891 4343 2039 4388 ratus
2068 4344 2151 4387 est
2176 4343 2231 4387 ut
2260 4334 2639 4392 excluderetur
2659 4337 2724 4392 de
2749 4338 3081 4408 genealogia.

1961 4424 2035 4478 De
2084 4423 2331 4479 Thamar.
2388 4424 2772 4482 Praetermissis
2824 4427 3079 4499 legitimis
3127 4428 3461 4502 conjugibus,

1892 4523 2123 4585 quatuor
2158 4523 2430 4571 extranece
2475 4517 2728 4573 mulieres
2766 4527 3049 4574 sumuntur
3077 4519 3133 4574 in
3159 4521 3469 4594 genealogia

1895 4607 2094 4662 Christi
2145 4626 2158 4662 :
2206 4608 2443 4663 Thamar
2483 4599 2649 4675 enim,
2696 4610 2795 4665 sub
2841 4611 3025 4667 habitu
3069 4615 3371 4669 meretricis
3416 4616 3470 4671 in

1894 4697 2036 4752 bivio
2058 4697 2283 4764 sedens;
2319 4696 2473 4753 Raab
2497 4700 2777 4765 meretrix,
2814 4698 3075 4757 Salmoim
3102 4704 3330 4774 principi
3371 4706 3469 4759 tri-

1897 4795 1995 4849 bus
2020 4794 2170 4849 ludas
2193 4795 2259 4849 de
2281 4792 2497 4849 Jericbo
2527 4811 2585 4849 se
2608 4794 2868 4866 jungens;
2911 4796 3076 4863 Ruth,
3115 4810 3327 4855 mortuo
3357 4801 3471 4857 viro

1895 4900 1992 4940 suo
2022 4886 2088 4940 de
2116 4882 2402 4941 Moabitida
2443 4888 2661 4957 regione
2683 4888 2925 4953 veniens,
2963 4888 3195 4959 jungens
3216 4907 3273 4947 se
3294 4891 3471 4957 Booz;

1896 4974 2179 5039 Bersabee,
2212 4976 2277 5030 de
2308 4977 2451 5047 regis
2482 4978 2647 5031 David
2696 4978 2961 5035 adulterio
2996 4982 3319 5050 concipiens.
3360 4983 3473 5039 Iloe

1898 5067 2099 5122 factum
2126 5076 2210 5121 est
2232 5076 2290 5121 ut
2316 5069 2607 5122 secundum
2635 5068 2868 5124 litteram
2894 5072 3103 5127 Domini
3130 5073 3473 5131 clementiam

1900 5159 2291 5213 admiraremur
2317 5159 2641 5224 maximam,
2672 5162 2795 5231 quia
2843 5174 3060 5232 propter
3089 5166 3317 5221 hominis
3351 5182 3475 5235 pce-

1899 5260 2076 5305 catum
2104 5251 2406 5316 delendum,
2432 5267 2537 5307 non
2561 5251 2732 5308 solum
2758 5255 2823 5309 de
2849 5255 3175 5319 hominibus,
3197 5258 3289 5310 sed
3312 5258 3475 5312 etiam

1902 5342 1969 5396 de
1999 5342 2375 5411 peccatoribus
2404 5351 2458 5397 et
2503 5344 2876 5399 meretricibus
2917 5346 3064 5398 nasci
3098 5346 3346 5416 dignatus
3374 5356 3473 5402 est.

1908 5431 2209 5486 Secundum
2234 5446 2363 5487 vero
2390 5448 2603 5488 sensum
2635 5434 3035 5505 [spiritualem],
3078 5436 3128 5489 in
3161 5436 3279 5491 istis
3310 5436 3487 5492 tribus

1908 5524 2222 5579 mulieribus
2256 5525 2494 5579 Ecclesia
2519 5535 2745 5579 ventura
2776 5525 2843 5579 ad
2875 5526 3157 5579 Dominum
3188 5525 3255 5579 de
3278 5525 3491 5596 gentili.

1910 5617 2035 5670 tatis
2062 5633 2246 5672 errore
2275 5618 2637 5689 signiﬁcatur:
2660 5635 2778 5688 qua:
2804 5620 2952 5689 prius
2978 5619 3149 5673 aliena
3180 5628 3234 5673 et
3261 5618 3479 5684 sterilis,

1910 5716 2092 5777 postea
2122 5723 2249 5761 vero
2272 5709 2550 5779 conjuncta
2577 5718 2657 5764 est
2688 5710 2910 5764 nomine
2933 5716 3199 5774 matrona,
3224 5722 3341 5778 quae
3367 5706 3484 5776 plu-

1912 5816 1999 5857 res
2027 5801 2303 5871 adoptivos
2334 5801 2472 5859 ﬁlios
2512 5803 2620 5859 Deo
2661 5805 2801 5875 parit
2840 5819 3002 5876 quam
3032 5802 3333 5874 Synagega,
3365 5816 3483 5871 qua:

2934 5897 3009 5958 15
