3960 6378
487 337 593 396 469

1155 331 1214 388 Β.
1255 329 1513 386 RABANI
1554 327 1773 386 MAURI
1811 324 2131 382 A’RCl'llEP.
2173 323 2806 381 MOGUNT.‘OPERUM
2843 321 3024 379 PARS
3061 324 3124 381 ll.

3665 325 3774 381 460

483 451 659 524 prius,
686 447 809 509 dum
838 444 1116 517 proprium
1138 443 1329 499 habuit
1356 445 1554 508 virum,
1579 441 1876 515 generavit.
1907 438 2075 494 David
2108 442 2156 502 Α
2183 438 2466 494 constituit
2511 437 2855 505 Sedechiam,
2899 448 3148 508 patruum
3179 439 3313 509 ejus,
3352 454 3533 510 regem
3570 457 3666 511 pro
3709 458 3781 498 co

488 557 664 613 regem
695 538 848 603 dixit,
873 552 982 592 non
1012 531 1178 608 quasi
1197 535 1344 591 solus
1375 551 1471 590 rex
1507 535 1573 590 de
1595 533 1801 596 Iudaea,
1829 531 1925 588 sed
1951 530 2076 600 quia

486 633 695 705 primus
719 645 902 700 regum
921 641 1094 704 usque
1119 626 1186 684 ad
1210 625 1742 695 transmigrationcm
1768 621 2076 694 Babylonis,

488 718 636 776 velut
662 719 753 774 alii
781 718 1114 787 distinguunt
1139 732 1168 770 a
1193 715 1361 770 David
1390 716 1578 770 milite.

562 809 647 864 Ea:
680 825 742 863 ea
771 823 888 880 quia
913 805 1015 876 fuit
1045 802 1206 858 Uriw.
1244 803 1369 859 Sola
1394 802 1660 858 Bersabee
1685 816 1790 856 non
1836 799 2084 857 nomina-

491 911 597 968 tur,
630 915 731 972 pro
754 898 960 954 scelere
992 895 1229 967 conjugii
1268 895 1383 950 sine
1419 894 1758 965 paenitentia.
1798 891 1930 946 Nam
1962 891 2082 948 alia:

492 1003 604 1048 tres
640 1007 747 1046 non
788 988 960 1044 solum
993 1003 1100 1043 non
1132 987 1330 1043 debent
1374 984 1601 1054 culpari,
1636 985 1733 1040 sed
1778 993 1834 1038 et
1859 984 2081 1041 laudem

489 1091 828 1142 meruerunt.
867 1081 1029 1138 Urias
1053 1095 1181 1135 vero
1202 1079 1530 1142 nominatur,
1559 1078 1650 1148 qui
1673 1075 1853 1146 justus
1867 1076 2087 1138 occisus

491 1187 599 1239 est.
629 1176 797 1232 David
825 1189 971 1237 vero,
1004 1173 1215 1229 etiamsi
1245 1171 1452 1226 adulter
1475 1178 1528 1225 et
1561 1169 1852 1234 homicida,
1878 1169 1966 1222 hic
1993 1184 2089 1221 uo-

494 1269 757 1332 minatur,
787 1266 841 1320 in
881 1263 1190 1333 exemplum
1230 1277 1370 1316 verre
1414 1259 1746 1330 pmnitentize
1775 1257 1910 1327 ejus,
1941 1257 2090 1312 etde

496 1375 594 1418 suo
637 1357 904 1414 adulterio
937 1356 1062 1410 talis
1109 1353 1256 1408 filius
1305 1354 1567 1418 nascitur,
1597 1367 1662 1406 ex
1693 1349 1847 1420 cujus
1881 1351 2089 1406 semine

495 1453 748 1510 Christus
776 1457 1089 1521 generatur.
1115 1445 1196 1500 Ab
1217 1445 1493 1499 Abraham
1518 1457 1688 1512 usque
1709 1443 1776 1497 ad
1805 1440 1976 1504 David,
1997 1456 2090 1510 pa-

500 1541 750 1596 triarcha:
781 1547 834 1594 et
862 1538 1058 1599 duces;
1091 1549 1119 1588 a
1153 1533 1321 1587 David
1348 1546 1518 1601 usque
1546 1531 1612 1585 ad
1652 1529 2087 1601 transmigratio-

502 1649 625 1689 nem
654 1644 811 1702 reges
840 1637 894 1684 et
920 1642 950 1681 a
982 1624 1457 1703 transmigratione
1489 1615 1850 1679 deducuntur.

568 1722 754 1776 J‘oram
787 1720 966 1792 genuit
994 1714 1201 1771 Oziam.
1257 1715 1313 1768 In
1349 1712 1578 1769 historia
1622 1711 1830 1785 Regum
1864 1709 2090 1781 legimus

2182 546 2346 600 super
2394 529 2661 590 inda-am.
2693 531 2866 599 Quem
2899 530 3098 585 malum
3125 546 3310 586 coram
3343 533 3570 588 Domino
3596 533 3785 589 Nabu-

2182 621 2524 676 chodonosor
2573 621 3193 691 incendensJemplum,
3241 632 3296 678 et
3344 625 3598 681 auferens
3627 643 3780 713 ‘vasa

2184 712 2418 780 Domini,
2469 714 2625 769 duxit
2653 715 2707 768 in
2740 713 3088 784 Babylonem.
3133 715 3190 769 Si
3213 717 3542 771 voluerimus
3563 712 3785 773 lectio—-

2187 801 2335 865 niam
2364 801 2437 855 in
2469 800 2577 856 fine
2626 801 2779 872 prius
2829 804 3362 861 tessarescedccadcs
3395 820 3619 873 ponere,
3672 821 3787 860 non

2185 893 2621 962 quattuordecim,
2651 894 2745 948 sed
2784 893 3044 949 tredecim
3074 905 3391 964 sequuntur.
3432 896 3622 952 Restat
3650 915 3789 970 ergo

2188 993 2247 1039 ut
2276 984 2592 1041 Jechoniam
2639 985 2876 1053 priorem
2907 985 3143 1040 sciamus
3183 985 3359 1055 ipsum
3390 1002 3508 1042 csse
3535 986 3789 1043 Joachim

2186 1082 2400 1143 patrem
2430 1072 2705 1128 Jecbonia:
2763 1073 2952 1137 filium,
3003 1075 3095 1144 qui
3145 1075 3197 1128 in
3239 1074 3474 1131 Dauiciis
3524 1078 3791 1132 scribitur

2189 1170 2375 1232 initio;
2411 1169 2705 1224 secundum
2732 1166 3044 1224 Jerhoniam
3074 1171 3246 1238 ipsum
3276 1181 3398 1227 esse
3422 1168 3790 1234 Joachimum,

2191 1268 2442 1329 nepotem
2477 1257 2659 1322 Josize,
2682 1260 2782 1328 qui
2813 1260 3010 1330 ipsein
3043 1259 3346 1315 Ezechielis
3371 1261 3527 1316 initio
3567 1261 3791 1323 dicitur,

2192 1351 2429 1418 Quorum
2461 1351 2612 1421 prior
2636 1365 2789 1420 per:
2814 1361 2869 1406 ct
2895 1375 2954 1426 μ,
2986 1353 3218 1422 sequens
3253 1366 3350 1421 per
3369 1373 3413 1425 χ
3445 1360 3499 1406 et
3527 1374 3566 1422 μ
3597 1351 3798 1407 scribi-

2193 1450 2300 1495 tur.
2341 1441 2495 1508 Quod
2533 1442 2606 1496 ita
2649 1443 2790 1511 apud
2815 1442 3036 1498 Graecos
3059 1453 3111 1497 et
3139 1443 3362 1499 Latinos
3393 1443 3677 1500 confusum
3705 1453 3798 1500 est

2193 1535 2723 1604 scriptorum-vitio,
2770 1545 2827 1591 et
2869 1535 3204 1607 longitudine
3251 1546 3573 1606 temporum,
3605 1546 3667 1592 ut
3719 1537 3794 1591 ab

2193 1627 2504 1683 errantibus
2534 1627 2675 1682 idem
2701 1627 2756 1681 in
2791 1628 3018 1682 duarum
3046 1628 3434 1698 praphetarum
3457 1642 3796 1682 commemo-

2195 1726 2346 1774 ratus
2380 1726 2600 1790 putetur
2645 1718 2945 1789 principiis.
3000 1715 3204 1774 Deinde
3249 1719 3294 1773 si
3347 1713 3551 1774 dixeris
3590 1716 3796 1773 Jecho—

503 1811 788 1867 0choainm
808 1848 823 1875 ,
865 1807 1001 1862 Joab
1021 1847 1036 1872 ,
1082 1804 1348 1859 Amasiam
1373 1842 1389 1868 ,
1434 1811 1544 1864 tres
1587 1815 1743 1874 reges
1765 1841 1780 1867 ,
1833 1816 1970 1872 quos
2007 1800 2094 1856 hic
2123 1797 2175 1856 Β
2197 1809 2344 1863 niam
2368 1809 2438 1864 ab
2457 1807 2604 1864 Josia
2625 1808 2890 1880 genitum,
2918 1808 2990 1863 sit
3019 1821 3190 1878 nepos
3228 1824 3332 1864 non
3372 1808 3534 1864 illius.
3563 1821 3588 1850 ι
3628 1808 3798 1868 Chri-

503 1902 832 1972 evangelista
865 1896 1232 1968 praetermisit.
1278 1893 1513 1963 Ideoque
1556 1891 1836 1964 proposuit
1858 1905 2098 1962 evange-

502 1995 623 2049 lista
659 2001 767 2046 tres
810 1985 1341 2046 tcssarescedecades
1368 1985 1580 2038 diverso
1608 1983 1772 2046 statui
1798 1989 2099 2058 temporum

502 2100 741 2156 ponere;
790 2090 844 2137 et
886 2082 980 2151 qui
1018 2078 1232 2134 volebat
1269 2091 1554 2131 numerum
1593 2073 1951 2145 quadraginta
1994 2072 2099 2126 duo

501 2188 707 2248 ponere
747 2178 1152 2236 consecratum,
1182 2168 1383 2224 rectius
1417 2175 1537 2222 erat
1562 2163 1619 2220 ut
1646 2173 1756 2220 tres
1791 2163 1915 2218 mali
1948 2178 2102 2234 rcges

508 2267 1078 2340 praetermitterentur,
1126 2277 1286 2332 quam
1325 2258 1503 2314 nullus
1540 2273 1607 2313 ex
1641 2257 1814 2313 bouis.
1860 2256 1926 2311 Et
1976 2257 2099 2327 quia

506 2361 690 2416 .lor'am
718 2357 1013 2413 miscuerat
1042 2369 1101 2410 se
1136 2351 1319 2426 generi
1352 2350 1599 2420 pessimo
1625 2347 1894 2420 Iezabelis
1914 2387 1928 2413 ,
1961 2347 2102 2404 acci-

505 2453 660 2524 piens
677 2449 842 2504 ftliam
871 2445 1058 2502 Achab
1086 2441 1354 2498 Athaliam
1391 2441 1444 2496 in
1482 2439 1761 2510 conjugio,
1785 2455 1851 2495 ex
1880 2453 1989 2508 qua
2013 2453 2101 2511 ge-

513 2543 723 2599 neravit
747 2540 1041 2596 Ochoziam
1070 2556 1082 2590 :
1118 2538 1238 2592 ideo
1265 2549 1434 2607 usque
1469 2535 1525 2588 in
1555 2535 1768 2591 tertiam
1804 2533 2105 2602 generatio-

511 2639 632 2690 n'em
663 2631 926 2688 memoria
947 2629 1065 2700 ejus
1095 2627 1393 2703 delsanctae
1423 2623 1723 2684 nativitatis
1750 2625 1938 2679 ordine
1962 2622 2101 2677 tolli-

513 2737 623 2789 tur,
655 2723 867 2779 dicente
894 2719 1123 2775 Domino
1159 2717 1212 2772 in
1240 2716 1361 2788 iege,
1391 2736 1403 2768 z
1443 2715 1554 2786 Ego
1583 2731 1697 2768 sum
1722 2713 1872 2785 ρεαδ
1902 2712 2103 2770 ιεΙοιὶς,

513 2816 731 2870 υἱδὶταηδ
773 2822 986 2884 peccata
1015 2819 1225 2880 patrum
1255 2809 1311 2861 in
1354 2805 1492 2876 ﬁlios
1530 2823 1692 2884 usque
1717 2806 1770 2858 in
1796 2809 1998 2863 tertiam
2027 2820 2109 2873 ge-

515 2907 840 2962 nerationem
895 2918 1096 2967 eorum,
1147 2900 1236 2971 qui
1283 2887 1651 2954 oderunt‘me.
1683 2897 1742 2965 In
1778 2896 1900 2976 illos
1923 2897 2108 2965 utique

520 2983 742 3066 peccata
769 3003 987 3065 patrum
1006 2991 1316 3056 visitantur,
1346 2987 1438 3059 qui
1471 2988 1711 3058 peccatis
1748 2987 1872 3043 odio
1898 2979 2108 3062 Domini

519 3077 824 3158 pertinaces
856 3082 1097 3147 fuerunt;
1144 3089 1199 3135 et
1236 3080 1290 3133 in
1331 3079 1436 3133 illis
1466 3077 1839 3134 misericordia
1857 3072 2109 3140 efﬁcitur,

2199 1900 2390 1955 stianis
2415 1897 2664 1954 Joachim
2683 1897 3007 1952 'Jeehoniam
3034 1897 3201 1954 fuisse
3230 1909 3502 1962 vocatum,
3526 1890 3654 1954 licet
3685 1898 3802 1954 alio

2199 1989 2317 2044 loco
2335 1989 2611 2060 Evangelii
2643 1989 2820 2043 locum
2865 1989 3124 2057 legamus,
3165 1989 3343 2044 nullus
3369 1990 3434 2044 de
3475 1989 3599 2044 iiiiis
3629 1978 3800 2053 dicet,

2199 2081 2295 2136 sed
2319 2080 2373 2135 'si
2419 2079 2706 2140 invenerit,
2743 2079 3002 2134 recitetur
3024 2094 3194 2149 usque
3236 2079 3566 2148 evangelista
3609 2096 3623 2132 ε
3673 2079 3804 2134 ideo

2201 2181 2414 2243 patrem
2463 2179 2741 2242 nuncupat
2783 2170 3122 2237 Jeehoniam,
3161 2173 3287 2242 quia
3328 2173 3652 2243 prwparatio
3691 2172 3807 2226 Do-

2198 2266 2352 2329 mini,
2377 2263 2502 2333 quia
2533 2263 2607 2317 ita
2639 2264 2783 2318 hunc
2817 2264 2958 2319 sieut
2979 2272 3032 2319 et
3064 2263 3227 2319 alium
3249 2262 3445 2321 merito
3468 2269 3810 2337 praeparavit

2204 2355 2464 2410 Dominus
2493 2355 2560 2409 ad
2583 2356 3137 2424 transmigrationem.
3171 2354 3324 2410 Unde
3357 2356 3406 2410 in
3438 2353 3806 2427 transmigra-

2206 2448 2352 2502 tione
2381 2445 2518 2501 filios
2541 2445 2704 2501 Josiae
2740 2444 2874 2500 dicit
2900 2447 3132 2516 genitos,
3165 2463 3286 2502 cum
3316 2457 3476 2502 antea
3504 2449 3617 2502 nati
3653 2448 3769 2502 sint
3794 2465 3807 2510 ;

2206 2538 2332 2607 quia
2373 2537 2440 2590 ad
2482 2537 2584 2591 hoc
2612 2536 2725 2590 nati
2756 2533 2878 2590 Sunt
2904 2537 3256 2606 'pratscientia
3310 2536 3423 2601 Dci,
3459 2546 3519 2591 ut
3551 2541 3812 2592 transmi-

2207 2634 2496 2698 grarentur
2520 2640 2619 2695 pro
2658 2626 2775 2680 suis
2802 2626 3076 2695 peccatis.~
3110 2625 3418 2680 Secundum
3458 2640 3587 2681 vero
3616 2627 3813 2698 Augu-

2209 2717 2407 2775 stinum
2431 2714 2722 2770 Jechonias
2747 2715 2831 2769 his
2861 2723 3197 2780 numeratur,
3217 2716 3270 2769 in
3300 2716 3403 2770 line
3426 2717 3647 2786 prioris,
3677 2728 3732 2771 et
3759 2719 3812 2772 in

2208 2808 2386 2878 capite
2412 2805 2728 2862 deﬂexionis
2748 2809 2816 2860 ad
2828 2817 3015 2877 gentes
3035 2814 3324 2863 extraneas
3343 2809 3673 2880 Babyloniae.
3704 2810 3816 2865 Sed

2212 2915 2310 2954 cur
2346 2906 2500 2968 pater
2539 2897 2657 2968 ejus
2694 2897 3126 2968 prmtcrmittitur
3154 2939 3167 2963 ,
3207 2898 3311 2953 nisi
3369 2901 3493 2969 quia
3534 2901 3813 2971 significat

2209 2989 2490 3046 Christum
2538 3005 2568 3043 a
2614 2988 3035 3044 circumcisione
3086 2989 3151 3042 ad
3190 2991 3532 3060 prmputium,
3575 2991 3720 3046 sient
3750 2993 3820 3046 ab

2211 3079 2514 3135 Jerusalem
2535 3079 2602 3133 ad
2629 3078 2982 3148 Babylonem,
2999 3080 3394 3148 quodammodo
3415 3082 3782 3152 migraturum
3803 3099 3816 3135 :

522 3157 613 3250 qui
656 3177 710 3232 in
759 3175 1046 3230 dilectione
1092 3171 1304 3227 Domini
1348 3178 1688 3242 permanent.
1741 3168 1919 3228 Bonus
1971 3169 2114 3224 enim
2143 3157 2187 3218 (ἶ
2221 3169 2704 3239 ethincutrisque
2731 3170 2784 3224 in
2820 3185 2879 3225 se
2905 3170 3252 3226 credentibus
3281 3172 3420 3226 sicut
3448 3172 3688 3244 lapidem
3723 3192 3821 3229 au-

528 3270 710 3333 homo,
744 3282 773 3320 a
801 3265 993 3334 quovis
1025 3261 1340 3334 pertransit,
1371 3258 1564 3332 dignus
1593 3256 1677 3315 est
1701 3259 2071 3324 misericordia
2101 3275 2115 3324 ;

516 3359 702 3413 'malus
731 3371 861 3410 vero
887 3364 1066 3425 pten‘a.
1104 3350 1288 3408 Joram
1329 3352 1513 3422 utique
1554 3351 1764 3420 accepit
1798 3348 2072 3404 Athaliam
2104 3367 2116 3402 :

529 3464 670 3518 qum,
703 3445 955 3500 defuncto
981 3443 1217 3498 Ochozia
1246 3484 1260 3507 ,
1294 3441 1463 3495 filium
1489 3436 1604 3509 ejus
1633 3449 1688 3498 et
1725 3428 1947 3513 nepotes
1973 3455 2118 3506 suos,

529 3538 667 3592 filios
689 3533 1172 3597 0choziae,occi.lit
1195 3547 1210 3596 ;
1234 3539 1287 3586 et
1316 3530 1428 3599 ipsa
1464 3529 1710 3600 regnavit
1735 3539 1941 3598 septem
1967 3528 2124 3590 annis

530 3630 585 3683 in
611 3627 813 3682 .ludaza;
843 3624 1049 3692 Quibus
1075 3623 1325 3688 mortuis,
1351 3621 1653 3692 occultatus
1680 3631 1763 3676 est
1781 3619 1939 3686 Joab,
1961 3637 2124 3691 quem

531 3718 750 3774 Josabet
778 3717 888 3773 illia
912 3717 1053 3787 regis
1077 3714 1282 3781 Joram,
1305 3728 1461 3769 soror
1481 3711 1751 3778 Ochoziae,
1769 3712 2124 3770 internecioni

522 3825 655 3881 quae
691 3809 1046 3864 exercebatur
1076 3807 1143 3861 ab
1180 3805 1395 3860 Athalia
1433 3804 1702 3860 subtraxit
1739 3804 1794 3858 in
1845 3803 2121 3882 templum.

534 3900 658 3968 Qui,
674 3899 854 3954 occisa
879 3897 995 3950 avia
1019 3910 1136 3961 sua,
1163 3911 1193 3949 a
1214 3893 1403 3950 Joiada
1428 3893 1712 3949 sacerdote
1738 3893 2005 3948 nutritore
2026 3908 2128 3948 suo

539 3994 591 4047 in
623 4006 802 4062 regem
829 3989 1129 4044 ordinatur.
1158 3987 1256 4055 Qui
1275 3986 1487 4042 mortuo
1511 3985 1698 4041 Joiada
1720 3986 1986 4041 nutritore
2009 4001 2125 4050 suo,

541 4084 716 4138 filium
735 4083 849 4152 ejus
873 4080 1189 4135 Zachariam
1221 4078 1557 4134 sacerdotem
1585 4077 1784 4132 occidit
1809 4078 1952 4133 inter
1989 4086 2126 4131 tem-

540 4173 684 4243 plum
731 4179 787 4224 et
815 4169 1004 4223 altare.
1053 4167 1306 4222 Amasias
1350 4181 1479 4221 vero
1509 4166 1792 4221 Dominum
1836 4165 2050 4239 renuit,_
2076 4174 2132 4220 et

541 4243 681 4314 idola
713 4257 976 4313 adoravit.
1012 4255 1105 4311 lsti
1128 4271 1258 4326 ergo
1284 4263 1417 4322 tres,
1440 4255 1494 4310 id
1517 4263 1600 4310 est
1628 4273 1641 4308 :
1675 4253 2128 4322 Ochozfas,.loab,

547 4361 600 4402 ut
642 4349 911 4412 Amasias,
941 4347 1126 4402 Joram
1175 4345 1419 4402 haeredes
1453 4345 1765 4412 impietatis,
1817 4347 2007 4402 merito
2037 4361 2133 4416 per

547 4451 738 4491 Ollllles
761 4452 788 4489 a
813 4435 1124 4507 genettlngia
1161 4435 1361 4490 Christi
1393 4435 1770 4491 excluduntur.

2220 3259 2462 3332 gularem
2489 3257 2758 3315 futurum.

2289 3349 2457 3404 Iacob
2481 3361 2656 3405 autem
2681 3350 2854 3421 genuit
2881 3349 3096 3421 Ioseph.
3142 3351 3268 3406 ideo
3307 3366 3407 3422 per
3431 3351 3658 3424 Ioseph,
3693 3372 3818 3410 cum

2222 3457 2331 3506 non
2365 3442 2437 3498 sit
2468 3451 2646 3512 pater,
2687 3441 2995 3512 genealogia
3021 3440 3222 3497 Christi
3258 3443 3566 3509 deducitur,
3610 3448 3817 3516 primo,

2224 3533 2350 3602 quia
2379 3539 2441 3587 ut
2486 3532 2770 3586 mulierum
2813 3533 2946 3586 ordo
2981 3533 3306 3602 genealogite
3345 3542 3704 3594 texetur'non
3743 3548 3825 3592 est

2225 3621 2632 3689 consuetudinis
2671 3620 3006 3691 Scriptum;
3048 3622 3318 3688 secundo,
3373 3632 3431 3677 ut
3479 3632 3578 3695 per
3615 3625 3821 3697 Jo’seph

2225 3713 2379 3784 origo
2406 3712 2591 3786 Maria:
2621 3719 3034 3776 monstraretur,
3067 3711 3192 3781 quia
3223 3713 3293 3767 de
3311 3715 3497 3768 eadem
3534 3717 3682 3772 tribu
3711 3717 3827 3774 fue-

2227 3816 2375 3874 runt,
2406 3813 2744 3863 contestaute
2769 3803 2909 3876 Lege
2939 3813 2998 3859 ut
3021 3820 3180 3860 nemo
3201 3807 3430 3877 accipiat
3455 3825 3689 3865 uxorem
3716 3812 3819 3866 nisi

2229 3900 2298 3957 de
2332 3899 2476 3964 tribu
2505 3911 2623 3952 sua.
2646 3896 2985 3953 Lucasvero
3015 3896 3145 3951 dicit
3174 3916 3186 3950 :
3213 3895 3307 3952 Cui
3339 3897 3441 3952 fuit
3463 3898 3601 3954 alter
3624 3916 3820 3957 secun-

2230 3990 2358 4045 dum
2391 3997 2641 4044 naturam
2671 3995 2847 4055 pater,
2876 3986 3013 4040 alter
3038 3988 3346 4042 secundum
3365 3988 3559 4058 legem.
3603 3981 3822 4047 Scimus

2231 4080 2377 4135 enim
2400 4079 2504 4133 hoc
2527 4085 2852 4147 praeceptum
2899 4092 2932 4146 p
2953 4092 2995 4129 'r
3030 4076 3267 4147 Moysen,
3309 4078 3540 4134 Domino
3569 4081 3820 4151 juheute,

2233 4182 2294 4225 ut
2320 4171 2364 4225 si
2389 4168 2557 4234 frater
2588 4168 2671 4222 vel
2714 4167 3048 4237 pr0pinquus
3081 4167 3196 4220 sine
3220 4167 3405 4223 liberis
3430 4179 3684 4225 mortuus
3713 4170 3822 4226 fuc-

2235 4262 2325 4326 rit,
2347 4259 2577 4329 accipiat
2603 4257 2738 4312 alius
2763 4271 2984 4314 uxorem
3006 4255 3120 4324 ejus
3141 4258 3208 4310 ad
3238 4259 3607 4315 suscitandum
3637 4277 3820 4316 semen

2235 4350 2420 4417 fratris
2447 4350 2542 4423 sui.
2559 4347 2642 4402 vel
2670 4347 2974 4418 propinqui.
2997 4345 3162 4401 Jacob
3192 4356 3372 4402 autem
3399 4357 3455 4403 et
3483 4348 3604 4404 Heli
3627 4351 3826 4406 fratres

2239 4441 2437 4512 uterini
2465 4438 2705 4503 ﬁlerunt,
2735 4438 2788 4492 id
2814 4445 2918 4503 est,
2962 4438 3122 4492 unius
3158 4439 3347 4494 matris
3379 4438 3546 4494 Esthn
3587 4443 3822 4505 nomine,

608 4529 796 4583 'Josiaa
818 4501 1019 4581 'autem
1043 4501 1238 4596 'genuit
1282 4527 1596 4581 Jecltoniam
1652 4537 1700 4581 et
1759 4527 1946 4594 fratres
1966 4599 1974 4606 _
1995 4528 2129 4598 ejus.
2158 4501 2211 4560 Ῑ)
2237 4510 2356 4607 (λύω
2381 4541 2502 4603 post
2535 4501 2724 4600 Mclch,
2774 4501 2993 4590 Mathau
3038 4527 3313 4585 afﬁnitatis
3342 4530 3469 4598 jure
3500 4531 3698 4601 juncta
3728 4501 3824 4590 est.

546 4619 864 4676 Communis
892 4618 1191 4688 impietatis
1220 4625 1276 4673 et
1311 4618 1598 4688 coaequalis
1632 4618 1900 4685 infamiae,
1928 4628 1983 4673 et
2015 4634 2133 4673 om-

551 4712 702 4766 nium
754 4710 1243 4780 transmigrationis
1287 4707 1564 4765 Jechonim
1601 4693 1761 4765 siniul
1806 4718 1861 4764 et
1909 4694 2135 4776 fratrum

553 4804 670 4874 ejus
697 4800 824 4857 fecit
849 4801 1195 4856 mentionem.
1219 4799 1334 4856 ‘Pro
1358 4799 1502 4856 Josia
1528 4802 1673 4856 enim
1699 4801 1755 4855 in
1784 4801 1924 4857 bello
1951 4793 2137 4855 contra

556 4895 803 4951 Necheco
850 4909 1032 4965 regem
1085 4891 1302 4964 Egypti
1329 4892 1511 4948 occiso
1535 4933 1549 4956 ,
1593 4888 1827 4946 Joachas
1858 4891 2000 4947 filius
2026 4891 2141 4961 ejus

559 4996 672 5042 tres
699 4999 912 5040 menses
941 4985 994 5038 in
1023 4981 1324 5038 Jerusalem
1347 4983 1613 5053 regnavit,
1645 4992 1698 5038 et
1725 4983 1991 5039 transtulit
2014 4999 2137 5039 eum

561 5095 656 5135 rex
682 5077 898 5150 Αἰγεῖ)ιὶ
927 5079 979 5132 in
1005 5077 1318 5149 Egyptum,
1336 5086 1390 5132 et
1411 5077 1689 5132 constituit
1714 5093 1811 5147 pro
1835 5093 1899 5133 eo
1918 5077 2140 5132 fratrem

560 5170 674 5239 ejus
716 5168 998 5232 Eliachim,
1031 5169 1122 5239 qui
1157 5176 1211 5222 et
1239 5165 1503 5223 Joachim.
1543 5168 1645 5234 Qui
1673 5168 1954 5223 duodecim
1987 5170 2141 5224 annis

562 5259 806 5329 regnavit
853 5275 865 5310 :
910 5272 1070 5328 quem
1097 5257 1295 5312 malum
1322 5272 1506 5312 coram
1537 5257 1763 5312 Domino
1785 5255 2143 5312 Nabuchodo-

563 5363 726 5405 nosor
752 5349 989 5402 vinctum
1027 5349 1233 5403 catenis
1268 5349 1420 5403 duxit
1457 5348 1510 5401 in
1556 5346 1924 5418 Babylonem;
1969 5356 2023 5402 et
2055 5363 2142 5402 re-

563 5440 746 5513 gnavit
771 5438 1036 5506 .ioachim,
1066 5439 1153 5510 qui
1185 5448 1238 5493 et
1262 5439 1570 5503 Jechonias,
1605 5438 1744 5493 filius
1780 5440 1918 5509 ejus,
1960 5453 2057 5508 pro
2082 5453 2146 5492 eo

568 5541 680 5589 tres
705 5546 935 5586 menses.
968 5531 1135 5598 Quem
1163 5546 1377 5601 quoque
1424 5531 1624 5585 malum
1667 5547 1850 5586 coram
1898 5531 2144 5595 Domino,

568 5621 790 5678 mittens
835 5621 1326 5678 Nabuchodonosor
1383 5621 1534 5675 duxit
1583 5623 1635 5676 in
1691 5622 2040 5693 Babylonem,
2093 5631 2148 5675 et

2239 4627 2481 4695 Cumque
2510 4621 2626 4677 Heli
2655 4618 2831 4688 major
2857 4628 2986 4676 natu
3011 4634 3232 4676 uxorem
3261 4623 3525 4689 dux-isset,
3555 4625 3677 4681 sine
3707 4627 3824 4683 ﬁliis

2241 4714 2522 4793 defunctus
2553 4719 2636 4765 est
2660 4727 2674 4763 ε
2698 4710 2752 4762 in
2780 4707 2935 4777 cujus
2964 4710 3181 4764 neruine
3203 4712 3492 4766 suscitatus
3521 4724 3606 4768 est
3626 4714 3824 4786 Joseph

2242 4822 2307 4860 ex
2328 4804 2494 4858 Jacob
2527 4795 2819 4856 carnaliter
2846 4809 3151 4870 generatus.
3195 4800 3307 4856 Hac
3329 4804 3672 4872 expositione
3697 4807 3820 4860 duo

2244 4909 2363 4948 rum
2401 4900 2616 4960 patrum
2644 4887 2975 4958 Pamphylus
3018 4897 3071 4943 et
3109 4889 3396 4956 Eusebius,
3441 4890 3826 4964 Hieronymus.

2242 4983 2558 5039 Ambrosius
2595 4989 2650 5035 et
2692 4980 2992 5035 Eucherius
3027 4982 3107 5035 usi
3151 4990 3294 5036 sunt.
3344 4981 3684 5052 Augustinus
3711 5001 3829 5041 vero

2245 5075 2378 5130 dicit
2405 5073 2538 5128 duos
2563 5083 2744 5143 patres
2767 5071 3021 5126 habuisse
3047 5070 3269 5142 Joseph,
3297 5087 3461 5126 unum
3486 5089 3515 5126 a
3548 5090 3660 5145 quo
3691 5076 3829 5146 geni-

2247 5177 2333 5220 tus
2352 5175 2456 5232 est,
2485 5165 2713 5219 alterum
2749 5179 2777 5219 a
2805 5179 2910 5234 quo
2933 5165 3216 5232 adoptatus
3235 5163 3354 5218 fuit.
3377 5164 3614 5234 Antiqua
3634 5168 3826 5221 etenim

2246 5258 2580 5314 consuetudo
2635 5255 2923 5325 adoptandi
2967 5254 3106 5309 ﬁlios
3143 5256 3195 5309 in
3240 5256 3434 5324 populo
3476 5255 3572 5310 Dei
3607 5265 3750 5320 erat,
3781 5265 3830 5308 ut

2252 5350 2416 5405 Jacob
2438 5357 2661 5418 nepotes
2683 5363 2828 5413 suos,
2855 5347 2992 5403 filios
3014 5346 3228 5417 Joscph,
3257 5347 3362 5402 sibi
3397 5347 3534 5403 filios
3561 5346 3832 5419 adoptavit

2258 5433 2514 5510 Ephraim
2555 5447 2610 5493 et
2642 5437 2946 5501 Manassen,
2979 5445 3035 5492 et
3075 5436 3202 5491 illud
3233 5439 3381 5492 auxit
3419 5454 3708 5494 numerum
3742 5439 3832 5494 tti-

2252 5531 2416 5585 buum
2436 5528 2596 5583 Israel
2623 5546 2635 5581 :
2660 5537 2715 5582 et
2738 5527 2954 5599 Moysen
2978 5528 3082 5590 (ilia
3109 5527 3429 5584 Pharaonis.
3453 5528 3520 5583 Et
3541 5531 3598 5584 in
3625 5531 3832 5586 Christo

2256 5623 2357 5677 hoc
2384 5619 2583 5675 factum
2606 5627 2707 5684 est,
2736 5626 2795 5672 ut
2820 5619 2951 5673 dicit
2977 5617 3142 5672 Maria
3172 5636 3186 5671 :
3212 5617 3482 5690 Fili,quid
3508 5621 3682 5690 feciin
3700 5619 3832 5676 nobis

641 5751 668 5780 ι
706 5737 881 5794 Locus
911 5744 1216 5808 corruptus,
1243 5737 1382 5791 sicut
1412 5746 1463 5790 et
1492 5736 1579 5790 alii
1606 5737 1743 5792 bene
1768 5735 1943 5802 multi,
1971 5734 2424 5805 quemadmodum
2457 5733 2651 5804 legenti
2681 5731 2844 5786 nimis
2867 5738 3036 5802 patet.
3069 5731 3230 5788 Eutr.
