3960 6362
212 384 307 440 iﬁl

1313 389 1613 447 HOMlLlA'I
1654 388 1720 443 IN
1759 387 2008 445 EYANG.
2054 388 2139 442 ET
2174 387 2383 443 EPIST.

3385 394 3489 446 ili!

219 499 327 552 sic:
356 514 449 568 ego
482 509 532 553 et
571 509 724 571 pater
747 511 864 555 tuus
883 502 1242 571 quaerebamus
1268 511 1356 567 te;
1394 503 1576 573 itaque
1599 501 1799 573 Joseph
1830 505 1872 564 Α
1904 510 2124 571 propter
2149 501 2497 575 viduitatem;
2544 501 2714 558 fames
2741 544 2753 569 ,
2795 512 3016 575 propter
3052 503 3376 561 desiderium
3419 508 3483 562 li-

224 605 326 644 non
352 592 543 661 genuit
569 590 778 658 Jesum,
814 594 907 649 sed
933 595 1223 667 adoptavit.
1254 594 1426 651 Lucas
1450 595 1805 667 quadraginta

223 690 337 738 tres
377 697 409 736 a
455 681 677 738 Christo
705 698 875 755 usque
912 686 979 739 ad
1018 665 1213 751 David,
1250 686 1532 742 Matthaius
1569 701 1599 740 a
1640 665 1805 741 David

222 787 395 842 usque
430 774 498 829 ad
525 771 801 839 Christum
830 774 1013 847 viginti
1040 786 1163 832 octo
1185 778 1362 847 posuit
1384 793 1397 832 :
1423 778 1549 847 quia
1578 777 1659 833 vel
1688 787 1807 848 post

221 864 755 936 transmigrationcm
788 882 925 923 unus
963 868 1045 924 bis
1087 879 1429 939 npmcratur;
1480 868 1562 925 vel
1609 870 1802 936 Lucas,

217 969 381 1010 avum
409 965 707 1012 maternum
739 958 828 1028 qui
854 958 1021 1025 dicit,
1046 959 1206 1015 solvit
1239 959 1397 1015 istam
1424 960 1799 1030 quaestionem,

215 1060 383 1100 causa
407 1046 715 1117 adoptandi.

302 1134 485 1190 Virum
517 1136 704 1191 Merito
728 1178 742 1199 ,
776 1138 831 1193 id
856 1142 958 1205 est,
990 1152 1272 1208 sponsum.
1300 1139 1426 1209 quia
1465 1154 1675 1210 sponsa:
1702 1155 1801 1194 vo-

215 1237 417 1282 cantur
444 1242 658 1293 uxores,
690 1228 832 1284 sicut
858 1230 1040 1299 sponsi
1078 1230 1177 1285 viri
1208 1237 1264 1284 et
1311 1230 1488 1285 mariti
1526 1230 1797 1285 dicuntur.

218 1316 503 1372 “alti-unus
531 1319 897 1390 genealogiam
926 1320 1079 1375 initio
1104 1320 1225 1375 libri
1262 1322 1344 1375 sui
1383 1322 1579 1390 posuit,
1604 1338 1710 1393 quo
1732 1324 1799 1377 ad

209 1407 434 1464 Juda‘os
460 1410 695 1480 scripsit,
723 1419 780 1464 ut
814 1410 1115 1480 intelligant
1144 1410 1289 1465 illum
1318 1410 1431 1480 jam
1459 1413 1671 1469 venisse
1702 1428 1799 1483 per

216 1502 320 1554 hos
365 1508 545 1568 patres
592 1515 727 1569 quos
771 1498 980 1573 [quem]
1031 1501 1304 1570 prophetae
1351 1510 1637 1557 venturum
1680 1519 1798 1559 esse

207 1594 579 1663 praedixerant
603 1609 667 1649 ex
700 1593 923 1650 eisdem.
961 1593 1031 1649 At
1059 1610 1187 1650 vero
1214 1594 1389 1651 Lucas
1418 1611 1524 1652 non
1550 1603 1674 1651 ante
1702 1598 1797 1652 sed

210 1693 339 1751 post
365 1683 688 1753 baptismum
718 1684 896 1753 posuit
933 1684 1307 1755 genealogiam
1333 1685 1559 1748 Domini,
1595 1693 1653 1740 ut
1681 1684 1798 1740 nul—

211 1781 301 1832 lus
340 1788 623 1849 postquam
655 1779 860 1834 audivit
905 1794 1090 1835 vocem
1137 1781 1346 1835 Domini
1382 1781 1647 1836 dicentis:
1690 1780 1794 1835 Hic

1912 596 2195 660 berorum;
2248 594 2498 664 impetus,
2539 596 2661 665 quia
2696 596 2951 666 impetum
2996 596 3241 652 fecerunt
3286 597 3336 652 in
3364 615 3481 653 eam

1908 694 1967 741 ut
1992 685 2369 742 eomburerent
2415 686 2754 742 :Ecclesiam
2782 687 3065 760 signiﬁcat.
3110 688 3280 745 Esron
3324 692 3483 761 sagit-

1906 785 2013 829 tam
2047 775 2174 829 vidit
2198 774 2281 829 vel
2312 776 2501 829 atrium
2534 792 2710 829 eorum
2742 775 3126 846 interpretatur
3155 792 3169 832 :
3204 778 3480 848 sagittam,

1904 867 2031 937 quia
2056 868 2122 923 eo
2151 874 2393 937 tempore
2431 876 2590 921 natus
2630 876 2715 922 est
2747 868 2959 935 quando
2988 868 3276 924 Chananaei
3306 870 3481 923 inimi-

1903 958 2059 1014 citias
2085 960 2407 1017 exercebant
2454 966 2641 1014 contra
2679 959 2839 1013 lsrael
2880 974 2978 1028 pro
3024 975 3152 1015 nece
3178 959 3392 1015 Sichem
3424 971 3478 1015 et

1904 1046 2099 1113 Emor;
2139 1049 2359 1113 atrium,
2405 1062 2471 1102 eo
2516 1047 2658 1116 quod
2710 1048 2877 1117 ipsius
2913 1057 3151 1117 tempore
3199 1050 3479 1105 habitabat

1903 1133 2064 1189 lsrael
2098 1134 2152 1189 in
2196 1135 2559 1192 tabernaculis
2603 1144 2658 1191 et
2696 1137 2982 1191 tentoriis:
3015 1137 3279 1209 signiﬁcat
3321 1140 3476 1195 Chri-

1901 1234 2061 1292 stum,
2085 1234 2180 1281 ut:
2206 1224 2423 1297 Sagittte
2445 1238 2549 1281 tute
2569 1237 2735 1284 acuta:
2749 1246 2769 1293 ,°
2798 1237 2851 1283 et
2878 1244 2891 1283 :
2926 1228 3134 1284 Stantes
3154 1241 3300 1285 erant
3323 1232 3475 1302 pedes

1900 1323 2067 1375 nostri
2091 1321 2145 1388 in
2163 1322 2313 1375 atriis
2338 1321 2460 1385 tuis,
2484 1320 2799 1376 Jerusalem.
2832 1322 2993 1377 Aram
3020 1322 3214 1379 electus
3241 1326 3356 1381 sive
3382 1343 3475 1380 ex-

1898 1409 2064 1464 celsus
2106 1411 2494 1480 interpretatur
2535 1429 2548 1463 :
2593 1392 2859 1483 signiﬁcat
2902 1412 3277 1480 Christum,ut
3314 1435 3327 1467 :
3370 1416 3474 1471 llic

1897 1510 1970 1553 est
1996 1500 2140 1568 ﬁlius
2170 1516 2314 1554 meus
2338 1500 2557 1555 dilectus
2578 1518 2597 1566 ;
2628 1510 2683 1556 et
2706 1518 2719 1554 :
2759 1502 2827 1554 Et
2854 1503 3087 1558 excelsus
3113 1521 3269 1574 super
3294 1523 3473 1561 omnes

1895 1598 2072 1659 gentes
2105 1589 2378 1644 Dominus.
2416 1589 2720 1646 Aminadab
2738 1594 2959 1663 populus
2987 1612 3131 1650 meus
3159 1606 3472 1667 spontaneus

1897 1679 2302 1748 interpretatur,
2343 1692 2409 1736 e‘o
2450 1682 2591 1750 quod
2629 1692 2866 1754 tempore
2898 1686 3199 1742 nativitatis
3232 1703 3343 1744 suae
3370 1690 3469 1744 ha-

1898 1769 2105 1824 bitabat
2127 1771 2354 1840 populus
2375 1771 2539 1828 Israel
2562 1783 2751 1843 sponte
2777 1775 2831 1830 in
2855 1784 2996 1831 terra
3026 1776 3282 1850 Egypti:
3309 1780 3472 1851 signi-

206 1882 284 1925 est
310 1870 478 1925 Filius
505 1878 650 1925 metis
666 1870 909 1937 dilectus,
930 1871 1238 1927 credidisset
1265 1874 1404 1941 quod
1436 1872 1576 1926 ﬁlius
1594 1870 1791 1942 Ioseph
1825 1852 1868 1910 Β
1898 1860 2024 1914 “CM
2052 1858 2348 1925 Christum.
2372 1870 2432 1915 υι
2456 1880 2469 1916 ε
2507 1862 2671 1919 Nemo
2694 1865 2838 1919 ιοιίεε
2858 1885 2889 1920 α
2917 1884 2996 1921 me
3023 1870 3251 1923 animum
3275 1887 3463 1925 meam.

208 1962 423 2018 fuisset.
450 1963 531 2019 Ah
561 1963 840 2018 Abraham
871 1979 1041 2033 usque
1065 1964 1129 2017 ad
1165 1962 1461 2029 Christum,
1498 1954 1790 2019 secundum

206 2052 541 2119 Matthaznm,
572 2054 924 2125 quadraginta
966 2055 1071 2110 duo
1099 2062 1221 2109 sunt
1254 2054 1305 2108 in
1333 2051 1793 2125 genealogia,'hoc

203 2151 294 2197 cst
322 2159 352 2198 a
378 2143 556 2214 capite
584 2143 706 2199 ﬁdei
735 2158 907 2214 usque
921 2144 994 2199 ad
1028 2133 1226 2200 teriam
1258 2127 1578 2210 viventium,
1602 2146 1792 2209 relicto

203 2247 395 2287 errore
442 2233 797 2304 gentilitatis,
842 2233 895 2288 in
944 2228 1111 2305 ﬁgura
1160 2233 1519 2305 quadraginta
1565 2235 1788 2289 duarum

206 2322 546 2377 mansionum
578 2322 807 2377 ﬁliorum
839 2322 1003 2378 Israel
1030 2324 1095 2378 de
1120 2322 1356 2394 .Egypto
1385 2324 1437 2378 in
1473 2331 1673 2379 terram
1704 2337 1791 2378 re-

203 2411 582 2481 promissionis
620 2429 634 2465 :
666 2411 864 2481 quibus
906 2420 1017 2467 tres
1060 2412 1372 2467 mansiones
1411 2414 1790 2482 praetermissa:

201 2509 353 2565 sunt,
386 2502 477 2556 ubi
506 2501 684 2556 Aaron
717 2484 967 2556 mortuus
995 2510 1099 2566 est,
1143 2510 1200 2556 et
1228 2501 1319 2557 ubi
1349 2502 1577 2572 populus
1600 2512 1790 2558 contra

201 2595 493 2650 Dominum
517 2601 572 2649 et
601 2593 820 2665 Moysen
857 2593 924 2648 de
951 2590 1163 2648 fastidio
1187 2608 1399 2648 manna;
1420 2607 1790 2649 murmurave—

200 2692 351 2749 runt,
376 2690 430 2737 et
456 2679 543 2738 ubi
568 2698 597 2736 a
625 2678 968 2752 serpentibus
990 2680 1275 2748 vulnerati,
1300 2682 1353 2737 in
1380 2682 1605 2752 ﬁguram
1627 2683 1789 2737 trium

199 2789 394 2845 regum
424 2773 516 2844 qui
542 2773 608 2829 de
641 2771 953 2844 genealogia
981 2771 1263 2826 tolluntur.
1310 2771 1619 2829 Secundum
1657 2789 1788 2830 vero

201 2863 407 2919 Lucam
436 2863 773 2933 septuaginta
795 2869 1000 2931 septem
1031 2861 1084 2915 in
1114 2863 1424 2933 genealogia
1462 2871 1608 2929 sunt,
1646 2862 1790 2918 inter

200 2954 376 3009 Adam
397 2962 452 3010 et
475 2954 771 3018 Christum,
785 2960 1006 3022 propter
1025 2953 1395 3009 remissionem
1421 2963 1786 3023 peccatorum,

199 3054 264 3101 ut
289 3044 551 3102 Dominus
593 3045 660 3102 ad
708 3044 967 3099 Petrum:
1014 3043 1139 3099 Non
1179 3044 1295 3098 dico
1334 3044 1428 3097 tibi
1456 3044 1660 3115 septies,
1697 3046 1789 3099 sed

198 3134 495 3205 septuagies
518 3134 723 3204 septies.
765 3131 896 3187 Item
922 3132 1301 3202 interpretatio
1331 3131 1631 3186 nominum.
1664 3130 1784 3187 Pri-
1810 3197 1812 3201 γ

201 3236 354 3281 mum
385 3240 599 3290 nomen,
621 3223 675 3278 id
700 3230 801 3290 est,
830 3231 985 3293 pater
1012 3218 1209 3277 Ahr‘am
1234 3223 1619 3293 interpretatur
1638 3232 1786 3293 pater

196 3315 471 3383 excelsus;
534 3312 807 3370 Abraham
846 3322 996 3384 pater
1039 3311 1326 3367 multarum
1376 3313 1783 3382 interpretatur,

196 3407 460 3463 subaudis
505 3406 764 3477 gentium,
815 3401 1085 3475 signiﬁcat
1128 3403 1442 3469 Christum,
1488 3404 1614 3474 quia
1671 3403 1785 3473 ipse

197 3497 345 3553 ﬁlios
375 3496 664 3550 multarum
689 3494 929 3566 gentium
961 3494 1141 3560 habet,
1171 3502 1229 3548 ut
1254 3494 1454 3549 dicitur
1482 3513 1493 3545 :
1524 3491 1586 3548 Si
1610 3503 1783 3546 custo-

197 3590 395 3644 dierint
422 3588 520 3658 [illi
548 3587 625 3641 tui
644 3586 802 3669 legem
827 3603 1013 3641 meam.
1044 3586 1192 3642 Isaae
1212 3588 1350 3641 risus
1372 3586 1779 3655 interpretatur,

195 3679 332 3749 quia
364 3678 483 3733 risit
526 3676 657 3733 Sara
691 3686 746 3731 et
789 3677 1066 3732 Abraham
1102 3691 1212 3746 pne
1238 3676 1433 3746 gaudio
1458 3715 1473 3741 ,
1511 3675 1779 3747 signiﬁcat

194 3768 510 3835 Christum,
561 3776 621 3823 ut
657 3784 672 3823 :
712 3768 845 3823 Ecce
884 3769 1137 3821 annuntio
1186 3767 1329 3821 vobis
1379 3767 1628 3837 gaudium
1669 3783 1785 3821 ma-

192 3861 563 3935 guumJacob
585 3865 968 3934 interpretatur
992 3863 1518 3934 supplantator,quia
1550 3871 1631 3917 ter
1658 3878 1781 3933 sup-

195 3953 466 4021 plantavit
503 3952 724 4010 fratrem
754 3969 932 4019 suum,
963 3953 1139 4023 primo
1169 3967 1235 4007 ex
1270 3963 1426 4007 utero
1458 3953 1669 4016 matris,
1698 3960 1781 4007 se-

195 4042 381 4099 cundo
400 4057 499 4112 per
521 4042 748 4108 lentem,
780 4042 939 4098 tertio
966 4056 1063 4112 per
1101 4042 1531 4097 benedictionem
1564 4058 1577 4095 :
1610 4041 1779 4111 signi-

198 4132 333 4187 ﬁcat
386 4131 695 4198 Christum,
746 4130 874 4202 quia
928 4140 1008 4187 ter
1058 4132 1415 4203 supplantavit
1461 4130 1775 4187 diabolum:

194 4224 395 4295 primo,
432 4220 555 4276 Non
581 4222 637 4276 in
668 4221 781 4278 solo
809 4223 942 4293 pane
971 4223 1087 4277 vivit
1113 4223 1305 4288 homo;
1347 4223 1621 4278 secundo:
1657 4222 1779 4276 Non

195 4308 441 4370 tentabis"
468 4313 749 4367 Dominum
802 4312 968 4366 Deum
1007 4322 1190 4377 tuum;
1243 4312 1444 4369 tertio:
1492 4312 1778 4366 Dominum

199 4404 368 4460 Deum
398 4414 544 4459 tuum
574 4404 854 4469 adorabis;
884 4413 934 4459 et
962 4404 1089 4457 alihi
1121 4422 1133 4457 :
1172 4403 1526 4475 Nemo'potest
1553 4404 1777 4473 diripere

196 4514 327 4552 rasa
354 4497 519 4566 fortis,
555 4498 655 4551 nisi
688 4498 833 4566 prius
859 4496 1149 4566 alligaverit
1188 4492 1405 4566 fortem.“
1443 4494 1608 4551 ludas
1648 4512 1774 4549 con—

197 4586 357 4655 fessio
386 4574 791 4656 interpretatur.
828 4585 919 4641 Sic
942 4592 1124 4641 mater
1148 4584 1263 4654 ejus
1284 4587 1391 4640 ait:
1428 4585 1584 4639 Nunc
1606 4586 1773 4655 conﬁ-

195 4677 347 4732 tebor
395 4674 697 4741 Dominum,
747 4676 873 4747 quia
918 4675 1063 4730 dedit
1107 4675 1239 4729 mihi
1273 4683 1518 4745 quartum
1560 4673 1774 4742 ﬁlium;

195 4765 468 4835 significat
491 4764 787 4830 Christum,
823 4772 883 4819 ut
908 4763 1203 4834 Conﬂtebor
1246 4765 1357 4831 tibi,
1388 4761 1550 4818 Pater
1585 4764 1697 4817 ειεξὶ
1727 4775 1775 4818 et

195 4864 375 4909 terrte.
426 4850 637 4909 Phares
682 4854 1072 4924 interpretatur
1116 4853 1301 4909 divisio
1346 4853 1428 4908 vel
1472 4854 1675 4918 divisit,
1717 4863 1776 4908 ut

195 4946 337 5001 dixit
364 4945 622 5000 obstetrix
654 4962 667 4998 :
704 4944 878 5009 Quare
900 4944 1126 4999 divisisti
1147 4942 1461 5010 maceriam;
1507 4943 1775 5015 signiﬁcat

193 5034 495 5097 Christum,
521 5043 580 5088 ut
607 5051 625 5088 τ
656 5033 862 5091 Statuct
896 5050 1010 5088 oves
1035 5051 1065 5087 a
1089 5033 1307 5097 dextris,
1335 5032 1511 5099 hwdos
1538 5044 1715 5107 autem
1746 5052 1777 5087 a

191 5124 459 5189 sinistris;
498 5135 552 5179 et
585 5126 781 5180 dividet
809 5138 930 5178 cum
973 5131 1287 5194 partemque
1313 5121 1429 5191 ejus
1463 5131 1624 5193 ponet
1654 5138 1776 5179 cum

193 5214 520 5286 hypocritis.
568 5214 703 5269 Sara
727 5214 899 5267 oriens
928 5213 1012 5267 vel
1043 5214 1312 5267 coccineus
1345 5214 1733 5283 interpretatur
1759 5230 1771 5266 :

193 5307 419 5370 oriens,
472 5306 597 5375 quia
653 5306 802 5374 prius
858 5304 987 5359 oriri
1028 5304 1239 5368 debuit;
1284 5304 1598 5369 coccincus,
1648 5305 1773 5373 quia

192 5396 342 5450 ﬁlius
368 5394 654 5450 coccineus
694 5394 939 5465 alligatus
991 5400 1073 5448 est
1115 5392 1284 5463 digito
1319 5392 1463 5463 ejus;
1510 5394 1777 5464 signiﬁcat

178 5484 495 5550 Christum,
526 5494 603 5548 ut,
648 5483 882 5539 Visitavit
908 5500 998 5538 nos
1019 5485 1189 5537 oriens
1214 5500 1277 5538 ea:
1298 5484 1440 5549 alto;
1466 5492 1522 5538 et
1550 5499 1564 5538 :
1598 5483 1775 5550 Quare

192 5578 413 5632 rubrum
440 5586 517 5631 est
538 5574 896 5630 indumentum
922 5576 1109 5630 tuum?
1132 5574 1367 5629 Thamar
1388 5574 1776 5647 interpretatur

178 5666 389 5736 palma,
424 5675 480 5721 et
510 5681 695 5719 amara
717 5664 896 5733 fames,
934 5665 1015 5719 vel
1044 5666 1265 5735 impetus
1298 5678 1315 5715 :
1349 5665 1522 5734 palma
1557 5677 1775 5735 propter

190 5755 503 5814 victoriam,
538 5754 664 5821 ιιίὶι
694 5753 971 5807 suscitavit
1010 5770 1189 5807 semen
1222 5754 1395 5807 mariti
1424 5756 1540 5815 sui;
1567 5772 1771 5821 auiira,

1896 1948 2107 2005 Naason
2132 1954 2419 2021 augurians
2452 1954 2535 2009 vel
2571 1971 2740 2026 augur
2767 1956 2918 2025 fortis
2962 1959 3367 2028 interpretatur,
3402 1976 3467 2017 eo

1894 2045 2033 2112 quod
2057 2042 2223 2113 ipsius
2244 2046 2482 2114 tempore
2507 2048 2672 2117 coepit
2691 2044 2853 2103 lsrael
2878 2050 2928 2102 in
2958 2048 3192 2120 Egypto
3213 2053 3466 2121 augurari

1892 2140 1946 2186 et
1974 2132 2110 2186 idola
2143 2132 2411 2189 adorare:
2450 2134 2718 2205 signiﬁcat
2744 2136 3184 2209 Christum,quia
3216 2142 3468 2212 auguria-

1893 2223 2050 2297 batur
2082 2222 2148 2277 de
2180 2220 2476 2293 praeterito,
2508 2234 2569 2280 ut
2597 2239 2612 2279 :
2645 2225 2908 2281 Abraham
2932 2236 3081 2297 pater
3103 2230 3470 2286 vester'exsul-

1891 2291 2017 2366 lavit
2042 2321 2099 2367 ut
2126 2291 2315 2368 videret
2338 2312 2475 2369 diem
2499 2331 2704 2381 meum;
2741 2316 2808 2371 de
2830 2291 3083 2386 pratSenti
3111 2336 3124 2372 :
3168 2315 3363 2390 Utguid
3384 2338 3472 2375 co-

1890 2403 2065 2472 gitatis
2090 2401 2232 2457 mala
2259 2404 2313 2459 in
2339 2404 2582 2459 cordibus
2612 2406 2836 2460 vestris?
2869 2408 2935 2463 de
2966 2406 3143 2463 futuro
3169 2426 3182 2461 :
3218 2408 3286 2462 Et
3316 2420 3471 2463 erunt

1891 2493 2124 2548 homines
2148 2494 2305 2548 sicuti
2332 2494 2505 2565 angeli
2532 2494 2647 2549 Dei.
2679 2495 2931 2552 Salomon
2954 2499 3338 2569 interpretatur
3359 2516 3472 2553 sen-

1890 2582 2057 2638 sibilis
2080 2584 2195 2639 sive
2217 2587 2421 2650 s'ensus,
2437 2598 2501 2639 ac
2530 2584 2649 2640 ideo
2672 2584 2845 2640 factus
2866 2595 2949 2643 est
2967 2588 3074 2642 dux
3103 2589 3261 2644 tribui
3285 2587 3466 2645 Judue:

1891 2671 2161 2741 signiﬁcat
2189 2671 2494 2739 Christum,
2535 2683 2592 2728 ut
2620 2691 2633 2728 :
2669 2673 2800 2740 Quis
2826 2693 2906 2729 me
2931 2677 3136 2748 tetigit?
3170 2679 3334 2733 sentio
3363 2679 3469 2732 vir-

1890 2772 2049 2819 tutem
2079 2763 2143 2819 de
2168 2780 2249 2819 me
2267 2766 2453 2820 exisse.
2484 2765 2633 2820 Raab
2656 2767 3043 2838 interpretatur
3072 2767 3316 2835 latitudo,
3339 2771 3463 2840 quia

1889 2859 2041 2928 prius
2078 2860 2322 2916 dilatavit
2341 2870 2621 2931 peccatum
2656 2862 2839 2917 carnis
2868 2877 2978 2917 suae
3014 2872 3073 2917 ut
3105 2864 3382 2930 meretrix,
3412 2873 3470 2919 et

1889 2956 2076 3019 postea
2110 2949 2392 3005 dilatatum
2432 2960 2511 3006 est
2545 2966 2714 3021 genus
2750 2949 2866 3019 ejus
2903 2952 3044 3007 inter
3083 2952 3222 3009 ﬁlios
3255 2954 3420 3010 lsrael
3449 2972 3462 3006 :

1890 3036 2156 3108 signiﬁcat
2199 3039 2494 3095 Eeclesiam
2542 3054 2640 3109 per
2666 3049 2833 3095 totum
2876 3042 3136 3097 mundum
3165 3043 3462 3103 dilatatam.

1892 3130 2031 3184 Booz
2058 3131 2445 3201 interpretatur
2463 3133 2517 3187 in
2546 3150 2647 3204 quo
2680 3134 2921 3189 robustus
2942 3134 3056 3191 sive
3078 3136 3132 3189 in
3169 3137 3281 3207 ipso
3306 3138 3463 3207 [orti-

1888 3220 2034 3285 tudo,
2062 3220 2152 3291 qui
2185 3219 2555 3278 fortitudinem
2585 3223 2733 3279 visus
2756 3232 2840 3279 est
2864 3224 3045 3281 facere
3064 3231 3279 3306 quando
3313 3244 3465 3285 acce-

1886 3312 1965 3382 pit
1990 3312 2134 3369 Ruth
2170 3322 2227 3369 ut
2281 3315 2570 3371 suscitaret
2616 3330 2797 3371 semen
2844 3318 3130 3389 propinqui
3175 3320 3279 3387 sui,
3319 3318 3462 3391 quod

1888 3400 2024 3455 alius
2051 3402 2134 3456 vir
2167 3402 2347 3459 facere
2389 3404 2560 3460 noluit
2586 3422 2599 3458 :
2629 3405 2897 3475 signiﬁcat
2928 3406 3222 3473 Christum,
3253 3419 3313 3465 ut
3346 3428 3359 3465 :
3402 3409 3461 3466 Si

1885 3490 2143 3546 exaltatus
2172 3491 2321 3562 fuero
2354 3496 2397 3548 α’
2432 3503 2592 3559 terra,
2624 3496 2759 3549 viam
2805 3497 3012 3551 traham
3060 3509 3278 3555 mecum.
3311 3498 3462 3557 Obed

1888 3581 2275 3651 interpretatur
2310 3584 2556 3650 serviens,
2600 3599 2665 3640 eo
2691 3587 2832 3655 quod
2877 3586 3014 3642 bene
3048 3589 3271 3644 servivit
3309 3591 3459 3646 Deo:

1884 3674 2149 3745 signiﬁcat
2175 3673 2473 3743 Christum,
2505 3684 2563 3731 ut
2586 3695 2599 3730 :
2625 3676 2800 3733 Filius
2816 3678 3055 3735 nominis
3076 3694 3179 3735 non
3200 3683 3334 3737 venit
3364 3684 3462 3737 mi-

1884 3766 2116 3833 nistrari,
2141 3770 2231 3821 sed
2256 3768 2573 3823 ministrare.
2600 3767 2745 3822 Ruth
2770 3769 3157 3839 interpretatur
3179 3770 3456 3841 festinans,

1881 3871 1947 3911 eo
1986 3859 2128 3927 quod
2154 3856 2231 3913 de‘
2251 3868 2396 3913 terra
2428 3858 2600 3915 aliena
2633 3858 2905 3915 festinavit
2932 3862 2998 3917 ad
3027 3863 3283 3934 populum
3310 3860 3405 3921 Dei
3440 3885 3453 3919 :

1881 3947 2146 4017 signiﬁcat
2198 3947 2517 4013 Ecclesiam,
2563 3964 2682 4019 qua:
2728 3949 3000 4006 festinavit
3045 3954 3112 4016 ad,
3157 3953 3455 4011 Christum.

1880 4036 2031 4093 Jesse
2075 4038 2460 4107 interpretatur
2481 4040 2534 4093 in
2566 4039 2673 4093 s‘ole
2707 4040 3022 4108 sacriﬁcium
3046 4042 3131 4097 vel
3162 4044 3454 4112 incensum,

1880 4128 1947 4183 de
1968 4143 2073 4197 quo
2098 4130 2284 4196 genuit
2321 4129 2505 4194 ﬁlium,
2534 4130 2624 4209 qui
2667 4129 2869 4199 pluries
2899 4131 3226 4187 sacriﬁcium
3263 4135 3348 4188 vel
3376 4136 3458 4190 in-

1879 4234 2098 4275 censum
2128 4220 2239 4275 Deo
2266 4218 2462 4275 offerre
2485 4222 2763 4277 constituit
2800 4225 2822 4275 ἐ
2866 4224 3133 4302 signiﬁcat
3156 4225 3455 4293 Christum,

1879 4319 1937 4365 ut
1980 4328 1992 4363 :
2028 4309 2095 4364 In
2138 4310 2245 4365 sole
2279 4310 2451 4380 posuit
2493 4311 2883 4366 tabernaculum
2909 4324 3096 4379 suum;
3134 4324 3229 4369 et:
3271 4315 3455 4387 Ignem

1877 4402 1989 4456 veni
2036 4402 2236 4455 mittere
2275 4402 2332 4454 in
2378 4411 2590 4465 terram,
2633 4410 2681 4455 et
2726 4400 2851 4473 quid
2889 4400 3002 4457 volo
3036 4405 3138 4459 nisi
3168 4415 3221 4459 ut
3248 4407 3463 4463 ardeat!

1878 4490 2047 4545 David
2066 4490 2450 4560 interpretatur
2462 4490 2612 4559 [ortis
2626 4507 2786 4545 manu
2802 4492 2914 4559 sive
2931 4492 3311 4563 desiderabilis,
3326 4499 3455 4568 quia

1881 4582 2012 4635 vicit
2031 4579 2261 4646 Goliam,
2278 4589 2332 4637 et
2351 4580 2605 4652 diligebat
2620 4595 2742 4636 eum
2766 4584 2941 4639 omnis
2962 4584 3156 4641 lsrael:
3186 4587 3457 4661 signiﬁcat

1880 4671 2173 4737 Christum,
2190 4678 2248 4725 ut
2265 4689 2277 4723 :
2298 4670 2550 4725 Dominus
2564 4670 2716 4740 fortis
2728 4681 2775 4725 et
2789 4680 2991 4743 potens,
3010 4674 3261 4732 Dominus
3272 4688 3454 4749 potens

1879 4764 1931 4815 in
1956 4762 2177 4831 prwlio;
2206 4768 2261 4816 et
2286 4778 2299 4814 :
2335 4760 2468 4815 Ecce
2494 4762 2655 4815 veniet
2680 4758 3037 4819 desiderabilis
3066 4769 3263 4823 cunctis
3288 4772 3455 4840 genti-

1880 4852 1995 4904 bus.
2012 4850 2714 4920 Bethsalieeinterpretatur
2726 4852 2839 4921 ﬁlia
2852 4852 3146 4922 juramenti
3169 4857 3245 4912 vel
3264 4869 3452 4929 puteus

1878 4940 2163 4993 satietatis:
2182 4939 2448 5011 signiﬁcat
2470 4939 2684 5012 Legem,
2703 4957 2820 5010 qua:
2833 4942 3019 5011 juncta
3037 4954 3119 5001 est
3134 4947 3221 5003 alii
3244 4950 3380 5017 viro,
3396 4951 3454 5011 id

1878 5039 1963 5085 est
1984 5028 2220 5096 Christo,
2256 5040 2377 5102 post
2399 5040 2629 5086 mortem
2652 5034 2752 5087 viri
2771 5035 2875 5102 sui,
2900 5035 2950 5089 id
2976 5049 3056 5092 cst
3080 5048 3198 5107 post
3222 5051 3451 5098 mortem

1879 5120 2066 5191 Moysi.
2108 5120 2264 5177 Urias
2286 5121 2518 5176 lux‘mea
2544 5123 2682 5180 Deus
2713 5126 3098 5196 interpretatur
3127 5146 3141 5183 :
3178 5133 3453 5203 signiﬁcat

1879 5210 2118 5282 Moysen,
2142 5214 2281 5267 sicut
2307 5228 2467 5282 supra
2493 5215 2747 5272 diximus.
2774 5216 3027 5274 Salomon
3057 5221 3448 5293 interpretatur

1873 5302 2144 5371 paciﬁcus,
2162 5318 2225 5359 eo
2252 5306 2393 5373 quod
2415 5304 2559 5360 dedit
2587 5307 2660 5363 illi
2685 5309 2827 5365 Deus
2844 5326 3029 5381 pacem
3054 5314 3104 5368 in
3135 5330 3300 5387 regno
3324 5335 3337 5373 :
3372 5320 3450 5375 si-

1877 5393 2095 5465 gniﬁcat
2117 5394 2390 5451 Christum
2423 5415 2436 5452 :
2465 5398 2585 5469 Ipse
2607 5410 2679 5454 est
2705 5403 2840 5456 enim
2866 5420 2972 5475 pax
2995 5416 3195 5476 nostra,
3212 5412 3303 5482 qui
3330 5411 3451 5487 fecit

1879 5501 2097 5561 utraque
2138 5508 2316 5546 unum.
2364 5492 2603 5548 Roboam
2660 5494 3049 5565 interpretatur
3091 5500 3315 5563 latitudo
3364 5506 3452 5562 vel

1880 5582 2095 5649 impetus
2133 5584 2311 5653 populi
2352 5599 2449 5653 per
2483 5586 2837 5656 antiphrasim
2857 5630 2871 5655 ,
2901 5606 2966 5645 eo
2997 5594 3136 5661 quod
3164 5610 3449 5669 angustum

1883 5684 2124 5739 regnum,
2154 5672 2204 5726 id
2232 5682 2314 5727 est
2346 5684 2567 5743 parvum
2599 5677 2804 5744 habuit.
2844 5679 2924 5735 vel
2951 5696 3015 5735 eo
3038 5686 3179 5750 quod
3205 5688 3449 5744 undecim

1884 5761 2053 5816 tribus
2077 5776 2135 5816 se
2168 5763 2464 5821 diviserunt
2503 5783 2531 5820 a
2577 5784 2739 5841 regno
2768 5770 2885 5840 ejus
2921 5788 2935 5826 :
2981 5774 3249 5845 signiﬁcat
3292 5779 3450 5836 Chri-
