3960 6378
475 389 582 445 463

1125 392 1185 445 Β.
1228 388 1480 444 ΒΛΒΛΝΙ
1518 386 1742 444 Μειυῐιι
1780 383 2098 440 ARCHIEP.
2143 382 2451 440 MOGUNT.
2492 381 2776 439 OPERL‘M
2820 381 2999 437 PARS
3038 384 3098 438 ll.

3669 384 3775 439 46‘

483 522 648 575 stum,
675 517 770 565 ut:
814 507 992 563 Venite
1023 508 1091 561 ad
1134 524 1231 572 me,
1262 524 1438 560 omnes
1464 507 1552 578 qui
1579 504 1831 558 laboratis
1858 512 1904 557 et
1945 518 2072 556 one-
2104 505 2154 565 Α
2178 502 2420 572 percipite
2476 518 2689 573 regnum
2747 502 2883 572 quod
2940 500 3082 553 vobis
3135 509 3375 568 paratum
3412 509 3519 563 est;
3572 510 3630 553 et
3664 518 3675 552 :
3715 490 3776 553 Si

488 604 591 656 rati
638 602 780 657 estis.
826 602 959 655 Ahia
995 600 1386 667 interpretatur
1426 607 1573 668 pater
1625 596 1901 659 Dominus,
1936 593 2063 663 quia

484 704 639 765 pater
668 693 768 749 fuit
796 692 997 763 populi,
1025 701 1081 746 ct
1101 692 1237 746 bene
1261 690 1390 745 fecit
1419 690 1569 758 prius
1594 702 1781 743 coram
1802 686 2063 748 Domino;

487 784 756 855 signiﬁcat
800 784 1073 837 Christum
1108 800 1122 835 ε
1175 779 1354 834 Nolite
1404 782 1643 833 invocare
1678 786 1878 847 patrem
1916 791 2071 845 super

489 881 703 936 terram,
736 889 869 925 unus
899 882 970 923 est
1010 870 1163 924 Pater
1192 880 1353 923 vester
1381 869 1469 939 qui
1497 870 1549 922 in
1581 867 1719 921 caelis
1744 876 1837 920 est.
1866 866 1970 920 Asa
1995 866 2072 919 in—

490 974 818 1035 terpretatur
842 964 1038 1025 (luteus,
1062 961 1247 1015 tollens
1279 962 1392 1016 sive
1419 960 1661 1013 attollens
1690 975 1707 1012 :
1738 959 1905 1013 doluit
1928 959 2072 1013 enim

487 1054 707 1128 pcneata
734 1055 938 1125 pepuii,
968 1054 1185 1107 abstulit
1209 1061 1388 1107 autem
1421 1050 1562 1105 idola
1585 1052 1652 1107 de
1681 1065 1847 1121 regno
1870 1066 1985 1113 suo,
2020 1056 2074 1103 et

488 1148 743 1204 exultavit
787 1146 1033 1201 civitates
1060 1140 1241 1215 plures
1280 1160 1293 1196 :
1328 1141 1594 1210 signiﬁcat
1635 1141 1931 1203 Christum,
1970 1146 2069 1191 ut:

503 1239 637 1293 Vidit
672 1238 925 1291 Dominus
958 1232 1278 1297 Jerusalem,
1303 1234 1441 1303 flevit
1467 1248 1621 1301 super
1650 1248 1800 1295 eam;
1822 1238 1911 1284 et:
1941 1228 2076 1282 Ecce

489 1333 668 1401 Agnus
701 1328 813 1393 Dei,
840 1342 953 1380 ecce
974 1324 1060 1396 qui
1087 1322 1223 1377 tollit
1248 1331 1461 1392 peccata
1481 1322 1697 1386 mundi;
1721 1329 1776 1374 et
1799 1338 1812 1373 :
1842 1317 2075 1373 Attollite

489 1430 685 1491 portus,
710 1416 988 1487 principes,
1016 1422 1231 1468 vestras.
1262 1410 1524 1480 Josaphat
1548 1411 1654 1479 ipse
1676 1409 1954 1478 judicans,
1992 1406 2077 1461 vel

494 1510 703 1565 Domini
733 1507 1020 1579 judicium,
1054 1503 1136 1558 vel
1166 1502 1420 1556 Dominus
1436 1501 1723 1571 judicavit,
1748 1499 1871 1568 quia
1904 1514 2077 1568 popu-

492 1602 601 1655 lum
619 1614 775 1655 suum
804 1598 943 1651 bene
964 1593 1247 1663 judicavit,
1278 1592 1357 1646 vel
1384 1592 1526 1645 inter
1546 1591 1840 1661 prophetas
1867 1590 2078 1644 Domini

490 1704 545 1746 et
564 1690 747 1744 Achab
764 1686 969 1757 judicio
995 1682 1281 1746 discrevit;
1313 1689 1368 1735 et
1393 1681 1519 1751 quia
1547 1680 1807 1736 Dominus
1823 1678 2081 1747 judicavit

494 1783 636 1834 inter
662 1778 840 1847 ipsum
878 1782 932 1829 et
966 1773 1153 1828 Achab
1170 1787 1294 1827 cum
1319 1778 1778 1840 persequerentur
1800 1784 1895 1824 eos
1916 1768 2037 1840 Syri
2062 1785 2075 1821 :

494 1868 764 1939 signiﬁcat
793 1863 1071 1919 Christum
1096 1904 1108 1923 ,
1166 1871 1224 1916 ut
1271 1875 1285 1914 :

492 1975 670 2028 qimm,
711 1956 800 2010 sed
822 1970 971 2008 omne
993 1952 1253 2022 judicium
1282 1949 1423 2003 dedit
1454 1946 1616 2002 Filio.
1642 1946 1823 2002 Joram
1849 1947 2081 2001 excelsus

495 2050 607 2102 sive
643 2042 934 2100 sublimauit
980 2043 1369 2110 interpretatur
1410 2055 1424 2092 :
1476 2037 1746 2107 signiﬁcat
1780 2036 2079 2098 Christum,

496 2149 555 2193 ut
599 2154 612 2190 :
650 2135 817 2189 Nemo
862 2131 1094 2185 ascendit
1128 2131 1183 2182 in
1225 2128 1410 2183 caelum
1458 2126 1559 2181 nisi
1592 2128 1680 2196 qui
1709 2126 1974 2180 descendit
2020 2126 2085 2181 de

497 2228 621 2283 melo
646 2226 789 2295 [ilius
813 2224 1038 2277 hominis
1064 2221 1153 2292 qui
1182 2229 1255 2274 est
1284 2221 1337 2273 in
1366 2217 1513 2273 caelo.
1538 2218 1609 2272 At
1635 2232 1762 2272 vero
1796 2218 2084 2282 Ochozias,

495 2318 621 2373 Joas
675 2324 730 2370 et
778 2312 1030 2367 Amasias
1087 2325 1193 2365 non
1250 2316 1607 2363 numerantur
1663 2308 1719 2361 in
1774 2307 2085 2379 genealogia

496 2409 701 2466 Christi
745 2408 815 2462 oh
860 2420 1051 2459 causas
1077 2401 1325 2473 superius
1363 2398 1556 2455 dictas.
1580 2398 1741 2454 Ozias
1769 2398 2080 2469 interpreta-

499 2511 585 2555 tur
624 2499 866 2552 robustus
915 2495 1148 2559 Domini,
1192 2493 1282 2562 qui
1322 2499 1510 2547 contra
1548 2490 1846 2561 quamlibet
1874 2498 2086 2562 gentem

501 2591 797 2662 pugnabat,
848 2587 1118 2651 vincebat;
1166 2585 1437 2660 signiticet
1481 2583 1777 2651 Christum,
1809 2591 1868 2641 ut
1921 2599 1931 2634 :
1989 2580 2091 2637 La—

504 2698 664 2748 zare,
726 2684 841 2737 veni
903 2684 1069 2751 foras.
1131 2679 1362 2733 Joathan
1416 2680 1805 2748 interpretatur
1850 2694 2091 2732 consum—

498 2786 672 2829 matus
714 2775 827 2829 sive
863 2772 1159 2843 perfectus,
1209 2772 1334 2840 quia
1386 2770 1783 2824 consummavit
1838 2769 2089 2823 mandata

500 2866 713 2921 Domini
758 2884 770 2918 :
814 2863 1082 2934 signiﬁcat
1127 2862 1402 2917 Christum
1430 2902 1444 2927 ,
1496 2869 1555 2914 ut
1612 2877 1625 2913 :
1682 2859 1813 2913 Cum
1851 2875 2092 2913 consum-

500 2966 691 3009 masset
731 2954 884 3009 Jesus
935 2954 1110 3007 omnia
1155 2952 1307 3006 verba
1352 2952 1482 3004 haec.
1525 2950 1706 3004 Achar
1760 2951 2089 3020 interpreta-

505 3061 593 3103 tur
615 3046 1001 3117 apprehendens
1034 3058 1051 3095 :
1081 3043 1433 3115 apprehendit
1457 3042 1603 3097 enim
1632 3041 1774 3097 idola
1802 3050 1856 3095 et
1883 3042 2045 3096 coluit
2077 3060 2087 3094 :

506 3139 779 3212 signiﬁcat
813 3137 1107 3201 Christum,
1160 3134 1250 3205 qui
1292 3133 1625 3204 apprehendit
1675 3149 1887 3186 manum
1941 3131 2091 3201 puel-

1336 1858 1498 1913 Pater
1525 1875 1627 1913 non
1652 1859 1859 1927 judicat
1907 1876 2083 1930 quem-
2116 1865 2158 1922 B
2186 1861 2305 1915 tabo
2354 1879 2491 1916 eum.
2554 1863 2699 1917 Azor
2756 1862 3144 1931 interpretatur
3197 1862 3414 1932 adjutus

2171 593 2451 646 escendero
2496 603 2545 645 et
2575 608 2936 663 prteparavero
2968 592 3106 645 vobis
3148 590 3338 644 locum.
3373 589 3611 661 Babylon
3644 607 3777 643 con-

2173 684 2310 753 fusio
2355 684 2758 753 interpretatur,
2806 690 2865 736 ut
2902 701 2914 735 :
2960 680 3366 749 Confundantur
3416 681 3505 751 qui
3545 680 3776 733 adorant

2173 771 2455 842 sculptilia.
2494 770 2762 826 Galathiel
2798 771 3186 841 interpretatur
3222 772 3401 841 petitio
3434 786 3549 824 mea
3586 769 3774 832 Deus;

2174 877 2240 917 eo
2277 862 2418 932 quod
2475 870 2716 931 tempore
2766 860 2882 929 ejus
2925 861 3118 932 petivit
3172 861 3397 931 populus
3439 860 3779 929 captivitatis

2174 964 2235 1009 ut
2267 964 2630 1010 reverteretur
2678 955 2731 1009 in
2764 964 2963 1009 terram
2992 973 3005 1008 :
3036 955 3301 1025 signiﬁcat
3328 955 3623 1017 Christum,
3667 963 3731 1009 ut
3760 970 3777 1008 :

2177 1045 2359 1109 Pater,
2403 1046 2671 1114 sancti/ica
2726 1062 2810 1099 eos
2850 1062 2978 1115 quos
3020 1045 3210 1099 dedisti
3256 1047 3403 1099 mihi.
3463 1044 3769 1099 Zorohabel

2178 1134 2563 1203 interpretatur
2602 1136 2697 1189 iste
2746 1136 2993 1205 magister
3033 1136 3098 1187 de
3139 1133 3405 1205 Babylone
3447 1152 3464 1190 :
3503 1136 3785 1206 signiﬁcat

2176 1225 2472 1290 Christum,
2523 1225 2809 1294 aliquando
2854 1227 2920 1280 de
2970 1224 3303 1290 confusione,
3348 1235 3447 1279 ut:
3489 1224 3673 1280 Venite
3711 1226 3785 1278 ad

2177 1333 2278 1381 me,
2319 1333 2513 1382 omnes,
2546 1324 2600 1371 et
2634 1323 2856 1381 caetera;
2890 1315 3175 1384 aliquando
3205 1314 3273 1369 de
3297 1315 3659 1379 erubescenti,
3683 1324 3784 1369 ut:

2181 1406 2282 1460 Hic
2326 1424 2443 1461 cum
2480 1407 2770 1478 publicanis
2798 1418 2844 1461 et
2877 1408 3232 1477 peccatoribus
3259 1408 3563 1463 manducat.
3603 1408 3789 1464 Abiud

2182 1500 2567 1570 interpretatur
2610 1500 2750 1554 Deus
2786 1517 2930 1555 meus
2976 1501 3116 1554 iste:
3158 1500 3427 1571 signiﬁcat
3452 1500 3731 1555 Christum
3770 1518 3784 1553 :

2182 1591 2294 1662 Ego
2334 1600 2384 1644 et
2425 1588 2587 1644 Pater
2624 1608 2785 1644 unum
2825 1608 3024 1646 sumus.
3073 1584 3335 1645 Eliadum
3386 1592 3789 1662 interpretatur

2181 1681 2279 1736 Dei
2322 1684 2628 1736 resurrectio
2660 1697 2678 1735 :
2708 1682 2975 1752 signiﬁcat
3025 1682 3321 1746 Christum,
3377 1689 3435 1735 ut
3474 1699 3487 1734 :
3523 1680 3628 1746 Qui
3672 1698 3792 1735 cre-

2183 1772 2258 1826 dit
2302 1773 2358 1826 in
2384 1789 2465 1826 me
2495 1790 2598 1827 non
2620 1772 2949 1828 morieturin
2970 1782 3244 1837 wternum,
3287 1772 3397 1825 sed
3420 1788 3513 1841 ego
3556 1774 3792 1825 resusci-

3455 1876 3472 1913 ε
3515 1862 3796 1932 signiﬁcat

2186 1952 2483 2019 Christum,
2519 1962 2617 2008 ut:
2654 1953 2773 2007 Non
2821 1970 2937 2007 sum
2988 1970 3081 2022 ego
3118 1952 3281 2018 solus,
3332 1954 3421 2006 sed
3467 1951 3635 2006 Pater
3681 1970 3793 2007 me-

2182 2060 2300 2097 cum
2330 2055 2422 2098 est.
2453 2044 2666 2098 Sadoch
2705 2044 3093 2113 interpretatur
3108 2043 3435 2112 justiﬁcatus
3468 2044 3551 2097 vel
3571 2044 3795 2113 justus:

2183 2132 2450 2202 signiﬁcat
2489 2132 2788 2194 Christum,
2829 2140 2889 2185 ut
2922 2150 2935 2185 :
2978 2130 3257 2185 Veritatem
3311 2133 3514 2201 loquor,
3558 2133 3681 2201 quia
3707 2149 3792 2184 re-

2186 2240 2283 2276 rax
2322 2233 2396 2277 est
2439 2224 2527 2293 qui
2564 2239 2772 2276 mecum
2802 2232 2899 2275 est.
2952 2222 3141 2275 Achim
3196 2222 3585 2291 interpretatur
3624 2222 3799 2291 frater

2186 2331 2351 2377 meus,
2373 2322 2433 2368 ut
2462 2332 2473 2366 :
2505 2312 2677 2366 Dicite
2714 2312 2965 2382 fratribus
3006 2312 3133 2365 meis
3165 2322 3216 2363 ut
3246 2322 3365 2365 eant
3398 2314 3452 2365 in
3482 2312 3790 2365 (ialilmam.

2186 2404 2341 2459 Eliud
2382 2404 2772 2473 interpretatur
2797 2402 2935 2457 Deus
2964 2419 3107 2456 meus
3130 2420 3183 2457 es
3210 2414 3266 2456 tu
3296 2420 3312 2457 :
3342 2403 3608 2476 signiﬁcat
3635 2402 3797 2457 Chri-

2188 2506 2351 2561 stum,
2394 2504 2488 2549 ut:
2522 2495 2659 2550 Deus
2698 2511 2839 2548 meas
2870 2507 2917 2554 et
2959 2498 3215 2553 Dominus
3250 2517 3412 2553 meus.
3455 2500 3682 2553 Eleazar
3714 2495 3799 2553 in-

2191 2594 2522 2655 terpretatur
2555 2584 2695 2644 Deus
2732 2607 2874 2643 meus
2899 2590 3151 2659 adjutor:
3178 2591 3446 2660 signiﬁcat
3485 2590 3794 2655 Christum,

2192 2693 2295 2738 ut:
2330 2683 2432 2749 Qui
2461 2700 2541 2737 me
2587 2683 2726 2736 misit
2775 2698 2973 2735 mecum
3003 2692 3096 2735 est.
3150 2682 3363 2736 Mathan
3407 2683 3802 2751 interpretatur

2192 2776 2396 2828 donans
2425 2790 2442 2828 :
2480 2771 2746 2843 signiﬁcat
2776 2770 3077 2835 Christum,
3124 2779 3181 2823 ut
3210 2787 3222 2822 :
3260 2767 3425 2823 Omne
3461 2770 3692 2822 debitum
3718 2770 3803 2821 di-

2194 2866 2311 2918 misi
2349 2864 2461 2917 tibi.
2506 2862 2672 2918 Jacob
2724 2862 3110 2930 interpretatur
3159 2860 3539 2931 supplantator.
3593 2860 3800 2929 Ioseph

2196 2954 2583 3024 interpretatur
2617 2960 2801 3005 auctus
2832 2967 2850 3004 :
2881 2950 3145 3021 signiﬁcat
3180 2950 3473 3011 Christum,
3516 2958 3575 3003 ut
3603 2964 3618 3002 :
3651 2950 3803 3003 Alias

2195 3060 2313 3097 oves
2352 3044 2513 3097 habeo
2556 3059 2671 3113 qua:
2714 3059 2816 3096 non
2848 3051 2969 3095 sunt
3010 3058 3074 3095 ea:
3101 3042 3196 3094 hoc
3231 3040 3373 3095 ovili.
3421 3040 3588 3094 Maria
3634 3041 3803 3095 inter-

2198 3142 2442 3203 pretatur
2465 3132 2612 3186 stella
2645 3134 2828 3197 maris,
2872 3133 2987 3186 sive
3019 3132 3387 3196 illuminatrias,
3429 3131 3511 3186 vel
3541 3132 3763 3185 domina
3782 3150 3801 3195 ,-

506 3208 588 3292 la",
628 3238 676 3284 et
732 3228 997 3283 suscitavit
1043 3241 1179 3279 eam.
1221 3224 1479 3279 Ezechias
1522 3222 1907 3291 interpretatur
1948 3220 2099 3290 fortis
2127 3208 2171 3271 C
2205 3223 2330 3293 quia
2367 3223 2518 3278 stella
2559 3210 2741 3278 dulcis
2773 3232 2857 3277 est
2886 3224 3082 3287 nautis,
3128 3237 3275 3277 mare
3310 3237 3551 3275 amarum
3590 3231 3695 3285 est,
3724 3222 3805 3276 sic

508 3320 763 3373 Dominus
798 3316 883 3371 vel
926 3315 1181 3390 Dominus
1224 3312 1557 3383 confortavit,
1607 3313 1730 3381 quia
1772 3311 2099 3367 confortavit

507 3425 630 3463 eum
653 3408 909 3463 Dominus
931 3407 997 3460 ab
1026 3406 1328 3474 iniquitate,
1351 3413 1404 3459 et
1428 3419 1597 3459 annos
1619 3404 1743 3458 vita:
1765 3404 1841 3458 illi
1867 3402 2064 3472 adjecit
2088 3423 2101 3457 :

509 3500 777 3571 signiﬁcat
800 3498 1094 3560 Christum,
1132 3506 1219 3549 ut:
1248 3494 1521 3563 Conﬁdite,
1558 3496 1681 3565 quia
1702 3495 1800 3549 vici
1827 3494 2101 3547 mundum.

513 3591 787 3645 Manasses
808 3588 995 3642 oblitus
1026 3588 1429 3656 interpretatur,
1462 3586 1589 3655 quia
1616 3585 1816 3640 oblitus
1846 3592 1929 3640 est
1957 3586 2107 3655 prius

516 3682 771 3736 mandata
825 3680 941 3743 Dei,
984 3688 1037 3733 et
1083 3686 1267 3747 postea
1312 3677 1639 3731 obliviscens
1688 3676 1827 3732 idola
1875 3685 1931 3731 et
1983 3677 2109 3733 fecit

517 3772 772 3827 mandata
810 3770 939 3825 Dei:
994 3767 1259 3838 signiﬁcat
1287 3766 1584 3831 Christum,
1625 3776 1716 3821 ut:
1759 3766 2111 3821 Dimittuntur

514 3863 605 3915 tibi
640 3869 850 3932 peccata
891 3871 1001 3923 tua,
1050 3859 1103 3912 id
1150 3864 1254 3923 est,
1290 3856 1696 3911 obliviscantur.
1730 3856 1902 3912 Amen
1940 3857 2110 3926 ﬁdelis

516 3954 629 4008 sive
672 3954 936 4015 honestus,
994 3952 1121 4020 quia
1170 3949 1341 4004 ﬁdelis
1384 3948 1485 4003 luit
1528 3958 1680 4017 pater
1719 3950 1853 4020 ejus,
1899 3958 1953 4003 et
1998 3950 2118 4020 ipse

517 4047 778 4100 honestus
804 4042 902 4097 fuit
931 4043 982 4095 in
1006 4041 1394 4112 pulchritudine
1420 4039 1605 4095 formae
1632 4059 1643 4093 :
1673 4040 1938 4110 signiﬁcat
1958 4039 2113 4096 Chri-

520 4144 685 4199 stum,
718 4142 812 4187 ut:
844 4132 1009 4186 Petite
1029 4143 1073 4186 et
1096 4132 1304 4185 dabitur
1324 4130 1497 4195 vobis;
1529 4139 1617 4185 et:
1645 4130 1919 4199 Speciosus
1942 4131 2112 4202 forma

520 4243 628 4297 pra:
661 4224 786 4293 ﬁliis
816 4224 1103 4277 hominum.
1148 4221 1322 4277 Josias
1364 4222 1769 4290 interpretatur,
1810 4222 1895 4275 ubi
1929 4234 2005 4275 est
2034 4222 2115 4275 in-

521 4331 734 4371 censum
782 4312 1034 4367 Domini?
1082 4310 1207 4381 quia
1261 4325 1367 4365 non
1404 4310 1575 4365 solum
1624 4311 1746 4365 fecit
1787 4312 2111 4366 voluntatem

524 4405 735 4461 Domini
765 4405 819 4458 in
847 4404 1114 4467 omnibus,
1166 4402 1257 4455 sed
1289 4402 1450 4455 etiam
1480 4401 1585 4455 tale
1623 4401 1826 4454 Pascha
1860 4400 1988 4455 fecit
2015 4400 2115 4453 Do-

528 4497 673 4550 mino
707 4493 864 4564 quale
914 4501 1036 4545 ante
1094 4506 1195 4544 non
1244 4489 1441 4544 factum
1488 4498 1607 4544 est:
1646 4488 1915 4559 signiﬁcat
1954 4488 2113 4544 Chri-

528 4596 690 4650 stum,
747 4592 806 4638 ut
847 4601 859 4637 :
905 4582 1173 4636 Prolixius
1216 4580 1431 4645 orabat;
1491 4589 1545 4634 et
1587 4599 1599 4633 :
1634 4579 1905 4649 Dirigatur
1954 4581 2121 4633 oratio

529 4692 643 4729 mea
665 4675 795 4727 sicut
820 4674 1107 4726 incensum.
1148 4670 1281 4724 Item
1327 4669 1607 4735 Eliachim,
1650 4670 1742 4739 qui
1769 4678 1823 4725 et
1850 4668 2117 4735 Joachim,

530 4766 620 4835 qui
655 4763 910 4819 scribitur
956 4762 1007 4815 in
1040 4760 1305 4830 principio
1346 4759 1465 4813 libri
1503 4759 1758 4821 Danielis,
1804 4760 1893 4813 hic
1929 4759 2030 4812 luit
2059 4759 2121 4812 ﬁ-

534 4857 636 4911 lius
678 4854 823 4918 Joas,
862 4854 953 4923 qui
986 4867 1091 4906 non
1124 4851 1379 4906 scribitur
1409 4851 1460 4904 in
1493 4850 1830 4921 genealogia:
1864 4851 2128 4920 interpre-

536 4956 681 5012 tatur
724 4956 902 5001 autem
946 4943 1253 4997 resurrectio
1302 4940 1535 5004 Domini,
1585 4941 1711 5009 quia
1754 4940 1841 4994 ille
1873 4942 2128 4995 transmi—

537 5038 711 5107 gravit
751 5036 838 5095 do,-
868 5033 1045 5087 Judaea
1087 5033 1138 5085 in
1176 5031 1503 5103 Babylonem
1557 5033 1610 5085 in
1660 5032 2003 5101 captivitate;
2056 5034 2127 5087 ita

537 5129 786 5182 Christus
827 5138 891 5177 ne
940 5123 1349 5178 circumcisione
1394 5122 1459 5175 ad
1493 5123 1833 5191 praiputium,
1866 5132 1961 5176 ut:
1998 5122 2128 5175 Cum

540 5232 893 5279 resurrexero,
932 5214 1221 5284 prtecedam
1253 5230 1337 5267 vos
1367 5215 1421 5267 in
1452 5210 1760 5278 Galilteam;
1800 5222 1855 5267 et
1890 5231 1904 5269 :
1937 5216 2127 5267 Ascen-

541 5308 666 5360 dens
712 5306 765 5357 in
815 5304 978 5356 altum
1019 5304 1366 5370 captivitatem
1415 5312 1646 5355 nostrum
1687 5320 1783 5356 sua
1824 5304 1974 5356 duxit
2020 5304 2122 5355 viro

544 5407 649 5450 tute
672 5395 946 5463 captivam,
968 5394 1019 5447 id
1050 5402 1150 5458 est,
1189 5394 1255 5449 de
1291 5404 1433 5448 terra
1455 5396 1519 5449 ad
1551 5395 1764 5448 cmlum.
1792 5394 1994 5449 Joarim
2025 5411 2121 5449 au-

546 5498 653 5541 tem
691 5488 1073 5555 interpretatur
1109 5488 1421 5555 pra'paratio
1455 5486 1680 5540 Domini.
1721 5487 1837 5556 Ipse
1882 5488 2137 5542 scribitur

549 5587 603 5640 in
641 5577 903 5647 principio
945 5577 1067 5632 libri
1109 5576 1418 5639 Ezechielis,
1463 5578 1576 5646 ipse
1615 5579 1704 5645 qui
1740 5587 1793 5633 et
1830 5577 2135 5643 Jechonias,

552 5670 638 5724 hic
669 5684 835 5739 nepos
870 5668 1029 5722 .losia:
1061 5678 1113 5722 et
1152 5682 1257 5719 non
1306 5668 1446 5721 ﬁlius
1475 5682 1488 5720 :
1522 5668 1907 5737 interpretatur
1960 5680 2139 5724 autem

550 5760 865 5827 pra'paratio
909 5756 1135 5819 Domini,
1167 5764 1223 5807 nt
1250 5773 1260 5807 :
1301 5755 1499 5819 Venite,
1540 5757 1789 5809 benedicti
1818 5758 1989 5811 Patris
2020 5761 2139 5821 moi,

2206 3314 2373 3368 Maria
2424 3314 2476 3367 in
2503 3329 2671 3378 mare,
2720 3313 2773 3366 id
2802 3322 2902 3376 est,
2945 3313 3227 3367 inmundo
3272 3311 3372 3365 fuit
3418 3312 3561 3365 inter
3613 3326 3806 3381 pecea-

2206 3413 2389 3458 tores:
2420 3411 2475 3457 et
2499 3402 2622 3471 quia
2672 3416 2789 3457 mos
2830 3410 2913 3457 est
2956 3410 3015 3455 ut
3068 3401 3219 3455 stella
3264 3400 3409 3454 viros
3463 3400 3529 3454 ad
3580 3410 3803 3469 portum

2207 3495 2465 3559 adducat;
2512 3495 2591 3547 sic
2623 3492 2789 3546 Maria
2837 3494 2888 3547 in
2941 3494 3137 3546 mundo
3184 3492 3273 3545 ubi
3321 3500 3479 3545 natus
3516 3500 3597 3545 est
3644 3490 3802 3545 Chri-

2207 3596 2346 3653 stus,
2392 3589 2484 3656 qui
2525 3601 2711 3639 omnes
2748 3586 2813 3639 ad
2857 3586 3021 3639 vitam
3062 3583 3206 3637 ducit
3246 3582 3371 3635 dum
3417 3582 3805 3651 sequanturil-

2208 3666 2340 3742 lum,
2401 3676 2748 3730 illuminatrix
2799 3684 2853 3730 et
2898 3676 3110 3729 domina
3172 3674 3392 3738 dicitur,
3456 3689 3577 3743 qua:
3617 3690 3806 3728 verum

2209 3768 2387 3822 lumen
2435 3775 2489 3824 et
2518 3766 2801 3821 Dominum
2847 3766 3001 3819 nobis
3047 3767 3271 3835 peperit.
3321 3762 3429 3817 Cur
3463 3764 3722 3818 mulieres
3754 3765 3805 3817 in

2210 3854 2525 3926 genealogia
2560 3855 2722 3908 etiam
2764 3854 3133 3923 peccatrices?
3184 3852 3320 3919 Quia
3358 3856 3489 3921 ipsa:
3526 3853 3594 3907 ad
3639 3856 3805 3905 vitam

2213 3946 2435 3999 veniunt
2474 3954 2733 3999 aeternam
2783 3952 2843 3997 ut
2871 3942 2995 3997 viri.
3040 3942 3105 3995 Et
3142 3942 3261 3995 ideo
3302 3949 3615 4010 peceatores
3666 3941 3807 3995 reci-

2212 4036 2450 4105 piuntur,
2502 4036 2629 4105 quia
2656 4034 2769 4103 ipse
2798 4034 2933 4087 dixit
2957 4051 2970 4086 :
3003 4032 3124 4086 Non
3160 4032 3271 4085 veni
3294 4047 3477 4085 vocare
3501 4031 3695 4097 iustos,
3724 4032 3810 4085 sed

2213 4137 2523 4196 peccatores.

2287 4216 2394 4273 Cur
2432 4216 2705 4272 Abraham
2749 4224 2803 4271 et
2844 4216 3007 4269 David
3046 4216 3098 4268 in
3144 4215 3319 4284 capite
3360 4213 3689 4284 genealogia:
3719 4227 3811 4283 po-

2218 4318 2419 4364 nuntur
2465 4308 2754 4362 secundum
2803 4306 3155 4359 Matthmum?
3201 4305 3323 4373 quia
3360 4294 3465 4359 illis
3509 4305 3811 4373 promissus

2217 4409 2307 4455 est
2346 4400 2594 4456 Christus
2638 4408 2915 4453 venturus.
2964 4398 3193 4451 Abrahze
3238 4396 3438 4450 dictum
3487 4405 3606 4451 est:
3643 4396 3711 4450 In
3739 4412 3811 4449 se-

2225 4493 2360 4546 mine
2396 4502 2483 4544 tuo
2536 4490 2901 4545 benedicentur
2944 4506 3117 4542 omnes
3159 4500 3362 4559 gentes;
3405 4489 3472 4542 ad
3515 4488 3690 4543 David
3735 4489 3810 4543 die

2231 4596 2377 4640 ctum
2405 4594 2517 4640 est:
2551 4585 2628 4638 De
2674 4582 2847 4653 fructu
2872 4583 3058 4635 ventris
3106 4582 3203 4646 tui,
3234 4591 3341 4635 etc.
3385 4581 3495 4636 Cur
3533 4580 3814 4635 Matthaaus

2231 4676 2421 4745 incipit
2475 4673 2839 4745 genealogiam
2890 4674 2956 4726 ab
3009 4672 3310 4737 Abraham,
3366 4671 3538 4726 Lucas
3599 4687 3733 4726 vero
3785 4686 3813 4723 a

2229 4766 2446 4819 Christo
2492 4765 2556 4817 ad
2584 4763 2903 4817 Abraham?
2944 4762 3066 4818 Ideo
3102 4762 3384 4817 Matthmus
3433 4761 3501 4815 ab
3542 4760 3813 4815 Abraham

2231 4856 2355 4924 quia
2400 4855 2670 4909 Abraham
2720 4863 2908 4908 auctor
2945 4862 2998 4907 et
3044 4864 3205 4923 caput
3249 4853 3403 4916 ﬁdei,
3448 4863 3507 4905 ut
3538 4862 3659 4905 est:
3693 4851 3813 4907 Cre-

2233 4942 2363 4997 didit
2405 4944 2700 5007 Abraham;
2733 4944 2853 4998 ideo
2886 4959 3012 4997 vero
3049 4943 3220 4997 Lucas
3270 4959 3300 4995 a
3330 4943 3547 4997 Christo
3598 4942 3811 5011 incipit,

2238 5034 2362 5102 quia
2420 5033 2668 5088 Christus
2706 5049 2867 5088 verus
2910 5034 3119 5103 genitor
3174 5018 3392 5087 humani
3436 5035 3674 5101 generis.
3716 5032 3815 5087 Cur

2234 5124 2528 5177 secundum
2601 5122 2907 5176 Matthazum
2968 5122 3272 5191 genealogia
3328 5121 3587 5189 prmcedit
3643 5121 3813 5190 bapti-

2232 5228 2426 5277 smum,
2474 5214 2764 5267 secundum
2817 5229 2942 5267 vero
2982 5213 3179 5267 Lucam
3220 5213 3515 5281 baptismus
3569 5212 3812 5283 genealov

2230 5304 2371 5372 giam
2403 5304 2690 5372 prmcedit:
2734 5303 2852 5357 ideo
2884 5303 3161 5357 Matthmus
3200 5303 3531 5375 [secundum
3581 5302 3803 5357 Maltinu-

2235 5393 2348 5465 um]
2386 5392 2635 5463 praecedit
2666 5394 3049 5463 genealogiam,
3100 5403 3157 5447 ut
3186 5395 3249 5447 de
3278 5409 3475 5463 genere
3512 5394 3715 5449 Christi
3746 5394 3802 5446 di

2236 5483 2403 5536 xisset
2454 5491 2737 5549 antequam
2782 5483 3005 5537 dixisset
3048 5486 3111 5537 de
3171 5498 3389 5537 munero
3441 5485 3633 5554 gratia:
3680 5485 3811 5553 ejus:

2241 5575 2413 5630 Lucas
2442 5590 2567 5630 vero
2596 5574 2787 5647 [prius]
2820 5576 2982 5630 voluit
3010 5576 3303 5645 praedicare
3332 5576 3395 5629 de
3428 5577 3602 5643 gratia
3631 5576 3812 5633 divina,

2243 5681 2401 5733 quam
2437 5668 2500 5719 de
2541 5681 2735 5735 genere
2768 5667 3036 5719 humano:
3070 5665 3149 5717 vel
3194 5667 3310 5717 ideo
3346 5674 3469 5733 post
3499 5664 3814 5734 baptismum

2246 5758 2380 5811 dixit
2415 5758 2604 5823 Lucas,
2641 5767 2699 5811 ut
2723 5757 3029 5811 ostenderet
3055 5773 3237 5809 vocem
3265 5756 3440 5809 Patris
3484 5756 3567 5810 vel
3614 5755 3813 5826 angelos
