3960 6368
199 425 309 482 465

1271 412 1575 477 nenin
1614 416 1679 474 IN
1720 416 1972 475 EV’ANG.
2011 382 2098 476 ΕΤ
2138 419 2356 476 EPIST.

3364 417 3477 477 466

204 543 468 594 testantes
500 534 567 589 de
594 534 748 599 Filio,
778 542 833 589 et
860 532 984 603 quia
1015 503 1182 586 [nemo
1217 531 1460 586 ascendit
1485 530 1551 584 ad
1582 530 1797 584 Patrem
1832 532 1874 590 A
1903 542 1999 599 per
2038 530 2208 601 legem
2257 529 2397 585 facta
2428 538 2528 584 est.
2555 529 2611 583 Si
2641 531 2783 584 enim
2817 529 2900 585 lex
2931 529 3107 599 impiis
3135 539 3188 585 et
3224 544 3489 603 peccato.-

202 625 309 681 nisi
355 633 477 694 post
529 623 878 693 baptismum.
932 620 1042 677 Cur
1102 619 1389 675 Matthaaus
1445 620 1799 689 quadraginta

203 716 340 771 duos
382 714 562 785 posuit
591 715 657 767 ab
686 714 958 768 Abraham
1002 727 1175 782 usque
1205 712 1271 765 ad
1301 710 1597 775 Christum,
1629 711 1801 765 Lucas

202 821 335 861 vero
365 805 752 876 quinquaginta
783 803 1022 874 septem?
1061 804 1185 858 Ideo
1220 803 1344 874 quia
1368 801 1664 857 iMatthaeus
1686 818 1802 857 ma-

199 894 348 965 jores
388 896 650 951 Dominici
696 896 929 967 generis,
979 895 1153 949 Lucas
1199 908 1330 948 vero
1364 894 1553 950 ordine
1602 892 1653 947 id
1706 908 1804 963 per

203 987 550 1056 aloptionem
603 985 965 1057 generationis
1006 984 1346 1040 texuit..Cur
1380 985 1664 1039 Matthmus
1705 1000 1803 1056 per

204 1074 575 1140 Salemonem,
604 1076 776 1131 Lucas
806 1091 905 1146 per
932 1074 1164 1139 Nathan,
1202 1074 1569 1145 genealogiam
1600 1076 1803 1129 texuit?

204 1168 333 1223 Ideo
362 1177 421 1222 ut
452 1182 548 1239 per
572 1167 804 1239 regalem
830 1176 887 1223 et
926 1167 1311 1226 sacerdotalem
1360 1166 1618 1220 familiam
1647 1166 1803 1221 Chri-

207 1259 279 1316 sti
318 1262 665 1317 ostenderent
704 1259 1106 1332 generationem
1137 1278 1150 1313 :
1183 1260 1308 1329 quia
1352 1259 1440 1314 ille
1478 1257 1577 1313 fuit
1609 1273 1803 1313 secun-

204 1350 339 1406 dum
370 1364 587 1406 carnem
617 1364 712 1405 rex
758 1364 827 1404 ex
872 1350 1110 1419 regibus,
1158 1356 1215 1403 et
1240 1349 1493 1403 sacerdos
1522 1362 1589 1402 ex
1618 1362 1801 1403 sacer-

204 1442 455 1508 dotibus;
512 1450 571 1495 ut
610 1460 623 1495 :
666 1440 806 1494 Deus
834 1439 1098 1510 judicium
1141 1447 1288 1493 tuum
1332 1440 1439 1509 regi
1482 1439 1583 1504 da;
1625 1439 1751 1493 item
1786 1456 1797 1491 :

208 1531 292 1587 Tu
340 1550 394 1587 es
429 1532 674 1588 sacerdos
725 1531 779 1586 in
816 1540 1088 1585 wternum.
1141 1529 1253 1586 Cur
1285 1530 1565 1585 Matthaaus
1616 1530 1805 1585 dividit

202 1622 585 1694 generationes
635 1621 776 1677 inter
828 1619 1274 1691 quatuordecim?
1340 1621 1463 1677 Ideo
1510 1629 1570 1675 ut
1623 1628 1804 1676 esten-

202 1710 362 1766 deret
409 1711 747 1782 patriarchas
790 1710 858 1766 ab
886 1711 1158 1766 Abraham
1210 1726 1382 1781 usque
1419 1712 1486 1767 ad
1518 1711 1704 1778 David,
1746 1721 1802 1769 et

202 1814 363 1871 reges
394 1817 424 1856 a
453 1801 620 1856 David
647 1817 817 1871 usque
841 1802 909 1856 ad
938 1803 1463 1871 transmigratienem
1490 1803 1796 1875 Babylonis,

1903 622 2051 677 ribus
2078 622 2275 690 posita,
2306 623 2491 691 utique
2520 620 2664 674 Ruth
2691 636 2809 690 quae
2836 620 3202 677 deﬁnitionem
3229 623 3362 695 legis
3392 640 3477 679 ex-

1902 715 2083 779 cessit,
2129 714 2351 768 intravit
2399 714 2451 768 in
2482 714 2795 769 Ecclesiam.
2850 714 2916 768 Et
2954 730 3053 768 cur
3095 714 3375 770 Matthmus
3404 734 3485 786 ge-

1902 805 2013 858 nuit
2042 820 2271 873 semper,
2320 802 2493 859 Lucas
2522 820 2649 859 vero
2698 804 2797 871 fuit
2825 805 2994 860 dicit?
3022 803 3157 872 Quia
3211 805 3489 860 Matlhmus

1902 897 1967 951 de
2018 899 2364 968 generatione
2412 898 2628 967 propria
2672 897 2827 963 dixit,
2883 896 3060 952 Lucas
3089 897 3153 953 de
3204 898 3491 967 adeptione

1902 987 2190 1056 plurimum
2214 986 2367 1041 dixit.
2402 986 2531 1041 Item
2559 985 2839 1041 Matthaeus
2867 989 2957 1057 qui
2990 987 3151 1053 ﬁlius,
3181 1005 3321 1043 nunc
3348 990 3489 1043 idem

1901 1085 2085 1144 postea
2116 1086 2298 1147 pater;
2347 1077 2522 1131 Lucas
2568 1092 2717 1141 vero,
2773 1078 2863 1147 qui
2912 1087 3062 1148 pater
3101 1089 3202 1145 est,
3260 1097 3402 1136 nunc
3432 1080 3491 1134 ﬁ-

1905 1168 2008 1222 lius
2035 1176 2119 1222 est
2142 1168 2365 1237 postea?
2389 1166 2497 1221 Cur
2524 1166 2699 1223 Lucas
2732 1176 2961 1236 quatuor
3004 1170 3217 1223 nemina
3274 1179 3480 1223 tantum

1902 1258 1969 1314 de
1992 1258 2317 1328 patriarchis
2348 1250 2751 1329 in'genealogia
2798 1259 2993 1328 posuit,
3040 1258 3226 1324 Judas,
3267 1258 3486 1328 Ioseph,

1902 1347 2141 1413 Simeon,
2173 1346 2336 1401 Levi?
2362 1347 2590 1418 Propter
2636 1347 2861 1416 ﬁguram
2894 1365 2905 1401 :
2938 1351 2992 1402 in
3041 1347 3177 1403 Juda
3228 1348 3369 1403 enim
3404 1350 3491 1406 illo

1902 1442 2197 1509 superiore,
2231 1441 2523 1495 Dominica:
2570 1442 2836 1510 passionis
2869 1444 3182 1513 mysterium
3216 1444 3491 1515 signiﬁca-

1904 1540 2019 1597 tur;
2054 1533 2106 1586 in
2158 1529 2355 1601 Jeseph
2407 1531 2674 1586 castitatis
2717 1532 3054 1602 exemplum;
3111 1535 3162 1588 in
3215 1533 3487 1597 Simeone,

1900 1620 2134 1676 vindicta
2162 1620 2273 1676 laesi
2302 1622 2552 1691 pudoris;
2607 1623 2660 1677 in
2692 1622 2837 1687 Levi,
2892 1623 3123 1678 ofﬁcium
3171 1626 3486 1680 sacerdotis.

1899 1711 2009 1767 Cur
2051 1711 2296 1767 Christus
2343 1728 2449 1767 non
2492 1714 2556 1768 de
2609 1713 2713 1767 alia
2768 1715 2907 1769 tribu
2955 1716 3103 1770 nasci
3153 1716 3335 1779 voluit,
3388 1718 3490 1774 nisi

1901 1804 1965 1859 de
2015 1803 2149 1859 Juda
2210 1804 2454 1858 tantum?
2495 1802 2632 1871 Quia
2687 1813 2912 1874 quartus
2960 1805 3061 1860 fuit
3114 1807 3256 1862 ﬁlius
3302 1806 3487 1863 Jaceb.

201 1889 262 1946 et
321 1907 542 1962 regnum
602 1901 789 1961 postea
836 1907 866 1946 a
896 1890 1093 1947 Iudaeis
1126 1891 1454 1948 discessisse
1506 1907 1675 1963 usque
1728 1894 1796 1947 ad
1825 1880 1870 1939 Β
1901 1895 2021 1950 Ideo
2072 1895 2197 1964 quia
2227 1895 2414 1949 Ruben
2459 1895 2747 1950 maculavit
2788 1904 3016 1950 stratum
3066 1897 3255 1967 patris,
3291 1898 3491 1968 grande

204 1981 505 2040 Christum.
556 1983 681 2039 Ideo
718 1983 893 2039 Lucas
928 1984 1313 2053 quinquaginta
1352 1991 1556 2052 septem
1594 1983 1662 2037 ab
1686 1982 1798 2039 Ab-

201 2076 398 2130 raham
449 2089 622 2143 usque
669 2075 737 2130 ad
791 2073 1091 2139 Christum,
1137 2081 1196 2127 ut
1225 2073 1539 2128 ostenderet
1585 2074 1798 2129 numeri

199 2166 637 2239 quinquagesimi
688 2166 1006 2237 mysterium
1040 2165 1095 2220 in
1135 2164 1315 2220 Veteri
1353 2171 1409 2219 et
1435 2163 1586 2220 Novo
1613 2164 1801 2219 Testa-

201 2270 414 2325 mento,
460 2259 553 2331 qui
608 2261 675 2315 ad
728 2260 1100 2329 pmnitentiam
1143 2260 1380 2329 pertinet
1417 2274 1431 2313 :
1475 2267 1529 2314 et
1583 2259 1798 2329 septimi

201 2348 415 2405 numeri
449 2350 538 2419 qui
575 2349 807 2420 pertinet
840 2350 907 2404 ad
952 2349 1221 2405 hominem
1256 2356 1560 2418 septenum,
1612 2348 1665 2403 id
1693 2356 1795 2414 est,

201 2432 373 2495 θοι-αθ
421 2448 475 2493 et
520 2439 725 2505 anima,
769 2447 826 2494 et
872 2448 1071 2505 mente,
1112 2447 1163 2495 et
1202 2448 1367 2503 terra,
1430 2447 1484 2493 et
1534 2454 1695 2509 aqua,
1744 2445 1801 2493 et

202 2531 353 2603 igne,
422 2538 477 2586 et
526 2545 668 2585 aere.
724 2529 896 2585 Lucas
943 2545 975 2584 a
1027 2529 1243 2585 Christo
1289 2530 1358 2584 ad
1410 2529 1581 2584 Adam
1628 2528 1798 2593 ducit,

202 2619 501 2677 ostendens
553 2619 693 2689 quod
732 2634 826 2689 per
872 2618 1146 2674 Christum
1195 2634 1365 2690 genus
1406 2619 1536 2673 Adae
1574 2617 1801 2673 solvitur

204 2725 238 2765 a
268 2719 522 2780 peccato;
556 2712 667 2765 sive
719 2709 859 2779 quod
906 2726 972 2765 ex
1007 2708 1223 2765 Christo
1268 2716 1466 2764 exeunt
1500 2708 1591 2779 qui
1638 2708 1798 2765 rede—

206 2808 311 2854 unt
361 2800 427 2854 ad
470 2798 709 2853 Patrem.
757 2798 887 2853 Item
937 2799 1065 2869 quid
1103 2797 1369 2869 signiﬁcat
1418 2812 1515 2867 per
1566 2806 1799 2866 quatuor

204 2904 407 2959 genera
444 2890 630 2944 venire
681 2891 746 2944 ad
803 2889 1102 2954 Christum,
1153 2890 1259 2943 nisi
1314 2888 1495 2954 ﬁdem,
1545 2903 1693 2959 Spem
1745 2897 1800 2944 et

206 2982 566 3036 charitatem?
613 2981 738 3050 quid
772 2996 867 3050 per
892 2980 1298 3051 quatuerdecim
1329 2980 1435 3036 nisi
1466 2982 1651 3035 decem
1678 2995 1799 3035 ver-

204 3069 273 3124 ba
316 3068 446 3139 legis
480 3078 535 3123 et
582 3078 811 3139 quatuor
857 3070 1080 3124 virtutes
1130 3068 1356 3123 animae?
1400 3067 1604 3133 Prima,
1660 3084 1798 3138 pru-

203 3160 411 3225 dentia,
464 3161 670 3216 servire
710 3161 839 3227 Dee,
891 3176 998 3215 non
1052 3160 1236 3225 idolis;
1289 3159 1543 3225 secunda,
1599 3167 1803 3229 tempe-

1900 1983 2075 2038 scelus
2121 1983 2193 2038 ibi
2242 1984 2527 2038 commisit.
2572 1983 2811 2050 Simeon,
2865 1995 2918 2039 et
2944 1986 3071 2041 Levi
3110 1987 3493 2042 interfecerunt

1899 2071 2144 2128 homines
2184 2070 2437 2143 paciﬁcos
2489 2072 2687 2127 Sichen
2718 2082 2770 2127 et
2808 2073 2989 2140 Emor,
3046 2074 3112 2130 de
3150 2075 3343 2144 quibus
3398 2092 3494 2144 pa-

1900 2171 1982 2218 ter
2028 2163 2105 2217 ait
2142 2181 2155 2217 :
2188 2161 2441 2217 Odiosum
2493 2180 2574 2219 me
2617 2162 2813 2232 fecistis
2864 2163 3197 2220 Chanamcis.
3248 2166 3315 2220 Et
3369 2165 3489 2220 ideo

1900 2270 2003 2309 non
2036 2254 2253 2309 fuerunt
2278 2254 2423 2325 digni
2470 2262 2530 2309 ut
2558 2262 2740 2310 essent
2767 2264 2952 2325 patres
2978 2254 3199 2311 Christi.
3250 2256 3372 2311 Fuit
3398 2274 3493 2310 au-

1900 2351 2009 2400 tem
2059 2344 2127 2399 de
2157 2344 2299 2399 tribu
2330 2341 2488 2409 Juda,
2540 2346 2633 2414 qui
2661 2354 2887 2415 quartus
2934 2355 3018 2402 est
3058 2346 3226 2414 ﬁlius,
3279 2349 3404 2418 quia
3439 2350 3491 2403 in

1898 2444 2091 2507 quarta
2143 2436 2278 2506 lege,
2327 2436 2381 2490 id
2409 2444 2490 2491 est
2518 2437 2690 2508 gratia
2739 2437 3035 2509 Evangelii,
3086 2440 3234 2494 venit
3260 2454 3358 2495 nos
3409 2454 3493 2494 rc-

1900 2530 2127 2585 dimere.
2179 2531 2290 2586 Cur
2336 2530 2584 2587 Christus
2629 2548 2725 2603 per
2774 2534 3076 2597 mulierem,
3137 2543 3190 2589 et
3243 2550 3346 2588 non
3395 2551 3490 2602 per

1901 2621 2063 2677 aliam
2115 2632 2442 2689 creaturam,
2495 2624 2681 2680 venire
2715 2625 2963 2694 dignatus
3010 2626 3125 2680 est?
3174 2626 3309 2693 Quia
3339 2641 3492 2679 mun-

1901 2712 2001 2768 dus
2038 2727 2133 2783 per
2182 2714 2460 2768 mulierem
2493 2714 2686 2784 periit,
2730 2724 2877 2771 recte
2922 2724 3040 2771 erat
3068 2725 3125 2770 ut
3162 2731 3257 2784 per
3302 2714 3511 2769 mulier

1903 2818 2017 2859 rem
2068 2812 2519 2874 recuperaretur;
2556 2811 2613 2857 ut
2657 2803 2947 2860 Sedulius:

2089 2912 2202 2978 Sola
2227 2912 2315 2963 fuit
2336 2914 2511 2965 mulier
2536 2920 2687 2978 patuit
2707 2929 2797 2978 qua
2817 2917 2965 2978 janua
3002 2916 3157 2976 letho,

2146 2973 2209 3024 Et
2224 2988 2318 3037 qua
2346 2977 2437 3024 vita
2465 2973 2593 3027 redit
2616 2973 2833 3029 sola'fuit
2857 2979 3049 3027 mulier.

1901 3063 2036 3119 Item
2085 3080 2181 3135 per
2224 3077 2455 3135 quatuor
2496 3068 2597 3124 fuit
2633 3071 2863 3140 perditio
2898 3071 3082 3125 mundi
3115 3089 3127 3124 :
3161 3086 3257 3141 per
3299 3072 3489 3126 mulie~

1906 3168 2042 3219 rem,
2093 3169 2191 3223 per
2221 3156 2415 3222 virum,
2470 3174 2568 3228 per
2613 3160 2839 3229 lignum,
2875 3176 2970 3230 per
3016 3171 3350 3230 serpentem;
3396 3178 3493 3233 per

205 3251 407 3315 rantia,
443 3266 551 3305 non
582 3251 995 3319 concupiscere;
1026 3252 1205 3315 tertia,
1238 3250 1470 3320 justitia,
1502 3265 1609 3305 non
1651 3249 1801 3305 adul-
1829 3219 1873 3283 (δ
1904 3249 2134 3311 quatuor
2157 3251 2495 3300 restauratur
2526 3262 2540 3300 :
2568 3264 2665 3318 per
2691 3249 2934 3316 Mariam,
2956 3266 3053 3321 per
3081 3251 3374 3318 Christum,
3396 3268 3493 3322 per

203 3342 403 3407 terari;
448 3350 661 3411 quarta,
717 3338 992 3406 fortitudo,
1037 3341 1326 3406 dimittere,
1382 3355 1488 3395 non
1528 3341 1798 3395 occidere.

201 3427 340 3486 Item
380 3432 579 3501 septies
606 3432 781 3487 sexies
814 3439 907 3485 aut
952 3446 1045 3485 sex
1075 3433 1272 3501 septies
1326 3432 1676 3502 quadraginta
1697 3433 1803 3488 duo

203 3519 366 3574 fiunt.
413 3519 559 3574 Idem
614 3520 910 3575 secundum
954 3519 1264 3574 Matthaeum
1303 3520 1576 3588 signiﬁcat
1609 3518 1798 3575 Eccle—

202 3608 369 3674 siam,
437 3623 559 3663 cum
616 3618 820 3678 septem
876 3608 1031 3664 denis
1087 3608 1320 3678 Spiritus
1369 3611 1542 3663 sancti
1594 3608 1801 3664 scilicet

199 3697 562 3752 laborantem.
586 3697 716 3752 Item
744 3697 857 3752 siin
887 3698 1152 3753 crescenti
1185 3713 1408 3753 numero
1430 3697 1799 3763 uno,duobus,

202 3791 401 3853 tribus,
433 3799 682 3859 quatuor,
710 3788 893 3859 jungis
938 3791 1037 3844 hes
1065 3788 1245 3853 simul,
1279 3790 1465 3845 decem
1504 3789 1661 3854 ﬁunt,
1709 3787 1801 3856 qui

201 3878 476 3950 signiﬁcat
523 3878 719 3949 Legem
769 3886 1005 3932 veterem
1052 3877 1105 3931 in
1145 3878 1318 3946 gratia
1365 3877 1637 3948 Evangelii
1679 3891 1800 3933 esse

201 3968 622 4039 adimplendam.
662 3968 764 4043 Der
804 3982 971 4021 unum
1012 3966 1156 4021 enim
1203 3966 1378 4037 lcgem'
1423 3974 1660 4031 naturae;
1702 3979 1800 4035 per

202 4059 335 4124 duo,
391 4058 559 4129 legem
610 4057 812 4128 Moysi;
861 4072 958 4125 per
1002 4056 1127 4121 tria,
1161 4056 1331 4127 legem
1379 4057 1792 4126 prophetarum;

200 4164 306 4219 per
352 4157 601 4219 quatuor,
642 4148 869 4219 gratiam
921 4147 1218 4218 Evangelii.
1259 4146 1411 4201 Sicut
1443 4146 1586 4201 enim
1618 4147 1686 4201 ab
1714 4147 1798 4201 bis

202 4242 505 4313 procedunt
533 4242 736 4307 decem,
787 4243 926 4297 sicut
971 4242 1107 4297 dixit
1150 4250 1260 4295 tota
1302 4240 1411 4295 Lex
1444 4242 1495 4295 in
1534 4242 1619 4296 his
1658 4256 1794 4310 qua-

1905 3345 2143 3397 crucem,
2188 3348 2286 3403 per
2314 3333 2530 3405 Ioseph.
2561 3336 2694 3403 Quia
2723 3353 2943 3409 serpens
2985 3341 3075 3410 qui
3108 3340 3207 3395 fuit
3239 3343 3293 3396 in
3328 3342 3494 3397 Israel

1903 3417 2176 3474 Christum
2220 3422 2505 3493 signiﬁcat.
2561 3425 2680 3495 Ipse
2732 3428 2796 3482 de
2826 3443 2933 3483 aere
2986 3428 3161 3485 factus
3208 3438 3310 3495 est,
3366 3446 3489 3486 cum

1903 3518 2135 3577 quatuor
2165 3513 2430 3580 rotundis,
2480 3524 2534 3569 et
2562 3516 2804 3571 elevatur
2838 3519 2890 3572 in
2929 3527 3090 3589 caput
3124 3521 3287 3591 virgae
3326 3531 3383 3575 ut
3411 3527 3485 3575 vi-

1901 3599 2092 3653 derent
2134 3599 2303 3667 illum,
2353 3610 2408 3658 et
2437 3603 2683 3675 fugerent
2723 3609 2976 3663 animalia
3024 3610 3221 3665 deserti
3262 3627 3371 3681 pra:
3417 3613 3486 3666 ti-

1902 3704 2051 3743 more
2093 3698 2335 3746 retarum
2368 3710 2379 3746 :
2411 3701 2467 3748 et
2494 3697 2572 3750 sic
2593 3699 2958 3768 unusquisque
2980 3710 3202 3754 sanatur
3236 3703 3280 3755 si
3314 3702 3489 3772 inspe-

1900 3778 2039 3832 xerit
2081 3781 2399 3848 pendentem
2443 3783 2495 3837 in
2526 3786 2698 3854 capite
2746 3788 2930 3858 virgae,
2967 3790 3019 3843 id
3074 3799 3155 3843 est
3206 3790 3257 3843 in
3300 3806 3483 3846 cruce.

1901 3866 2084 3921 Timor
2110 3876 2369 3935 rotarum,
2404 3872 2565 3926 timor
2592 3877 3028 3943 praedicationum
3062 3887 3290 3947 quatuor
3310 3882 3485 3937 Evan-

1897 3956 2192 4026 geliorum;
2238 3968 2293 4013 et
2325 3961 2405 4015 sic
2438 3960 2642 4031 fugient
2671 3966 2945 4033 animalia,
2997 3969 3047 4023 id
3075 3978 3179 4035 est,
3213 3970 3481 4025 dazmones

1896 4046 1981 4099 vel
2032 4048 2399 4117 cogitationes,
2449 4053 2513 4106 de
2564 4054 2814 4133 cordibus
2849 4058 3067 4111 nostris.
3117 4058 3248 4113 Item
3295 4059 3483 4115 botrns

1895 4138 1987 4206 qui
2013 4140 2331 4207 portabatur
2360 4143 2412 4196 in
2442 4144 2714 4199 desertum
2760 4162 2791 4200 a
2817 4148 3024 4203 duobus
3048 4151 3182 4204 viris
3211 4151 3263 4204 in
3292 4160 3439 4206 veste
3463 4168 3476 4204 :

1896 4231 2085 4284 betrus
2136 4230 2382 4287 Christus
2429 4242 2534 4300 est,
2565 4235 2671 4292 duo
2721 4238 2819 4292 viri
2848 4238 3015 4295 Judaei
3044 4250 3099 4295 et
3129 4250 3334 4311 gentes.
3377 4242 3478 4309 Qui

207 4345 333 4390 tuor
358 4336 633 4406 Evangelii
679 4333 1001 4404 adimpletur
1025 4333 1108 4388 vel
1138 4334 1192 4387 in
1229 4341 1463 4402 quatuor
1508 4332 1794 4387 virtutibus
1894 4329 2017 4377 ante
2064 4323 2194 4389 ibat,
2232 4333 2286 4379 ει
2313 4327 2528 4382 dorsum
2578 4330 2644 4384 ad
2690 4332 2902 4387 betrum
2958 4337 3217 4400 vertebat,
3265 4335 3478 4393 Iudaeos

204 4413 423 4481 animae.
471 4424 607 4479 Item
645 4439 745 4493 per
779 4422 887 4477 duo
932 4422 1023 4491 qui
1067 4430 1351 4476 remanent
1392 4429 1515 4492 post
1562 4423 1794 4490 quadra-
1890 4412 2178 4481 significat,
2216 4415 2307 4483 qui
2335 4417 2654 4473 videbantur
2682 4421 2889 4475 anteire
2917 4423 2969 4476 in
2996 4422 3137 4493 Lege
3159 4434 3212 4479 et
3240 4428 3473 4495 prophe-

200 4515 377 4585 ginta,
424 4514 468 4567 si
515 4512 829 4568 Jecheniam
875 4513 961 4568 bis
1012 4512 1411 4576 numeraveris;
1460 4512 1542 4567 sin
1586 4520 1791 4577 autem,
1821 4571 1864 4585 λ
1892 4501 1982 4563 iis,
2016 4501 2279 4559 habentes
2308 4506 2555 4560 mandata
2594 4508 2713 4572 Dei»
2743 4519 2798 4562 ει
2822 4511 3017 4580 quibus
3039 4515 3335 4582 Ρνοηιίεευε
3360 4526 3481 4571 erat

203 4571 315 4658 auo
360 4601 702 4657 Testamenta
733 4601 997 4671 signiﬁcat
1030 4619 1043 4655 τ
1074 4608 1414 4669 superexslal
1441 4601 1667 4671 primus,
1699 4609 1793 4671 qui
1820 4571 1869 4632 Ι)
1896 4589 2143 4647 Christus
2174 4612 2185 4647 ‘.
2212 4609 2339 4665 ergo
2384 4595 2635 4650 viderunt
2674 4598 2821 4652 illum
2839 4571 2912 4654 ⁸ῘΙ]
2940 4571 3087 4656 νθδίθ
3136 4605 3471 4673 pendentem,

201 4691 482 4746 Christum
520 4689 807 4760 signiﬁcat,
855 4690 945 4758 qni
976 4697 1058 4744 est
1105 4704 1267 4758 super
1298 4704 1504 4743 omnes.
1541 4688 1671 4743 Item
1699 4706 1796 4760 per
1896 4681 1998 4735 hoc
2025 4690 2107 4736 est
2136 4682 2187 4736 in
2216 4698 2399 4749 cruce,
2436 4686 2652 4740 dorsum
2684 4705 2788 4743 non
2826 4689 3013 4745 faciem
3049 4705 3346 4749 verterunt.
3373 4698 3476 4764 Qui

201 4780 614 4849 quatuordecim
653 4788 735 4832 ter
768 4778 925 4832 ﬁdem
956 4787 1154 4833 sancta:
1200 4777 1479 4834 Trinitatis
1506 4778 1790 4847 signiﬁcat,

1899 4784 2020 4824 vero
2047 4779 2169 4839 post
2206 4772 2339 4838 ibat,
2370 4783 2555 4845 gentes
2602 4786 2744 4842 sunt,
2775 4794 2894 4848 qua:
2935 4796 3207 4838 conversa!
3243 4797 3369 4841 sunt
3407 4790 3477 4843 ad

201 4872 298 4940 qui
349 4879 432 4924 est
501 4868 766 4923 funiculus
841 4869 1031 4938 triplex
1098 4870 1189 4938 qui
1238 4868 1448 4925 diﬁicile
1504 4872 1788 4939 rumpitur.

201 4961 337 5016 ltem
387 4960 673 5014 secundum
722 4957 919 5012 Lucam
966 4960 1300 5030 septuaginta
1350 4961 1403 5014 in
1455 4969 1678 5029 septem.
1732 4960 1790 5015 In

200 5053 309 5107 hoc
347 5065 567 5105 numero
613 5057 739 5103 sunt
781 5049 1028 5103 undecim
1073 5052 1303 5119 septies;
1350 5067 1448 5121 per
1476 5052 1659 5105 decem
1704 5052 1782 5106 le-

197 5155 325 5212 gem
354 5138 638 5209 signiﬁcat,
684 5146 738 5193 et
765 5153 863 5207 per
906 5154 1071 5193 unum
1105 5140 1194 5208 qui
1252 5156 1413 5207 super
1460 5141 1646 5194 decem
1699 5156 1782 5194 re-

195 5242 406 5297 manet,
439 5242 888 5306 transgresserem
925 5233 1057 5304 legis
1106 5234 1374 5304 signiﬁcat
1402 5249 1415 5288 :
1447 5249 1543 5304 per
1575 5245 1779 5303 septem

192 5323 473 5380 hominem
507 5326 598 5394 qui
646 5336 896 5394 septenus
928 5333 1011 5379 est
1056 5324 1335 5394 signiﬁcat.
1372 5324 1438 5379 Et
1488 5324 1573 5379 ille
1600 5325 1691 5393 qui
1724 5325 1775 5378 in

195 5416 301 5470 hoc
347 5429 571 5470 numero
611 5415 781 5486 legem
809 5415 1222 5486 transgreditur,
1270 5424 1417 5471 recte
1444 5427 1562 5469 erat
1598 5426 1655 5471 ut
1681 5432 1776 5486 per

193 5504 445 5560 eumdem
484 5518 765 5558 numerum
805 5504 1174 5559 redimeretur.
1227 5503 1334 5558 Cur
1374 5503 1514 5558 Ruth
1547 5504 1777 5563 Moabita

193 5596 249 5650 ln
288 5595 597 5665 genealogia
640 5595 849 5649 Domini
893 5597 1129 5664 ponitur,
1180 5610 1300 5648 cum
1347 5595 1599 5665 legatur:
1633 5596 1778 5649 Moa-

192 5687 323 5741 bita:
354 5702 457 5740 non
496 5687 772 5740 intrabunt
802 5687 856 5738 in
896 5684 1190 5739 Ecclesiam
1230 5683 1325 5738 Dei
1356 5700 1522 5754 usque
1571 5686 1624 5739 in
1672 5701 1773 5741 sac-

194 5776 408 5835 culum?
434 5775 557 5829 Ideo
584 5776 707 5839 quia
759 5783 937 5827 sancta
969 5782 1021 5827 et
1048 5773 1387 5828 immaculata
1418 5775 1657 5830 moribus
1682 5791 1770 5830 su-

1892 4861 2163 4919 Christum
2181 4868 2499 4936 pendentem
2528 4869 2577 4923 in
2601 4886 2780 4926 cruce.
2805 4872 2999 4928 Christi
3028 4887 3195 4929 autem
3211 4879 3471 4947 generatio

1889 4954 1964 5007 sic
1993 4965 2123 5019 erat,
2175 4968 2235 5009 ut
2263 4957 2462 5011 dictum
2497 4966 2579 5014 est
2609 4961 2662 5013 in
2716 4964 3045 5047 genealogia.
3080 4964 3244 5019 Iacob
3295 4968 3475 5036 genuit

1888 5041 2081 5113 Ioseph
2120 5045 2287 5099 cirum
2328 5048 2515 5103 Maria:
2551 5051 2614 5104 de
2638 5069 2741 5122 qua
2792 5064 2943 5107 natus
2987 5041 3059 5109 est
3088 5056 3343 5111 Christus.
3376 5059 3470 5112 Vel

1888 5132 1967 5187 sic
2003 5144 2120 5189 erat
2162 5145 2221 5190 ut
2250 5149 2622 5195 numeraretur
2652 5144 2960 5212 genealogia
3012 5161 3107 5214 per
3132 5144 3351 5216 Ioseph,
3401 5151 3466 5201 de

1886 5237 1991 5291 quo
2020 5233 2175 5279 natus
2206 5240 2308 5280 non
2337 5238 2455 5282 erat
2487 5228 2756 5295 Christus,
2799 5241 2851 5286 et
2881 5249 2984 5286 non
3013 5249 3108 5303 per
3135 5234 3373 5300 Mariam,
3398 5236 3465 5289 de

1883 5330 1987 5384 qua
2018 5324 2174 5372 natus
2220 5328 2303 5373 est
2351 5319 2615 5385 Christus,
2650 5323 2774 5390 quia
2821 5339 2924 5377 non
2961 5334 3081 5378 erat
3111 5340 3227 5381 mes
3264 5340 3359 5395 per
3385 5324 3464 5381 [es

1885 5406 2057 5459 minas
2094 5408 2429 5478 genealogias
2475 5413 2763 5465 numerari.

2101 5513 2165 5551 DE
2204 5512 2406 5552 SEPTEM
2447 5515 2617 5555 SIGNIS
2656 5518 3003 5557 NATIVITATIS
3042 5518 3246 5557 DOIINI.

1951 5585 2110 5641 Multa
2176 5590 2326 5659 signa
2387 5591 2646 5647 Dominus
2714 5602 2839 5649 ante
2911 5596 3248 5649 nativitatem
3304 5612 3455 5653 suam

1879 5679 2304 5750 prmﬁguratione
2340 5684 2420 5736 sui
2455 5684 2716 5737 adventus
2754 5687 2804 5738 in
2845 5687 3119 5752 mundum,
3160 5688 3452 5756 praemisit:

1882 5773 2041 5827 multa
2086 5775 2246 5829 etiam
2292 5776 2345 5829 in
2380 5776 2492 5842 ipsa
2534 5776 2809 5828 nativitate
2849 5778 3081 5831 ostendit
3108 5793 3121 5831 :
3148 5778 3213 5831 de
3260 5778 3471 5847 quibus.
