3960 6384
472 418 579 506 λδπ

1122 450 1183 504 Β.
1226 450 1482 507 RABANI
1520 450 1740 507 MAURI
1776 451 2052 509 ARCHIE]

2164 453 2447 512 lOGUNT.
2488 454 2771 512 OPERUM
2810 453 2990 512 PARS
3024 456 3088 512 ll.

3652 459 3760 515 468

464 564 695 636 primum
727 564 937 634 signum
962 572 1080 618 erat
1110 565 1250 631 qqu
1282 563 1532 633 princeps
1559 577 1698 617 unus
1726 577 1822 633 per
1849 578 2064 618 onmem
2097 570 2140 627 Α
2174 565 2463 620 noluerunt
2508 572 2631 634 post
2652 563 3021 631 captivitatem
3064 562 3333 618 laxatam:
3361 563 3461 619 hoc
3504 579 3761 635 praenun-

462 657 651 712 orbem
688 655 966 726 regnabat,
997 655 1139 723 quod
1167 670 1442 725 nunquam
1473 664 1627 709 antea
1657 653 1863 721 fuerat;
1899 672 2064 710 unum

465 749 633 804 totius
653 754 916 803 creatura“:
942 747 1527 803 Dominumlihristum
1548 747 1917 817 prcenuntians
1937 763 2065 803 ven-

467 848 669 895 turum.

537 927 847 984 Secundum
897 932 1074 981 autem
1123 927 1337 999 signum
1372 946 1384 982 :
1416 938 1535 984 erat
1579 945 1681 999 pax
1730 931 2063 987 admirabilis

464 1034 627 1090 super
671 1033 887 1074 omnem
926 1027 1149 1083 terram,
1189 1019 1363 1089 qualis
1401 1035 1499 1075 nec
1533 1029 1679 1084 ante,
1733 1037 1832 1077 nec
1874 1030 2059 1093 postea

465 1125 703 1181 unquam
741 1108 947 1174 fuerat;
977 1124 1160 1163 veram
1192 1110 1375 1164 mundi
1407 1126 1592 1179 pacem
1613 1112 1923 1183 designans,
1941 1128 2061 1184 qua:

462 1209 548 1254 cst
577 1198 827 1255 Christus
867 1198 977 1264 ille,
1002 1200 1096 1270 qui
1127 1198 1255 1255 fecit
1291 1216 1482 1272 pacem
1513 1202 1655 1257 inter
1684 1202 1852 1258 Deum
1881 1214 1936 1260 et
1962 1206 2057 1260 bo-

470 1292 669 1346 mines.

541 1380 790 1436 Tertium
819 1381 1033 1453 signum
1064 1381 1188 1449 fuit,
1219 1384 1386 1455 quod,
1427 1382 1645 1441 Cmsare
1682 1387 2044 1452 concedente,

464 1471 696 1541 captivis
727 1470 1009 1538 absolutis,
1029 1472 1083 1526 in
1112 1487 1434 1543 quacunque
1462 1471 1689 1529 fuissent
1720 1475 2051 1544 captivitate,

465 1565 737 1635 possessio
793 1566 1011 1635 propria
1043 1565 1385 1621 reddebatur
1427 1584 1440 1619 :
1499 1576 1553 1620 et
1583 1582 1802 1621 censum
1858 1567 2055 1636 singuli

465 1657 694 1711 reddere
718 1655 914 1712 Ca-sari
945 1656 1358 1728 profitebantur,
1391 1660 1480 1728 qui
1514 1660 1673 1714 trium
1706 1659 2053 1715 denariorum

462 1749 723 1804 habentes
777 1751 1116 1819 pensionem,
1166 1752 1439 1806 drachmae
1484 1753 1699 1807 nomine
1755 1751 2055 1807 censeban—

465 1850 554 1892 tur
579 1856 593 1893 :
630 1840 733 1894 hoc
765 1842 1097 1917 praesignans
1122 1842 1265 1911 quod
1304 1857 1475 1912 genus
1502 1845 1797 1897 humanum
1826 1855 1856 1896 a
1886 1843 2051 1913 capti-

2169 656 2308 711 tians
2346 656 2491 726 quod
2525 656 2615 724 qui
2647 670 2676 709 a
2704 654 2849 708 vitiis
2887 653 2952 708 ad
2981 654 3254 709 Christum
3286 654 3465 710 redire
3506 656 3763 718 noluerit,

2163 747 2488 802 teternaliter
2520 745 2735 815 peribit.

2233 838 2489 905 Quintum
2529 838 2738 908 signum
2769 837 3050 893 fuitstella
3091 852 3227 892 nova
3264 838 3319 892 in
3364 834 3584 893 Oriente
3615 847 3762 899 orta,

2160 929 2314 999 cujus
2357 928 2549 982 ducatu
2593 927 2731 997 Magi
2773 927 2839 981 ad
2867 924 3142 981 Christum
3188 937 3582 998 pervenerunt:
3611 928 3765 997 cujus

2160 1021 2297 1075 mira
2324 1035 2487 1090 supra
2517 1033 2709 1074 omnes
2741 1018 2925 1074 stellas
2957 1019 3177 1075 claritas
3206 1019 3300 1074 Dei
3331 1022 3559 1090 gratiam
3593 1020 3767 1091 signi-

2160 1112 2327 1167 ﬁcat:
2364 1127 2461 1180 per
2487 1126 2649 1180 quam
2678 1126 2791 1165 non
2833 1110 3005 1166 solum
3041 1125 3108 1165 ex
3134 1110 3352 1170 Judmis.
3383 1112 3476 1167 sed
3508 1120 3564 1166 et
3594 1112 3767 1166 multo

2158 1203 2340 1272 plures
2367 1217 2433 1260 ex
2472 1202 2722 1274 gentibus
2763 1203 2833 1257 ad
2862 1203 3050 1266 vitam,
3084 1202 3182 1272 qui
3229 1202 3477 1259 Christus
3509 1214 3616 1270 est,
3640 1219 3768 1274 per-

2159 1296 2445 1349 ducuntur.

2193 1384 2452 1439 ‘Sextum
2484 1384 2696 1455 signum
2742 1394 2826 1440 est
2854 1384 3091 1440 circulus
3124 1376 3353 1456 magmfs
3378 1400 3549 1440 aureo
3579 1385 3765 1455 splen-

2156 1476 2291 1531 dens
2340 1474 2547 1545 fulgore
2591 1476 2737 1531 circa
2786 1476 2954 1531 solem
3002 1483 3115 1531 tota
3167 1477 3259 1531 illa
3310 1477 3398 1532 die
3458 1477 3764 1532 nativitatis

2156 1564 2378 1629 Christi,
2426 1565 2735 1637 significans
2771 1582 2893 1619 eum
2931 1565 3086 1634 cujus
3129 1566 3333 1622 ambitu
3366 1566 3765 1623 excellentissi-

2155 1672 2257 1712 maa
2300 1658 2466 1711 etiam
2514 1667 2724 1712 naturre
2766 1658 3134 1713 continentur.

2225 1746 2531 1819 Septimum
2577 1748 2789 1817 signum
2839 1756 2959 1802 erat
3006 1747 3151 1817 quod
3190 1746 3308 1817 ipsa
3352 1747 3439 1802 die
3468 1755 3579 1802 tota
3611 1745 3765 1800 rivu-

2153 1839 2236 1893 lus
2276 1838 2380 1893 olei
2414 1838 2467 1891 in
2499 1838 2640 1893 urbe
2680 1838 2849 1892 Roma
2898 1846 3050 1893 trans
3089 1837 3328 1893 Tiberim
3376 1838 3523 1908 largae
3564 1837 3757 1892 etllue-

459 1933 641 1986 vitale‘
676 1941 730 1988 et
759 1933 997 1989 dominio
1038 1933 1233 1989 diaboli
1278 1943 1425 1990 esset
1461 1951 1559 2006 per
1599 1934 1875 1990 Christum
1922 1934 2054 1989 libe-
2083 1942 2128 2000 Β
2156 1931 2249 1986 bat
2279 1949 2292 1984 :
2327 1930 2640 2003 significa-ns
2676 1931 2967 2002 gratuitam
3017 1930 3449 1987 misericordiam
3479 1930 3596 1993 Dei,
3648 1946 3761 2000 qua

458 2023 687 2079 randum
744 2030 803 2079 et
851 2027 915 2079 ad
966 2026 1198 2094 patriam
1251 2025 1508 2095 paradisi,
1557 2025 1600 2081 si
1649 2026 1806 2080 fidem
1851 2033 2052 2080 sanctae

460 2114 742 2170 Trinitatis
781 2114 1118 2185 proﬁteatur,
1163 2117 1546 2172 reducendum.

528 2205 792 2272 Quartum
840 2208 1051 2278 signum
1095 2215 1234 2271 erat,
1277 2207 1419 2277 quod
1446 2222 1554 2263 una
1586 2208 1671 2263 die
1710 2207 1855 2262 mille
1884 2214 1939 2261 et
1964 2206 2061 2260 tri-

459 2299 605 2368 ginta
649 2297 798 2354 fuere
858 2300 1002 2353 servi
1043 2298 1134 2368 qui
1182 2300 1249 2354 ad
1296 2300 1547 2369 proprios
1593 2299 1771 2367 redire
1810 2298 2060 2353 dominos

2158 2037 2329 2093 genus
2376 2025 2670 2079 humanum
2706 2023 2954 2078 Christus
2987 2023 3138 2078 venit
3178 2033 3423 2093 quaerere
3463 2030 3518 2076 et
3545 2021 3764 2076 salvare

2163 2114 2307 2183 quod
2355 2114 2623 2189 perierat.
2663 2112 2789 2167 Haec
2840 2113 3004 2168 etiam
3062 2121 3271 2183 septem
3316 2111 3492 2183 signa,
3551 2120 3763 2179 septem

2165 2206 2304 2261 dona
2334 2204 2568 2276 Spiritus
2604 2205 2775 2258 sancti
2807 2201 3133 2274 significant.

522 2461 554 2466 ..
565 2460 626 2467 ..-
637 2447 3734 2473 ΨἭῌ--η-,Μ-ωψημν

1055 2585 1630 2704 BEATI
1705 2588 2456 2705 RABANI
2525 2589 3151 2711 MAUBI

1207 2800 1595 2861 FULDENSIS
1628 2794 1924 2858 ABBATIS
1957 2801 2048 2856 ET
2086 2794 2469 2859 MOGUNTINI
2507 2799 3029 2862 ARCHIEPISCOPI

1068 2994 3133 3138 POENITENTIALE

1879 3257 2120 3336 (ANNO
2161 3256 2327 3337 stt.)

1460 3419 1623 3483 (Apud
1645 3418 1910 3480 Canlsium,
1937 3416 2202 3468 Lectiones
2223 3416 2470 3482 Antiquze,
2494 3425 2611 3469 tam.
2642 3418 2731 3481 ll.)

1868 3548 2064 3559 σει-...ῃ

1794 3665 2375 3744 ΡΒᾹΞΕΑΤΙΟ

1218 3844 1311 3899 AD
1349 3841 1798 3899 HERIBALDUM
1838 3842 2227 3900 EPlSCOPUM
2264 3841 2975 3901 AN'l‘lSSIODORENSEM.

535 4062 745 4119 Dilecto
772 4058 927 4116 fratri
956 4058 1266 4114 “ERIBALDO
1294 4059 1547 4129 episcopo
1580 4057 1831 4114 BADAst
1860 4074 2053 4129 pecca-
2081 4064 2125 4126 ρ
2158 4060 2310 4115 libris
2340 4058 2483 4114 enim
2516 4059 2728 4115 Veteris
2754 4066 2809 4114 et
2840 4055 2975 4113 Novi
3014 4056 3370 4121 Testamenti,
3399 4071 3566 4127 quam
3610 4059 3752 4113 abo.

467 4164 571 4219 tor,
597 4160 654 4208 et
695 4140 979 4207 servorum
1036 4141 1129 4203 Dei
1183 4147 1477 4203 vilissimus
1512 4161 1725 4212 servus,
1752 4148 1804 4201 in
1834 4145 2051 4202 Christo

466 4245 717 4301 salutem.

535 4330 782 4402 Capitula
817 4330 1059 4400 qumdam
1113 4328 1163 4382 in
1195 4326 1428 4398 petratio
1460 4325 1718 4399 [pittatio]
1743 4326 2049 4395 conscripta

465 4438 563 4493 per
586 4422 832 4476 nuntium
862 4418 1096 4475 Cunradi
1121 4419 1335 4473 comitis
1384 4417 1516 4471 mihi
1560 4416 1721 4470 allata
1754 4426 1899 4479 sunt,
1930 4432 2049 4486 quae

465 4516 532 4570 de
557 4513 784 4568 diversis
813 4511 1204 4582 quaestionibus
1233 4526 1320 4566 me
1355 4509 1507 4565 vobis
1561 4509 1891 4579 rcspondere
1921 4524 2050 4563 coe-

464 4612 677 4676 gerunt.
743 4602 851 4659 Sed
899 4604 1025 4672 quia
1082 4602 1360 4673 sigillatim
1410 4602 1662 4656 omnibus
1720 4600 2050 4671 respondere

465 4710 573 4750 non
612 4694 777 4759 valui,
831 4693 1065 4749 strictim
1132 4708 1196 4749 ea
1245 4694 1506 4747 denotare
1544 4692 1749 4746 curavi.
1807 4692 2052 4746 Fuerunt

465 4784 610 4840 enim
646 4785 722 4839 ibi
764 4783 883 4839 loca
926 4784 1193 4853 qumdam,
1222 4798 1343 4853 quas
1371 4782 1436 4836 de
1474 4782 1766 4837 homicidio
1791 4780 1933 4835 facto
1964 4781 2051 4834 in-

465 4864 845 4947 terrogabant;
876 4876 1123 4945 quadam
1150 4872 1230 4931 de
1259 4874 1615 4930 fornicatione
1641 4883 1696 4929 et
1745 4874 2047 4938 adulterio;

466 4965 717 5035 quadam
736 4966 899 5020 etiam
949 4966 1015 5020 de
1056 4965 1164 5029 his,
1195 4964 1287 5035 qui
1314 4970 1440 5018 ante
1485 4954 1711 5033 gradum
1742 4977 1800 5017 se
1828 4962 2050 5017 libidine

466 5056 813 5129 polluerunt;
846 5055 1093 5126 quaedam
1132 5064 1311 5110 autem
1342 5054 1407 5109 de
1457 5053 1582 5119 illis,
1628 5053 1720 5122 qui
1768 5060 1891 5123 post
1920 5067 2049 5125 gra-

466 5148 595 5202 dum
642 5135 919 5217 acceptum
961 5163 1036 5226 se
1069 5146 1557 5216 coinquinaverunt
1590 5163 1602 5198 :
1635 5153 1691 5198 et
1739 5153 1919 5199 tamen
1982 5144 2051 5199 ab

468 5235 646 5292 oﬁlcio
691 5236 1059 5293 ecclesiastico
1112 5245 1167 5290 et
1218 5235 1522 5290 ministerio
1551 5233 1740 5288 altaris
1769 5248 1826 5289 se
1861 5232 2048 5303 probi-

464 5326 597 5381 bere
626 5326 932 5381 noluerunt.
988 5326 1193 5381 Practer
1239 5334 1437 5380 caetera
1489 5339 1705 5393 quoque
1734 5324 1838 5377 alia
1869 5323 2046 5393 capita

2158 4151 2433 4207 minabilia
2462 4151 2570 4206 sint
2597 4166 2777 4206 coram
2811 4150 2943 4216 Deo,
2971 4149 3286 4214 homicidia,
3328 4148 3748 4216 fornicationes,

2154 4242 2403 4309 avaritia,
2437 4241 2721 4307 maleﬁcia,
2753 4250 2809 4297 et
2837 4244 3057 4315 magica:
3088 4244 3223 4298 artis
3262 4244 3492 4310 scelera,
3519 4260 3749 4301 omnes-

2154 4344 2258 4399 que
2304 4330 2566 4386 malorum
2602 4346 2827 4401 Operum
2868 4334 3111 4391 actiones
3160 4333 3608 4391 manifestissime
3643 4336 3751 4391 de-

2155 4412 2392 4476 claratur
2423 4437 2437 4475 :
2470 4422 2536 4476 de
2567 4421 2762 4491 quibus
2808 4424 2899 4479 hic
2941 4423 3182 4480 inserere
3224 4426 3431 4480 curavi.
3470 4425 3749 4482 Caeterum

2155 4518 2332 4565 autem
2363 4511 2429 4565 de
2454 4511 2583 4580 ipsis
2611 4509 2811 4565 divinis
2836 4511 3008 4577 libris,
3040 4512 3086 4565 si
3117 4512 3371 4584 colligere
3411 4514 3618 4574 intente
3642 4530 3751 4569 vo-

2154 4601 2387 4666 lueritis,
2411 4608 2467 4655 et
2514 4600 2594 4655 cis
2642 4600 2863 4656 obedire
2906 4600 3239 4657 decernitis:
3278 4603 3407 4673 quid
3435 4604 3588 4659 vobis
3613 4604 3751 4661 inde

2154 4689 2419 4755 agendum
2449 4697 2504 4743 et
2531 4687 2749 4743 salubre
2777 4688 2869 4753 sit,
2898 4703 2997 4758 per
3042 4690 3405 4761 vosmetipsos
3434 4690 3628 4745 valetis
3656 4690 3752 4745 in-

2152 4780 2439 4848 vestigare,
2466 4786 2522 4833 et
2549 4778 2681 4833 utile
2708 4779 3087 4833 documentum
3124 4779 3250 4835 inde
3294 4781 3564 4851 accipere.
3595 4779 3752 4838 Deus

2153 4878 2334 4924 autem
2359 4870 2556 4940 dirigat
2582 4884 2677 4928 cor
2697 4876 2963 4936 vestrum,
2986 4876 3043 4923 et
3064 4869 3302 4925 studium
3334 4871 3388 4925 in
3411 4885 3573 4949 omne
3600 4886 3751 4942 cpus

2152 4963 2371 5026 bonum,
2404 4959 2736 5030 utprzesent‘i
2786 4961 2895 5014 vita
2939 4975 3003 5015 ea
3055 4960 3295 5033 doceatis
3327 4969 3490 5031 atque
3538 4961 3751 5029 agatis,

2153 5064 2274 5118 qua:
2302 5050 2404 5104 sibi
2446 5056 2572 5103 sunt
2604 5047 2801 5119 placita
2835 5066 2847 5101 :
2880 5049 3067 5118 sicque
3117 5064 3215 5122 per
3240 5049 3357 5119 ejus
3398 5048 3634 5117 gratiam
3664 5052 3749 5106 ad

2152 5138 2453 5192 mercedem
2506 5138 2741 5207 plenam,
2796 5146 2853 5194 et
2901 5138 2970 5193 ad
3006 5138 3177 5193 vitam
3215 5135 3544 5209 perveniatis
3571 5148 3752 5195 aeter-

2152 5242 2295 5281 nam.

2223 5319 2582 5400 Prohibentur
2633 5320 2779 5375 enim
2826 5321 2879 5375 in
2931 5320 3047 5392 lege
3074 5318 3289 5376 Domini
3338 5320 3650 5385 homicidia,
3684 5331 3753 5379 et

467 5414 543 5470 ibi
579 5414 758 5469 inveni
789 5416 1010 5485 scripta,
1059 5416 1126 5470 de
1154 5414 1352 5483 quibus
1392 5427 1479 5467 mc
1515 5413 1668 5467 vobis
1720 5412 2045 5482 respondere
2076 5433 2124 5491 ι)
2151 5416 2436 5480 adulteria,
2497 5416 2638 5471 sicut
2675 5432 2837 5485 supra
2868 5417 3072 5473 dictum
3118 5426 3221 5483 est,
3247 5418 3543 5488 omniaque
3577 5418 3747 5475 vitia.

465 5504 801 5575 postulastis.

534 5590 649 5660 Ego
678 5601 857 5650 autem
883 5607 967 5654 ea,
990 5607 1107 5659 ιιιιω
1134 5592 1187 5646 in
1211 5592 1380 5647 sacris
1404 5592 1703 5648 canonibus
1730 5592 1854 5647 inde
1873 5592 2045 5662 expli-

465 5685 573 5738 cita
587 5683 773 5753 reperi
803 5702 815 5737 :
846 5683 899 5737 in
929 5683 1184 5754 prtescnzi
1230 5683 1456 5753 epistola
1504 5686 1747 5739 inserere
1792 5698 1900 5738 non
1934 5693 2047 5738 tar-

468 5774 608 5827 tlavi.
642 5772 748 5829 Vos
771 5785 950 5829 autem
979 5776 1101 5830 inde
1126 5775 1286 5831 facite
1324 5777 1463 5845 quod
1483 5774 1688 5845 justum
1722 5777 1873 5832 vobis
1898 5777 2047 5832 vide-

467 5870 591 5919 tur:
623 5874 694 5933 ct,
727 5866 866 5937 quod
916 5881 1071 5923 sacra
1124 5864 1404 5937 Scriptura
1435 5882 1530 5924 vos
1577 5882 1738 5938 agerc
1780 5868 1953 5924 docet.
1990 5868 2046 5924 hi

2155 5507 2305 5563 Unde
2341 5506 2393 5560 in
2412 5505 2659 5563 Levitico
2687 5508 2945 5576 scriptum
2976 5516 3084 5571 est,
3135 5507 3276 5577 quod
3308 5494 3572 5563 Dominus
3608 5507 3750 5578 jus-

2151 5600 2283 5655 serit
2309 5599 2502 5669 populo
2537 5613 2634 5653 suo
2678 5598 2864 5654 dicens
2895 5614 2909 5651 :
2949 5588 2977 5651 «⁷
3002 5598 3449 5664 Sanctificamini,
3480 5606 3537 5654 et
3557 5610 3752 5657 estote

2157 5706 2174 5737 ι
2210 5688 2404 5751 sancti,
2457 5687 2581 5755 quia
2626 5701 2726 5757 ego
2756 5696 2974 5742 sanctus
3016 5687 3277 5743 Dominus
3332 5688 3473 5745 Deus
3528 5697 3744 5745 vester.

2159 5796 2175 5827 σ
2209 5776 2381 5831 Nolite
2433 5776 2609 5832 facere
2642 5775 2908 5848 'iniquum
2946 5776 3150 5846 aliquid
3207 5776 3260 5830 in
3286 5776 3512 5847 judicio,
3554 5776 3615 5831 in
3645 5792 3746 5833 re-

2160 5886 2177 5919 (
2209 5868 2349 5937 gula,
2394 5868 2446 5923 in
2500 5869 2754 5937 pondere.
2806 5866 2923 5925 Non
2957 5866 3128 5924 stabis
3176 5875 3367 5923 contra
3409 5864 3749 5937 sanguinein
