3960 6358
164 416 265 472 469

1241 408 1728 469 ιδαςΝιτΕΝτιΑι

1835 437 1905 447 -—-
1941 406 2325 467 ΡΒᾹΞΕΑΤιΟ.
3313 412 3414 466 ιῖθ

167 550 188 583 ι
217 528 450 600 proximi
489 528 587 585 tui.
617 526 695 584 Ne
738 528 917 584 oderis
952 528 1170 584 fratrem
1201 529 1254 583 in
1281 530 1443 584 corde
1496 538 1611 593 tuo,
1639 524 1737 582 sed
1759 528 1816 587 Α
1847 541 1866 574 ε
1902 521 2191 597 ambulate,
2215 536 2270 575 et
2296 520 2556 575 desideria
2594 521 2770 576 carnis
2800 536 2903 575 non
2931 521 3241 592 perficietis.
3270 524 3409 580 Caro

168 638 189 673 ι
223 619 439 691 publice
492 634 658 688 argue
714 635 861 685 eum,
906 634 973 675 ne
1001 620 1203 675 habeas
1232 635 1397 690 super
1426 619 1518 675 illo
1546 634 1741 690 pecca-

166 728 188 761 ι
221 718 355 764 tum.
390 707 505 763 Non
553 724 764 778 qmeras
789 710 1069 776 ultionem,
1100 726 1202 766 nec
1226 726 1433 766 memor
1462 708 1741 781 erisinju-

168 817 187 851 ι
218 799 317 853 ria:
352 800 552 854 civium
610 806 845 854 tuorum.
890 799 991 866 Qui
1043 800 1383 856 maledixerit
1434 799 1598 869 patri,
1655 796 1740 854 vel

164 904 187 938 ι
228 887 411 952 matri,
450 895 623 944 morte
666 890 945 943 moriatur.
1005 888 1155 945 Patri
1203 891 1472 961 matrique
1509 891 1599 961 qui
1626 906 1741 947 ma-

165 997 185 1029 α
220 978 494 1044 lcdixerit,
524 980 742 1051 sanguis
771 980 887 1051 ejus
915 995 1076 1051 super
1102 996 1247 1035 eum.

236 1086 259 1121 ‹
304 1068 361 1123 Si
388 1070 684 1125 moechatus
710 1068 1009 1127 fueritcum
1032 1085 1199 1127 uxore
1229 1070 1475 1139 alterius,
1505 1078 1562 1127 et
1585 1071 1739 1128 adul-

160 1174 185 1209 ε
221 1160 421 1213 terium
462 1159 851 1228 perpetraverit
898 1153 1039 1213 eum'
1072 1159 1299 1231 conjuge
1350 1160 1585 1230 proximi
1632 1162 1737 1227 sui,

160 1265 183 1299 ‹
227 1256 407 1303 morte
442 1250 703 1307 moriatur
724 1256 779 1303 et
807 1249 1067 1315 mmrbus,
1107 1258 1163 1305 et
1185 1249 1450 1305 adultera.
1482 1248 1584 1316 Qui
1612 1250 1738 1305 dor-

163 1356 185 1389 c
224 1338 414 1394 nrierit
442 1354 579 1411 eum,
618 1354 850 1393 noverca
892 1354 1012 1403 sua,
1052 1346 1107 1393 et
1156 1338 1476 1411 revelaverit
1506 1338 1737 1406 ignomi-

158 1446 180 1477 s
222 1429 373 1482 niam
422 1428 590 1500 patris
618 1429 721 1495 sui,
771 1436 945 1483 morte
997 1428 1297 1486 moriantur
1324 1416 1503 1492 ambo,
1534 1435 1590 1482 et
1616 1441 1740 1482 san-

159 1536 179 1568 s
219 1520 347 1590 guis
369 1535 554 1575 eorum
581 1521 652 1575 sit
672 1534 835 1589 super
869 1532 983 1574 eos.
1027 1519 1127 1587 Qui
1159 1518 1442 1576 dormierit
1468 1531 1591 1572 cum
1620 1532 1738 1572 ma-

157 1629 175 1658 σ
218 1609 377 1667 sculo
443 1608 589 1663 coitu
644 1608 920 1663 femineo:
973 1616 1030 1665 et
1074 1617 1298 1679 uterque
1350 1604 1604 1679 operatus
1655 1616 1738 1665 est

156 1722 175 1751 σ
211 1702 417 1768 scelus,
450 1709 622 1757 morte
674 1702 1014 1768 moriantur;
1067 1702 1287 1773 sanguis
1334 1716 1521 1758 eorum
1576 1716 1738 1774 super

157 1812 176 1841 ι
216 1807 340 1846 eos.
375 1791 431 1846 Si
480 1791 601 1861 quis
652 1791 932 1846 dormierit
979 1806 1100 1847 cum
1154 1807 1293 1847 nuru
1346 1806 1479 1847 sua:
1510 1798 1738 1862 uterque

1849 629 1868 663 ι
1901 611 2047 667 enim
2073 610 2404 681 concupiscit
2446 612 2706 665 adversus
2742 610 3028 679 spiritum;
3061 611 3285 681 spiritus
3311 626 3407 664 au-

1847 720 1866 754 ‹
1899 711 2006 763 tem
2030 700 2289 757 adversus
2312 715 2557 755 carnem.
2588 698 2721 755 .llaac
2753 700 2894 755 enim
2921 701 3023 755 sibi
3056 701 3283 754 invicem
3312 700 3407 755 ad-

1846 810 1865 845 ι
1898 800 2221 848 versantur:
2259 802 2337 856 ut,
2367 805 2470 845 non
2501 804 2829 860 quacunque
2844 790 3023 856 vultis,
3062 790 3151 845 illa
3180 790 3408 846 faciatis.

1846 902 1865 935 ι
1900 882 2053 950 Quod
2087 881 2133 937 si
2155 880 2345 951 spiritu
2391 879 2669 944 ducimini,
2718 895 2824 935 non
2848 879 2976 933 estis
3003 878 3103 934 sub
3133 879 3266 950 lege.
3300 877 3412 932 Ma-

1846 989 1867 1022 ‹
1901 970 2095 1025 nifesta
2119 978 2299 1024 autem
2325 976 2449 1023 sunt
2489 982 2653 1037 opera
2701 969 2881 1022 carnis
2908 984 2921 1021 :
2956 982 3075 1037 quae
3100 977 3225 1022 sunt
3252 1005 3267 1031 ,
3298 965 3409 1020 for-

1846 1080 1863 1111 (
1901 1060 2124 1125 nicatio,
2179 1056 2540 1123 immunditia,
2592 1056 2823 1121 luxuria,
2856 1056 3118 1111 idolorum
3150 1056 3409 1122 servitus,

1845 1170 1862 1203 ‹
1898 1150 2175 1214 veneficia,
2227 1149 2539 1216 inimicitiae,
2582 1149 2974 1211 contentiones,
3018 1150 3406 1213 :emulationes,

1845 1261 1863 1293 ι
1897 1242 2012 1305 irae,
2046 1241 2194 1302 rixae.
2225 1240 2608 1306 dissensiones,
2637 1249 2817 1305 sectze,
2868 1241 3118 1306 haereses,
3173 1240 3407 1303 iuvidim,

1845 1351 1864 1381 ι
1898 1333 2205 1396 ebrietates,
2233 1332 2669 1396 comessationes,
2692 1338 2746 1385 et
2768 1330 2855 1386 his
2885 1330 3112 1395 similia;
3136 1346 3255 1399 qua:
3276 1346 3409 1399 pne-

1845 1443 1863 1474 ι
1898 1425 2019 1479 dico
2070 1424 2241 1489 vobis,
2299 1425 2439 1479 sicut
2490 1424 2762 1493 przedixi:
2820 1424 3073 1494 quoniam
3132 1424 3221 1493 qui
3281 1424 3424 1476 tals

1844 1533 1862 1565 ι
1904 1522 2088 1585 agunt,
2139 1530 2363 1586 regnum
2404 1515 2497 1569 Dei
2553 1530 2659 1569 non
2711 1524 3124 1586 consequentur.
3181 1514 3410 1569 Fructus

1846 1622 1865 1654 ι
1904 1612 2082 1659 autem
2135 1600 2358 1673 spiritus
2409 1612 2507 1669 est,
2538 1602 2795 1669 Charitas,
2849 1604 3122 1674 gaudium,
3160 1618 3288 1673 pax,
3314 1617 3410 1672 pa-

1845 1712 1864 1743 ‹
1904 1692 2109 1757 tientia,
2158 1692 2558 1764 longanimitas,
2614 1692 2850 1769 bonitas,
2901 1691 3227 1764 benignitas,
3260 1706 3411 1745 man-

1845 1809 1863 1841 ‹
1899 1788 2145 1853 suetudo,
2170 1784 2322 1854 lides,
2344 1787 2629 1852 modestia,
2653 1787 3007 1852 continentia,
3029 1786 3273 1842 castitas.
3301 1786 3409 1841 Ad-

156 1900 173 1930 ι
213 1881 564 1947 moriantur;
591 1881 717 1950 quia
759 1880 938 1937 scelus
987 1882 1193 1952 operati
1219 1888 1364 1947 sunt,
1394 1872 1611 1953 sanguis
1636 1896 1730 1936 eo-
1762 1884 1808 1942 B
1842 1900 1860 1932 ι
1896 1894 2084 1933 versus
2134 1876 2438 1946 hujusmodi
2500 1893 2607 1933 non
2665 1887 2747 1934 est
2798 1876 2903 1933 lex.
2931 1877 3032 1945 Qui
3077 1883 3257 1932 alitem
3283 1887 3410 1933 sunt

155 1990 174 2019 α
219 1986 345 2025 rum
389 1985 551 2040 super
573 1984 688 2025 eos.
720 1969 1022 2045 Quilsuper
1048 1985 1272 2027 uxorem
1304 1970 1493 2035 tiliam,
1523 1969 1737 2025 duxerit

155 2076 176 2109 ‹
214 2066 451 2113 matrem
476 2059 630 2130 ejus:
662 2059 838 2115 scelus
887 2069 1145 2129 operatus
1194 2068 1299 2125 est,
1350 2059 1571 2133 sanguis
1618 2058 1736 2129 ejus

157 2166 176 2198 ι
213 2163 382 2217 super
407 2163 500 2203 eos
525 2162 541 2202 :
571 2148 724 2207 vivus
773 2149 987 2205 ardebit
1012 2165 1135 2205 cum
1164 2149 1264 2218 eis,
1322 2165 1421 2206 nec
1446 2136 1735 2221 permane-

155 2257 173 2287 c
214 2237 297 2291 bit
323 2246 530 2293 tantum
578 2236 731 2293 nefas
778 2240 833 2293 in
858 2228 1037 2295 medio
1075 2248 1332 2295 vestrum.
1366 2238 1615 2307 Quicum
1643 2238 1733 2309 ju-

154 2348 174 2379 ‹
209 2336 400 2403 mento
425 2336 481 2382 et
520 2342 727 2407 pecore
763 2329 972 2409 coierit,
1026 2338 1202 2385 morte
1251 2331 1532 2407 moriatur,
1566 2344 1729 2399 pecus

153 2436 174 2469 ι
209 2432 432 2487 quoque
478 2418 727 2487 occidite.
787 2416 979 2474 Mulier
1014 2434 1136 2489 quae
1185 2409 1467 2475 succubuit
1519 2410 1735 2475 cuilibet

155 2524 174 2555 ι
207 2504 482 2575 jumento,
514 2507 673 2562 simul
710 2506 1066 2564 interlicietur
1086 2522 1207 2563 cum
1236 2522 1342 2573 eo;
1380 2508 1598 2578 sanguis
1619 2506 1735 2576 ejus

154 2614 171 2644 ι
208 2610 377 2664 super
423 2610 567 2650 eam.
621 2594 721 2663 Qui
768 2592 1040 2667 acceperit
1086 2612 1328 2675 sororem
1359 2613 1531 2665 suam,
1572 2598 1734 2656 ﬁliam

152 2704 169 2733 ι
211 2682 388 2754 patris
406 2686 513 2752 sui,
556 2685 643 2741 vel
669 2685 832 2740 filiam
866 2687 1057 2741 matris
1083 2703 1212 2751 suae,
1247 2698 1302 2743 et
1330 2688 1526 2743 viderit
1557 2690 1732 2759 turpi-

155 2797 173 2825 ι
218 2776 466 2831 tudinem
507 2776 643 2846 ejus,
677 2777 873 2849 illaque
921 2781 1261 2850 conspexerit
1295 2780 1481 2836 fratris
1505 2781 1732 2852 ignomi-

151 2887 171 2917 ι
211 2868 361 2922 niam
404 2885 419 2930 ;
455 2868 713 2924 nefariam
764 2886 879 2926 rem
934 2872 1141 2941 operati
1189 2881 1363 2927 sunt:
1416 2874 1734 2929 occidentur

153 2977 171 3008 c
210 2960 375 3016 ambo
402 2960 456 3013 in
500 2970 789 3033 conspectu
839 2963 1041 3033 populi,
1070 2978 1134 3018 eo
1160 2964 1303 3033 quod
1344 2964 1731 3033 turpitudinem

152 3065 171 3097 ι
205 3063 368 3105 suam
398 3057 583 3105 mutuo
613 3051 1028 3129 revelaverunt:
1056 3060 1110 3107 et
1136 3054 1433 3122 portabunt
1473 3054 1730 3124 iniquita-

153 3158 171 3190 ι
213 3147 323 3194 tem
348 3154 525 3195 suam.
560 3138 661 3208 Qui
690 3142 879 3197 coierit
924 3158 1046 3198 cum
1092 3143 1317 3197 muliere
1373 3151 1723 3208 menstruata,

1842 1988 1861 2020 ι
1894 1968 2113 2031 Christi,
2147 1981 2365 2022 carnem
2401 1982 2553 2021 suam
2580 1965 2968 2022 crueilixerunt
2995 1981 3117 2021 cum
3158 1966 3303 2021 vitiis
3353 1975 3407 2020 et

1842 2078 1861 2109 ι
1892 2054 2358 2126 concupiscentiis.
2390 2054 2448 2109 Si
2479 2055 2711 2110 vivimus
2742 2055 2955 2125 spiritu,
2986 2055 3181 2125 spiritu
3216 2064 3273 2111 et
3295 2070 3409 2109 am-

1841 2168 1859 2200 ι
1890 2147 2154 2203 bulemus.
2186 2144 2304 2201 Non
2332 2146 2631 2202 efﬁciamur
2676 2146 2858 2203 inanis
2881 2145 3064 2218 gloria:
3090 2144 3293 2217 cupidi,
3321 2146 3407 2200 iu-

1840 2258 1859 2292 c
1893 2239 2066 2295 vicem
2089 2232 2414 2303 invidentes,
2444 2238 2675 2294 invicem
2700 2244 3070 2308 provocantes.
3107 2256 3128 2290 ι
3159 2237 3222 2294 Et
3250 2237 3408 2307 paulo

1840 2348 1859 2381 σ
1897 2339 2061 2400 post:
2106 2348 2124 2380 ‹
2158 2327 2334 2383 Nolite
2381 2343 2593 2394 errare,
2645 2328 2787 2384 Deus
2812 2342 2919 2384 non
2952 2328 3224 2384 irridetur.
3277 2328 3407 2395 Quae

1840 2437 1858 2470 ι
1895 2418 2039 2474 enim
2067 2414 2414 2473 seminaverit
2446 2417 2637 2484 homo,
2695 2417 2811 2473 luce
2832 2426 2887 2472 et
2908 2424 3092 2473 metet.
3142 2416 3415 2485 Quoniam

1841 2526 1859 2560 ι
1897 2508 1987 2578 qui
2002 2507 2233 2563 seminat
2262 2508 2314 2561 in
2336 2521 2499 2561 carne
2520 2522 2640 2571 sua,
2668 2506 2736 2562 de
2764 2522 2927 2563 carne
2950 2515 3005 2563 et
3027 2516 3203 2562 metet
3226 2522 3406 2562 eorm—

1838 2619 1856 2651 ι
1889 2599 2146 2673 ptiouem.
2185 2597 2287 2665 Qui
2308 2606 2485 2653 autem
2516 2598 2745 2653 seminat
2770 2598 2824 2652 in
2862 2598 3087 2668 spiritu,
3115 2598 3182 2654 de
3211 2599 3400 2669 spiritu

1838 2706 1856 2739 ί
1889 2697 1944 2744 et
1986 2692 2153 2743 metet
2178 2687 2341 2741 vitam
2365 2696 2641 2740 aeternam.
2699 2686 2904 2741 Bonum
2928 2695 3107 2741 autem
3146 2686 3404 2745 facientes

1837 2798 1856 2831 ι
1895 2794 2003 2835 non
2031 2777 2364 2834 deficiamus.
2399 2777 2661 2847 Tempore
2684 2778 2824 2833 enim
2849 2794 2947 2833 suo
2972 2786 3257 2834 metemus.
3292 2800 3311 2832 ι

1901 2869 2034 2925 Cum
2066 2870 2209 2924 enim
2243 2867 2334 2923 illa
2377 2868 2558 2923 omnia
2599 2868 2728 2922 vitia
2757 2883 2876 2938 qua:
2926 2883 3086 2938 supra
3128 2870 3399 2925 nominata

1830 2968 1977 3026 sunt,
2006 2967 2115 3013 tam
2144 2975 2173 3013 a
2202 2958 2522 3028 legislatore,
2563 2972 2721 3027 quam
2743 2959 2810 3013 ab
2832 2958 3067 3029 apostolo
3097 2960 3254 3014 noxia
3278 2976 3403 3030 proa

1829 3045 2101 3119 bibentur,
2122 3064 2177 3110 et
2200 3053 2497 3138 cultoribus
2524 3048 2617 3107 Dei
2648 3052 2824 3107 divina
2869 3052 3166 3107 auctoritas
3215 3054 3397 3121 prohi-

1828 3148 1920 3203 bet
1948 3146 2161 3202 facere:
2194 3160 2516 3216 poenamque
2556 3144 2651 3208 eis,
2682 3144 2772 3213 qui
2820 3143 2935 3199 haec
2956 3152 3138 3215 agunt,
3165 3145 3398 3198 minatur

152 3246 171 3275 σ
208 3235 267 3282 et
292 3228 617 3285 revelaverit
662 3232 1046 3301 turpitudinem
1072 3231 1206 3300 ejus,
1240 3233 1463 3302 ipsaque
1498 3247 1724 3302 aperue-
1754 3238 1797 3299 C
1830 3245 2164 3307 perpetuam.
2199 3236 2241 3291 E
2265 3236 2537 3292 contrario
2584 3250 2713 3291 vero
2762 3234 3023 3306 spiritalia
3054 3235 3191 3289 dona
3218 3234 3399 3289 laudat

152 3338 170 3366 ι
215 3320 287 3373 rit
315 3319 522 3374 fontem
573 3322 849 3391 sanguinis
889 3321 995 3387 sui,
1048 3322 1444 3378 interficiantur
1469 3325 1627 3379 ambo
1657 3323 1725 3379 de

151 3428 169 3456 ι
208 3406 392 3464 medio
442 3410 643 3480 populi.
683 3408 1103 3481 Turpitudinem
1134 3415 1311 3468 amitae
1338 3423 1393 3470 et
1417 3425 1725 3471 matertera:

152 3519 170 3547 ι
210 3508 319 3553 tua:
349 3514 459 3554 non
513 3490 893 3571 disCooperies.
949 3502 1050 3571 Qui
1087 3505 1189 3559 hoc
1238 3504 1444 3573 fecerit,
1499 3502 1725 3577 ignemi-

151 3614 169 3643 ε
210 3596 357 3648 niam
383 3595 565 3651 carnis
588 3611 699 3650 suae
728 3596 949 3652 nudabit
976 3615 987 3650 :
1021 3598 1315 3667 portabunt
1340 3599 1498 3654 ambo
1524 3584 1722 3669 iniqui-

152 3708 168 3733 ι
209 3695 377 3739 tatem
430 3700 605 3740 suam.
664 3685 762 3754 Qui
817 3688 1008 3743 coierit
1048 3704 1170 3745 cum
1216 3705 1384 3745 uxore
1414 3688 1608 3760 patrui,
1640 3692 1725 3746 vel

153 3797 168 3825 ι
205 3777 592 3849 avunculisui,
622 3787 677 3833 et
716 3781 1033 3836 revelaverit
1078 3784 1425 3855 ignominiam
1451 3786 1725 3857 cognatio-

151 3889 168 3917 ι
204 3868 289 3921 nis
333 3882 466 3932 suae,
522 3869 812 3946 portabunt
858 3882 1137 3941 peceatum
1187 3890 1383 3929 suum:
1422 3877 1625 3946 absque
1654 3876 1721 3931 li-

152 3976 169 4003 ι
202 3957 357 4012 beris
392 3944 710 4014 morientur.
745 3958 844 4027 Qui
900 3962 1113 4039 duxerit
1152 3979 1376 4019 uxorem
1404 3944 1585 4019 fratris
1614 3967 1719 4034 sui,

150 4068 167 4098 ς
206 4064 323 4104 rem
352 4044 485 4105 facit
517 4050 755 4105 illicitam
787 4070 799 4106 :
836 4040 1217 4131 turpitudinem
1244 4052 1430 4120 fratris
1454 4058 1535 4111 sui
1564 4072 1719 4111 reve-

152 4161 168 4190 ι
209 4142 362 4205 lavit,
393 4142 599 4211 absque
645 4142 830 4199 liberis
879 4154 1055 4200 erunt.
1112 4144 1189 4201 Ne
1228 4146 1485 4216 polluatis
1513 4140 1723 4203 animas

151 4253 168 4281 ι
204 4242 420 4288 vestras
459 4231 513 4286 in
543 4246 755 4303 pecore,
802 4235 958 4293 etin.
987 4236 1195 4295 avibus.
1236 4245 1292 4292 et
1344 4239 1553 4294 cunctis
1601 4254 1721 4308 quae

153 4343 170 4371 ι
208 4322 499 4378 moventur
528 4323 583 4378 in
608 4332 769 4392 terra,
803 4332 856 4401 et
903 4341 1024 4394 quae
1077 4326 1227 4383 vobis
1274 4328 1482 4383 ostendi
1522 4328 1720 4399 polluta

153 4433 169 4463 ι
200 4427 345 4468 esse.
376 4411 493 4479 Vir,
524 4413 639 4486 sive
666 4413 875 4478 mulier,
909 4415 962 4468 in
1015 4415 1213 4487 quibus
1256 4413 1607 4487 Pythonicus,
1633 4420 1719 4494 vel

154 4519 171 4550 ι
204 4500 559 4571 divinationis
586 4500 749 4556 fuerit
772 4503 1011 4575 spiritus,
1064 4513 1237 4560 morte
1262 4507 1581 4561 moriantur.
1611 4507 1717 4563 La—

1831 3326 2136 3397 Apostolus,
2176 3327 2525 3397 hortaturque
2574 3343 2673 3398 per
2726 3328 2904 3383 omnia
2954 3329 3266 3403 sequendae:
3300 3329 3396 3383 bo~

1830 3434 1958 3473 num
2002 3427 2104 3483 est,
2162 3427 2221 3473 ut
2266 3434 2555 3475 caveamus
2588 3434 2745 3475 omne
2798 3429 3099 3489 peccatum,
3134 3428 3188 3474 et
3237 3435 3398 3475 omne

1830 3507 2158 3571 scandalum,
2186 3517 2444 3577 quantum
2490 3508 2745 3563 Dominus
2775 3523 2872 3564 nos
2899 3523 3055 3579 posse
3081 3508 3393 3563 donaverit:

1829 3611 1885 3657 et
1909 3600 2169 3655 faciamus
2203 3618 2322 3670 qum
2348 3602 2447 3657 sibi
2470 3611 2595 3657 sunt
2624 3602 2839 3673 placita,
2874 3611 2928 3658 et
2952 3603 3036 3658 lex
3065 3603 3273 3659 Domini
3292 3616 3391 3659 no-

1829 3691 1911 3747 bis
1934 3692 2183 3745 mandat:
2216 3692 2342 3760 quia
2390 3693 2491 3758 sic,
2524 3701 2579 3748 et
2608 3694 2661 3747 in
2689 3694 2964 3763 praesenti,
2995 3703 3047 3749 et
3094 3695 3148 3748 in
3194 3694 3392 3759 futuro,

1829 3780 1943 3851 ejus
1990 3780 2406 3836 misericordiam
2456 3783 2917 3851 etprotectionem
2956 3783 3306 3838 inveniemus.
3337 3782 3395 3838 Si

1827 3872 1970 3927 enim
2013 3871 2165 3939 juxta
2214 3873 2516 3936 historiam,
2576 3874 2851 3945 legislator
2900 3865 3392 3947 transgressoribus

1828 3964 2202 4018 mandatorum
2256 3963 2351 4018 Dei
2409 3965 2645 4019 minatus
2688 3976 2771 4020 est
2824 3967 3005 4023 carnis
3056 3977 3304 4031 mortem,
3336 3968 3394 4023 et

1826 4053 2106 4121 praesentis
2132 4053 2254 4106 vita:
2278 4054 2588 4121 terminum,
2622 4064 2819 4123 quanto
2861 4056 3030 4125 magis
3067 4056 3220 4110 nobis
3236 4056 3389 4124 juxta

1828 4142 2139 4194 mandatum
2191 4140 2509 4207 Salvatoris,
2568 4150 2623 4197 et
2670 4144 3031 4215 evangelicam
3086 4145 3390 4199 doctrinam

1828 4232 2166 4287 formidanda
2213 4241 2297 4288 est
2340 4248 2487 4289 mors
2545 4236 2758 4301 animte,
2812 4244 2866 4290 et
2904 4250 3060 4305 paena
3109 4247 3387 4312 perpetua,

1826 4337 1989 4391 quam
2020 4320 2105 4375 illa
2132 4336 2251 4391 qua:
2303 4320 2461 4377 tinem
2493 4324 2883 4391 quodammodo
2908 4325 3122 4379 habuit!
3158 4325 3261 4381 Ista
3289 4342 3389 4380 au-

1830 4422 1935 4468 tem
1956 4414 2075 4468 sine
2102 4413 2332 4466 termino
2350 4413 2615 4467 eruciabit
2636 4414 2842 4469 noxios.
2874 4413 3024 4469 Unde
3048 4428 3267 4470 necesse
3305 4424 3389 4471 est

1826 4512 1885 4557 ut
1914 4504 1966 4557 in
1987 4503 2235 4573 prresenti
2262 4503 2389 4565 vita,
2425 4501 2578 4569 juxta
2618 4502 2950 4572 Apostolum,
3004 4505 3385 4561 mortiflcemus

154 4609 172 4639 ι
202 4591 421 4661 pidibus
444 4593 680 4647 obruant
723 4606 841 4659 eos,
869 4602 924 4649 et
947 4596 1164 4666 sanguis
1208 4611 1393 4657 eorum
1441 4599 1512 4652 sit
1556 4615 1718 4668 super
1744 4582 1796 4639 D
1824 4594 2065 4648 membra
2092 4588 2273 4647 nostra
2321 4600 2445 4661 qua!
2489 4603 2617 4647 sunt
2666 4610 2829 4663 super
2883 4604 3082 4651 terram
3108 4612 3123 4650 :
3152 4597 3256 4652 hoc
3280 4608 3385 4662 est,

153 4706 170 4733 ε
204 4699 318 4739 eos.
352 4682 632 4740 Custodite
657 4685 802 4756 leges
829 4702 995 4751 meas,
1042 4695 1202 4759 atque
1222 4688 1446 4758 judicia,
1474 4704 1529 4747 et
1556 4691 1714 4756 facite

152 4792 169 4820 ι
204 4778 265 4827 e‘a
291 4788 306 4827 :
341 4788 411 4827 ne
435 4781 491 4835 et
517 4788 613 4828 vos
642 4784 856 4833 evomat
894 4785 1056 4844 terra,
1084 4794 1245 4848 quam
1276 4780 1526 4836 intraturi
1559 4784 1713 4849 estis,

152 4880 168 4909 ι
203 4868 258 4915 et
282 4855 598 4915 habitaturi.
630 4860 806 4917 Nelite
846 4865 1127 4919 ambulare
1156 4862 1208 4919 in
1250 4866 1505 4938 legitimis
1534 4872 1713 4926 natio-

151 4971 168 5000 ι
204 4960 354 5017 num,
392 4964 528 5022 quas
552 4966 651 5023 ego
680 4952 1003 5023 expulsurus
1028 4969 1146 5008 sum
1178 4956 1229 5009 in
1257 4972 1370 5011 vos.
1406 4976 1425 5009 ο

210 5038 322 5094 Sed
355 5041 459 5095 hoc
504 5046 612 5096 non
669 5042 841 5097 solum
898 5042 951 5098 in
1008 5044 1182 5099 Veteri
1224 5042 1591 5113 Testamento,
1621 5048 1714 5104 sed

148 5128 386 5183 etiamin
408 5126 564 5185 Novo
594 5126 891 5186 cultoribus
922 5130 1015 5186 Dei
1044 5128 1294 5189 siluiliter
1315 5148 1475 5207 agere
1496 5136 1715 5191 omnino

151 5227 263 5273 τευ
271 5229 381 5274 tur.

215 5310 291 5367 De
314 5312 770 5383 concupiscentiis
814 5326 939 5368 vero
962 5314 1265 5370 carnalibus
1297 5314 1494 5371 Paulus
1522 5315 1588 5369 ad
1610 5314 1715 5370 Ca:-

150 5396 282 5457 latas
313 5401 567 5459 scribens
604 5403 681 5459 ita
703 5400 983 5473 loquitur:
1022 5422 1041 5457 ι
1087 5405 1215 5460 Dico
1258 5414 1461 5472 autem,
1517 5406 1710 5474 spiritu

1818 4683 2085 4738 desideria
2135 4683 2315 4737 carnis
2366 4691 2583 4747 nostrze,
2615 4692 2668 4736 ct
2710 4684 3009 4753 voluptates
3060 4688 3383 4742 tenreuasin

1820 4773 1975 4828 nobis
2027 4773 2371 4844 crstinguere
2431 4774 2861 4829 contendamus:
2895 4774 3131 4845 vitiaque
3181 4778 3381 4839 omnia.

1820 4872 2079 4935 quantum
2128 4862 2383 4918 Dominus
2427 4879 2526 4918 nos
2558 4877 2716 4932 posse
2766 4864 3029 4923 concedit.
3077 4865 3259 4934 procul
3288 4880 3377 4921 ex-

1820 4954 2081 5023 pellamus
2109 4970 2122 5007 :
2172 4954 2373 5023 Deique
2428 4953 2711 5018 voluntati,
2758 4960 2817 5008 et‘
2848 4954 3115 5009 mandatis
3140 4954 3257 5023 eius
3281 4956 3378 5010 ob-

1819 5056 2122 5117 temperare
2154 5052 2480 5115 satagamus,
2528 5044 2779 5114 quoniam
2811 5044 2891 5099 sic
2919 5054 3148 5100 mortem
3186 5054 3380 5115 perpe-

1819 5151 1963 5193 tuam
1992 5137 2218 5193 evadere
2269 5146 2324 5192 et
2358 5138 2426 5191 ad
2475 5137 2641 5191 vitam
2698 5145 2975 5203 mternam,
3004 5136 3235 5193 Domino
3271 5138 3379 5191 lar,

1817 5228 2015 5301 giente,
2043 5229 2323 5299 pervenire
2365 5240 2666 5299 possumus.
2700 5224 2914 5285 Dehinc
2943 5242 3154 5299 quoque
3195 5229 3262 5283 ad
3288 5229 3377 5283 in-

1819 5327 2105 5389 terrogata,
2162 5326 2424 5388 quantum
2476 5330 2775 5388 possumus,
2822 5319 3059 5374 breviter
3099 5317 3250 5391 juxta
3288 5333 3376 5375 ca-

1818 5418 2017 5462 nonum
2046 5407 2294 5463 instituta
2329 5412 2648 5478 rc'spouderc
2678 5422 2945 5465 curemus.
