3960 6386
477 407 577 464 Πί

1132 410 1190 464 Β.
1235 409 1492 467 RABANI
1529 410 1746 468 MAURI
1783 409 2103 467 ARCHIEP.
2149 412 2456 470 MOGUNT.
2500 413 2784 469 OPERUM
2824 414 3001 471 PARS
3038 415 3101 470 II.

3648 418 3756 473 ιη

1231 680 1772 798 INCIPIT
1858 674 2995 799 PCENITENTIALE.

931 976 1160 1032 CAPUT
1206 976 1497 1033 PRIMUM.

793 1069 867 1123 De
897 1069 1194 1123 homicidiis
1223 1080 1403 1138 sponte
1427 1068 1738 1138 commissis.

544 1164 784 1220 Primum
838 1177 970 1231 ergo
1009 1162 1076 1217 de
1130 1160 1408 1215 homicidii
1461 1159 1880 1230 perpetratione,
1932 1156 2060 1226 quid

474 1257 616 1314 sacri
649 1270 883 1311 canones
937 1253 1204 1317 sauciant,
1261 1260 1314 1307 et
1353 1251 1586 1321 qualiter
1628 1249 1946 1322 paenitentia
1977 1247 2062 1301 his

475 1347 686 1421 agenda
716 1346 806 1413 sit,
838 1346 929 1416 qui
962 1346 1064 1400 hoc
1088 1343 1484 1404 commiserint,
1534 1341 1774 1397 breviter
1803 1341 2062 1396 denotare

473 1438 808 1495 curavimus.

541 1531 600 1586 In
630 1528 862 1586 concilio
888 1526 1176 1598 Ancyrano
1203 1540 1321 1596 cap.
1361 1524 1454 1587 2i,
1482 1523 1548 1578 de
1579 1521 1885 1579 homicidiis
1929 1520 2063 1579 scri-

471 1636 624 1697 ptum
659 1633 744 1680 est
784 1643 796 1679 :
839 1644 857 1676 ‹
904 1622 1007 1689 Qui
1055 1620 1354 1675 voluntarie
1410 1616 1762 1671 homicidium
1811 1615 2056 1678 fecerint,

472 1716 808 1789 poenitentia:
832 1715 1047 1786 quidem
1069 1711 1274 1782 jugiter
1308 1725 1367 1764 se
1390 1708 1710 1764 submittant
1735 1727 1747 1760 :
1776 1705 2062 1777 perfectio-

470 1824 597 1866 nem
635 1823 764 1864 vero
802 1808 948 1864 circa
975 1807 1098 1860 vitae
1123 1804 1327 1859 exitum
1355 1808 1775 1870 consequantur.
1817 1821 1837 1851 ι

1090 1914 1317 1971 CAPUT
1366 1913 1428 1968 Il.

726 1988 862 2043 Item
885 1990 950 2042 de
971 1987 1267 2042 homicidiis
1291 1995 1337 2040 et
1370 1984 1520 2054 falsis
1543 1983 1778 2039 testibus.

543 2080 599 2135 In
638 2079 869 2135 concilio
917 2077 1228 2148 Agathensi,
1269 2090 1387 2145 cap.
1422 2075 1515 2140 57,
1564 2075 1630 2130 de
1661 2073 1970 2129 homicidiis
1999 2085 2055 2129 et

474 2171 625 2227 falsis
683 2169 912 2225 testibus
964 2169 1225 2238 scriptum
1275 2175 1400 2222 est:
1441 2184 1459 2217 ε
1511 2164 1696 2236 Itaque
1749 2165 2062 2220 censuimus

473 2265 776 2321 homicidas
809 2272 863 2319 et
892 2262 1058 2319 falsos
1106 2271 1275 2318 testes
1307 2277 1338 2317 a
1369 2261 1753 2318 communione
1799 2260 2059 2316 ecclesia-

2091 977 2140 1033 A
2167 983 2383 1043 oportet
2410 990 2502 1031 eos
2530 978 2899 1044 considerare,
2937 981 3031 1049 qui
3083 981 3223 1037 hanc
3251 997 3434 1040 necem
3486 987 3752 1046 nefariam

2163 1062 2455 1120 defendere
2514 1067 2778 1136 cupiunt:
2813 1077 2995 1125 utrum
3052 1072 3189 1137 illos,
3229 1090 3412 1131 coram
3455 1079 3625 1136 oculis
3657 1082 3752 1138 Dei

2162 1154 2320 1222 quasi
2349 1153 2602 1222 innoxios
2628 1171 2895 1213 excusare
2944 1161 3173 1231 possint,
3206 1164 3296 1233 qui
3327 1176 3548 1237 propter
3569 1172 3752 1224 avari-

2165 1245 2317 1313 tiam,
2347 1262 2468 1316 qute
2497 1248 2740 1304 omnium
2771 1250 3036 1307 malorum
3085 1254 3237 1308 radix
3267 1266 3374 1321 est,
3406 1267 3460 1313 et
3483 1259 3746 1316 idolorum

2163 1335 2409 1391 servituti
2431 1349 2799 1409 comparatur,
2851 1349 3013 1411 atque
3049 1353 3270 1414 propter
3301 1345 3542 1404 favorem
3572 1350 3748 1407 domi-

2163 1441 2360 1481 norum
2416 1442 2637 1483 suorum
2691 1431 3089 1501 temporalium,
3147 1442 3410 1492 aeternum
3463 1438 3749 1497 Dominum

2164 1529 2626 1590 contempserunt,
2658 1531 2715 1578 et
2761 1523 3017 1579 mandata
3045 1519 3210 1581 illius
3258 1540 3595 1598 spernentes,
3637 1549 3750 1590 non

2164 1628 2318 1679 casu,
2365 1613 2463 1669 sed
2494 1614 2764 1671 industria
2804 1617 3152 1672 homicidium
3195 1621 3555 1689 perfecerunt.
3590 1625 3746 1688 Nam,

2164 1703 2230 1758 de
2257 1703 2340 1758 his
2365 1703 2597 1775 legimus
2621 1721 2636 1760 :
2661 1706 2752 1775 qui
2775 1705 3024 1762 homines
3047 1724 3152 1763 non
3183 1719 3372 1780 sponte
3394 1713 3749 1780 interficiunt,

2165 1795 2332 1851 Deum
2360 1811 2458 1866 per
2507 1796 2872 1867 legislaturem
2905 1798 3066 1854 urbes
3099 1800 3286 1871 refugii
3342 1802 3645 1874 deputasse,
3677 1808 3746 1861 ad

2164 1903 2302 1958 quas
2352 1885 2726 1958 confugientes
2777 1888 3120 1944 salvarentur
3145 1893 3214 1946 ab
3237 1893 3415 1949 ultore
3465 1897 3752 1965 sanguinis

2165 1976 2397 2049 proximi
2451 1978 2554 2043 sui,
2611 1986 2666 2031 et
2712 1992 2816 2032 non
2857 1989 3215 2034 morerentur.
3249 1980 3403 2036 Unde
3448 1984 3501 2038 in
3550 1985 3752 2041 Dente-

2168 2067 2414 2124 ronomio
2441 2068 2703 2138 scriptum
2734 2076 2818 2123 est
2845 2087 2856 2121 :
2893 2067 3019 2124 Hrec
3072 2070 3155 2125 lex
3189 2072 3472 2129 homicida:
3499 2077 3622 2129 erit.
3654 2075 3750 2132 Ci-

2165 2159 2306 2211 vitas
2335 2157 2600 2212 servanda
2631 2165 2733 2212 est.
2762 2157 2861 2224 Qui
2887 2160 3216 2228 percusserit
3254 2163 3559 2231 proximum
3587 2181 3749 2221 suum

2165 2247 2433 2312 nesciens,
2464 2255 2519 2301 et
2559 2247 2700 2313 heri,
2736 2257 2790 2302 et
2838 2249 3034 2304 nudius
3088 2252 3280 2308 tertius
3329 2254 3533 2309 nullum
3564 2257 3756 2313 odium

469 2359 608 2413 stiea
661 2355 1063 2412 submovendos
1100 2354 1246 2421 ;nisi
1309 2352 1643 2423 poenitentia
1689 2349 2052 2407 satisfactione

2164 2345 2352 2392 contra
2379 2352 2500 2392 eum
2521 2337 2776 2393 habuisse
2814 2341 3220 2410 comprobatur,
3269 2345 3362 2399 sed
3395 2346 3592 2402 abiisse
3621 2362 3755 2403 cum

469 2449 702 2506 crimina
732 2447 974 2503 admissa
1000 2444 1276 2501 diluerint.
1318 2464 1335 2495 ι

1083 2555 1310 2613 CAPUT
1339 2557 1426 2611 lli.

470 2652 548 2708 De
570 2651 649 2706 his
679 2652 769 2722 qui
790 2665 966 2704 servos
985 2664 1106 2703 suos
1130 2657 1279 2722 extra
1293 2647 1526 2722 judicent
1551 2656 1774 2722 necant;
1803 2655 1850 2702 et
1878 2647 1942 2700 de
1967 2648 2062 2700 do-

683 2716 828 2776 mina
853 2737 971 2789 qum
1000 2735 1091 2786 per
1122 2719 1292 2772 zelum
1313 2716 1564 2771 ancillam
1595 2718 1805 2771 occidit.

540 2811 673 2865 item
703 2810 756 2864 in
789 2809 1019 2865 concilio
1064 2807 1380 2880 Agathensi,
1408 2823 1528 2878 cap.
1560 2807 1648 2874 62,
1688 2808 1947 2880 scriptum
1979 2817 2062 2864 est

468 2902 535 2958 de
575 2903 680 2968 his,
719 2902 812 2972 qui
871 2915 1058 2956 servos
1113 2915 1241 2956 suos
1305 2909 1461 2954 extra
1508 2899 1774 2969 judicium
1824 2911 2057 2958 necant:

476 3012 494 3042 ι
534 2989 591 3047 Si
620 2992 743 3061 quis
772 3005 988 3046 servum
1020 2989 1298 3061 proprium
1345 2990 1462 3043 sine
1493 2989 1823 3044 conscientia
1861 2989 2061 3059 judicis

466 3082 746 3146 occiderit,
795 3081 1377 3144 excommunicatione,
1429 3080 1512 3135 vel
1542 3081 1864 3150 poenitentia
1909 3083 2061 3137 bien-

467 3173 544 3226 nii
576 3179 785 3226 reatum
822 3172 1099 3242 sanguinis
1156 3171 1489 3226 emundabit.
1539 3170 1673 3227 Item
1735 3172 1787 3226 in
1829 3173 2059 3228 concilio

466 3265 788 3329 Elibertino,
825 3280 941 3334 cap.
968 3263 1022 3328 5’,
1061 3263 1135 3317 ita
1163 3265 1424 3334 scriptum
1451 3271 1532 3318 est
1567 3263 1632 3318 de
1674 3263 1907 3323 domina,
1940 3279 2058 3332 quae

465 3371 564 3428 per
586 3355 760 3411 zelum
788 3354 1040 3408 ancillam
1068 3353 1350 3418 occiderit,
1394 3353 1464 3406 ita
1509 3361 1568 3407 ut
1608 3351 1748 3408 infra
1777 3354 1916 3407 diem
1951 3364 2058 3408 ter—

465 3444 603 3499 tium
632 3443 868 3498 animam
915 3457 1038 3496 cum
1091 3441 1335 3496 cruciatu
1386 3440 1663 3495 effundat:
1696 3457 1761 3495 eo
1793 3443 1935 3510 quod
1979 3441 2060 3496 iu-

465 3544 672 3589 certum
704 3533 798 3599 sit,
847 3530 1135 3586 voluntate
1166 3546 1233 3585 an
1283 3546 1412 3585 casu
1457 3530 1737 3585 occiderit.
1778 3530 1834 3585 Si
1865 3531 2055 3586 volun-

467 3635 597 3692 tate,
632 3633 754 3696 post
792 3640 871 3678 vu
899 3639 1106 3689 annos;
1151 3623 1196 3680 si
1227 3638 1379 3687 casu,
1410 3637 1507 3693 per
1545 3639 1578 3676 v
1609 3638 1876 3677 annorum
1927 3638 2055 3679 cur-

2165 2443 2229 2482 eo
2265 2428 2580 2497 simpliciter
2627 2429 2682 2484 in
2737 2430 2927 2486 silvam
2976 2431 3042 2486 ad
3093 2431 3234 2503 ligna
3284 2436 3663 2493 caedenduet
3691 2440 3750 2495 in

2165 2519 2466 2574 succisione
2497 2519 2788 2589 lignorum,
2847 2524 3053 2577 securis
3100 2521 3297 2594 ingerit
3343 2527 3408 2582 de
3437 2543 3617 2593 manu,
3656 2540 3756 2586 aut

2163 2608 2369 2662 ferrum
2397 2608 2608 2679 lapsum
2663 2610 2729 2665 de
2755 2613 3060 2678 manubrio,
3093 2616 3329 2671 amicum
3357 2617 3475 2686 ejus
3521 2635 3753 2698 percus-

2162 2699 2296 2754 serit
2344 2708 2397 2754 et
2440 2701 2737 2755 occiderit:
2775 2702 2862 2757 hic
2888 2704 2953 2758 ad
2984 2720 3145 2759 unam
3168 2707 3382 2763 urbium
3417 2713 3760 2780 supradicta-

2162 2806 2281 2846 rum
2311 2789 2606 2862 confugiat,
2657 2800 2714 2846 et
2744 2793 2888 2848 vivat
2923 2808 2938 2847 :
2977 2811 3045 2851 ne
3094 2798 3374 2867 proximus
3404 2800 3540 2870 ejus,
3590 2802 3753 2873 cujus

2161 2880 2381 2951 sanguis
2431 2881 2632 2937 effusus
2683 2892 2784 2948 est,
2842 2886 3062 2942 stimulo
3090 2887 3294 2945 doloris
3339 2894 3603 2961 percutiat
3630 2897 3757 2953 ani-

2161 2987 2304 3025 mam
2335 2971 2469 3040 ejus.
2510 2973 2586 3028 De
2617 2989 2682 3029 eo
2707 2990 2857 3041 vero,
2882 2977 2973 3046 qui
3005 2994 3101 3049 per
3141 2981 3463 3038 industriam
3509 2985 3749 3055 aliquem

2160 3064 2442 3129 occiderit,
2477 3066 2529 3119 in
2555 3066 2740 3121 Exodo
2764 3068 2837 3122 ita
2888 3080 3214 3139 prmceptum
3257 3083 3340 3128 est
3366 3092 3379 3126 :
3408 3073 3465 3128 Si
3499 3076 3616 3143 quis
3645 3091 3752 3146 per

2161 3155 2482 3210 industriam
2514 3166 2568 3211 et
2605 3173 2700 3227 per
2747 3159 2971 3214 insidias
3005 3162 3268 3216 occiderit
3317 3164 3644 3233 proximum,
3681 3169 3762 3221 ab

2161 3247 2318 3301 altari
2345 3263 2465 3303 meo
2490 3263 2614 3303 eum
2662 3251 2880 3316 evellcs,
2914 3260 2972 3306 ut
3009 3253 3295 3308 moriatur.
3346 3255 3415 3310 Et
3459 3257 3512 3310 in
3538 3257 3751 3330 Dente-

2161 3339 2530 3395 r0uomio:Si
2585 3341 2725 3410 quis,
2781 3342 2978 3412 inquit,
3021 3345 3144 3400 odio
3180 3347 3384 3402 habens
3436 3349 3755 3417 proximum

2159 3448 2336 3500 suum,
2377 3433 2663 3489 insidiatus
2707 3433 2869 3490 fuerit
2903 3438 3024 3491 vitae
3053 3437 3190 3505 ejus,
3243 3449 3299 3496 et
3339 3456 3568 3512 surgens
3614 3456 3752 3511 per-

2158 3524 2387 3579 cusserit
2420 3539 2566 3590 eum,
2595 3533 2650 3580 et
2687 3535 2933 3582 mortuus
2962 3527 3139 3594 fuerit,
3177 3540 3231 3586 et
3256 3531 3454 3603 fugerit
3487 3535 3555 3589 ad
3583 3551 3757 3589 unam

2159 3613 2224 3667 de
2247 3615 2570 3684 supradictis
2613 3617 2879 3672 urbibus:
2913 3621 3129 3676 mittent
3154 3623 3398 3678 seniores
3441 3625 3586 3679 illius
3613 3627 3758 3682 civi-

468 3687 661 3783 ricula,
693 3724 817 3771 acta
844 3687 1455 3786 legitimarpmnitentia,
1500 3714 1565 3770 ad
1617 3715 2052 3770 communionem
2082 3687 2126 3750 (ἶ
2160 3707 2306 3772 latis,
2355 3719 2411 3764 et
2458 3710 2690 3779 eripient
2733 3726 2858 3765 cum
2914 3713 3129 3769 deloco
3171 3715 3386 3786 refugii,
3437 3725 3492 3772 et
3526 3720 3750 3774 tradent

466 3810 680 3865 admitti
731 3809 950 3879 placuit.
1007 3806 1159 3875 Quod
1216 3809 1260 3863 si
1291 3808 1428 3862 infra
1482 3815 1724 3877 tempora
1761 3809 2053 3862 constituta

463 3901 625 3959 fuerit
651 3902 884 3968 infirma,
918 3900 1150 3971 accipiat
1171 3900 1628 3955 communionem.
1667 3920 1685 3952 ι

1075 4013 1306 4070 CAPUT
1345 4013 1436 4069 IV.

461 4101 543 4157 De
575 4101 1012 4178 homicidiis‘non
1057 4114 1237 4178 sponte
1275 4105 1568 4178 commissis
1597 4117 1699 4178 {et
1734 4105 1799 4160 de
1850 4107 1932 4160 his
1957 4107 2048 4178 qui

711 4173 987 4244 quemlibet
1020 4175 1266 4228 occidunt
1287 4175 1447 4244 jussu
1476 4177 1749 4247 principis.

530 4262 591 4318 In
619 4264 852 4320 concilio
902 4265 1213 4336 Ancyrano,
1273 4281 1392 4335 cap.
1449 4267 1543 4332 92,
1580 4267 1847 4338 scriptum
1877 4278 1957 4322 est
1987 4270 2052 4324 de

461 4357 666 4429 bisqui
721 4373 830 4413 non
878 4368 1070 4428 sponte
1102 4359 1454 4415 homicidium
1490 4361 1883 4416 commiserint.
1925 4379 1941 4410 α
1977 4361 2051 4415 De

460 4446 771 4502 homicidiis
799 4462 906 4502 non
937 4455 1129 4516 sponte
1177 4450 1505 4515 commissis,
1535 4450 1682 4520 prior
1702 4451 1919 4521 quidem
1948 4452 2051 4504 dif-

460 4537 636 4592 iinitio
685 4544 807 4608 post
859 4545 1172 4606 septennem
1228 4539 1606 4608 paenitentiam
1660 4540 2046 4609 perfectionem

469 4628 724 4697 consequi
739 4628 1001 4700 prmcepit
1031 4640 1046 4681 :
1075 4629 1312 4683 secunda
1341 4643 1490 4693 vero,
1526 4630 1880 4698 quinquennii
1915 4640 2050 4684 tem-

458 4736 560 4791 pus
614 4719 854 4788 explere.
894 4738 913 4770 ›
945 4718 1099 4784 Quod
1147 4726 1330 4773 autem
1384 4717 1603 4788 quidam
1669 4719 2045 4784 homicidium,

457 4809 600 4881 quod
658 4825 831 4880 nuper
861 4809 916 4863 in
947 4808 1214 4864 seditione
1245 4818 1301 4863 et
1348 4809 1532 4878 praelio
1567 4809 1870 4879 principum
1907 4810 2049 4865 viro-

457 4918 577 4957 rum
605 4910 975 4972 perpetratum
995 4909 1097 4965 est,
1125 4910 1406 4967 excusant,
1432 4902 1584 4970 quasi
1608 4918 1712 4956 non
1737 4917 1957 4957 necesse
1979 4903 2048 4955 sit

2157 3813 2279 3850 cum
2309 3798 2361 3852 in
2396 3815 2589 3854 manus
2618 3801 2988 3870 proximorum
3044 3803 3180 3871 ejus,
3228 3807 3378 3877 cujus
3412 3809 3632 3878 sanguis
3664 3809 3754 3863 ef-

2158 3885 2306 3941 fusus
2334 3897 2435 3952 est,
2467 3897 2522 3943 et
2547 3890 2826 3957 morietur,
2861 3908 2957 3946 nec
2986 3893 3331 3949 misereberis
3359 3897 3494 3966 ejus.
3527 3896 3584 3952 Si
3611 3913 3758 3971 ergo

2155 3991 2300 4041 eum,
2335 3990 2493 4047 quem
2523 3978 2781 4033 Dominus
2820 3979 3040 4050 dignum
3084 3992 3256 4036 morte:
3278 3984 3560 4053 judicavit,
3590 4001 3753 4040 reum

2158 4080 2261 4120 non
2291 4081 2412 4122 esse
2441 4068 2563 4137 quis
2618 4068 2782 4133 dicat,
2821 4072 3090 4139 quomodo
3138 4076 3447 4128 contrarius
3492 4075 3593 4147 legi
3649 4076 3752 4132 Dei

2155 4171 2260 4208 non
2292 4156 2501 4220 existit,
2527 4157 2619 4226 qui
2667 4159 2771 4212 hoc
2823 4161 2966 4228 quod
3000 4159 3262 4216 Dominus
3289 4166 3567 4232 praecepit,
3606 4181 3747 4220 casu

2152 4260 2276 4300 esse
2332 4245 2581 4319 (factum)
2619 4250 2953 4303 contendat?
3000 4249 3300 4307 Videndum
3351 4271 3482 4326 ergo
3525 4256 3597 4310 illi
3630 4268 3747 4320 est.

2153 4353 2221 4392 ne
2250 4335 2387 4392 forte
2445 4341 2556 4410 ipse
2605 4340 2658 4394 iu
2711 4341 2924 4395 illorum
2981 4358 3205 4398 numero
3271 4344 3362 4408 sit,
3421 4347 3616 4415 quibus
3648 4364 3757 4418 per

2151 4429 2468 4498 prophetam
2522 4429 2761 4484 dicitur:
2795 4429 2886 4486 Va:
2940 4432 3114 4499 vobis,
3172 4434 3368 4503 inquit,
3413 4437 3503 4506 qui
3553 4436 3745 4492 dicitis

2152 4520 2374 4584 malum,
2425 4520 2662 4587 bonum;
2696 4531 2752 4575 et
2794 4524 3016 4586 bonum,
3067 4524 3300 4590 malum;
3333 4526 3532 4592 lucem,
3581 4537 3749 4583 tene-

2152 4611 2314 4676 bras;
2347 4613 2619 4676 tenebras,
2650 4611 2823 4668 lucem
2859 4632 2873 4666 :
2919 4613 3004 4667 vel
3034 4629 3299 4680 amarum,
3327 4617 3523 4682 dulce;
3558 4617 3748 4683 dulce,

2150 4715 2416 4754 amarum.
2468 4700 2627 4756 Tales
2651 4717 2779 4770 ergo
2840 4703 3173 4758 mortiﬁcant
3217 4706 3450 4773 animas,
3483 4723 3599 4777 qua:
3628 4725 3750 4767 non

2150 4789 2486 4855 moriuntur;
2525 4799 2580 4845 et
2618 4789 2910 4854 vivificant,
2950 4806 3069 4862 quae
3101 4808 3208 4846 non
3232 4793 3441 4850 vivunt.

2222 4899 2320 4968 Qui
2362 4916 2500 4972 ergo
2530 4902 2794 4957 malorum
2850 4918 3074 4972 operum
3117 4905 3234 4958 sine
3261 4905 3527 4975 condigna
3552 4907 3745 4976 paeni-

457 5008 555 5062 pro
581 4992 684 5047 hoc
709 4991 928 5047 cuilibet
958 5006 1122 5061 agere
1150 4990 1523 5059 paenitentiam
1555 5009 1569 5043 :
1602 4993 1695 5045 sed
1725 4993 1867 5059 quod
1888 4992 2043 5062 jussu
2074 5032 2125 5091 D
2153 4992 2318 5045 tentia
2347 5007 2674 5061 quemquam
2719 4993 2933 5045 veniam
2968 5007 2997 5046 a
3029 4992 3139 5047 Deo
3176 4994 3455 5064 percipere
3510 4995 3740 5061 dixerit,

458 5081 764 5150 principum
799 5088 1107 5134 nostrorum
1144 5088 1420 5149 peractum
1463 5079 1552 5141 sit,
1611 5089 1666 5134 et
1703 5081 1795 5137 Dei
1838 5082 2043 5151 judicio

458 5171 532 5225 ita
561 5169 793 5224 ﬁnitum.
825 5168 1040 5224 Scimus
1061 5170 1202 5224 enim
1225 5170 1368 5238 quod
1403 5170 1496 5222 Dei
1519 5169 1781 5238 judicium
1830 5185 2045 5239 semper

452 5262 658 5330 justum
688 5271 791 5324 est,
823 5271 877 5316 et
919 5261 1060 5317 nulla
1090 5261 1513 5332 reprehensione
1561 5262 1809 5330 dignum,
1849 5263 1915 5316 de
1935 5276 2042 5331 quo

458 5355 622 5408 etiam
673 5354 932 5424 scriptum
961 5363 1084 5408 est:
1124 5374 1141 5404 ι
1175 5351 1363 5407 Justus
1405 5352 1664 5408 Dominus
1690 5355 1745 5408 in
1790 5355 2042 5408 omnibus

459 5445 563 5498 viis
588 5445 722 5509 suis,
748 5454 803 5498 et
827 5453 1050 5498 sanctus
1089 5445 1143 5498 in
1171 5443 1424 5498 omnibus
1476 5444 1731 5512 operibus
1762 5445 1912 5499 suis:
1949 5445 2039 5514 qui

455 5536 666 5605 judicat
691 5537 876 5590 orbem
909 5545 1066 5590 terra:
1103 5535 1154 5588 in
1183 5535 1458 5604 aequitate,
1487 5545 1541 5590 et
1567 5535 1789 5604 populos
1817 5536 1869 5588 in
1901 5535 2044 5589 veri-

461 5640 575 5686 tate
606 5647 722 5685 sua.
770 5651 787 5683 ι
817 5631 945 5685 Sine
975 5645 1082 5701 quo
1111 5645 1209 5683 nec
1235 5645 1422 5699 passer
1450 5630 1596 5685 cadit
1623 5645 1786 5699 super
1815 5639 2040 5683 terram.

462 5723 566 5779 Sed
598 5739 755 5778 nemo
799 5724 888 5777 Dei
939 5723 1142 5792 judicia
1202 5730 1486 5790 penetrare
1537 5728 1736 5790 potest,
1786 5720 2038 5789 quoniam

461 5817 721 5888 scriptum
773 5829 853 5872 est
885 5836 892 5868 ;
927 5816 1132 5872 iudicia
1190 5825 1276 5868 tua
1339 5814 1561 5883 abyssus
1616 5813 1802 5867 multa.
1868 5813 2038 5878 Unde,

2151 5083 2422 5153 pmnitens
2446 5092 2594 5137 errat
2621 5102 2634 5138 ;
2669 5092 2868 5139 etcum
2897 5085 3152 5154 deceptus
3176 5085 3310 5141 alios
3352 5087 3626 5157 decipere.
3657 5089 3744 5143 fe-

2150 5176 2336 5237 stinat,
2387 5174 2587 5244 duplici
2628 5191 2765 5229 noxa
2796 5176 3227 5249 constringitur:
3257 5179 3360 5233 hoc
3393 5188 3496 5244 est,
3525 5183 3742 5250 proprii

2148 5265 2351 5320 ermris
2387 5275 2442 5320 et
2487 5266 2676 5322 alienae
2706 5267 3056 5336 deceptionis.
3112 5268 3216 5325 Sed
3243 5270 3386 5325 inter
3413 5272 3526 5326 lucc
3555 5273 3745 5329 scicn-

2149 5359 2276 5412 dum
2307 5366 2390 5413 est
2418 5359 2558 5427 quod
2587 5374 2778 5428 magna
2817 5360 3072 5414 distantia
3106 5369 3190 5416 est
3237 5363 3380 5417 inter
3427 5362 3740 5434 legitimum

2149 5448 2449 5517 principem
2471 5457 2523 5503 et
2553 5449 2868 5503 seditiosum
2898 5458 3186 5519 tyrannum
3219 5470 3230 5504 :
3267 5452 3410 5507 inter
3452 5468 3576 5507 eum
3639 5454 3738 5523 qui

2149 5539 2464 5593 subvertere
2503 5537 2694 5591 nititur
2721 5538 3044 5593 Christiana:
3081 5539 3229 5608 pacis
3259 5540 3740 5611 tranquillitatem,

2147 5637 2203 5682 et
2233 5628 2379 5682 illum
2409 5628 2497 5697 qui
2527 5629 2694 5682 armis
2734 5637 2919 5682 contra
2951 5629 3289 5697 iniquitatem
3343 5639 3515 5685 certat
3544 5632 3743 5687 defen~

2149 5722 2275 5776 dere
2328 5721 2657 5790 aequitatem.
2691 5721 2766 5774 De
2813 5736 2920 5789 quo
2965 5720 3195 5790 plurima
3243 5721 3344 5776 sub
3390 5721 3506 5794 lege
3549 5733 3742 5778 vetere

2147 5823 2199 5867 et
2235 5812 2332 5865 sub
2378 5809 2526 5866 Novo
2548 5808 2893 5866 Testamento
2950 5809 3168 5865 fortium
3213 5810 3451 5866 virorum
3481 5812 3740 5883 exempla
