3960 6352
206 408 314 466 673

1546 398 2121 462 ῬαΞΝῘΤΕΝΤΙΑΙΕ.

3373 412 3476 469 471

206 520 583 590 inveniuntur,
614 534 736 592 qua:
780 526 1005 591 possunt
1028 532 1129 574 nos
1156 517 1421 575 instruere
1451 517 1579 588 quid
1601 517 1790 573 deltu-
1818 517 1867 575 A
1901 532 1921 569 ι
1968 513 2279 571 Maledictus
2336 518 2445 572 eris
2493 534 2655 590 super
2708 528 2939 583 terram,
2995 533 3115 589 quae
3161 522 3370 591 aperuit
3418 539 3480 578 os

199 611 441 683 iusmodi
470 608 766 667 debeamus
792 610 1010 665 sentire.

820 718 1049 777 CAPUT
1088 718 1151 773 V.

215 815 291 873 De
328 814 840 871 administratoribus
871 822 917 866 et
938 812 1019 865 his
1048 811 1138 883 qui
1165 827 1338 883 preces
1385 809 1683 864 criminaies
1709 809 1790 864 di-

924 892 1063 935 ctant
1074 920 1087 933 .

287 975 366 1032 De
422 972 947 1029 administratoribus
989 981 1191 1039 autem,
1210 972 1314 1043 ‘qui
1336 971 1538 1043 judicia
1571 972 1793 1028 smcula-

211 1066 297 1123 ria
354 1064 652 1121 secundum
709 1064 880 1135 legem
936 1063 1199 1134 majorum
1248 1079 1465 1119 suorum
1517 1073 1791 1127 exercent,

213 1158 347 1229 quid
375 1157 515 1221 sacri
570 1172 811 1212 canones
867 1157 1127 1221 sentiant,
1174 1155 1332 1212 facile
1382 1165 1466 1212 est
1529 1155 1790 1212 invenire.

214 1246 358 1303 Nam
390 1248 443 1302 in
476 1247 707 1302 decretis
741 1246 1035 1302 Innocentii
1069 1262 1241 1318 pap:e,
1267 1262 1385 1317 cap.
1432 1245 1526 1311 22,
1556 1247 1628 1299 ita
1666 1246 1797 1317 legi-

213 1349 309 1395 tur
333 1358 348 1394 :
385 1358 403 1391 ι
434 1339 727 1407 ρυωεῑιυω
747 1345 832 1393 est
852 1339 1014 1394 etiam
1043 1353 1203 1407 super
1225 1338 1331 1403 his,
1358 1338 1449 1407 qui
1472 1345 1593 1408 post
1617 1337 1795 1407 bapti-

212 1443 396 1486 smum
423 1427 957 1493 administraverunt,
986 1437 1079 1482 aut
1107 1437 1375 1485 tormenta
1401 1429 1512 1485 sola
1536 1444 1793 1485 exercue-

211 1527 368 1585 runt,
418 1527 512 1574 aut
538 1520 702 1574 etiam
744 1518 1086 1590 protulerunt
1138 1520 1422 1590 capitalem
1451 1521 1794 1582 sententiam,

216 1608 291 1664 de
317 1608 404 1663 his
436 1608 567 1663 nihil
612 1608 838 1679 legimus
864 1624 895 1663 a
920 1609 1219 1681 majoribus
1258 1609 1561 1666 definitum.
1609 1608 1799 1664 Memi—

210 1706 418 1754 nerant
439 1698 583 1753 enim
612 1713 643 1752 a
674 1697 783 1754 Deo
833 1706 1126 1769 potestates
1167 1702 1267 1757 has
1310 1716 1430 1757 esse
1488 1715 1799 1767 concessas,

216 1796 280 1845 et
306 1798 526 1859 propter
563 1788 861 1844 vindictam
912 1791 1197 1846 noxiorum
1255 1790 1490 1862 gladium
1543 1791 1657 1847 suis
1683 1804 1803 1846 esSe.

1904 623 1923 655 ι
1968 620 2145 669 suum,
2176 614 2231 661 et
2268 608 2503 678 suscepit
2546 610 2860 680 sanguinem
2901 608 3085 664 fratris
3117 611 3190 664 tui
3221 611 3288 665 de
3316 628 3476 666 manu

1902 716 1921 749 α
1968 705 2078 752 tua.
2111 698 2243 753 Cum
2280 710 2532 769 operatus
2561 700 2730 758 fueris
2756 719 2895 767 eam,
2923 719 3029 758 non
3064 705 3210 760 dabit
3250 704 3474 761 fructus.

1902 810 1920 841 ι
1965 789 2147 861 Vagus
2188 802 2243 846 et
2281 791 2538 863 profugus
2583 794 2691 848 eris
2732 810 2893 865 super
2932 805 3156 849 terram.
3192 814 3210 847 ι
3266 794 3323 850 In
3372 811 3480 866 quo

1896 881 2057 935 etiam
2085 882 2265 951 posuit
2292 882 2533 951 signum;
2588 884 2691 939 hoc
2734 894 2846 948 est,
2876 893 2935 938 ut
2963 901 3216 956 gemens,
3266 894 3323 941 et
3363 897 3476 940 tre-

1896 987 2071 1037 mens,
2103 984 2157 1029 et
2188 974 2444 1047 profugus
2470 976 2676 1031 viveret
2704 992 2932 1047 semper,
2958 996 3060 1035 nec
3086 981 3293 1049 uspiam
3323 982 3480 1035 sedes

1899 1064 2121 1118 haberet
2157 1065 2387 1133 quietas.
2443 1065 2549 1121 Sed
2584 1067 2709 1136 quia
2746 1068 2798 1120 in
2832 1066 3104 1123 modernis
3145 1068 3475 1137 temporibus

1897 1154 2181 1224 parricidzn
2227 1155 2436 1226 profugi
2475 1156 2785 1211 discurrunt
2830 1172 2927 1228 per
2972 1158 3184 1213 diversa
3236 1157 3372 1218 loca.
3428 1167 3482 1213 ct

1897 1244 2064 1299 variis
2088 1244 2233 1299 vitiis
2278 1254 2439 1315 atque
2460 1246 2595 1314 gula:
2618 1247 2890 1303 illecebris
2912 1246 3250 1313 deserviunt;
3288 1249 3481 1303 melius

1899 1336 2031 1390 mihi
2070 1336 2302 1401 videtur,
2346 1345 2407 1391 ut
2451 1338 2502 1391 in
2542 1354 2650 1393 uno
2689 1339 2806 1393 loco
2843 1349 3124 1394 manentes
3164 1340 3481 1409 pmnitentia

1900 1429 2147 1485 districta
2199 1430 2515 1501 semctipsos
2560 1431 2824 1502 castigent
2862 1449 2875 1484 :
2920 1432 2964 1485 si
3014 1430 3152 1486 forte
3198 1446 3228 1485 a
3266 1430 3478 1487 Domini

1900 1518 2141 1575 bonitate
2186 1520 2569 1590 indulgentiam
2615 1518 2869 1576 facinoris
2921 1521 3003 1575 sui
3049 1521 3329 1590 percipere
3372 1536 3485 1576 me-

1902 1616 2145 1662 reantur.
2183 1606 2297 1662 Non
2327 1608 2469 1662 enim
2499 1608 2579 1663 eis
2606 1607 2785 1664 licebit
2813 1608 2949 1662 ultra
2978 1610 3181 1664 militiae
3211 1609 3484 1681 cingulum

1904 1712 2139 1763 sumere,
2178 1705 2234 1752 et
2272 1698 2473 1766 nuptiis
2537 1707 2700 1768 atque
2739 1698 2969 1770 coniugii
3004 1698 3193 1769 copula
3229 1700 3331 1767 uti,
3357 1701 3486 1770 quia

1908 1787 2049 1841 sacri
2077 1786 2325 1842 Canones
2353 1788 2458 1841 hoc
2490 1788 2571 1843 eis
2600 1803 2706 1842 non
2755 1788 3057 1843 concedunt
3094 1806 3106 1841 :
3151 1780 3290 1851 sicut
3340 1797 3481 1859 post~

218 1880 547 1951 permissum
574 1897 586 1933 :
619 1877 715 1933 Dei
737 1879 1043 1934 ministrum
1067 1880 1249 1934 datum
1272 1894 1394 1935 esse
1420 1879 1472 1933 in
1497 1878 1803 1949 huiusmodi
1833 1864 1880 1922 Β
1908 1876 2126 1931 modum
2164 1875 2232 1930 de
2257 1876 2646 1946 paenitentibus
2673 1891 2771 1946 pro
2796 1875 2967 1945 culpis
2991 1876 3243 1947 gravibus
3270 1877 3485 1933 decreta

218 1972 516 2038 vindicem,
562 1972 1017 2043 quemadmodum
1048 1972 1215 2042 igitur
1244 1971 1704 2041 reprehenderent
1725 1969 1807 2025 fa-

219 2069 394 2128 ctum,
424 2061 565 2133 quod
601 2070 827 2117 auctore
877 2060 988 2118 Deo
1015 2061 1263 2117 viderent
1292 2072 1413 2117 esse
1446 2060 1807 2117 concessum?

221 2152 305 2209 De
326 2154 411 2208 his
436 2168 585 2224 ergo,
616 2152 690 2207 ita
716 2161 779 2207 ut
810 2153 1073 2209 hactenus
1099 2159 1374 2209 servatum
1401 2160 1504 2217 est,
1535 2152 1614 2207 sic
1634 2152 1805 2207 habe-

220 2256 390 2298 mus:
420 2258 543 2308 nec,
575 2242 670 2297 au't
714 2242 1052 2314 disciplinam
1084 2249 1349 2307 evertere,
1383 2249 1475 2297 aut
1497 2249 1687 2297 contra
1715 2256 1806 2294 au-

220 2332 532 2389 ctoritatem
581 2332 795 2388 Domini
840 2333 1028 2388 venire
1074 2332 1377 2386 videamur.
1436 2331 1570 2402 Ipsis
1623 2338 1806 2386 autem

222 2424 282 2479 in
316 2425 522 2479 ratione
548 2423 821 2480 reddenda
857 2433 1008 2495 gesta
1034 2438 1130 2479 sua
1160 2422 1341 2477 omnia
1364 2422 1745 2477 servabuntur.
1781 2440 1801 2472 ι

219 2513 359 2569 Item
386 2514 438 2568 in
466 2514 669 2569 eisdem
705 2514 958 2579 decretis,
986 2528 1107 2583 cap.
1134 2511 1227 2577 25,
1256 2512 1516 2581 scriptum
1555 2518 1640 2566 est
1663 2509 1807 2581 quod

220 2603 321 2673 qui
374 2617 566 2673 preces
618 2602 929 2660 criminales
988 2602 1219 2669 dictant,
1270 2602 1573 2658 habeantur
1610 2601 1807 2656 immu-

221 2706 349 2748 I89.

298 2780 431 2840 Illud
457 2784 621 2840 etiam
647 2783 915 2841 sciscitari
964 2781 1181 2839 voluisti
1212 2798 1226 2837 :
1258 2796 1328 2837 an
1357 2796 1549 2851 preces
1592 2781 1805 2837 dictau-

223 2877 375 2932 tibus
416 2875 649 2931 liberum
689 2876 1042 2939 concedatur,
1072 2873 1261 2943 utique
1285 2881 1408 2943 post
1431 2873 1683 2943 baptismi
1720 2889 1808 2929 re~

220 2967 651 3038 generationem,
678 2980 707 3019 a
734 2965 1071 3035 principibus
1109 2978 1332 3035 poscere
1364 2972 1593 3019 mortem
1641 2964 1807 3019 alicu-

214 3056 333 3126 ius,
360 3056 445 3111 vel
470 3057 784 3126 sanguinem
814 3055 881 3111 de
934 3062 1105 3111 reatu.
1138 3054 1310 3121 Quam
1369 3069 1486 3110 rem
1531 3054 1805 3125 principes

221 3162 503 3217 nunquam
528 3146 648 3202 sine
675 3146 981 3215 cognitione
1032 3146 1359 3212 concedunt,
1390 3147 1483 3201 sed
1508 3148 1576 3201 ad
1594 3145 1804 3213 iudices

1909 1967 2167 2039 synodica
2189 1964 2483 2022 decernere
2510 1968 2780 2022 ostensuri
2809 1982 3012 2022 sumus.

2492 2076 2720 2133 CAPUT
2763 2077 2898 2133 VIII.

1970 2145 2044 2201 De
2074 2148 2157 2201 his
2183 2162 2302 2219 qua:
2328 2155 2513 2217 partus
2540 2164 2663 2203 suos
2690 2164 2754 2201 ex
2778 2148 3123 2217 fornicatione
3148 2148 3429 2219 perimunt.

1974 2236 2161 2306 Itaque
2222 2237 2275 2292 in
2320 2238 2605 2308 Ancyrano
2653 2237 2901 2303 concilio,
2953 2253 3075 2309 cap.
3106 2238 3196 2304 20,
3227 2240 3486 2309 scriptum

1881 2312 2273 2399 estdeliisquu?
2290 2336 2477 2397 partus
2525 2343 2652 2384 suos
2700 2343 2768 2382 ex
2808 2326 3163 2384 fornicatione
3200 2338 3490 2399 conceptos

1907 2418 2135 2474 diversis
2186 2419 2359 2476 modis
2390 2422 2706 2477 interimunt
2746 2441 2759 2477 :
2812 2441 2831 2474 ι
2883 2423 2960 2478 De
3000 2423 3335 2490 mulieribus,
3368 2440 3490 2496 qua:

1908 2508 2266 2577 fornicamur,
2294 2520 2349 2566 et
2375 2521 2565 2583 partus
2591 2528 2719 2569 suos
2752 2522 2947 2568 necant
2978 2532 2990 2566 :
3024 2514 3129 2581 vel,
3175 2530 3295 2585 quae
3324 2526 3491 2587 agunt

1907 2614 2111 2663 secum,
2144 2608 2203 2654 ut
2241 2608 2395 2655 utero
2436 2610 2727 2672 conceptos
2766 2603 3084 2658 excutiant:
3122 2604 3341 2673 antiqua
3372 2606 3489 2675 qui-

1908 2689 2031 2745 dem
2060 2688 2307 2745 diﬂinitio
2338 2707 2508 2761 usque
2558 2694 2623 2747 ad
2652 2693 2856 2749 exitum
2885 2693 3011 2749 vitae
3036 2708 3131 2751 eas
3158 2694 3226 2751 ab
3249 2695 3488 2753 Ecclesia

1908 2784 2171 2837 removeri
2208 2781 2369 2851 jussit
2396 2802 2409 2837 :
2441 2784 2727 2841 humanius
2766 2794 2947 2841 autem
2993 2802 3135 2842 nunc
3169 2786 3487 2853 definimus,

1907 2882 1965 2927 ut
2001 2874 2081 2927 eis
2117 2889 2152 2927 ι
2192 2889 2454 2929 annorum
2494 2884 2706 2945 tempus
2748 2876 3081 2946 pmnitentia:
3117 2877 3428 2946 largiamur.
3465 2901 3484 2931 ι

1904 2960 2037 3018 Item
2069 2964 2123 3018 in
2149 2965 2375 3021 concilio
2404 2966 2733 3030 Elibertano,
2760 2982 2878 3037 cap.
2908 2967 3001 3033 65,
3026 2967 3284 3037 scriptum
3314 2980 3395 3025 cst
3423 2971 3490 3025 dc

1906 3053 1992 3109 his
2037 3070 2157 3126 quae
2174 3056 2311 3112 filios
2350 3071 2477 3112 suos
2522 3073 2590 3112 ex
2638 3057 2900 3113 adulterio
2963 3069 3198 3113 necant:
3234 3077 3251 3109 ι
3294 3058 3350 3114 Si
3382 3077 3484 3130 qua

1905 3158 2006 3215 per
2040 3145 2359 3200 adulterium
2409 3148 2635 3202 absente
2674 3147 2792 3201 viro
2821 3149 3152 3219 conceperit,
3184 3149 3343 3221 idque
3369 3160 3491 3221 post

222 3238 517 3294 commissa
571 3236 707 3308 ipsa,
738 3236 824 3291 vel
873 3237 1100 3291 crimina
1150 3251 1364 3307 semper
1407 3236 1710 3299 remittunt,
1742 3244 1803 3289 ut
1829 3223 1873 3284 C
1906 3238 2117 3293 facinus
2142 3238 2433 3305 occiderit;
2470 3238 2674 3309 placuit
2720 3239 2805 3293 vix
2854 3239 2909 3293 in
2956 3238 3062 3303 fine
3093 3241 3319 3295 dandam
3369 3256 3489 3297 esse

222 3344 392 3385 causa
414 3328 648 3399 cognita,
691 3326 1021 3395 iudicentur.
1053 3326 1182 3393 Quae
1209 3341 1333 3381 cum
1369 3327 1643 3396 quaesituri
1692 3327 1808 3381 fue-

220 3420 340 3476 rint
363 3419 611 3490 allegata,
636 3425 728 3471 aut
757 3416 1041 3481 absolutio,
1067 3425 1159 3470 aut
1180 3417 1455 3472 damnatio
1480 3432 1579 3487 pro
1604 3417 1806 3489 negotii

220 3510 487 3581 qualitate
532 3508 825 3579 profertor.
882 3508 948 3562 Et
997 3508 1123 3563 dum
1152 3507 1327 3578 legum
1361 3508 1504 3563 inter
1532 3509 1806 3578 improbos

219 3609 515 3657 exercetur
536 3599 851 3665 auctoritas,
884 3598 990 3653 erit
1014 3598 1244 3653 dictator
1268 3599 1540 3655 immunis.

822 3707 1049 3765 CAPUT
1080 3707 1167 3763 VI.

522 3780 599 3835 De
616 3779 797 3851 populi
835 3781 1125 3833 necessario
1156 3781 1452 3834 commissa.

298 3869 377 3925 De
425 3868 606 3940 populi
646 3876 824 3922 autem
862 3868 1169 3922 necessario
1196 3869 1507 3934 commisso,
1536 3870 1807 3939 quomodo

222 3959 463 4016 inultum
496 3958 667 4014 soleat
690 3957 978 4028 praeteriri,
1002 3957 1146 4013 idem
1180 3973 1316 4029 papa
1341 3958 1662 4029 quibusdam
1686 3961 1803 4030 epi-

222 4050 411 4120 scopis
438 4049 506 4104 de
531 4046 843 4103 Macedonia
872 4046 940 4101 ad
966 4046 1293 4117 interrogata
1344 4048 1691 4117 respondens,
1730 4050 1805 4105 ita

222 4138 423 4197 scribit
446 4138 633 4193 dicens
663 4155 676 4190 :
716 4154 734 4188 ι
771 4135 1058 4192 Provrdeat
1086 4151 1216 4207 ergo
1240 4136 1456 4192 dilectio
1485 4144 1685 4202 vestra,
1712 4138 1808 4193 ha-

221 4238 421 4288 ctenus
449 4227 578 4283 talia
626 4228 907 4295 transisse,
952 4236 1009 4281 et
1054 4227 1319 4282 advertite
1344 4228 1486 4297 quod
1508 4230 1716 4300 utique,
1748 4238 1807 4284 ut

222 4320 431 4385 dicitis,
463 4317 760 4373 necessitas
806 4317 1111 4387 imperavit,
1162 4317 1214 4370 in
1240 4331 1374 4386 pace
1406 4318 1570 4373 etiam
1614 4318 1805 4374 Eccle-

223 4414 341 4472 sias
398 4410 723 4467 constitutas
773 4423 879 4463 non
914 4420 1072 4477 posse
1116 4422 1462 4477 praesumere.
1510 4406 1617 4463 Sed
1664 4424 1808 4478 saepe

222 4502 452 4568 accidit,
505 4500 761 4571 quotiens
797 4514 826 4552 a
854 4497 1067 4569 populis
1100 4504 1195 4552 aut
1246 4514 1278 4552 a
1328 4500 1485 4555 turba
1526 4509 1800 4569 peccatur,

222 4591 359 4664 quia
386 4559 451 4645 in.
493 4559 683 4644 omnes
734 4559 959 4658 propter
991 4586 1415 4653 multitudinem,
1472 4559 1577 4643 non
1627 4559 1884 4659 potestD

223 4677 516 4743 vindicari,
558 4677 784 4732 multum
832 4676 1006 4731 solere
1060 4678 1309 4731 transire.
1338 4676 1523 4733 Priora
1555 4692 1687 4749 ergo
1719 4681 1802 4735 di-

222 4768 492 4826 mittenda
514 4768 636 4823 dico
675 4767 741 4822 de
761 4765 986 4836 iudicio,
1012 4767 1080 4821 de
1110 4767 1315 4837 reliquo
1341 4769 1574 4823 maxima
1603 4770 1803 4826 sollici-

223 4858 419 4915 tudine
478 4858 909 4930 praecavendum.
947 4875 965 4906 ι
994 4856 1109 4910 Non
1138 4858 1285 4911 enim
1334 4858 1443 4923 hic,
1467 4866 1525 4912 ut
1561 4860 1690 4914 mihi
1728 4862 1806 4915 vi-

221 4952 412 5015 detur,
442 4949 544 5004 iste
563 4948 752 5003 doctor
773 4946 1100 5017 apostolicus
1126 4948 1277 5011 dicit,
1305 4963 1412 5004 non
1437 4952 1802 5006 necessarium

218 5054 351 5095 esse
378 5038 578 5109 populo
602 5054 697 5107 pro
725 5036 864 5091 male
888 5037 1192 5092 commissis
1217 5054 1379 5109 agere
1406 5041 1797 5109 paenitentiam.

223 5129 361 5194 Sed,
391 5129 517 5197 quia
547 5129 603 5182 in
631 5142 837 5190 omnes,
873 5135 1095 5196 propter
1147 5127 1541 5183 multitudinem
1570 5145 1674 5183 non
1708 5145 1803 5200 po-

222 5226 339 5273 test
357 5216 639 5281 vindicari,
670 5216 849 5286 priora
878 5216 1195 5270 dimittenda
1230 5215 1467 5285 judicio;
1501 5220 1567 5274 de
1595 5221 1803 5291 reliquo

220 5308 465 5365 maxima
492 5306 851 5363 sollicitudine
878 5307 1307 5375 praecavendum,
1338 5324 1407 5363 ne
1434 5307 1585 5364 fiant.

831 5415 1058 5471 CAPUT
1098 5414 1203 5469 VII.

812 5484 889 5539 De
916 5487 1219 5555 parricidio.

297 5580 657 5639 Parricidium
698 5590 877 5636 autem
917 5596 1075 5649 quam
1116 5582 1187 5635 sit
1223 5583 1541 5639 detestabile
1574 5585 1797 5651 crimen,

208 5675 430 5747 judicio
466 5672 613 5727 facto
640 5670 781 5724 inter
809 5670 939 5726 Cain
970 5678 1025 5725 et
1056 5671 1191 5726 Abel
1231 5670 1452 5727 fratrem
1488 5690 1666 5738 suum,
1694 5675 1797 5731 Do-

219 5768 413 5829 minus
450 5766 563 5838 ipse
603 5764 858 5829 ostendit,
903 5780 1023 5819 cum
1063 5765 1128 5819 ad
1156 5764 1287 5819 Cain
1326 5768 1651 5835 parricidam
1693 5769 1793 5823 ait:

1905 3327 2361 3393 communionem,
2387 3342 2452 3383 eo
2475 3329 2613 3397 quod
2642 3328 2995 3398 getniuaverit
3023 3329 3217 3384 scelus.
3254 3350 3271 3381 ι

2514 3440 2740 3497 CAPUT
2788 3441 2877 3496 IX.

2274 3528 2349 3583 De
2378 3530 2457 3584 his
2483 3547 2600 3599 qua:
2635 3532 2877 3587 abortum
2906 3533 3130 3603 faciunt.

1974 3620 2107 3675 Item
2147 3621 2201 3676 in
2227 3622 2456 3678 concilio
2484 3622 2811 3691 Ililerdensi,
2839 3641 2961 3695 cap.
2990 3628 3081 3693 il,
3110 3629 3373 3698 scriptum
3402 3641 3488 3687 est

1906 3710 1973 3768 de
2000 3712 2083 3767 his
2106 3728 2227 3783 quze
2261 3715 2507 3768 abortum
2549 3714 2771 3780 faciunt,
2807 3718 2887 3771 vel
2917 3728 3074 3773 natos
3100 3721 3481 3791 exstinguunt:

1912 3820 1931 3852 ο
1970 3801 2032 3856 Hi
2074 3819 2203 3858 vero
2248 3805 2338 3874 qui
2379 3805 2517 3860 male
2566 3816 2858 3876 conceptos
2905 3824 2969 3862 ex
3031 3809 3295 3865 adulterio
3344 3809 3486 3865 fetus

1905 3891 1988 3945 vel
2033 3892 2208 3947 editos
2254 3908 2449 3949 necare
2476 3895 2822 3969 'studucrunt
2864 3912 2879 3951 :
2934 3896 3061 3960 vel,
3107 3897 3160 3951 in
3206 3900 3489 3954 ventribus

1906 3989 2137 4037 matrum
2173 3980 2483 4053 potionibus
2523 3983 2791 4053 aliquibus
2824 3985 3143 4050 colliserint,
3169 3985 3224 4040 in
3256 3996 3487 4057 utroque

1904 4085 2036 4125 sexu
2062 4072 2325 4127 adulteris
2347 4081 2470 4143 post
2498 4084 2704 4143 septem
2723 4088 3000 4129 annorum
3038 4076 3307 4131 curricula
3336 4092 3487 4133 com-

1906 4164 2093 4219 munio
2124 4164 2396 4219 tribuatur
2426 4182 2440 4218 :
2465 4165 2538 4218 ita
2567 4172 2770 4230 tamen,
2797 4174 2855 4219 ut
2884 4167 3032 4221 omni
3080 4175 3327 4238 tempore
3360 4168 3487 4225 vitae

1905 4270 2017 4311 suae
2043 4253 2259 4310 ﬂetibus
2289 4262 2345 4309 et
2372 4254 2659 4309 humilitati
2695 4256 2966 4312 insistant.
3003 4276 3023 4310 ι

2528 4362 2754 4419 CAPUT
2794 4364 2863 4419 Χ.

1906 4451 1984 4506 De
2020 4452 2100 4506 his
2128 4452 2217 4527 qui
2255 4461 2370 4522 post
2414 4468 2621 4509 sacrum
2680 4454 2913 4527 ordinem
2964 4454 3214 4524 capitalia
3258 4457 3481 4513 crimina

1977 4523 2323 4603 committunt,
2357 4533 2405 4576 et
2425 4538 2601 4575 eorum
2622 4523 2918 4593 partilentia
2942 4523 3035 4578 seu
3058 4528 3482 4583 excommunica-

1981 4602 2139 4646 tione.

1982 4681 2058 4734 De
2087 4681 2172 4734 his
2207 4695 2336 4751 ergo
2363 4681 2534 4735 visum
2575 4689 2658 4737 est
2686 4682 2835 4737 vobis
2864 4684 3153 4749 conscribi,
3182 4686 3274 4755 qui
3300 4702 3486 4744 sacros

1909 4775 2126 4830 ordines
2187 4774 2437 4840 habent;
2491 4776 2571 4829 vel
2630 4784 2793 4840 ante,
2867 4777 2950 4831 vel
3010 4787 3130 4848 post
3186 4780 3485 4835 ordinatio-

1910 4884 2032 4924 nem
2078 4868 2471 4923 contaminatos
2500 4868 2552 4921 in
2582 4867 2901 4936 capitalibus
2928 4869 3247 4926 criminibus
3277 4886 3336 4926 se
3364 4886 3484 4927 esse

1906 4959 2248 5028 profitentur.
2293 4959 2349 5012 In
2374 4958 2590 5027 quibus,
2621 4968 2679 5013 ut
2709 4961 2835 5013 mihi
2868 4961 3099 5025 videtur,
3128 4963 3243 5017 haec
3271 4964 3480 5018 distan-

1907 5054 1979 5106 tia
2006 5051 2163 5107 debet
2191 5064 2311 5106 esse
2330 5090 2344 5116 ,
2374 5059 2435 5105 ut
2463 5052 2535 5113 bi,
2562 5052 2653 5121 qui
2688 5052 3039 5121 deprehensi,
3074 5054 3159 5108 vel
3189 5055 3329 5123 capti
3361 5055 3481 5111 fue-

1904 5144 2016 5198 rint
2049 5143 2262 5215 publico
2299 5143 2352 5197 in
2389 5144 2648 5213 periurio,
2698 5144 2864 5209 furto,
2895 5156 3056 5215 atque
3100 5145 3479 5214 fornicatione,

1903 5241 1959 5287 et
1985 5233 2195 5287 caneris
2224 5232 2527 5303 huiusmodi
2568 5234 2922 5299 criminibus,
2960 5238 3252 5291 secundum
3291 5241 3479 5295 sacro-

1903 5339 2023 5377 rum
2061 5323 2341 5380 Canonum
2380 5324 2644 5388 instituta,
2687 5340 2718 5377 a
2748 5326 2913 5397 gradu
2950 5328 3168 5396 proprio
3198 5328 3475 5396 deponan-

1906 5423 2028 5468 tur:
2054 5414 2178 5482 quia
2224 5414 2535 5468 scandalum
2575 5423 2658 5468 est
2683 5415 2880 5485 pepulo
2907 5417 3021 5481 Dei,
3053 5418 3188 5472 tales
3216 5432 3475 5487 personas

1902 5518 2065 5572 super
2092 5518 2151 5559 se
2175 5504 2378 5573 positas
2408 5504 2625 5568 habere,
2658 5520 2792 5574 quas
2829 5504 2970 5559 ultra
3012 5508 3229 5561 modum
3254 5507 3475 5562 vitiosas

1901 5611 2020 5651 esse
2049 5606 2281 5651 constat.
2319 5595 2519 5666 Nempe
2556 5598 2679 5653 inde
2709 5599 2997 5655 detrahunt
3032 5600 3278 5655 homines
3303 5602 3478 5656 sacri-

1904 5685 2024 5739 ficio
2054 5685 2169 5750 Dei,
2209 5689 2348 5740 sicut
2384 5688 2652 5755 quondam
2696 5687 2817 5743 filiis
2855 5689 2969 5748 Heli
3012 5690 3359 5760 peccantibus
3393 5691 3475 5747 fe-

1903 5776 2038 5830 cisse
2064 5775 2312 5848 lt-guntur
2338 5797 2349 5830 :
2378 5786 2451 5845 et,
2472 5779 2708 5834 rebelles
2732 5779 2857 5838 hinc
2884 5788 3045 5853 atque
3075 5780 3333 5837 contrarii
3363 5780 3473 5836 cxi-
