3960 6362
446 403 556 460 475

1092 405 1154 461 Β.
1194 405 1448 464 ΒΑΒΑΝΙ
1484 408 1703 467 MAURI
1740 407 2057 468 ΑΒΕ.ΗίΕῆ
2101 406 2411 466 MOGUNT.
2454 408 2739 467 OPERUM
2776 409 2955 466 PARS
2994 410 3056 464 ll.
3620 412 3724 468 ‘76

446 526 683 583 stentes,
734 532 923 573 eorum
980 518 1165 589 pravis
1216 522 1480 593 exemplis
1534 522 1774 592 quotidie
1820 523 2038 594 pejores
2064 531 2111 587 Α
2139 522 2253 577 sive
2277 525 2491 593 pagani,
2521 523 2640 580 sive
2663 523 2851 580 Judzei.
2885 524 2989 579 Sed
3020 534 3196 580 tamen
3222 526 3491 592 omnibus,
3528 529 3726 598 quibus

446 607 603 663 fiunt.
653 606 759 675 Qui
800 616 981 666 autem
1014 609 1082 665 de
1119 610 1394 682 praedictis
1439 612 1587 669 vitiis
1631 628 1731 683 per
1759 614 2035 670 occultam

443 698 859 766 confessionem,
879 700 1022 755 mala
1049 702 1148 758 abs
1170 717 1234 757 se
1253 702 1515 761 absconse
1539 705 1827 761 commissa
1850 720 2037 761 coram

442 790 614 846 oculis
642 790 758 856 Dei,
791 799 1063 861 praesente
1101 792 1265 848 etiam
1309 795 1614 861 sacerdote,
1641 795 1737 865 qui
1764 796 2039 852 eis-indu-

441 890 629 937 cturus
671 891 756 939 est
799 884 1195 954 paenitentiam,
1241 887 1588 953 confitentur,
1628 896 1684 943 et
1715 889 2035 958 semetipsos

438 975 681 1043 graviter
721 975 1014 1047 deliquisse
1059 989 1343 1047 accusant,
1374 981 1418 1035 si
1462 982 1734 1038 veraciter
1768 982 2037 1052 pmnitue-i

442 1066 568 1129 rint,
597 1073 653 1121 et
680 1080 898 1137 semper
918 1065 1149 1137 jejunis,
1185 1078 1238 1124 et
1270 1070 1665 1143 eleemosynas,
1689 1073 2031 1144 vigiliasque,

438 1164 603 1225 atque
637 1171 823 1212 sacras
847 1158 1126 1214 orationes
1154 1174 1275 1214 cum
1305 1160 1563 1231 lacrymis
1587 1177 1822 1233 purgare
1850 1172 2035 1219 certa-

436 1244 634 1298 verint.
660 1245 755 1301 llis
791 1246 967 1305 etiam.
995 1248 1165 1318 gradu
1204 1256 1443 1317 servato,
1472 1264 1598 1320 spes
1625 1252 1799 1307 veniae
1825 1252 1894 1308 de
1928 1252 2034 1307 mi-

436 1334 737 1390 sericordia
763 1335 861 1393 Dei
886 1338 1250 1405 promittenda
1287 1347 1403 1403 est;
1442 1339 1535 1409 qui
1564 1354 1763 1397 omnes
1788 1342 2038 1399 homines

438 1423 556 1478 vult
598 1424 776 1482 salvos
814 1426 933 1483 fieri
989 1434 1043 1485 et
1083 1429 1151 1483 ad
1191 1430 1523 1499 agnitionem
1560 1431 1806 1487 veritatis
1844 1446 2036 1503 perve-

437 1515 578 1581 nire,
622 1530 802 1587 neque
830 1527 1062 1575 mortem
1093 1521 1413 1590 peccatoris,
1445 1509 1541 1577 sed
1577 1529 1636 1575 ut
1673 1532 2036 1587 (convertatur

437 1617 494 1663 et
525 1610 692 1665 vivat.

500 1718 649 1775 Nam
696 1724 764 1778 de
810 1722 937 1790 illis,
985 1724 1079 1794 qui
1127 1725 1195 1780 ad
1240 1724 1503 1779 honorem
1545 1725 1870 1797 presbyterii
1918 1726 2035 1782 sine

436 1812 689 1867 examine
716 1814 961 1883 provecti
1002 1822 1153 1880 sunt,
1182 1814 1236 1868 in
1279 1814 1512 1871 concilio
1541 1814 1797 1882 Nicano,’
1822 1832 1941 1888 cap.
1976 1818 2029 1883 9,

2141 614 2415 669 accusatio
2442 616 2761 683 denegatur,
2795 616 2851 669 in
2878 617 3058 671 causis
3078 619 3311 688 propriis
3335 621 3631 675 accusandi
3656 621 3727 676 li-

2139 703 2314 756 centia
2343 704 2659 774 deneganda
2685 718 2792 758 non
2814 712 2913 758 est.
2948 723 2966 756 ι
2999 703 3131 767 ltem
3161 706 3213 759 in
3240 704 3452 774 eodem,
3480 724 3599 779 cap.
3625 710 3725 767 99:

2144 812 2164 845 «
2206 793 2396 849 Testes
2446 802 2627 849 autem
2679 809 2785 847 non
2826 794 3189 859 admittendos
3232 796 3301 851 ad
3336 798 3728 863 testimonium,

2140 884 2229 952 qui
2264 899 2363 940 nec
2392 885 2460 938 ad
2490 883 2891 939 accusationem
2918 884 3129 939 admitti
3160 888 3410 957 praecepti
3441 899 3569 943 sunt
3598 907 3612 945 :
3642 891 3731 945 vel

2138 976 2304 1030 etiam
2327 991 2466 1045 quos
2489 975 2601 1045 ipse
2626 984 2911 1031 accusator
2935 975 3003 1031 de
3029 975 3189 1031 domo
3216 992 3311 1031 sua
3337 979 3675 1048 produxerit.
3704 1001 3725 1032 ι

2136 1065 2219 1123 Ad
2264 1068 2632 1123 testimonium
2673 1080 2851 1123 autem
2902 1054 3044 1123 intra
3076 1084 3249 1124 annos
3289 1085 3379 1125 xxv
3412 1072 3589 1125 aetatis
3618 1084 3733 1125 sua:

2138 1157 2599 1211 nonadmittatur.
2627 1157 2779 1222 item,
2809 1171 2928 1227 cap.
2953 1157 3052 1213 97:
3082 1177 3100 1208 ι
3129 1158 3732 1227 Placuit,quotiescun-

2138 1261 2242 1316 que
2283 1247 2496 1303 clericis
2538 1248 2615 1303 ab
2640 1248 3052 1305 accusatoribus
3097 1249 3264 1304 multa
3305 1251 3533 1305 erimina
3587 1251 3730 1318 obji-

2138 1338 2379 1404 ciuntur,
2418 1346 2473 1393 et
2516 1354 2681 1393 unum
2721 1353 2790 1392 ex
2810 1338 2923 1403 his,
2972 1339 3039 1394 de
3065 1354 3171 1408 quo
3204 1340 3356 1410 prius
3387 1342 3576 1410 egerit,
3608 1358 3733 1411 pro-

2136 1429 2267 1487 bare
2292 1446 2399 1485 non
2413 1429 2678 1496 valuerit,
2706 1429 2775 1483 ad
2804 1437 2999 1484 caetera
3028 1445 3135 1485 non
3158 1430 3501 1486 admittatur.
3539 1451 3557 1482 ι

2209 1520 2288 1574 De
2315 1518 2413 1577 his-
2439 1528 2642 1584 autem,
2684 1535 2927 1589 quorum.
2950 1520 3168 1575 occulta
3206 1529 3333 1575 sunt
3358 1529 3600 1590 peccata,
3629 1535 3732 1575 nec

2137 1606 2422 1673 manifeste
2479 1608 2548 1665 ab
2586 1608 2769 1679 aliquo
2816 1611 2968 1681 argui
3013 1619 3282 1679 possunt,
3338 1611 3384 1666 si
3439 1610 3734 1666 salubriter

2137 1695 2446 1769 compuncti
2494 1712 2594 1767 pro
2642 1699 2882 1765 peccatis
2930 1697 3326 1754 confessionem
3373 1714 3562 1755 coram
3615 1700 3732 1770 epi-

2138 1804 2335 1860 scopo,
2379 1790 2495 1845 sive
2535 1790 2851 1860 presbytero
2878 1791 3256 1859 paenitentiam
3296 1801 3484 1863 agant,
3518 1792 3737 1847 occulte

437 1875 743 1973 scriptum;
790 1911 811 1958 ὰ
855 1904 913 1960 Si
967 1907 1059 1976 qui
1117 1875 1419 1977 presbyteri
1467 1907 1584 1963 sine
1630 1875 2030 1965 ex'amina'iione
2066 1875 2108 1932 Β
2388 1881 2589 1935 bonum
2625 1881 2766 1977 3"“?
2793 1881 3023 1977 “9””:
3053 1891 3117 1937 ω
3142 1881 3438 1977 ⁸⁸⁸³,ηάαω
3475 1881 3550 1977 iq’
3583 1883 3732 1953 quad

434 1997 681 2064 provecti
728 2004 857 2053 sunt
885 2015 898 2051 :
930 1996 1014 2052 vel
1060 2013 1183 2053 cum
1209 1997 1638 2063 'discuterentur,
1666 2006 1887 2068 peccata
1920 2015 2030 2054 sua

437 2087 675 2143 confessi
713 2097 860 2156 sunt,
900 2099 956 2144 et
980 2090 1243 2145 homines
1266 2098 1460 2147 contra
1486 2104 1723 2145 canones
1749 2092 2029 2155 commoti,

444 2194 638 2234 manus
679 2180 946 2236 confessis
994 2181 1272 2251 imponere
1329 2188 1692 2236 tentaveruiit.
1743 2180 1900 2236 Tales
1934 2195 2031 2236 ‘re-

440 2271 565 2341 gula
620 2286 728 2327 non
775 2272 1032 2337 admittit,
1080 2274 1208 2343 quia
1249 2273 1393 2343 quod
1429 2272 1906 2343 irrcprehensiblle
1949 2281 2035 2330 est

435 2362 717 2418 Catholica
748 2362 995 2418 defendit
1018 2364 1277 2419 Ecclesia.
1312 2383 1331 2416 ι
1358 2363 1497 2418 Μειη
1526 2364 1589 2417 in
1610 2362 2032 2419 Ncocesarecnsl

438 2453 691 2519 concilio,
723 2468 843 2525 cap.
869 2455 927 2519 9,
957 2455 1021 2511 de
1056 2454 1145 2509 his
1191 2455 1559 2524 itascriptum
1590 2463 1713 2510 est:
1749 2472 1768 2506 ι
1798 2454 2031 2525 Presby-

439 2550 525 2598 ter
559 2530 606 2599 is
648 2552 1061 2615 pmoccupatus
1100 2544 1368 2615 corporali
1429 2555 1658 2616 peccato
1698 2546 2031 2616 provehatur

432 2641 492 2688 et
522 2631 806 2690 confessus
853 2634 1017 2690 fuerit
1058 2634 1127 2689 de
1169 2650 1247 2702 se,
1277 2636 1422 2705 quod
1464 2644 1591 2690 ante
1635 2636 2032 2693 ordinationem

435 2738 591 2779 suam
634 2724 946 2795 deliquerit,
993 2725 1173 2780 oblata
1221 2741 1329 2780 non
1379 2734 1688 2791 consecret,
1717 2740 1944 2780 manens
1975 2726 2030 2781 in

435 2814 660 2885 reliquis
684 2814 877 2871 olIlciis
899 2824 1119 2887 propter
1145 2817 1345 2872 bonum
1368 2817 1630 2887 studium.
1661 2817 1797 2872 Nam
1825 2817 2031 2888 reliqua

436 2914 663 2977 peccata
701 2905 947 2976 plerique
985 2906 1242 2961 dixerunt
1269 2922 1367 2978 per
1397 2921 1590 2962 manus
1632 2906 2031 2978 impositionem

436 2997 838 3071 possedimitti.
864 2996 1019 3065 Quod
1041 2998 1173 3054 side
1196 3013 1256 3053 se
1279 2999 1394 3068 ipso
1418 3014 1524 3053 non
1551 2996 1714 3054 fuerit
1730 2997 2028 3062 confessus,

436 3099 493 3145 et
517 3090 670 3162 argui
700 3089 985 3145 manifeste
1012 3104 1119 3143 non
1150 3097 1349 3160 potest,
1376 3089 1659 3158 potestatis
1695 3103 1808 3144 suae
1826 3086 2033 3157 judicio

439 3181 795 3251 relinquatur.
832 3200 852 3234 ι
886 3181 1017 3237 Item
1066 3181 1119 3236 in
1145 3181 1336 3236 eodem
1363 3180 1627 3247 Concilio,
1664 3196 1783 3252 cap.
1821 3181 1919 3252 l0,
1950 3180 2027 3236 si-

438 3270 551 3326 mili
602 3271 763 3326 modo
808 3271 973 3324 etiam
1018 3270 1328 3325 diaconus:
1380 3288 1399 3323 ι
1458 3270 1517 3327 Si
1565 3272 1755 3327 eodem
1802 3279 2029 3341 peccato

440 3362 812 3429 succubuerit,
840 3362 909 3417 ab
943 3362 1133 3418 ordine
1164 3362 1453 3416 ministerii
1477 3362 1815 3446 detrahatur.
1862 3380 1882 3414 ι

512 3476 586 3531 De
616 3475 743 3541 illis,
760 3474 863 3552 qui
908 3484 1033 3545 post
1072 3482 1352 3545 acceptum
1399 3474 1626 3545 gradum
1665 3473 2026 3544 peccaverint,

442 3568 603 3623 tertio
630 3565 1013 3637 Apostolorum
1038 3564 1259 3619 Canone
1291 3564 1365 3618 ita
1395 3562 1625 3635 legitur:
1658 3563 2028 3633 (Episcopus,

441 3658 743 3729 presbyter,
788 3666 882 3711 aut
924 3655 1216 3720 diaconus,
1260 3654 1353 3723 qui
1402 3653 1457 3707 in
1499 3650 1890 3718 fornicatione,
1936 3662 2031 3706 aut

438 3750 697 3821 periurio.
721 3758 816 3804 aut
841 3747 985 3803 furto
1011 3755 1204 3817 captus
1233 3754 1338 3811 est,
1364 3746 1684 3816 deponatur,
1714 3760 1821 3800 non
1852 3755 2031 3800 tamen

442 3842 821 3897 communione
848 3840 1113 3910 privetur.
1169 3837 1309 3893 Dicit
1358 3838 1500 3891 enim
1533 3836 1813 3907 Scriptura
1856 3854 1870 3891 :
1913 3836 2031 3891 Non

434 3932 699 4002 judicabit
721 3932 980 3989 Dominus
1005 3932 1091 3993 his
1120 3932 1176 3985 in
1207 3931 1261 3985 id
1286 3930 1481 4001 ipsum.
1512 3949 1531 3983 ι
1566 3928 1717 3994 item,
1747 3929 1802 3983 in
1827 3945 2033 3985 canone

444 4024 834 4095 apostolorum,
864 4039 985 4095 cap.
1018 4020 1088 4078 29
1114 4039 1127 4075 :
1158 4040 1175 4073 ι
1222 4019 1281 4076 Si
1309 4021 1433 4092 quis
1469 4020 1774 4090 episcopus,
1794 4020 2031 4091 presby-

445 4127 550 4183 ter,
573 4124 668 4172 aut
692 4117 952 4172 diaconus
980 4114 1256 4184 depositus
1292 4110 1438 4180 iuste
1464 4122 1628 4181 super
1652 4112 1818 4167 certis
1844 4110 2030 4166 crimi-

443 4209 627 4274 nibus,
664 4221 830 4262 eum
872 4203 1044 4260 fuerit
1091 4210 1388 4258 attrectare
1432 4201 1791 4256 ministerium
1832 4202 2031 4256 dudum

443 4300 548 4355 sibi
595 4280 965 4363 commissum,
1004 4296 1106 4351 hic
1143 4293 1212 4349 ab
1248 4293 1489 4349 Ecclesia
1515 4292 1735 4363 penitus
1781 4291 2035 4363 proiicia-

446 4402 556 4447 tur.
589 4409 609 4443 ι

518 4501 936 4558 Accusationem
970 4508 1163 4554 autem.
1181 4498 1438 4553 adversus
1468 4496 1609 4551 sacri
1629 4493 1845 4550 ordinis
1884 4494 2032 4548 viros

2134 1971 2237 2034 sibi
2276 1974 2560 2025 decretum
2618 1969 2785 2026 fuerit
2825 1971 2909 2026 ab.
2936 1972 3191 2042 episcopo
3235 1972 3350 2033 sive
3374 1974 3731 2043 presbytero,

2132 2061 2507 2131 paenitentiam
2545 2068 2710 2132 agant
2744 2076 2852 2116 non
2887 2062 3095 2130 tepide,
3132 2076 3240 2117 non
3276 2062 3453 2127 tarde,
3485 2061 3579 2116 sed
3602 2060 3729 2119 «fer-

2133 2158 2340 2213 venter,
2370 2159 2426 2203 et
2457 2148 2718 2216 sollicite,
2748 2164 2813 2204 ac
2855 2150 2902 2204 si
2949 2165 3009 2204 se
3034 2150 3245 2205 veniam
3284 2165 3315 2203 a
3347 2149 3577 2206 Domino
3606 2164 3733 2220 per-

2133 2250 2407 2315 cepturos,
2426 2248 2496 2295 et
2521 2240 2751 2312 gradum
2792 2250 3207 2312 recuperaturos
3235 2240 3534 2297 confidunt.
3569 2239 3729 2307 Quod

2134 2332 2297 2391 etiam
2330 2332 2391 2385 Β.
2414 2330 2707 2401 Gregorius
2733 2346 2869 2402 papa
2906 2333 2963 2385 in
2984 2331 3210 2400 epistola
3236 2328 3399 2401 quam
3427 2330 3493 2385 ad
3523 2329 3733 2393 Secun-

2135 2424 2320 2485 dinum
2356 2436 2573 2477 servum
2604 2424 2700 2478 Dei
2736 2423 3004 2478 inclusum
3056 2423 3294 2492 scripsit,
3325 2423 3396 2477 ita
3421 2420 3727 2491 probatdi—

2133 2528 2302 2569 cens:
2334 2530 2355 2564 ι
2390 2511 2527 2572 Nam
2564 2521 2653 2567 tua
2692 2513 3105 2571 sanctitasinde
3146 2528 3180 2566 a
3213 2512 3377 2568 nobis.
3417 2512 3725 2582 requisivit,

2134 2612 2194 2659 ut
2216 2604 2318 2660 sibi
2345 2604 2695 2659 rescriberem
2723 2604 2790 2658 de
2818 2602 3139 2662 sacerdotali
3159 2600 3345 2659 .oﬂiriu
3371 2610 3492 2671 post
3516 2592 3727 2670 lapsum

2134 2695 2448 2765 resurgendi
2496 2694 2866 2759 auctoritates,
2911 2694 3036 2749 dum
3083 2693 3219 2747 dicis
3252 2693 3319 2745 de
3351 2693 3452 2748 hoc
3474 2691 3730 2749 Canones

2133 2785 2377 2841 diversos
2405 2794 2455 2840 te
2483 2784 2703 2856 legisse,
2728 2785 3077 2853 diversasque
3105 2784 3403 2844 sententias
3430 2782 3726 2847 invenisse,

2135 2876 2271 2930 a'ias
2310 2875 2646 2947 resurgendi,
2681 2874 2815 2930 alias
2856 2888 3406 2944 nequaquamposse.
3448 2872 3585 2928 Nam
3626 2886 3729 2928 nos

2134 2965 2463 3038 generaliter
2500 2980 2532 3018 a
2562 2963 2787 3021 Nicaeus
2804 2964 3147 3035 incipientes,
3178 2964 3320 3021 hanc
3345 2978 3470 3017 cum
3502 2963 3731 3031 reliquis

2134 3066 2369 3128 quatuor
2408 3070 2751 3122 veneramur,
2782 3055 2914 3125 quia
2945 3055 3474 3124 ipsamrsequeutes,
3513 3062 3730 3109 cetera:

2134 3148 2190 3203 in
2219 3146 2430 3203 cunctis
2458 3147 2742 3204 sententiis
2771 3144 3052 3200 unanimes
3075 3142 3427 3201 concordant.
3458 3142 3565 3202 Nos
3593 3157 3730 3214 ergo

2056 3221 2101 3283 C
2125 3238 2496 3309 prmccdentes
2542 3251 2651 3292 gnos
2703 3235 2892 3291 Patres
2952 3235 3262 3303 sequimur;
3322 3233 3450 3303 quia
3496 3242 3731 3291 auctore

2130 3328 2261 3393 Deo,
2291 3328 2359 3382 ab
2382 3326 2601 3381 illorum
2626 3324 2876 3382 doctrina
2911 3340 3020 3378 non
3047 3324 3434 3381 discordamus.
3471 3320 3519 3374 A
3540 3322 3733 3391 capite

2131 3419 2317 3488 itaque
2354 3416 2675 3487 incipientes
2716 3430 2886 3484 usque
2928 3414 2981 3469 in
3024 3423 3273 3483 quartum
3326 3412 3729 3475 altaris,.miui—.

2131 3516 2302 3565 strum
2333 3508 2473 3561 hanc
2512 3503 2743 3559 formam
2771 3502 3092 3558 servandam
3123 3502 3520 3573 cognoscimus,
3558 3510 3619 3556 ut
3645 3500 3728 3555 si-

2131 3608 2225 3653 cut
2271 3597 2540 3651 minorem
2585 3594 2760 3662 nmjor
2811 3594 3067 3665 pmcedit
3118 3592 3171 3646 in
3209 3593 3437 3659 honore,
3463 3591 3540 3657 ita
3568 3601 3624 3646 et
3667 3592 3727 3646 in

2132 3688 2396 3745 crimine:
2443 3696 2497 3743 ct
2526 3701 2687 3756 quem
2737 3684 2910 3752 major
2944 3684 3187 3752 sequitur
3224 3681 3398 3751 culpa,
3453 3681 3629 3751 major
3671 3681 3729 3735 ei

2130 3778 2436 3847 implicetur
2462 3776 2690 3831 vindicta
2719 3791 2733 3828 :
2759 3782 2815 3830 et
2851 3774 2931 3829 sic
2956 3783 3141 3843 postea
3170 3771 3492 3841 poenitentia
3531 3771 3727 3825 creda-

2133 3880 2231 3931 tur,
2252 3868 2527 3924 fructuosa
2552 3882 2695 3923 esse.
2737 3866 2877 3934 Quid
2915 3868 3063 3921 enim
3113 3865 3334 3933 prodest
3366 3861 3604 3923 triticum
3635 3877 3728 3918 se—

2132 3963 2365 4026 minare,
2394 3970 2449 4015 et
2474 3958 2710 4015 fructum
2759 3958 2901 4011 illius
2927 3972 3034 4012 non
3053 3955 3350 4033 colligere?
3378 3963 3473 4009 aut
3500 3956 3724 4019 domum

2133 4054 2428 4116 instruere,
2459 4059 2515 4105 et
2554 4050 2663 4105 illic
2685 4064 2800 4103 non
2835 4046 3121 4102 habitare?
3151 4046 3279 4100 Post
3317 4045 3537 4117 dignam
3571 4045 3727 4105 enim

2134 4138 2559 4197 satisfactionem
2597 4137 2870 4193 credimus
2916 4148 3075 4206 posse
3116 4134 3293 4188 redire
3319 4135 3399 4188 ad.
3424 4135 3722 4200 honorem,

2132 4229 2643 4303 propheta-dicente
2669 4246 2681 4281 :
2714 4246 2732 4278 ι
2770 4226 3021 4296 Nunquid
3053 4224 3143 4294 qui
3168 4223 3313 4282 cadit
3338 4238 3446 4279 non
3476 4224 3723 4295 adiiciet,

2133 4331 2193 4377 ut
2234 4321 2514 4392 resurgat?
2554 4339 2590 4395 ι
2630 4316 2801 4391 (Ρεαι.
2824 4317 2949 4388 χι..)
3012 4317 3078 4374 Εῑ
3108 4333 3122 4370 :
3158 4336 3176 4368 ‹
3212 4314 3314 4381 Qui
3350 4329 3576 4372 aversus
3612 4326 3722 4381 est,

2138 4433 2157 4466 ι
2205 4429 2312 4469 non
2357 4410 2707 4468 revertatur?
2756 4408 2890 4482 (Jer.
2932 4409 3075 4481 Vill.)
3111 4402 3151 4460 ι’
3180 4408 3326 4464 Idem
3369 4417 3425 4464 et
3444 4410 3726 4479 peccatori

2140 4525 2159 4557 ι
2205 4506 2283 4563 ait
2321 4528 2332 4558 ;
2378 4523 2396 4555 ι
2439 4503 2499 4557 ln
2540 4516 2860 4573 quacunque
2904 4500 2992 4555 die
3037 4514 3331 4561 conversus
3369 4499 3725 4571 ingemueris,

444 4594 606 4651 facile
641 4608 751 4649 non
787 4590 1169 4662 recipiendam,
1201 4588 1294 4643 sed
1321 4578 1470 4657 prius
1495 4599 1716 4642 causam
1746 4585 2031 4657 diligenter
2058 4569 2109 4629 D
2141 4614 2160 4648 ε
2204 4594 2386 4651 salvus
2406 4569 2572 4649 oris:
2594 4611 2614 4645 ι
2656 4569 2795 4663 (ιεαξ
2828 4589 2980 4661 χχχ.)
3002 4587 3157 4644 Unde
3197 4597 3254 4642 οι
3282 4569 3583 4643 psalmis”
3609 4589 3721 4645 ait;

445 4683 884 4749 examinandam,
908 4688 963 4736 et
989 4688 1178 4751 postea
1204 4678 1468 4747 judicium
1514 4677 1860 4736 inferendum
1884 4675 2029 4746 Apo-

447 4774 621 4837 stolus
649 4776 827 4838 docet,
859 4770 1106 4828 scribens
1136 4771 1203 4823 ad
1234 4768 1577 4824 Timotheum
1606 4786 1619 4821 :
1668 4785 1686 4819 ‹
1717 4767 2030 4822 Accusatio—

452 4885 473 4919 α
521 4879 669 4933 nem,
696 4860 893 4933 inquit,
920 4856 1179 4914 adversus
1211 4856 1585 4927 presbyterum
1628 4870 1735 4911 non
1779 4855 2029 4925 recipias,

456 4975 475 5009 ι
523 4956 632 5012 nisi
676 4953 777 5009 sub
812 4949 1018 5007 duobus
1057 4954 1151 5001 aut
1204 4947 1377 5002 tribus
1434 4935 1680 5001 testibus.
1739 4943 2033 5003 Peccantes

456 5066 478 5100 ‹
522 5058 705 5103 coram
765 5039 1017 5098 omnibus
1072 5052 1274 5109 argue,
1336 5043 1396 5093 ut
1445 5036 1637 5093 caeteri
1680 5033 1883 5092 metum
1937 5035 2033 5092 ha-

455 5156 475 5189 c
519 5137 703 5193 beant.
738 5151 759 5187 ι

523 5246 720 5316 Quales
747 5251 929 5301 autem
950 5240 1055 5314 ipsi
1080 5247 1245 5303 testes
1273 5253 1394 5296 esse
1420 5228 1673 5303 debeam,
1699 5236 1754 5292 in
1776 5235 2035 5297 Africano

453 5340 684 5398 concilio
708 5336 1104 5401 manifestatur,
1126 5333 1239 5400 ubi,
1264 5348 1383 5403 cap.
1408 5330 1443 5387 6
1471 5341 1532 5387 et.
1550 5330 1616 5385 15
1643 5331 1721 5387 ita
1739 5329 2032 5399 scriptum:

461 5453 480 5486 ι
515 5429 726 5487 Placuit
754 5436 813 5483 ut
838 5442 1027 5483 omnes
1070 5425 1215 5483 servi
1250 5423 1335 5479 vel
1370 5422 1574 5495 proprii
1601 5422 1779 5479 liberti
1826 5421 1892 5477 ad
1941 5435 2035 5475 ac-

450 5518 790 5577 cusationem
834 5531 943 5571 non
984 5514 1341 5575 admittantur
1379 5534 1394 5567 ;
1438 5512 1523 5567 vel
1549 5527 1753 5576 omnes,
1802 5526 1939 5582 quos
1967 5512 2036 5567 ad

453 5609 761 5667 accusanda
785 5607 999 5678 publica
1027 5606 1255 5662 crimina
1296 5605 1442 5676 leges
1471 5605 1683 5675 publice
1709 5620 1816 5659 non
1834 5604 2037 5663 admit-

458 5710 603 5767 tunt,
628 5714 817 5755 omnes
842 5697 1077 5754 infamiae
1121 5695 1342 5751 maculis
1366 5696 1591 5767 aspersi,
1632 5702 1699 5758 et.
1718 5695 2034 5760 histriones,

456 5807 527 5849 ac
552 5790 971 5866 turpitudinibus
996 5791 1250 5861 subjecta:
1276 5804 1536 5860 personae.
1571 5787 1819 5844 llmr'ctici
1848 5789 2030 5851 etiam,

2143 4706 2162 4739 ‹
2208 4686 2315 4743 Cor
2355 4686 2613 4745 mundum
2660 4697 2789 4738 erea
2835 4683 2890 4737 in
2938 4697 3025 4739 me
3051 4680 3210 4745 Deus,
3245 4689 3299 4739 et
3333 4682 3585 4752 spiritum
3612 4695 3726 4738 rre-

2144 4797 2163 4830 ‹
2208 4788 2353 4834 ctum
2398 4780 2594 4835 innova
2662 4777 2717 4831 in
2782 4774 3081 4831 visceribus
3131 4774 3285 4829 meis.
3347 4773 3428 4829 Ne
3469 4775 3726 4845 pmj'cias

2146 4890 2164 4924 ι
2210 4884 2317 4935 me,
2355 4890 2375 4922 ι
2405 4877 2513 4925 etc.
2544 4867 2717 4943 (ριαι.
2748 4871 2826 4940 ι..)

2202 4981 2221 5015 ς
2267 4962 2404 5017 Dum
2433 4962 2577 5016 enim
2604 4961 2741 5030 petit
2775 4974 2845 5016 ne
2870 4959 3187 5030 projiciatur
3216 4956 3496 5028 prolapsus
3524 4956 3719 5023 culpa:

2136 5054 2370 5111 alienam
2418 5052 2616 5122 quippe
2675 5066 2794 5116 rex,
2851 5049 3013 5106 simul
3062 5058 3119 5105 et
3162 5049 3426 5118 propheta
3476 5048 3727 5115 rapuisse

2137 5157 2485 5208 uxoremsc,
2532 5142 2777 5212 expavit;
2824 5142 3091 5211 pmpheta
3134 5140 3406 5195 indicante
3454 5136 3729 5205 ﬂagitium

2137 5250 2315 5301 suum,
2342 5233 2717 5303 pmnitentiam
2760 5247 2923 5302 agens
2960 5230 3200 5285 addidit:
3238 5228 3423 5284 Redde
3452 5228 3721 5283 mihilaev-

2140 5329 2314 5382 titiam
2363 5325 2616 5381 salutaris
2662 5324 2760 5389 tui,
2791 5331 2847 5378 et
2879 5321 3074 5391 spiritu
3124 5317 3407 5390 principali
3455 5316 3725 5373 conﬁrma

2144 5435 2249 5474 me.
2284 5418 2341 5473 Si
2369 5419 2514 5473 enim
2540 5416 2650 5472 Deo
2680 5415 2897 5485 dignam
2925 5411 3301 5483 paenitentiam
3340 5425 3445 5464 non
3476 5407 3723 5474 fecisset,

2144 5526 2484 5582 nequaquam
2537 5510 2656 5564 aliis
2698 5505 3304 5581 prmdicarctzboccbo,
3344 5503 3557 5575 iniquos
3605 5504 3729 5557 vias

2147 5615 2283 5662 tuas.
2316 5604 2453 5658 Dum
2496 5602 2639 5659 enim
2687 5606 2909 5672 peccata
2943 5615 3041 5661 sua
3100 5597 3375 5667 prospexit
3418 5596 3726 5667 propheta.

2144 5695 2398 5749 mundata
2462 5708 2559 5760 per
2605 5690 3015 5761 paenitentiam,
3054 5702 3161 5741 non
3211 5685 3479 5740 dubitavit
3524 5686 3730 5754 prandi-

2145 5789 2315 5841 mnfn
2352 5784 2628 5849 castigare
2676 5780 2848 5833 aliena
2886 5798 2895 5832 :
2933 5788 2985 5833 et
3014 5780 3112 5842 sic,
3145 5774 3471 5833 sacrificium
3520 5776 3587 5832 dc
3640 5791 3703 5837 se
