3960 6354
225 416 329 473 ΠἹ

1583 426 2140 486 PWJNITENTIALE.

3390 446 3496 500 4'8

228 537 459 607 metipso
509 534 706 593 oﬂ'errc
753 537 972 600 studuit,
1010 553 1131 592 cum
1180 539 1388 595 dicebat
1419 557 1432 593 :
1466 539 1805 598 Sacrilicium
1835 549 1886 605 Α
1911 544 2058 599 mino
2097 544 2434 602 illuminantc
2471 551 2760 605 correxerit
2784 593 2797 617 ,
2840 568 2942 607 non
2984 554 3284 624 privabitur
3313 560 3489 615 indui-

229 625 341 681 Deo
370 627 595 697 spiritus
625 627 1035 681 contribulatus.
1080 648 1093 679 ι

303 736 323 769 ι
362 718 435 771 At
462 718 566 772 ista
610 716 913 772 sullicerent
958 738 969 772 :
1016 718 1110 772 se-l
1150 719 1324 772 omnis
1368 722 1663 788 sententia,
1701 737 1809 791 quo

223 809 347 881 plus
376 825 547 865 sacrm
581 809 874 881 Scriptura:
896 812 1215 865 testimoniis
1244 813 1613 880 confirmatur,
1636 830 1700 869 eo
1724 814 1806 869 l‘a-

225 903 385 958 cilius
429 904 687 959 creditur.
714 905 789 958 De
834 906 935 959 hoc
976 906 1117 959 enim
1145 906 1404 976 prepheta
1452 908 1569 962 ait:
1617 926 1635 959 ‹
1673 908 1807 965 Nolo

230 1012 249 1043 ι
286 1002 519 1049 mortem
557 995 884 1063 peccatoris,
932 996 1024 1049 sed
1071 998 1240 1067 magis
1283 1006 1341 1051 ut
1371 1009 1713 1053 convertatur
1753 1009 1809 1055 et

229 1104 248 1135 ι
284 1087 450 1141 vivat.
501 1105 520 1139 ι
559 1085 774 1155 (Eua/1.
816 1088 997 1157 xvm.)
1036 1088 1117 1143 De
1164 1089 1263 1142 hoc
1300 1090 1648 1160 peccantibus
1676 1091 1806 1147 dici-

223 1184 318 1230 tur
360 1193 375 1228 :
421 1174 683 1231 Peccator
728 1176 779 1229 in
824 1191 1142 1246 quacunque
1187 1177 1273 1232 die
1316 1193 1610 1233 conversus
1658 1180 1805 1251 inge—

218 1266 444 1330 muerit,
483 1279 672 1323 omnes
712 1265 1023 1334 iniquitates
1066 1266 1181 1335 ejus
1226 1268 1279 1321 in
1326 1268 1651 1323 oblivionem
1697 1279 1803 1323 tra-

217 1352 436 1407 dentur.
484 1353 540 1408 Si
586 1354 729 1409 enim
773 1354 1098 1425 Redemptor
1126 1365 1310 1411 noster
1349 1366 1659 1426 peccatores
1696 1374 1800 1414 non

213 1444 468 1513 perdere,
518 1444 612 1499 sed
658 1444 929 1501 viviticare
973 1446 1141 1511 venit,
1192 1446 1245 1501 in
1295 1446 1563 1503 oblivione
1606 1448 1800 1505 delicta

213 1536 558 1604 peccantium
616 1536 976 1606 derclinqnit;
1042 1538 1163 1605 quis
1213 1537 1491 1605 hominum
1543 1541 1797 1596 condem-

214 1626 400 1687 nanda
446 1637 715 1692 reservet,
763 1643 884 1681 cum
934 1628 1223 1697 Apostolus
1260 1629 1448 1684 dicat:
1488 1648 1506 1682 ι
1559 1630 1615 1686 Si
1660 1632 1801 1689 Deus

203 1713 496 1783 justiﬁeat,
522 1718 643 1786 quis
670 1725 754 1772 est
780 1718 869 1786 qui
899 1718 1251 1773 condemnet?
1278 1738 1297 1771 ι
1335 1719 1505 1791 (Rom.
1537 1723 1677 1794 νηί.)
1713 1724 1796 1794 Ad

209 1806 419 1862 fontem
443 1806 825 1870 misericordia:
851 1818 1201 1873 revertentes,
1226 1810 1589 1880 evangelicam
1619 1812 1797 1883 profe-

1909 636 2102 706 gentire
2156 653 2400 702 munere,
2449 641 2573 708 quia
2628 643 2783 708 Deus,
2843 646 2981 700 sicut
3032 664 3130 718 per
3172 654 3491 721 prophetam

1910 726 2075 792 dicit,
2128 743 2233 782 non
2284 728 2399 783 vult
2455 741 2682 786 mortem
2739 740 3071 803 peccatoris,
3124 753 3384 809 quantum
3434 758 3493 803 ut

1908 824 2211 871 revertatur
2259 833 2288 871 a
2344 819 2427 873 via
2474 836 2569 875 sua
2620 823 2786 888 mala,
2843 834 2896 880 et
2944 828 3088 882 vivat
3140 831 3317 886 anima
3369 850 3486 889 sua.

1908 905 2289 961 Verumtamen
2321 908 2497 964 nullus
2526 911 2800 967 hominum
2830 916 2987 970 debet
3016 920 3114 973 sub
3140 934 3234 988 spe
3273 923 3487 979 miseri-

1905 997 2103 1051 cordia:
2149 998 2242 1052 Dei
2277 999 2328 1051 in
2359 1000 2469 1055 suis
2498 1001 2697 1056 diutius
2733 1021 3009 1062 remanere
3055 1013 3316 1077 peccatis,
3364 1028 3486 1068 cum

1906 1094 1959 1140 ct
1988 1086 2041 1139 in
2080 1087 2195 1157 ipso
2221 1102 2448 1156 corpore
2482 1106 2641 1145 nemo
2675 1093 2801 1147 velit
2829 1098 2928 1150 sub
2957 1113 3049 1165 spe
3078 1098 3271 1154 futura:
3299 1101 3488 1155 salutis

1904 1173 2106 1228 diutius
2143 1186 2423 1245 :cgrotare.
2468 1178 2625 1234 Tales
2668 1182 2833 1245 enim,
2877 1185 2965 1253 qui
3009 1186 3076 1239 ab
3116 1188 3486 1258 iniquitatibus

1904 1266 2169 1319 recedere
2198 1266 2493 1338 negligant,
2534 1278 2585 1323 et
2626 1270 2726 1324 sibi
2770 1272 2835 1326 de
2862 1288 2927 1328 eo
2951 1276 3158 1329 veniam
3203 1284 3487 1347 repromit-

1905 1362 2046 1419 tunt,
2088 1371 2473 1427 nonnunquam
2516 1359 2588 1413 ita
2632 1363 3036 1431 praeveniantur
3073 1370 3353 1437 repentino
3392 1371 3486 1426 Dei

1902 1442 2108 1509 furore,
2143 1457 2202 1499 ut
2226 1462 2343 1501 nec
2369 1449 2735 1505 conversionis
2764 1460 2991 1522 tempus.
3036 1470 3136 1510 nec
3164 1457 3483 1513 beneﬁcium

1904 1537 2237 1591 remissionis
2275 1539 2568 1595 inveniant.
2608 1542 2730 1597 Ideo
2766 1559 3200 1617 unumquemque
3239 1556 3481 1605 nostrum

1901 1636 2085 1683 sancta
2128 1629 2405 1698 Scriptura
2436 1641 2731 1699 praemonet
2756 1633 2940 1688 dicens
2973 1652 2984 1685 :
3026 1654 3042 1686 ι
3081 1634 3157 1690 Ne
3184 1638 3483 1695 laudaveris

1905 1736 1923 1768 ι
1958 1720 2198 1774 converti
2235 1721 2301 1774 ad
2343 1722 2642 1777 Dominum.
2681 1741 2699 1773 ι
2737 1724 2801 1777 Et
2833 1738 2847 1777 :
2885 1743 2902 1775 ι
2937 1723 3014 1779 Ne
3048 1726 3262 1782 dili‘eras
3291 1728 3356 1783 de
3396 1729 3481 1784 die

1904 1830 1922 1862 ι
1958 1812 2013 1866 in
2052 1812 2193 1866 diem
2216 1852 2230 1877 ,
2268 1812 2445 1867 subito
2481 1815 2625 1867 enim
2666 1816 2847 1870 veniet
2885 1816 2963 1869 ira
3001 1816 3143 1885 ejus;
3183 1837 3202 1869 ι
3237 1828 3334 1874 et:
3371 1839 3389 1871 ι
3422 1820 3479 1875 In

212 1913 399 1952 ramus
426 1900 746 1953 sententiam
776 1898 927 1968 (Luc.
961 1901 1070 1970 xv).
1105 1918 1122 1949 ‹
1161 1899 1425 1955 Gaudium
1456 1914 1538 1957 est
1567 1904 1791 1975 angelis,
1829 1895 1870 1951 ll
1905 1920 1922 1951 ι
1958 1913 2203 1972 tempore
2224 1904 2474 1959 vindicta":
2496 1906 2766 1974 disperdet
2793 1917 2861 1961 te.
2893 1928 2910 1961 ι
2938 1909 3075 1963 Dicit
3102 1910 3263 1965 etiam
3286 1912 3345 1965 ll.
3378 1913 3479 1969 Da-

216 2005 237 2040 σ
269 1988 470 2058 inquit,
498 2003 663 2059 super
704 2005 809 2044 uno
848 1997 1130 2058 peccatore
1170 1992 1539 2059 paenitentiam
1582 2002 1792 2063 agente,

217 2094 237 2129 ι
272 2091 437 2147 quam
458 2091 625 2146 supra
654 2077 947 2148 nonaginta
982 2090 1172 2131 novem
1196 2078 1376 2148 justis,
1405 2080 1497 2149 qui
1524 2095 1631 2134 non
1659 2080 1795 2134 indi-

214 2187 236 2220 c
269 2176 399 2239 gent
439 2169 788 2238 pwaitentia;
827 2189 845 2220 ι
893 2178 948 2222 et
991 2184 1145 2237 ovem
1175 2171 1458 2239 perditam,
1500 2173 1790 2243 nonaginta

206 2274 404 2314 novem
438 2275 543 2314 non
569 2259 875 2314 errantibus
907 2259 1125 2325 relictis,
1169 2259 1393 2333 humero
1418 2263 1485 2319 ad
1525 2264 1665 2318 ovile
1706 2280 1791 2319 re-

204 2349 467 2420 portavit.
516 2349 572 2404 Si
612 2351 729 2405 ovis
769 2365 959 2405 errans
990 2338 1109 2419 post
1141 2352 1503 2407 inventionem
1543 2355 1608 2407 ad
1651 2354 1791 2409 ovile

204 2446 550 2508 reportatur;
586 2455 691 2496 cur
729 2440 835 2505 iste
865 2452 986 2509 post
1029 2442 1403 2509 paenitentiam
1438 2443 1505 2497 ad
1537 2442 1790 2497 Ecclesize

202 2530 567 2586 ministerium
605 2547 710 2586 non
746 2534 1060 2587 revocetur?
1092 2530 1229 2598 Quid
1271 2542 1354 2587 est
1396 2548 1525 2604 ergo
1572 2534 1790 2604 gravius

202 2622 425 2679 carnale
451 2622 705 2677 delictum
747 2622 1054 2686 admittere,
1086 2623 1203 2677 sine
1230 2638 1337 2693 quo
1374 2624 1547 2692 parati
1580 2622 1784 2696 [Forte,

200 2713 386 2787 pauci]
427 2714 802 2779 inveniuntur;
845 2721 937 2765 aut
965 2712 1131 2766 lilium
1173 2712 1267 2767 Dei
1298 2712 1534 2767 timendo
1557 2714 1789 2784 negare?

198 2805 259 2861 In
305 2821 413 2876 quo
451 2815 690 2878 peccato,
737 2806 910 2877 ipsum
954 2805 1013 2860 Β.
1048 2804 1266 2862 Petrum
1310 2805 1606 2875 principem
1646 2807 1785 2875 Apo-

198 2898 488 2965 stolorum,
534 2899 604 2952 ad
642 2897 796 2969 cujus
837 2912 981 2952 nunc
1022 2911 1219 2967 corpus
1266 2896 1468 2965 indigni
1513 2896 1781 2962 sedemus,

196 2990 415 3061 lapsum
442 3005 563 3047 esse
589 2989 985 3061 cognoscimus,
1020 2989 1114 3044 sed
1157 2995 1278 3059 post
1304 2987 1643 3058 negationem
1670 3003 1785 3057 poe-

198 3082 431 3137 nitentia
460 3092 641 3138 secuta
667 3090 770 3147 est,
820 3089 874 3135 et
922 3089 1045 3150 post
1072 3076 1440 3148 paenitentiam
1472 3077 1783 3132 misericor-

197 3173 292 3230 dia
324 3175 466 3239 data,
493 3174 618 3244 quia
650 3172 798 3226 illum
827 3171 896 3225 ab
924 3168 1244 3239 Apostolatu
1284 3183 1391 3222 non
1434 3166 1650 3237 dejecit,
1688 3167 1782 3237 qui

197 3274 330 3321 ante
357 3266 529 3334 ipsum
560 3277 756 3333 negare
784 3260 1050 3332 pnedixit.

276 3376 300 3410 ι
338 3356 457 3413 Tibi
485 3358 617 3421 haec,
651 3355 723 3409 lili
751 3355 1094 3416 charissime,
1127 3354 1269 3410 dicta
1300 3350 1599 3420 sufficiant,
1632 3360 1694 3407 ut
1718 3352 1782 3406 il—

195 3448 336 3512 lum,
380 3461 537 3519 quem
581 3446 847 3515 conspicis
892 3445 1085 3501 delicta
1130 3444 1256 3499 fletu
1300 3443 1502 3507 delere,
1548 3444 1601 3498 in
1653 3458 1780 3499 con-

195 3545 390 3610 spectu
411 3536 707 3595 divinitatis
741 3552 847 3590 non
875 3535 1086 3591 dubites
1128 3534 1552 3590 misericordiam
1583 3548 1777 3589 conse-

193 3628 317 3699 qui,
359 3628 485 3697 quia
529 3626 733 3681 nullum
774 3633 1089 3694 peccantem
1136 3639 1286 3679 reum
1327 3639 1485 3677 suum
1530 3623 1777 3692 despicit,

192 3720 293 3791 qui
323 3726 607 3791 peccantes
635 3717 1017 3788 suosanguine
1046 3716 1309 3771 redimere
1338 3715 1503 3770 venit.
1539 3734 1558 3767 ι

268 3814 408 3870 Hinc
428 3814 592 3868 etiam
619 3810 681 3864 Β.
708 3811 1039 3882 Augustinus
1064 3810 1130 3863 ad
1154 3808 1369 3869 Petrum
1399 3809 1682 3862 diaconum
1710 3808 1776 3863 de

192 3906 307 3964 ﬁde
344 3905 586 3963 scribens
626 3902 743 3957 ait:
777 3919 797 3952 ι
834 3899 991 3956 Omni
1035 3899 1239 3955 homini
1284 3898 1339 3952 in
1379 3897 1480 3952 hac
1516 3897 1627 3951 vita
1655 3910 1776 3952 esse

192 4004 377 4068 potest
401 3993 545 4049 utilis
588 3991 939 4063 ptenitentia,
968 4004 1129 4059 quam
1175 4002 1496 4058 quocunque
1536 3994 1776 4056 tempore

191 4087 362 4142 homo
390 4083 584 4153 egerit,
608 4079 910 4152 quamlibet
936 4079 1170 4149 iniquus,
1196 4076 1490 4147 quamlibet
1516 4090 1774 4143 annosus,

190 4176 239 4232 si
272 4189 340 4229 ex
380 4180 492 4228 toto
533 4169 922 4228 renuntiaverit
961 4167 1201 4237 peccatis
1228 4165 1536 4235 praeteritis,
1580 4173 1633 4218 et
1676 4181 1775 4235 pro

188 4269 276 4324 eis
308 4266 359 4320 in
393 4272 680 4333 conspectu
717 4262 835 4327 Dei,
863 4276 966 4315 non
1002 4260 1172 4315 solum
1200 4256 1466 4327 corporis,
1489 4258 1582 4312 sed
1609 4257 1771 4311 etiam

188 4356 376 4418 cordis
396 4354 664 4424 lacrymas
690 4351 913 4414 fuderit,
951 4358 1005 4405 et
1044 4351 1307 4403 malorum
1342 4363 1563 4417 Operam
1590 4362 1774 4402 macu-

186 4448 299 4513 las,
322 4444 481 4509 bonis
514 4444 768 4514 operibus
803 4440 1009 4497 diluere
1030 4438 1333 4503 curaverit;
1362 4436 1602 4493 omnium
1643 4452 1771 4507 pec-

185 4545 434 4593 catorum
464 4532 848 4604 indulgentiam
878 4544 1002 4586 mox
1028 4529 1266 4585 habebit.
1306 4527 1419 4584 Hoc
1443 4528 1590 4584 enim
1616 4527 1770 4589 nobis

1899 1993 1984 2046 vid
2013 2011 2025 2047 :
2064 2012 2081 2044 ι
2119 1994 2286 2048 Hodie
2326 1995 2371 2049 si
2399 2010 2583 2049 vocem
2618 1996 2733 2063 ejus
2765 1998 3072 2062 audieritis,
3115 2000 3279 2053 nolite
3310 2002 3477 2056 obdu-

1904 2102 1921 2135 ι
1960 2098 2082 2139 rare
2106 2086 2267 2140 corda
2294 2095 2490 2140 vestra.
2523 2108 2547 2137 ι.
2572 2086 2669 2140 Cui
2698 2101 2910 2156 quoque
2938 2086 3000 2140 Β.
3031 2087 3227 2144 Paulus
3254 2105 3477 2146 concor-

1894 2178 1986 2231 dat
2014 2177 2098 2231 his
2126 2168 2303 2232 verbis
2339 2196 2351 2231 :
2390 2197 2409 2229 ι
2442 2179 2655 2243 Videte,
2687 2179 3000 2245 fratres,.ne
3029 2180 3167 2236 forte
3191 2183 3262 2237 sit
3296 2185 3347 2238 in
3381 2184 3480 2238 ali-

1898 2283 1917 2313 ‹
1952 2280 2058 2333 quo
2084 2259 2321 2320 vestrum
2364 2282 2460 2321 cor
2497 2267 2695 2322 malum
2738 2268 3125 2324 incredulitatis
3165 2272 3477 2328 discedendi

1898 2374 1915 2404 ι
1954 2371 1981 2409 a
2009 2355 2117 2423 Deo
2146 2356 2265 2410 vivo
2297 2375 2308 2409 :
2344 2358 2439 2411 sed
2464 2358 2824 2411 adhortamini
2856 2360 3209 2429 vosmetipsos
3238 2378 3332 2431 per
3362 2365 3473 2417 sin-

1897 2462 1914 2495 ι
1950 2446 2101 2515 gulos
2129 2447 2264 2511 dies,
2305 2448 2474 2503 donec
2503 2449 2659 2504 hodie
2686 2451 3115 2521 cognominatur,
3154 2460 3209 2506 ut
3246 2468 3349 2507 non
3378 2454 3476 2509 ob-

1896 2553 1913 2585 ι
1950 2536 2170 2590 duretur
2200 2538 2320 2605 quis
2344 2542 2410 2593 cit
2448 2540 2599 2594 vobis
2634 2539 2844 2595 fallacia
2878 2542 3104 2610 peccati,
3141 2562 3159 2595 ι
3195 2541 3474 2599 Oildurato

1889 2626 2051 2697 igitur
2085 2626 2246 2682 corde
2276 2628 2427 2693 vivit,
2470 2631 2562 2704 qui
2597 2645 2655 2685 se
2695 2646 2800 2685 non
2842 2619 3139 2699 convertit,
3175 2635 3475 2703 desperans

1887 2719 1953 2774 dc
1979 2717 2307 2788 indulgentia
2345 2729 2711 2789 peccatorum.
2753 2719 2898 2786 Sive,
2938 2723 3025 2792 qui
3064 2723 3143 2778 sic
3168 2725 3471 2780 misericor-

1885 2810 2027 2866 diam
2066 2810 2158 2865 Det
2200 2818 2405 2881 sperat,
2448 2819 2507 2864 ut
2539 2826 2709 2881 usque
2750 2812 2803 2866 in
2838 2811 2999 2866 ﬁnem
3029 2814 3151 2868 vita:
3190 2815 3471 2883 prmsentis

1883 2900 1937 2955 in
1965 2915 2186 2955 suorum
2212 2900 2570 2969 perversitate
2596 2900 2882 2954 criminum
2913 2910 3205 2956 remaneat.
3236 2902 3468 2958 Proinde

1882 2993 2168 3066 diligentes
2209 2994 2635 3048 misericordiam
2684 2993 2810 3058 Dei,
2860 3004 3265 3062 metuentesque
3305 2994 3467 3063 justi-

1885 3086 2033 3149 tiam,
2062 3101 2161 3140 nec
2182 3085 2245 3139 de
2270 3085 2585 3139 remissione
2610 3092 2952 3152 peccatorum
2974 3085 3338 3151 chperenus,
3365 3100 3465 3140 nec

1883 3190 2259 3231 remaneamus
2284 3176 2336 3229 in
2360 3175 2595 3244 peccatis
2621 3192 2634 3228 :
2665 3176 2898 3231 scientes
2940 3174 3064 3244 quia
3102 3175 3191 3228 illa
3218 3176 3459 3229 omnium

1810 3252 1853 3313 Ο
1884 3266 2193 3332 hominum,
2226 3266 2271 3321 si
2309 3266 2487 3323 debita
2525 3264 2595 3320 sit
2633 3273 2884 3318 exactura
2922 3265 3147 3332 aequitas
3173 3263 3459 3334 justissimi

1877 3357 2093 3427 judicis,
2140 3372 2260 3425 quae
2294 3372 2400 3412 non
2446 3356 2709 3410 dimiserit
2752 3354 3119 3409 misericordia
3150 3354 3459 3410 clementis-

1880 3447 2003 3503 simi
2029 3449 2385 3518 redemptoris
2414 3448 2436 3501 ?
2470 3446 2622 3501 Sicut
2645 3447 2785 3499 enim
2816 3446 3185 3507 misericordia
3214 3445 3455 3515 suscipit,

1880 3537 2215 3607 absolvitque
2248 3552 2564 3602 conversos;
2603 3537 2674 3589 ita
2706 3534 2917 3604 justitia
2956 3537 3128 3605 rapiet
3173 3544 3228 3592 et
3274 3537 3459 3605 puniet

1878 3632 2187 3686 obduratos.
2218 3630 2285 3685 Hi
2328 3637 2451 3687 sunt
2494 3630 2606 3698 qui,
2634 3637 2919 3697 peccantes
2957 3629 3007 3682 in
3046 3627 3302 3697 Spiritum
3335 3643 3459 3681 san-

1877 3732 2045 3788 ctum,
2078 3737 2251 3792 neque
2274 3721 2329 3775 in
2354 3722 2455 3776 hoc
2475 3721 2669 3779 szeculo
2695 3733 2865 3787 neque
2895 3720 2947 3773 in
2981 3717 3159 3775 futuro
3184 3718 3457 3774 remissio-

1876 3811 2295 3880 nem-accipient
2323 3820 2683 3880 peccatorum.
2726 3806 2859 3862 Nam
2896 3815 2949 3861 et
2980 3808 3045 3861 de
3080 3808 3182 3862 hoc
3218 3806 3455 3863 Isidorus

1877 3900 2517 3971 ilispalensisepiscopus
2544 3900 2611 3953 ad
2638 3899 3040 3969 inquisitionem
3074 3898 3308 3959 Nasonis
3341 3898 3454 3967 epi-

1875 3992 2021 4061 scopi
2063 3992 2137 4045 ita
2183 3989 2400 4053 scribit,
2429 3991 2654 4045 dicens:
2693 4008 2711 4040 ί
2749 3989 2948 4044 Verum
2989 3988 3128 4043 nuod
3167 3998 3454 4057 sequenter

1873 4080 2195 4137 venerabilis
2223 4080 2533 4133 fraternitas
2565 4087 2649 4133 tua
2678 4078 2927 4144 innotuit,
2956 4078 3095 4133 nulla
3122 4086 3207 4133 est
3233 4078 3286 4132 in
3309 4079 3453 4148 ejus-

1874 4172 2017 4226 modi
2056 4168 2338 4225 sententiis
2380 4168 2716 4222 decretornm
2761 4168 3046 4222 diversitas
3086 4168 3450 4238 intelligenda,

1874 4261 2015 4331 quod
2041 4260 2166 4314 alibi
2197 4258 2413 4329 legitur,
2454 4257 2507 4311 in
2552 4256 2699 4326 lapsu
2731 4256 2996 4327 corporali
3038 4257 3448 4313 restaurandnm

1873 4352 2095 4407 honoris
2120 4351 2344 4421 gradum
2377 4356 2500 4419 post
2534 4348 2929 4417 penitentiam;
2965 4347 3092 4402 alibi
3119 4342 3234 4416 post
3265 4349 3450 4418 hujus-

1876 4443 2017 4497 modi
2046 4441 2328 4504 delictum,
2360 4453 2695 4509 nequaquam
2727 4437 3084 4509 reparandum
3121 4436 3324 4506 antiqui
3362 4453 3451 4493 or-

1874 4534 2015 4589 diois
2042 4533 2315 4589 meritum.
2363 4531 2488 4586 "me
2525 4530 2665 4584 enim
2707 4529 2992 4586 diversitas
3029 4529 3137 4584 hoc
3181 4530 3339 4585 modo
3371 4530 3449 4585 di-

188 4626 454 4685 Dominus
481 4611 791 4694 prophetico
820 4621 1031 4693 eloquio
1060 4619 1350 4691 promittit,
1388 4620 1573 4689 dicens
1604 4635 1617 4672 :
1655 4636 1673 4668 ι
1710 4618 1765 4672 Si
1799 4619 2177 4694 Dstinguitur.
2238 4623 2361 4678 illos
2419 4622 2565 4677 enim
2614 4622 2682 4675 ad
2730 4621 2987 4690 pristinos
3036 4618 3193 4677 cilicii
3253 4622 3450 4692 gradus

193 4737 213 4770 ι
248 4730 546 4772 conversus
579 4713 773 4779 fuerit,
801 4720 857 4766 et
894 4710 1246 4781 ingemuerit,
1278 4708 1457 4765 salvus
1490 4710 1615 4763 erit.
1651 4728 1669 4760 ι
1703 4708 1770 4762 Ει

187 4808 303 4863 alio
330 4806 448 4861 loco
473 4803 673 4861 dicitur
701 4821 714 4857 :
751 4820 769 4854 ι
802 4802 937 4868 Fili,
966 4800 1233 4870 peccasti,
1271 4815 1377 4853 non
1420 4798 1643 4867 adjicias
1664 4800 1771 4854 ite-

192 4918 211 4948 ι
254 4911 397 4960 rum,
423 4895 515 4950 sed
541 4894 607 4948 de
635 4891 920 4963 praeteritis
941 4892 1254 4961 deprecare,
1279 4897 1338 4943 ut
1364 4888 1459 4943 tibi
1491 4889 1770 4947 dimittan-

192 5007 211 5038 ι
255 4996 363 5041 tur.
399 5005 419 5039 ι
456 4984 736 5054 Nunquam
760 4991 905 5040 esset
936 4982 1181 5053 peccanti
1217 4982 1415 5037 indicta
1443 4996 1546 5050 pro
1580 4995 1769 5052 pecca-

189 5080 263 5133 tis
293 5077 613 5145 deprecatio,
643 5076 693 5131 si-
714 5074 1027 5145 deprecanti
1053 5089 1160 5128 non
1190 5080 1336 5128 esset
1352 5072 1613 5127 remissio
1640 5086 1766 5127 con-

186 5168 450 5224 cedenda.
490 5166 548 5222 Si
573 5166 738 5222 etiam
775 5164 1089 5236 pmnitentia
1128 5175 1472 5235 peccatorum
1519 5164 1765 5232 prodest,

186 5256 235 5314 si
263 5271 384 5313 eam
413 5256 467 5311 in
510 5256 748 5312 Ecclesia
780 5254 1042 5310 catholica
1067 5256 1187 5324 quis
1211 5262 1397 5326 gerat,
1416 5254 1515 5307 cui
1544 5251 1766 5307 Deusin

184 5364 433 5421 persona.
446 5350 502 5404 Β.
531 5349 676 5404 Petri
701 5349 924 5420 apostoli
957 5348 1178 5419 ligandi,
1203 5347 1554 5416 solvendique
1583 5343 1769 5399 tribuit

182 5451 511 5517 potestatem
554 5444 777 5500 dicens:
811 5444 938 5511 Qua:
980 5443 1281 5514 alligaveris
1325 5457 1491 5511 super
1534 5450 1761 5503 terram,

182 5543 349 5593 erunt
374 5534 534 5605 ligata
562 5541 617 5588 et
645 5534 699 5588 in
724 5534 907 5598 caelis;
952 5542 1026 5597 et,
1056 5549 1174 5603 qua.
1201 5531 1430 5586 solveris
1460 5544 1621 5599 super
1655 5538 1764 5582 ter-

184 5642 327 5689 ram,
358 5634 516 5680 erunt
540 5624 712 5679 soluta
740 5633 794 5677 et
822 5625 875 5678 in
906 5624 1076 5678 t'tBliS.
1114 5642 1132 5671 ι

258 5716 319 5769 Ιιι
343 5728 663 5785 qrmcnnque
703 5714 863 5784 igitur
904 5715 1062 5768 homo
1098 5720 1254 5767 aetate
1295 5726 1480 5765 verum
1520 5718 1764 5780 peccato-

186 5822 312 5864 rum
340 5820 558 5863 suorum
584 5804 951 5877 pmuitcntiam
981 5804 1171 5875 egerit,
1200 5813 1253 5857 et
1282 5803 1447 5856 vitam
1478 5818 1627 5857 suam
1658 5800 1758 5853 Do-

1869 4715 2045 4769 redire
2086 4728 2257 4768 canon
2300 4711 2577 4783 praecipit,
2619 4726 2753 4782 quos
2796 4711 3131 4782 paenitentia
3176 4714 3448 4781 pnecessit

1870 4804 2185 4860 satisfactio.
2228 4803 2299 4857 At
2336 4813 2554 4867 contra,
2598 4802 2652 4856 bi
2687 4802 2778 4873 qui
2820 4818 2994 4871 neque
3031 4818 3061 4855 a
3106 4802 3234 4858 vitio
3262 4816 3449 4856 corru-

1871 4896 2071 4965 ptionis
2104 4896 2459 4952 emcndantur
2485 4911 2501 4949 :
2531 4902 2691 4963 atque
2726 4893 2831 4948 hoc
2866 4892 3043 4962 ipsum
3075 4892 3288 4947 carnale
3323 4907 3453 4961 pec-

1872 4964 2086 5053 catum,
2133 4984 2276 5055 quod
2322 4984 2644 5048 admittunt,
2692 4983 2855 5036 etiam
2898 4964 3170 5036 vindicare
3214 4980 3448 5049 quadam

1870 5077 2243 5148 superstitiosa
2289 5075 2591 5129 temeritate
2632 5074 2897 5139 nituntur,
2934 5087 3035 5128 nec
3068 5072 3298 5142 gradum
3341 5071 3452 5125 ιιιί-ι

1868 5183 1975 5237 que
2018 5165 2256 5231 honoris,
2305 5179 2405 5219 nec
2447 5164 2674 5235 gratiam
2722 5162 3113 5219 communionis
3153 5159 3439 5230 recipiunt.

1868 5258 2010 5328 Ergo
2032 5257 2107 5311 ita
2136 5264 2226 5311 est
2249 5254 2546 5311 dirimenda
2571 5261 2799 5323 utraque
2823 5251 3111 5315 sententia,
3140 5259 3200 5304 ut
3219 5263 3444 5304 necesse

1867 5347 1939 5401 sit
1973 5346 2091 5401 illos
2121 5343 2411 5401 restaurari
2461 5345 2513 5398 in
2561 5344 2679 5398 loco
2728 5335 2969 5405 honoris,
3000 5340 3091 5409 qui
3118 5354 3220 5413 per
3260 5339 3430 5410 poeni~

1868 5440 2090 5493 tentiam
2118 5436 2611 5492 reconciliationem
2647 5440 2958 5487 meruerunt
2980 5422 3171 5486 divina:
3205 5430 3437 5498 pictatis.

1870 5528 1967 5593 ili,
2012 5541 2113 5581 nec
2154 5526 2443 5591 immerito,
2490 5533 2889 5592 consequuntur
2926 5524 3130 5591 adcpke
3167 5521 3448 5591 dignitatis

1868 5627 2067 5673 statum
2085 5658 2100 5682 ,
2128 5619 2218 5687 qui
2245 5633 2340 5687 per
2362 5615 2789 5672 emendationem
2814 5612 3143 5682 pmniteutia:
3173 5624 3443 5678 recepr

1865 5718 2164 5765 noscuntur
2188 5710 2310 5763 vitze
2343 5707 2655 5785 remedium.
2688 5706 2741 5759 ld
2770 5704 2911 5759 enim
2950 5717 3021 5757 ne
3052 5701 3189 5755 forte
3219 5699 3288 5753 sit
3323 5712 3442 5753 mas

1866 5802 1946 5871 gis
1984 5799 2320 5868 ambiguum,
2360 5799 2536 5853 divina
2573 5794 2909 5852 auctoritatis
2939 5790 3203 5849 sententia
3238 5786 3434 5843 confir-
