3960 6346
363 398 370 407 υ
455 366 561 426 ΠΩ

1084 365 1145 425 τὶ.
1178 369 1444 427 RABANI
1484 365 1706 427 MAURI
1745 368 2069 427 ARCHIEP.
2112 371 2421 430 MOGUNT.
2466 372 2751 432 OPERUM
2790 375 2970 432 PARS
3009 375 3072 433 if.

3642 381 3763 439 48C!

458 496 655 542 nietnr.
701 484 951 538 Ezechiel
995 485 1140 537 enim
1173 486 1450 554 propheta
1483 486 1582 539 sub
1626 492 1754 555 typo
1796 485 2051 553 prtevari-
2082 488 2125 546 Α
2156 486 2314 541 annis
2341 486 2643 558 projicitur.
2680 490 2811 553 Ubi,
2842 501 2961 561 post
2991 493 3430 549 emundationem
3459 495 3721 553 vitiorum
3743 540 3760 562 .

456 579 633 633 cautis
678 575 1012 631 Hierusalem
1062 575 1300 628 ostendit
1343 584 1458 644 post
1516 574 1847 643 pmnitentiae
1896 574 2057 629 satis-

456 671 779 733 factionem,
832 668 1119 737 pristinum
1172 668 1468 722 restaurari
1517 669 1780 723 honorem
1834 683 1993 737 posse
2039 682 2054 721 :

454 759 822 823 Confundere,
849 774 881 813 ο
906 757 1066 822 Juda,
1094 767 1147 812 et
1168 767 1323 828 porta
1352 758 1698 829 ignominiam
1726 767 1895 813 tuam.
1934 780 1951 810 ι
1993 760 2059 815 Et

454 860 578 921 post
604 850 879 920 paululum
907 868 919 903 :
959 868 976 899 ε
1016 850 1081 903 Et.
1106 860 1182 914 tu,
1215 850 1413 920 inquit,
1446 860 1500 907 et
1528 850 1649 905 filize
1684 860 1789 905 tum
1831 854 2059 907 reverti-

452 945 586 998 mini
626 943 695 996 ab
734 943 1020 1012 iniquitate
1056 951 1259 996 vestra.
1300 943 1453 1010 Quod
1494 943 1663 1009 dixit,
1703 943 2053 1010 confundere,

452 1033 687 1088 ostendit
728 1040 851 1102 post
890 1031 1224 1087 confusionis
1266 1040 1321 1086 et
1346 1040 1349 1043 ‘
1373 1017 1768 1103 deprecationis
1795 1050 1931 1104 opus
1960 1035 2055 1089 de—

451 1124 581 1179 bere
612 1139 935 1193 quemquam
968 1125 1310 1189 erubescere,
1338 1133 1393 1179 et
1416 1139 1515 1194 pro
1545 1126 1798 1181 admissis
1835 1126 2054 1182 sceleri-

450 1214 553 1269 bus
588 1213 950 1268 verecundam
997 1212 1229 1269 frontem
1276 1215 1424 1268 humi
1470 1225 1800 1285 prostratam
1839 1218 2055 1272 demer-

451 1321 580 1379 gere
613 1322 712 1377 pro
741 1323 828 1371 eo.
861 1308 1004 1377 quod
1041 1309 1259 1380 dignum
1292 1306 1628 1363 confusionis
1664 1307 2058 1377 perpetraverit

449 1415 603 1469 opus.
638 1399 841 1455 Deinde
865 1402 1145 1471 praecepit,
1172 1409 1231 1454 nt
1257 1409 1438 1471 portet
1468 1400 1817 1471 ignominiam
1846 1400 2057 1469 deposi-

452 1491 617 1546 tionis
648 1506 791 1558 suae,
825 1491 1015 1563 lugens
1044 1508 1167 1547 cum
1202 1492 1523 1557 humilitate,
1549 1492 1693 1561 quod
1728 1494 2054 1564 peccaverit,

452 1581 641 1649 sicque
687 1581 932 1636 revocari
980 1582 1278 1637 secundum
1332 1580 1652 1651 prephetam
1700 1582 1767 1634 ad
1816 1581 2055 1651 priorem

451 1680 652 1728 statum
684 1675 906 1744 poterit.
944 1694 962 1727 ι

522 1762 654 1816 item
684 1762 921 1819 Joannes
950 1764 1281 1835 evangelista
1325 1764 1515 1834 angelo
1553 1762 1753 1835 Ephesi
1798 1766 2055 1823 Ecclesia:

2161 578 2285 644 loci,
2307 580 2421 635 sive
2451 582 2693 650 pristina:
2718 583 2996 654 dignitatis
3027 586 3558 657 recipiet'meritum.
3588 590 3761 656 Ecce.

2161 672 2211 725 in
2233 683 2494 742 quantum
2517 674 2679 738 valui,
2703 675 2918 730 concilii
2946 676 3244 748 Ancyrani,
3270 680 3547 750 antiquam
3569 681 3761 752 plane,

2158 771 2213 817 et
2253 763 2466 832 plenam
2503 765 2884 821 auctoritatem
2917 765 3018 840 [et]
3050 771 3377 825 sententiam
3409 772 3581 828 sacris
3606 774 3766 827 testi-

2160 853 2358 908 moniis
2398 854 2705 924 explanavi,
2748 858 3041 912 ostendens
3084 872 3208 911 eum
3256 874 3413 929 posse
3459 861 3765 915 restaurari

2158 945 2378 1013 proprio
2412 945 2649 1011 honore,
2686 948 2774 1016 qui
2820 961 2918 1017 per
2956 949 3286 1017 pmnitentiae
3326 951 3761 1006 satisfactionem

2158 1036 2309 1090 novit
2345 1037 2563 1106 propria
2606 1037 2801 1092 delicta
2842 1037 3058 1093 deﬂere.
3106 1039 3240 1092 Eum
3279 1055 3410 1095 vero
3446 1058 3551 1095 non
3596 1057 3765 1110 posse

2158 1128 2475 1192 restaurari,
2510 1129 2599 1197 qui
2637 1142 2738 1183 nec
2767 1128 2934 1199 luget,
2964 1144 3084 1198 quae
3114 1130 3243 1200 agit,
3273 1139 3328 1185 et
3355 1130 3603 1202 lugenda,
3636 1134 3764 1188 sine

2158 1216 2265 1272 ullo
2297 1218 2500 1287 pudore
2531 1218 2827 1290 religionis,
2858 1220 2940 1274 vel
2971 1220 3164 1275 timore
3197 1220 3362 1275 divini
3387 1222 3571 1290 judirii
3601 1240 3762 1277 com-

2157 1307 2345 1361 mittit.
2386 1327 2404 1359 ›
2443 1306 2732 1378 [lucusque
2763 1308 3020 1363 Isidorus.

2226 1397 2559 1470 Augustinus
2588 1401 2654 1455 ad
2681 1399 3019 1456 Bonifacium
3052 1419 3065 1455 :
3106 1420 3125 1451 ‹
3164 1401 3267 1469 Ut,
3306 1401 3517 1472 inquit,
3561 1402 3611 1455 in
3651 1404 3762 1458 Ec-

2158 1490 2321 1545 clesia
2346 1492 2671 1557 sanciretur,
2697 1508 2764 1548 ne
2790 1493 3072 1562 quisquam
3104 1502 3227 1562 post
3255 1493 3481 1565 alicujus
3508 1494 3764 1549 criminis

2157 1582 2530 1653 pmnitentiam
2568 1583 2884 1639 clericatum
2916 1584 3177 1653 accipiat,
3210 1584 3294 1640 vel
3333 1586 3401 1639 ad
3438 1584 3762 1639 clericatum

2158 1676 2369 1738 redeat,
2405 1675 2488 1728 vel
2526 1676 2578 1729 in
2627 1675 2883 1730 elericatu
2927 1684 3173 1740 maneat,
3224 1691 3332 1731 non
3377 1676 3765 1745 desperatione

2158 1764 2533 1836 indulgentiae,
2572 1765 2663 1819 sed
2700 1765 2880 1835 rigore
2922 1763 3121 1819 factum
3150 1764 3480 1835 disciplinze,
3513 1766 3761 1833 alioquin

450 1852 593 1907 inter
628 1862 825 1908 caetera
859 1854 1036 1909 simile
1062 1855 1317 1925 quiddam
1349 1858 1540 1911 scribit
1569 1874 1582 1910 :
1623 1875 1641 1907 ι
1680 1857 1887 1913 Memor
1914 1867 2050 1923 esto,
2088 1845 2128 1903 Β
2158 1864 2348 1912 contra
2373 1857 2551 1910 claves
2578 1855 2835 1910 Ecclesia:
2862 1854 3020 1909 datas
3048 1856 3436 1925 disputaretur,
3465 1856 3531 1911 de
3559 1856 3761 1926 quibus

456 1960 474 1993 ι
512 1942 722 2012 inquit,
770 1945 912 1999 unde
959 1938 1247 2012 cecideris,
1300 1955 1354 2001 et
1399 1963 1495 2018 age
1544 1950 1952 2019 paenitentiam,
1999 1961 2053 2005 ct

456 2050 474 2085 ι
511 2034 686 2103 prima
709 2048 875 2104 opera
904 2034 989 2091 fac
1022 2054 1034 2090 ε
1066 2036 1303 2105 alioquin
1336 2040 1546 2094 veniam
1579 2040 1710 2105 tibi,
1744 2050 1798 2095 et
1824 2042 2053 2096 movebo

456 2140 476 2174 ‹
513 2124 898 2179 candelabrum
938 2133 1090 2180 tuum
1130 2126 1197 2181 de
1240 2126 1359 2181 loco
1402 2127 1538 2194 eius.
1572 2148 1590 2180 ι
1628 2128 1683 2182 in
1720 2129 1911 2200 angelo
1948 2129 2052 2184 Ec-

449 2214 629 2271 clesia:
663 2217 1009 2287 prmpositum
1044 2219 1260 2289 utique,
1294 2220 1346 2273 id
1377 2229 1459 2275 est
1495 2222 1835 2289 sacerdotem
1865 2230 2051 2277 osten-

450 2304 557 2369 dit,
585 2306 741 2377 juxta
779 2305 1098 2363 Malaciiiam
1123 2350 1137 2373 ,
1168 2310 1260 2379 qui
1292 2310 1423 2365 dicit
1453 2328 1465 2363 :
1503 2329 1521 2362 ι
1559 2310 1721 2366 Labia
1760 2313 2057 2368 sacerdotis

457 2414 476 2447 ι
512 2399 822 2454 custodiunt
864 2401 1168 2467 scientiam,
1215 2409 1270 2455 et
1319 2402 1489 2469 legem
1534 2403 1831 2472 exquirunt
1858 2404 1922 2458 de
1961 2419 2057 2459 ore

458 2504 477 2538 ι
513 2488 651 2559 ejus,
680 2490 805 2559 quia
836 2490 1057 2561 angelus
1099 2492 1310 2547 Domini
1356 2494 1695 2548 exercituum
1724 2504 1824 2548 est.
1862 2514 1879 2546 ι
1911 2493 2057 2549 Prae-

454 2578 665 2647 positus
696 2594 827 2649 ergo
864 2579 1049 2649 lapsus
1086 2582 1141 2635 in
1176 2582 1367 2635 vitium
1397 2597 1494 2651 per
1516 2583 1905 2653 evangelistam
1936 2598 2056 2639 mo-

453 2679 635 2736 netur,
660 2679 720 2725 ut
747 2686 957 2727 memor
987 2673 1079 2739 sit,
1109 2674 1251 2728 unde
1281 2674 1565 2739 ceciderit,
1597 2683 1652 2729 et
1681 2676 2058 2745 paenitentiam

455 2767 584 2829 agat
613 2777 627 2815 :
664 2769 719 2815 et
759 2763 933 2833 prima
973 2762 1135 2819 faciat
1168 2778 1355 2833 opera,
1384 2773 1442 2818 ut
1478 2781 1585 2820 non
1622 2774 1906 2821 moveatur
1930 2781 2060 2823 ean-

454 2851 735 2908 deiahrum
778 2854 918 2924 ejus.
958 2854 1091 2911 Nam
1139 2858 1521 2913 candelabrum
1564 2858 1775 2931 angeli,
1813 2860 2059 2915 doctrina

456 2942 829 3011 sacerdotalis,
857 2946 941 2998 vel
986 2946 1157 3001 honor
1186 2951 1491 3017 potestatis,
1530 2966 1690 3021 quem
1734 2960 1932 3023 gestat,
1980 2952 2061 3007 in~

456 3037 737 3109 telligitur,
776 3040 931 3112 juxta
964 3043 1107 3113 quod
1152 3045 1412 3115 scriptum
1447 3058 1532 3104 est
1572 3049 1711 3120 apud
1753 3047 2060 3106 Samuelem

455 3129 510 3185 in
548 3132 895 3189 damnatione
929 3134 1048 3190 Heli
1088 3154 1101 3190 :
1148 3135 1299 3193 Oculi
1346 3139 1463 3211 ejus
1506 3140 1911 3213 caligaverant,
1958 3158 2058 3198 nec

2157 1949 2361 2003 dictum
2400 1954 2483 2002 est
2529 1966 2542 2001 :
2596 1962 2715 2016 quae
2762 1946 3030 2001 solveritis
3078 1962 3240 2017 super
3287 1956 3526 2013 terram,
3578 1947 3760 2003 soluta

2157 2046 2319 2093 erunt
2344 2046 2400 2092 et
2427 2038 2479 2091 in
2508 2036 2663 2091 caelo.
2697 2035 2833 2101 Sed,
2867 2052 2935 2091 ne
2965 2036 3189 2091 forsitan
3217 2036 3284 2091 de
3312 2037 3632 2092 criminibus
3659 2053 3760 2108 spe

2160 2127 2381 2182 honoris
2423 2125 2779 2181 ecclesiastici
2830 2127 3196 2181 intumescens
3242 2127 3475 2191 animus,
3524 2127 3760 2196 superbe

2158 2227 2344 2289 ageret
2373 2218 2774 2287 paenitentiam,
2803 2218 3146 2273 severissime
3177 2218 3399 2295 placuit,
3424 2226 3545 2288 post
3572 2227 3758 2273 actam

2159 2312 2224 2364 de
2250 2309 2475 2363 crimine
2505 2308 2795 2363 damnabili
2842 2310 3214 2379 paenitentiam
3234 2350 3249 2375 ,
3280 2325 3438 2364 nemo
3476 2311 3549 2366 sit
3587 2311 3756 2366 cleri-

2158 2415 2277 2463 cus,
2305 2408 2363 2451 ut
2389 2400 2764 2468 desperatione
2790 2399 3105 2468 temporalis
3130 2399 3449 2465 altitudinis,
3483 2400 3759 2455 medicina

2158 2491 2339 2545 verior
2378 2498 2434 2545 et
2478 2490 2651 2560 major
2689 2499 2836 2545 esset
2860 2492 3200 2546 humilitatis.
3234 2491 3369 2547 Nam
3402 2501 3457 2547 et
3484 2492 3653 2547 David
3686 2494 3759 2547 de

2160 2580 2475 2636 criminibus
2498 2579 2796 2636 mortiferis
2822 2582 2933 2651 egit
2962 2583 3354 2652 paenitentiam,
3388 2594 3441 2637 et
3488 2591 3665 2637 tamen
3701 2584 3757 2637 in

2161 2673 2365 2727 honore
2394 2686 2491 2726 suo
2518 2670 2847 2740 permansit;
2882 2672 2977 2727 sed
3005 2687 3109 2726 non
3137 2672 3257 2727 ideo
3288 2688 3619 2742 supervacua
3649 2687 3756 2740 pu-

2160 2763 2323 2819 tanda
2369 2770 2452 2817 est
2482 2763 2748 2833 posterior
2782 2761 3085 2833 diligentia,
3124 2764 3247 2832 qui,
3294 2762 3383 2818 ubi
3430 2763 3587 2819 saluti
3620 2764 3759 2818 nihil

2161 2853 2568 2917 detrahebatur,
2597 2850 2889 2905 humilitati
2921 2851 3124 2923 aliquid
3152 2853 3500 2917 addiderunt,
3529 2869 3635 2923 quo
3666 2869 3758 2908 sa-

2161 2944 2246 2999 lus
2270 2943 2439 2998 tutius
2465 2942 2794 3008 muniretur;
2830 2943 3039 3011 experti
3069 2944 3230 2999 credo
3259 2928 3563 3017 aliquorum
3600 2948 3760 3001 fictas

2162 3034 2529 3105 ptenitentias,
2566 3048 2664 3102 per
2690 3030 2968 3087 aﬂ'ectatas
3012 3034 3277 3087 honorum
3324 3034 3611 3102 potentias.
3646 3033 3759 3089 Co-

2164 3132 2295 3195 gunt
2329 3124 2472 3178 enim
2505 3124 2747 3180 invenire
2785 3125 2984 3182 multas
3013 3126 3311 3183 medicinas
3340 3126 3632 3183 multorum
3659 3145 3758 3184 ex—

454 3229 668 3291 poterat
695 3223 876 3278 videte
902 3223 1176 3281 lucernam
1207 3228 1319 3290 Dei,
1361 3192 1654 3302 antequam
1685 3192 2059 3305 exstinguerc—
2086 3192 2130 3253 Ο
2161 3216 2461 3286 ιιοτίηιθηιει
2488 3218 2819 3271 morborum
2858 3235 2877 3268 ’

459 3317 567 3364 tur.
612 3311 858 3368 Lucerna
903 3316 1101 3387 quippe
1142 3318 1238 3373 Dei
1286 3320 1494 3387 fuerat,
1543 3324 1759 3393 quando
1798 3325 2059 3395 dignitate

458 3402 779 3457 sacerdotali
808 3404 1035 3473 pollens,
1063 3405 1285 3477 justitize
1321 3410 1567 3465 claritate
1599 3410 1858 3484 fulgebat,
1895 3428 2056 3484 quam

457 3494 783 3549 exstinctam
833 3496 1092 3565 propheta
1139 3500 1364 3562 asserit,
1395 3500 1521 3555 dum
1567 3502 1636 3557 ob
1672 3502 1878 3557 scelera
1922 3502 2060 3555 filio-

459 3599 603 3649 rum,
648 3584 948 3640 sacerdotis
991 3595 1349 3655 potestatem,
1400 3590 1830 3661 meritorumque
1874 3591 2059 3645 lumen

460 3675 665 3729 amisit.
697 3674 1091 3731 Candelabrum
1133 3691 1283 3748 ergo,
1323 3680 1436 3734 sive
1474 3680 1698 3735 lucerna
1741 3679 2055 3745 sacerdotis,

459 3782 582 3837 quae
613 3766 988 3837 intelliguntur
1016 3768 1344 3823 charismata
1376 3770 1631 3837 honoris,
1664 3771 2056 3843 tunepenitus,

452 3856 608 3930 juxta
657 3855 950 3924 Joannem,
998 3859 1377 3931 exstinguitur,
1429 3870 1483 3917 et
1525 3872 1791 3930 movetur,
1841 3864 2059 3933 quando

459 3954 583 4016 post
634 3946 815 4003 delicti
867 3963 1054 4003 casum
1106 3951 1352 4022 neglecta
1403 3953 1759 4023 paenitentia,
1823 3955 2057 4010 admissa

460 4039 667 4094 scelera
698 4054 805 4093 non
843 4038 1127 4095 deflentur.
1168 4040 1284 4098 Non
1313 4044 1457 4097 enim
1486 4044 1655 4099 dixit:
1689 4043 1796 4099 Pro
1823 4058 1890 4099 eo
1915 4043 2058 4114 quod

461 4128 728 4193 cecidisti,
772 4130 1003 4185 movebo
1045 4132 1432 4187 candelabrum
1478 4143 1628 4189 tuum
1670 4134 1738 4190 de
1776 4133 1895 4191 loco
1936 4149 2053 4189 suo.

461 4217 604 4289 Ergo
627 4235 897 4291 quemque
921 4225 1265 4294 praepositum
1296 4234 1634 4293 peccantem,
1664 4226 1709 4281 si
1737 4227 2060 4297 przeveuerit

460 4311 779 4379 paenitentia
807 4312 1019 4379 delicti,
1052 4315 1237 4385 utique
1264 4325 1522 4385 sequetur
1556 4325 1613 4371 et
1653 4318 1855 4373 meriti.
1899 4316 1967 4371 Et
2005 4317 2056 4371 in

461 4403 773 4460 Proverbiis
818 4406 1080 4475 scriptum
1125 4416 1209 4461 est
1252 4422 1267 4460 :
1314 4425 1333 4458 ‹
1376 4407 1478 4474 Qui
1525 4408 1807 4463 abscondit
1850 4408 2057 4463 scelera

2228 3307 2287 3362 In
2318 3308 2548 3363 concilio
2588 3307 2881 3373 llerdensi,
2922 3324 3041 3378 cap.
3091 3308 3145 3372 5,
3191 3310 3259 3364 de
3300 3309 3386 3364 his
3429 3309 3519 3377 qui
3560 3309 3757 3366 altario

2160 3400 2491 3464 deserviunt,
2521 3399 2567 3453 si
2598 3398 2776 3453 subito
2802 3399 2981 3453 carnis
3006 3398 3295 3469 fragilitate
3322 3400 3649 3464 corruerint,
3676 3401 3755 3453 ita

2159 3491 2419 3562 scriptum
2451 3498 2534 3545 est
2564 3510 2577 3544 :
2618 3509 2636 3541 ι
2681 3489 2746 3543 ili
2781 3504 2912 3544 vero
2939 3490 3031 3560 qui
3058 3491 3250 3545 altario
3280 3491 3554 3556 serviunt,
3582 3492 3627 3544 si
3656 3508 3753 3546 su-

2157 3584 2270 3638 bito
2298 3580 2472 3638 flenda
2502 3583 2684 3638 carnis
2724 3580 3016 3652 fragilitate
3056 3583 3388 3647 eorruerint,
3432 3591 3487 3638 et
3523 3582 3758 3638 Domino

2160 3674 2501 3744 respiciente,
2553 3673 2715 3744 digne
2763 3674 3142 3743 pcenituerint,
3196 3673 3268 3727 ita
3318 3681 3375 3728 ut
3423 3674 3757 3729 mortificato

2158 3777 2414 3833 corpore,
2462 3762 2643 3820 cordis
2692 3763 2910 3817 centriti
2956 3763 3283 3819 sacrificium
3332 3763 3442 3820 Deo
3486 3765 3753 3831 oﬂ'erant,

2159 3861 2374 3907 maneat
2411 3852 2464 3906 in
2496 3859 2763 3923 potestate
2796 3852 3082 3923 Episcopi,
3110 3853 3194 3909 vel
3227 3855 3498 3910 veraciter
3519 3856 3757 3912 afflictos

2158 3962 2265 4001 non
2298 3946 2387 4000 diu
2419 3946 2771 4015 suspendere,
2821 3944 2902 3999 vel
2945 3945 3243 4001 desidiosus
3290 3946 3573 4014 prolixiori
3621 3955 3757 4001 tem-

2157 4050 2289 4107 pore
2318 4035 2386 4089 ab
2425 4035 2679 4109 Ecclesiae
2710 4050 2938 4105 corpore
2982 4050 3299 4107 segregare;
3340 4037 3408 4091 ita
3446 4046 3658 4104 tamen,
3691 4050 3751 4095 ut

2159 4127 2203 4181 si
2238 4125 2537 4181 ofﬁciorum
2576 4140 2795 4181 suorum
2829 4125 2944 4179 loca
2978 4126 3277 4192 retineant,
3309 4142 3414 4181 non
3446 4129 3655 4197 possint
3682 4131 3752 4185 ad

2159 4218 2347 4272 altiora
2390 4216 2565 4272 ofﬁcia
2606 4217 2832 4271 ulterius
2874 4218 3199 4286 promoveri.
3245 4219 3396 4285 Quod
3438 4220 3506 4285 si,
3557 4221 3756 4277 iterato

2157 4308 2303 4364 velut
2330 4322 2493 4362 canes
2522 4305 2588 4363 ad
2616 4307 2876 4362 vomitum
2919 4308 3125 4363 reversi
3159 4308 3385 4375 fuerint,
3436 4326 3544 4364 non
3576 4312 3750 4367 solum

2157 4400 2417 4472 dignitate
2440 4400 2598 4455 ofﬁcii
2625 4408 2875 4463 careant,
2906 4400 3000 4455 sed
3038 4401 3201 4454 etiam
3233 4409 3477 4456 sanctam
3507 4417 3751 4458 commu-

468 4510 487 4543 ι
526 4508 652 4559 sua,
690 4510 801 4550 non
834 4494 1131 4567 dirigetur;
1188 4499 1277 4567 qui
1315 4499 1597 4554 confessus
1638 4499 1801 4554 fuerit
1838 4504 1894 4553 et
1932 4499 2057 4554 reli-
2083 4536 2134 4595 Β
2162 4495 2399 4559 nionem,
2429 4508 2535 4547 non
2559 4491 2662 4547 nisi
2692 4493 2745 4546 in
2774 4493 2942 4557 exitu,
2975 4494 3293 4564 percipiant.
3330 4512 3349 4547 ›

467 4602 486 4634 ι
519 4583 698 4653 querit
733 4600 830 4650 ea,
881 4587 1308 4643 misericordiam
1345 4599 1722 4659 consequetur.
1761 4609 1780 4642 ι
1828 4590 1964 4645 Nam
2001 4601 2057 4645 et

461 4674 671 4745 ipsum,
712 4676 855 4747 quod
903 4693 1169 4734 canonum
1201 4696 1429 4735 censura
1472 4688 1595 4750 post
1620 4697 1697 4735 vn
1744 4696 1917 4736 annos
1964 4695 2054 4735 re-

461 4781 645 4821 meare
691 4768 1045 4838 ptenitentem
1095 4771 1147 4824 in
1194 4780 1396 4825 statum
1443 4770 1731 4841 pristinum
1775 4772 2053 4841 praecepit,

460 4871 567 4910 non
610 4858 712 4911 hoc
739 4855 1001 4913 electione
1033 4860 1231 4928 proprii
1262 4860 1470 4913 arbitrii
1508 4860 1679 4915 sancti
1720 4860 1932 4924 Patres,
1961 4861 2054 4916 sed

461 4946 639 5015 potius
662 4960 729 5000 cx
749 4947 1014 5000 sententia
1038 4948 1202 5002 divini
1221 4947 1409 5016 jndicii
1432 4958 1749 5004 sanxerunt.
1768 4950 1902 5004 Nam
1926 4949 2056 5018 legi-

462 5047 551 5089 tur
579 5037 721 5105 quod
756 5051 909 5091 soror
948 5036 1125 5091 Aaron
1169 5038 1358 5103 Maria,
1402 5040 1528 5093 dum
1558 5039 1933 5095 obdurationis
1961 5039 2056 5094 ad-

460 5142 652 5183 versus
689 5126 905 5198 Moysen
943 5128 1259 5184 incurrisset
1299 5129 1587 5193 delictum,
1627 5129 1771 5185 illico
1804 5130 2055 5201 stigmate

461 5220 624 5290 leprze
652 5220 867 5291 perfusa
894 5230 997 5277 est.
1029 5221 1269 5292 Cupique
1305 5232 1512 5292 peteret
1543 5223 1757 5294 Moyses
1778 5232 1839 5283 ut
1866 5238 2054 5278 emun-

461 5313 704 5376 daretur,
735 5314 990 5383 praecepit
1014 5328 1133 5369 eam
1163 5313 1420 5368 Dominus
1448 5324 1603 5369 extra
1629 5324 1809 5370 castra
1838 5328 1912 5369 vn
1941 5315 2053 5368 die-

462 5403 562 5458 bus
593 5403 804 5473 egredi,
848 5412 903 5457 et
936 5413 1059 5473 post
1093 5405 1531 5460 emundationem
1570 5421 1757 5460 rursus
1788 5406 1839 5459 in
1870 5415 2048 5461 castra

462 5492 696 5548 admitti.
748 5492 915 5547 Maria
955 5508 1085 5562 ergo
1124 5509 1281 5549 soror
1325 5494 1527 5557 Aaron,
1576 5510 1704 5551 caro
1734 5495 2053 5565 intelligitur

462 5581 783 5647 sacerdotis,
815 5598 935 5652 quae
973 5584 1098 5637 dum
1145 5584 1410 5654 superbia:
1440 5585 1619 5640 dedita
1661 5585 2049 5641 sordidissimis

461 5672 869 5740 corruptionum
897 5674 1160 5743 contagiis
1196 5675 1513 5739 maculatur,
1557 5684 1709 5730 extra
1745 5685 1925 5730 castra
1966 5690 2052 5729 se-

463 5770 611 5834 ptem
646 5762 855 5831 diebus,
887 5773 943 5821 et
969 5774 1121 5822 extra
1155 5767 1433 5838 collegium
1466 5776 1662 5823 sancta:
1693 5767 1947 5823 Ecclesia:
1976 5784 2045 5821 vn

2228 4585 2361 4641 Item
2396 4586 2447 4639 in
2480 4584 2709 4642 concilio
2736 4584 3178 4656 Carthaginensi,
3208 4602 3327 4657 cap.
3356 4585 3449 4651 27,
3484 4590 3747 4661 scriptum

2158 4686 2241 4732 est
2270 4693 2284 4731 :
2316 4676 2469 4743 Quod
2510 4674 2808 4747 presbyteri
2854 4683 2908 4729 et
2948 4675 3177 4739 diaconi,
3225 4676 3279 4729 in
3310 4676 3560 4747 graviore
3590 4678 3747 4748 culpa

2158 4767 2408 4830 convicti,
2436 4783 2627 4821 manus
2656 4766 3052 4835 impositionem
3084 4774 3339 4835 tanquam
3379 4766 3503 4819 laici
3546 4782 3748 4836 nequa-

2157 4871 2319 4927 quam
2342 4856 2657 4926 suseipiant.
2681 4854 2882 4910 Contra
2906 4854 3177 4909 firmatum
3199 4864 3317 4909 est:
3347 4854 3438 4919 Ut,
3464 4856 3509 4909 si
3532 4857 3747 4924 quando

2154 4948 2437 5018 presbyter
2464 4947 2547 5002 vel
2574 4947 2831 5002 diaconus
2864 4947 2917 5000 in
2954 4944 3133 5015 aliqua
3162 4947 3409 5015 graviore
3435 4946 3590 5017 culpa
3618 4963 3746 5003 con-

2154 5034 2283 5089 victi
2314 5032 2545 5099 fuerint,
2573 5033 2643 5089 ob
2673 5050 2832 5103 quam
2862 5048 2956 5089 eos
2990 5048 3020 5087 a
3064 5034 3363 5089 ministerio
3404 5050 3627 5091 necesse
3661 5046 3747 5092 est

2156 5123 2451 5188 removeri,
2480 5138 2587 5178 non
2615 5128 2695 5178 eis
2725 5138 2915 5178 manus
2946 5131 3198 5192 tanquam
3233 5125 3620 5193 paenitentibus
3644 5126 3742 5181 im-

2154 5221 2407 5284 ponatur,
2429 5214 2512 5269 vel
2543 5222 2797 5284 tanquam
2830 5212 3075 5267 fidelibus
3099 5213 3254 5268 laicis
3281 5233 3293 5267 :
3324 5232 3497 5284 neque
3522 5217 3743 5286 permit-

2157 5305 2375 5360 tendum
2422 5318 2562 5370 esse,
2609 5312 2667 5358 ut
2712 5303 3028 5373 rebaptizati
3078 5303 3144 5359 ad
3187 5304 3475 5361 clericatus
3513 5308 3739 5380 gradum

2152 5402 2586 5462 promoveantur.

2768 5485 2995 5542 CAPUT
3033 5486 3125 5541 XI.

2154 5575 2229 5630 De
2247 5576 2554 5647 presbyteris
2574 5575 2663 5647 qui
2683 5592 2869 5630 uxores
2888 5585 3218 5645 acceperunt,
3237 5580 3311 5628 vel
3332 5574 3574 5644 (emicat:
3594 5587 3741 5633 sunt.

2224 5666 2356 5722 item
2386 5668 2453 5722 de
2474 5668 2802 5739 presbyteris
2828 5667 2917 5736 qui
2960 5680 3157 5721 uxores
3184 5664 3487 5735 acceperint
3519 5665 3605 5720 vel
3631 5666 3742 5722 for-

2151 5762 2316 5817 nicati
2362 5772 2505 5829 sunt,
2533 5760 2585 5815 in
2626 5761 2855 5817 concilio
2878 5757 3334 5823 Neocrsareensi,
3367 5771 3486 5829 cap.
3518 5756 3575 5823 5,
3606 5757 3745 5814 δεῖξε
