3960 6340
232 379 325 438 481

1599 377 2158 437 POENITENTIALE.

3404 386 3506 443 689.

239 506 386 564 ptum
410 499 496 547 est
526 509 538 543 :
576 508 593 541 ι
628 490 937 561 Presbyter,
975 491 1017 544 si
1050 505 1272 545 uxorem
1314 490 1604 559 acceperit,
1636 490 1703 543 ab
1740 505 1826 544 or—
1855 494 1901 551 Α
1932 488 2210 543 nitentiam
2230 528 2244 552 ,
2284 488 2703 559 religionemque
2730 506 2837 545 suae
2864 492 3212 561 professionis
3236 497 3418 564 obliti,
3446 504 3513 555 ad

240 583 362 637 dine
393 582 730 652 deponatur;
770 582 811 634 si
852 596 978 634 vero
1010 579 1302 635 fornicatus
1330 579 1523 643 fuerit,
1557 588 1647 633 aut
1679 581 1828 633 adul-

241 671 433 725 terium
483 669 905 739 perpetraverit,
962 669 1190 739 amplius
1242 668 1364 739 pelli
1414 668 1605 733 debet,
1660 676 1715 722 et
1760 668 1828 722 ad

237 759 615 832 paenitentiam
645 758 835 829 redigi.
878 777 895 807 ›

313 850 445 905 Item
472 864 540 903 ex
569 848 802 903 decretis
832 846 1120 900 Innocentii
1152 864 1320 918 papae,
1351 864 1470 917 cap.
1498 848 1567 902 26
1597 867 1609 902 :
1646 867 1664 899 ι
1697 848 1829 903 Pro.

234 950 426 1010 pterea
451 939 593 1010 quod
622 939 870 1009 dignum,
901 946 955 991 et
989 938 1242 1007 pudicum
1262 980 1275 1005 ,
1314 949 1367 994 et
1395 941 1679 995 honestum
1708 950 1791 996 est
1810 982 1823 1004 ,

236 1044 437 1087 tenere
459 1029 680 1084 omnino
710 1028 951 1083 Ecclesia
978 1027 1135 1083 debet
1166 1048 1179 1082 :
1214 1038 1269 1084 ut
1296 1012 1619 1085 Sacerdotes
1647 1040 1700 1085 et
1728 1031 1827 1087 Lc-

234 1123 364 1177 vita:
390 1137 512 1177 cum
536 1120 799 1174 uxoribus
832 1119 944 1174 suis
980 1134 1083 1173 non
1112 1129 1343 1185 coeant,
1375 1119 1502 1189 quia
1542 1122 1825 1178 ministerii

235 1210 541 1264 cuotidiani
590 1208 1003 1263 necessitatibus
1039 1221 1389 1280 occupantur.
1438 1210 1708 1281 Scriptum
1746 1222 1828 1269 est

232 1318 249 1351 ι
272 1299 384 1353 nim
412 1298 635 1353 :Sancti
666 1305 860 1362 estote,
892 1300 1016 1368 quia
1043 1314 1141 1370 ego
1174 1304 1393 1355 sanctus
1420 1316 1535 1355 sum
1570 1303 1827 1360 Dominus

234 1389 382 1443 Deus
409 1398 605 1443 vester.
655 1388 786 1443 Nam
815 1389 1009 1458 priscis
1040 1391 1374 1459 temporibus
1405 1393 1470 1445 de
1500 1394 1697 1463 templo
1732 1394 1825 1449 Dei

232 1482 549 1536 sacerdotes
575 1496 717 1535 anno
748 1481 882 1536 vicis
912 1496 1022 1535 suae
1052 1497 1156 1535 non
1181 1482 1560 1549 discedebant;
1598 1485 1737 1540 sicut
1761 1488 1827 1541 dc

230 1571 499 1626 Zacharia
531 1570 760 1640 legimus
789 1588 802 1623 :
835 1585 936 1626 nec
961 1570 1178 1626 domum
1213 1587 1365 1627 suam
1388 1575 1610 1628 omnino
1641 1583 1829 1645 tange—

230 1663 399 1724 bant,
445 1661 639 1731 quibus
668 1660 856 1730 utique
890 1668 1112 1730 propter
1152 1662 1350 1716 sobolis
1391 1663 1822 1729 successionem,

229 1752 422 1805 uxoris
449 1766 577 1806 usus
609 1749 781 1804 fuerat
824 1749 1119 1815 relaxatus,
1150 1751 1275 1819 quia
1306 1766 1372 1806 ex
1416 1752 1519 1806 alia
1563 1753 1727 1818 tribu,
1769 1761 1824 1807 et

1930 579 2211 634 saicularia
2236 579 2565 642 relabuntur,
2609 580 2807 649 placuit
2840 596 2933 635 eos
2962 598 2991 636 a
3022 588 3399 642 communione
3427 603 3516 643 su—

1928 669 2118 738 spendi
2169 678 2224 723 ct
2280 667 2347 722 ab
2390 670 2629 723 omnium
2658 672 3046 727 catholicorum
3074 676 3336 732 conviviis
3362 693 3515 748 sepa-

1930 759 2059 811 rari.
2106 757 2259 823 Quod
2306 758 2351 811 si
2396 766 2517 827 post
2562 758 2930 827 interdictum,
2972 776 3092 817 cum
3134 778 3199 818 eo
3228 763 3512 835 quisquam

1925 849 2329 919 prmsumpserit
2373 850 2804 915 manducare,.et
2844 852 2955 921 ipse
2981 856 3357 911 communione
3396 858 3511 927 pri-

1926 948 2103 994 vetur.
2145 959 2163 992 ι

1994 1033 2052 1088 In
2097 1034 2325 1089 concilio
2372 1033 2650 1099 Toletano,
2702 1050 2821 1104 cap.
2868 1036 2980 1090 ὅδε
3030 1054 3049 1087 ι
3087 1037 3401 1110 Quicunque
3447 1056 3511 1097 ex

1927 1125 2272 1181 szecularibus
2299 1125 2625 1194 accipientes
2651 1126 3023 1195 paenitentiam
3058 1143 3117 1183 se
3142 1124 3511 1198 totoiiderunt,

1924 1226 1981 1270 et
2018 1231 2207 1271 rursus
2249 1215 2369 1269 laici
2410 1216 2829 1284 praevaricantes
2869 1216 3045 1270 ellecti
3088 1226 3233 1283 sunt,
3269 1234 3515 1291 compre—

1926 1308 2081 1362 hensi
2113 1307 2178 1361 ab
2215 1306 2466 1376 episcopo
2509 1322 2625 1371 suo,
2659 1309 2724 1360 ad
2761 1309 3130 1377 parnitentiam
3151 1349 3165 1375 ,
3202 1327 3267 1365 ex
3297 1328 3399 1381 qua
3430 1331 3515 1368 re-

1926 1405 2227 1461 cesserunt,
2263 1406 2605 1451 revocentur.
2650 1397 2799 1464 Quod
2828 1399 2873 1452 si
2915 1399 3079 1468 aliqui
3123 1414 3220 1469 per
3248 1403 3515 1470 ptenitcn-

1927 1489 2058 1543 tiam
2089 1488 2474 1551 irrevocabiles
2504 1496 2656 1553 sunt,
2700 1502 2800 1543 nec
2835 1490 3091 1543 admoniti
3136 1500 3511 1557 revertuntur;

1926 1586 2110 1648 postea
2154 1594 2338 1633 coram
2386 1578 2628 1633 Ecclesia
2675 1578 3021 1633 anathemate
3065 1581 3508 1646 condemnentur,

1924 1686 2032 1724 non
2056 1670 2216 1725 aliter
2235 1684 2397 1740 quam
2426 1670 2480 1723 hi
2509 1669 2598 1737 qui
2642 1670 2849 1724 detonsi
2880 1685 2911 1723 a
2934 1671 3247 1740 parentibus
3272 1671 3511 1738 fuerunt,

1925 1769 2019 1814 aut
2045 1769 2235 1829 sponte
2260 1774 2378 1825 sua,
2408 1760 2624 1813 amissis
2656 1759 2970 1829 parentibus
3005 1776 3065 1815 se
3098 1762 3242 1830 ipsos
3266 1759 3512 1832 religioni

227 1850 431 1910 praeter
478 1856 542 1895 ex
599 1838 804 1894 semine
850 1840 1063 1906 Aaron,
1114 1842 1182 1895 ad
1230 1842 1593 1896 sacerdotium
1642 1842 1823 1899 nullus
1854 1837 1897 1894 Β
1926 1850 2275 1913 devoverunt,
2309 1855 2364 1902 et
2402 1857 2589 1917 postea
2631 1848 2941 1903 srecularem
2984 1850 3226 1905 habitum
3270 1865 3513 1921 sumpse-

228 1932 411 1986 fuerat
442 1938 743 2001 praeceptus
786 1930 1073 1996 accedere;
1106 1939 1309 2000 quanto
1342 1930 1516 2001 magis
1558 1932 1603 1986 si
1638 1947 1821 1986 sacer-

226 2022 415 2085 dotes,
460 2020 545 2075 vel
593 2020 801 2085 levitas,
848 2020 1161 2091 pudicitiam
1204 2036 1270 2075 ex
1338 2021 1424 2076 die
1470 2022 1826 2076 ordinationis

226 2125 344 2165 suae
376 2125 594 2166 servare
619 2110 833 2176 debent,
865 2111 1061 2180 quibus
1086 2111 1171 2166 vel
1207 2112 1583 2177 sacerdotium,
1608 2111 1690 2167 vel
1723 2112 1824 2166 mi—

226 2204 516 2257 nisterium
563 2203 678 2257 sine
723 2203 1066 2258 successione
1110 2211 1212 2258 est.
1258 2202 1367 2258 Nec
1406 2204 1645 2273 przeterit
1685 2204 1820 2269 dies,

224 2304 339 2359 quo
385 2289 470 2345 vel
517 2289 799 2345 sacrificiis
850 2292 1079 2357 divinis,
1132 2292 1214 2346 vel
1258 2292 1595 2361 baptismatis
1649 2293 1824 2349 oilicio

228 2379 387 2455 [non]
422 2388 635 2436 vacent.
669 2378 825 2447 Nam,
855 2380 901 2435 si
928 2380 1125 2436 Paulus
1152 2382 1219 2437 ad
1244 2381 1552 2437 Corinthios
1581 2383 1824 2438 scribens

226 2473 350 2527 ait:
389 2491 408 2523 ι
446 2472 726 2527 Abstinete
750 2486 847 2526 vos
872 2472 940 2526 ad
967 2480 1196 2542 tempus,
1241 2481 1301 2526 ut
1344 2473 1549 2527 vacetis
1589 2473 1821 2528 orationi

234 2582 255 2614 ι
295 2563 349 2633 (1
374 2561 496 2617 Car.
530 2563 647 2633 vn),
686 2580 704 2612 ι
736 2569 792 2614 et
817 2561 921 2616 hoc
942 2562 1128 2630 utique
1157 2561 1309 2617 laicis
1329 2562 1621 2632 praecepit:
1655 2562 1823 2617 multo

226 2654 405 2722 magis
444 2652 775 2715 sacerdotes,
809 2651 1007 2720 quibus
1046 2660 1100 2705 et
1143 2652 1354 2715 orandi,
1386 2659 1439 2706 et
1482 2650 1821 2707 sacriﬁcandi

218 2743 428 2814 iugiter
474 2741 707 2796 oliicium
754 2750 859 2806 est,
907 2755 1120 2810 semper
1162 2741 1361 2796 debent
1406 2743 1474 2797 ab
1516 2742 1821 2813 huiusmodi

223 2834 504 2890 consortio
535 2833 826 2887 abstinere.
860 2832 985 2899 Qui,
1011 2834 1054 2886 si
1083 2834 1479 2889 contaminatus
1508 2833 1668 2888 fuerit
1697 2849 1821 2889 car-

223 2926 339 2981 nali
382 2924 841 2994 concupiscentia,
886 2938 992 2993 quo
1023 2924 1228 2993 pudore
1256 2923 1337 2978 vel
1367 2924 1677 2979 sacriﬁcare
1713 2923 1823 2979 for-

221 3019 372 3074 sitan
400 3016 683 3086 usurpabit
713 3034 725 3068 :
760 3024 854 3069 aut
880 3030 985 3084 qua
1011 3014 1374 3079 conscientia,
1411 3030 1585 3085 quove
1626 3015 1821 3069 merito

219 3106 473 3163 exaudiri
500 3121 558 3161 se
584 3105 774 3168 credit,
814 3121 934 3160 cum
968 3105 1169 3159 dictum
1199 3105 1308 3159 sit:
1347 3122 1365 3155 ι
1401 3104 1591 3160 Omnia
1620 3106 1817 3161 munda

226 3215 247 3248 ι
292 3196 539 3258 mundis;
585 3193 947 3263 coinquinatis
989 3202 1166 3248 autem
1211 3202 1267 3249 et
1327 3192 1630 3249 inﬁdelibus
1684 3194 1817 3248 nihil
1846 3177 1889 3238 C

228 3303 248 3335 ι
290 3291 376 3337 est
406 3284 682 3337 mundum.
722 3300 741 3334 ι

298 3373 434 3428 Item
462 3386 531 3426 ex
562 3371 795 3426 decretis
822 3370 1016 3425 Leonis
1041 3384 1213 3441 papze,
1241 3386 1360 3442 cap.
1396 3371 1480 3437 l7,
1507 3371 1767 3441 scriptum
1802 3390 1815 3426 :

224 3484 244 3514 ‹
285 3462 400 3517 Lex
432 3461 776 3517 continentiae
818 3462 1006 3515 eadem
1042 3471 1125 3516 est
1152 3460 1340 3516 altaris
1382 3460 1666 3526 ministris,
1703 3476 1821 3531 quce

219 3555 497 3624 episcopis
550 3563 711 3622 atque
758 3553 1129 3623 presbyteris:
1163 3554 1403 3622 quicum
1451 3561 1635 3608 essent
1677 3551 1816 3617 laici,

220 3647 346 3699 sive
383 3644 631 3707 lectores,
675 3642 820 3696 licite
850 3651 904 3695 et
943 3657 1141 3696 uxores
1179 3643 1398 3706 ducere,
1430 3650 1486 3695 et
1523 3641 1658 3696 filios
1697 3656 1823 3710 pro-

221 3750 419 3789 creare
446 3742 771 3803 potuerunt;
800 3733 891 3787 sed
916 3748 1036 3786 cum
1059 3740 1423 3802 pervenerunt
1446 3733 1512 3786 ad
1537 3733 1820 3800 prmdictos

219 3826 449 3896 gradus,
481 3824 644 3893 ccepit
671 3824 750 3878 eis
796 3839 900 3877 non
944 3823 1129 3886 licere,
1172 3822 1313 3891 quod
1344 3822 1511 3875 licuit.
1563 3822 1733 3885 Unde,
1764 3830 1819 3875 et

221 3917 294 3968 de
342 3913 566 3976 carnali,
619 3912 712 3966 flat
757 3912 1036 3981 spirituale
1070 3911 1394 3981 coniugium.
1440 3910 1664 3981 Oportet
1703 3928 1816 3977 eos,

223 4020 332 4061 nec
366 4005 638 4060 dimittere
664 4018 883 4063 uxores.
912 4014 966 4059 et
996 4003 1147 4073 quasi
1182 4019 1287 4059 non
1316 4004 1570 4069 habeant,
1614 4005 1691 4059 sic
1726 4005 1819 4059 ba-

221 4103 436 4165 bentes,
483 4117 590 4173 quo
621 4111 676 4156 et
712 4101 857 4155 salva
906 4101 975 4156 sit
1017 4100 1257 4154 charitas
1304 4099 1715 4163 connubiorum,
1766 4108 1820 4152 et

222 4201 404 4249 cesset
430 4191 672 4261 operatio
704 4190 1033 4259 nuptiarum.
1068 4208 1087 4240 ι

302 4282 433 4336 Item
468 4282 520 4335 iu
562 4279 971 4350 Carthaginiensi
1019 4279 1267 4343 concilio,
1301 4294 1418 4349 cap.
1450 4276 1538 4340 ΞΒ,
1572 4276 1819 4331 Aurelius

224 4374 519 4444 episcopus
545 4372 715 4428 dixit:
749 4390 767 4421 ι
801 4370 1084 4435 Addimus,
1114 4370 1307 4423 fratres
1331 4368 1652 4424 cbarissimi.
1678 4368 1821 4422 Prce-

229 4474 403 4528 terea,
437 4478 559 4517 cum
590 4461 658 4517 de
695 4462 1049 4531 quorumdam
1081 4460 1433 4525 clericorum,
1465 4459 1712 4528 quamvis
1740 4458 1817 4512 le-

230 4565 470 4618 ctorum,
502 4568 632 4622 erga
661 4568 857 4607 uxores
894 4553 1142 4623 proprias
1181 4551 1566 4605 incontinentia
1614 4549 1819 4605 refera—

231 4653 358 4709 tur,
387 4643 589 4714 placuit
624 4642 768 4711 quod
806 4649 859 4695 et
898 4640 1127 4695 diversis
1165 4638 1409 4693 conciliis
1444 4637 1821 4691 conﬁrmatum

228 4742 320 4790 cst
351 4752 363 4786 :
397 4732 743 4797 Subdiaconi,
775 4732 866 4801 qui
896 4746 1047 4786 sacra
1078 4729 1333 4800 mysteria
1364 4735 1733 4792 contrectant,
1768 4736 1823 4781 et

232 4825 484 4888 diaconi,
531 4834 586 4877 et
627 4822 959 4893 presbyteri,
1012 4822 1103 4876 sed
1150 4827 1204 4873 et
1247 4819 1483 4889 episcopi
1529 4820 1820 4873 secundum

230 4916 482 4987 priorum
525 4921 759 4977 statuta,
790 4914 953 4966 etiam
990 4913 1058 4967 ab
1088 4911 1346 4965 uxoribus
1387 4924 1446 4965 se
1484 4909 1818 4973 abstineant,

232 5012 298 5057 ut
341 5011 594 5072 tanquam
642 5018 747 5057 non
790 5002 1046 5055 habentes
1078 5014 1197 5054 esse
1235 4999 1534 5052 videantur.
1582 4998 1735 5064 Quod
1776 4998 1823 5053 si

231 5106 345 5148 non
388 5092 646 5157 fecerint,
689 5092 756 5145 ab
794 5090 1163 5146 ecclesiastico
1206 5100 1584 5142 removeantur
1624 5089 1821 5149 cilicio.

232 5181 474 5237 Caeteros
504 5193 681 5235 autem
707 5181 930 5234 clericos
956 5179 1022 5232 ad
1060 5180 1163 5233 hoc
1192 5193 1297 5232 non
1334 5178 1472 5247 cogi,
1504 5178 1605 5232 nisi
1650 5187 1823 5231 matu-

233 5270 368 5325 riori
402 5280 578 5325 actate.
618 5292 635 5323 ι

837 5368 1063 5423 CAPUT
1096 5367 1213 5420 ΧΠ.

417 5460 493 5513 Dc
522 5460 601 5513 his
627 5459 735 5525 qui,
764 5459 1113 5527 paenitentiam
1144 5457 1413 5515 violantes,
1445 5473 1650 5510 rursum

798 5538 1247 5597 ~prwvar.cnnlur.

308 5644 364 5699 In
390 5644 621 5699 concilio
646 5640 956 5704 Aureliano,
988 5656 1105 5709 cap.
1139 5640 1189 5700 7.
1226 5639 1484 5707 scriptum
1518 5639 1581 5692 de
1619 5639 1703 5692 bis
1730 5642 1820 5707 qui

229 5736 611 5806 pmnitcntiam
637 5724 841 5787 violant
869 5750 881 5783 :
922 5750 939 5781 ‹
977 5731 1037 5785 Ili
1073 5746 1218 5795 vero,
1247 5731 1338 5799 qui
1376 5738 1678 5798 susceptam
1707 5745 1816 5799 pce~

1847 4519 1899 4577 D

1924 1949 2070 1992 runt.
2118 1936 2284 1992 [idem
2310 1951 2338 1990 a
2376 1937 2653 1992 sacerdote
2681 1937 3022 2005 deprehensi,
3059 1940 3125 1993 ad
3154 1939 3359 1994 cultum
3390 1941 3518 1995 reli-

1922 2029 2116 2099 gionis,
2149 2036 2271 2083 acta
2315 2028 2466 2099 prius
2506 2030 2843 2097 paenitentia,
2886 2038 3226 2085 revocentur.
3268 2030 3419 2097 Quod
3463 2033 3509 2088 si

1923 2119 2121 2175 reverti
2150 2133 2258 2173 non
2285 2128 2533 2189 possunt,
2560 2127 2820 2189 apostataz
2846 2122 3206 2176 anathematis
3232 2123 3513 2179 sententia:

1922 2208 2293 2277 subiiciantur.
2326 2208 2457 2276 Quae
2490 2209 2665 2263 forma
2702 2211 3008 2264 servabitur
3047 2211 3210 2266 etiam
3251 2212 3305 2266 in
3338 2212 3514 2268 viduis

1921 2300 2325 2371 virginibusque
2350 2300 2543 2363 sacris,
2591 2315 2654 2356 ac
2681 2301 3065 2370 ptenitentibus
3109 2299 3348 2367 feminis,
3390 2317 3513 2372 qua:

1922 2388 2389 2445 sanctimonialem
2417 2390 2657 2444 habitum
2694 2391 2984 2445 induerunt
3013 2409 3024 2444 :
3064 2400 3117 2445 et
3148 2401 3337 2462 postea
3358 2432 3373 2459 ,
3417 2400 3511 2447 aut

1921 2487 2127 2533 vestem
2154 2486 2516 2543 mutaverunt,
2552 2486 2642 2532 aut
2668 2479 2733 2531 ad
2760 2480 2977 2548 nuptias
3010 2480 3357 2535 transierunt.
3392 2498 3411 2532 ι

1991 2566 2070 2620 Ex
2101 2567 2331 2621 decretis
2380 2565 2557 2621 Siricii
2593 2582 2763 2637 papae,
2798 2583 2917 2637 cap.
2953 2568 3016 2622 It)
3049 2587 3062 2621 :
3100 2587 3118 2621 ‹
3155 2571 3229 2624 De
3272 2571 3355 2625 bis
3384 2583 3511 2625 vero

1922 2672 2028 2710 non
2060 2656 2352 2725 incongrue
2388 2658 2603 2712 dilectio
2641 2669 2728 2712 tua
2769 2660 3132 2729 Apostnlicam
3176 2661 3359 2715 sedem
3387 2674 3508 2715 cre-

1922 2747 2058 2801 didit
2106 2747 2507 2812 consulendam,
2553 2748 2644 2817 qui
2684 2759 2807 2802 acta
2861 2749 3201 2818 poenitentia,
3252 2759 3508 2820 tanquam

1922 2852 2085 2893 canes
2122 2853 2186 2891 ac
2224 2851 2347 2893 sues
2373 2839 2440 2893 ad
2467 2838 2699 2892 vomitus
2722 2839 2999 2907 pristinos,
3031 2847 3085 2892 et
3110 2839 3387 2893 volutabra
3420 2854 3509 2895 re-

1922 2928 2169 2993 deuntes,
2194 2937 2249 2982 et
2277 2928 2479 2987 militia:
2507 2930 2796 2998 cingulum,
2832 2938 2887 2982 et
2925 2929 3159 2983 lubricas
3186 2930 3509 3000 voluptates,

1921 3024 1976 3069 et
2002 3031 2140 3070 nova
2166 3015 2435 3085 coniugia,
2464 3025 2518 3070 et
2540 3016 2804 3069 inliibitos
2839 3017 3014 3071 denuo
3041 3018 3348 3087 appetivere
3377 3032 3507 3073 con-

1922 3105 2157 3169 cubitus,
2188 3119 2417 3173 quorum
2444 3104 2739 3173 professum
2772 3106 3238 3169 incontinentiam,
3268 3106 3510 3176 generati

1921 3204 2043 3265 post
2070 3194 2461 3250 absolutionem
2506 3194 2599 3249 filii
2644 3196 2948 3264 prodidere.
3002 3197 3072 3249 De
3100 3196 3295 3264 quibus
3322 3196 3505 3259 etiam,

1921 3289 2046 3357 quia
2076 3287 2360 3358 suﬂ’ugium
2408 3304 2514 3343 non
2564 3290 2764 3342 habent
2807 3289 3125 3356 ptenitendi,
3171 3289 3222 3342 id
3257 3288 3510 3343 duximus

1921 3379 2317 3433 decernendum
2346 3418 2360 3441 ,
2417 3388 2475 3431 ut
2536 3378 2649 3432 sola
2707 3379 2846 3431 intra
2914 3378 3207 3433 Ecclesium
3265 3379 3510 3434 ﬁdelibus

1920 3470 2165 3523 oratione
2208 3467 2530 3538 iungantur.
2550 3483 2717 3522 sacra:
2757 3470 3136 3538 mysteriorum
3184 3468 3507 3535 celebritati,

1921 3560 2167 3629 quamvis
2198 3575 2303 3614 non
2334 3572 2664 3623 mereantur,
2702 3560 2971 3615 intersint.
2997 3562 3044 3615 A
3084 3560 3377 3616 Dominicaz
3409 3575 3507 3615 au-

1923 3660 2030 3704 tem
2071 3664 2268 3704 mensa:
2298 3650 2542 3703 convivio
2570 3658 2941 3719 segregentur,
2980 3658 3037 3704 ut
3077 3650 3176 3703 bac
3204 3636 3508 3704 saltemwdi-

1920 3746 2202 3800 strictione
2225 3744 2493 3813 correpti,
2516 3752 2570 3798 et
2602 3744 2701 3813 ipsi
2730 3744 2783 3797 in
2807 3759 2866 3797 se
2892 3758 2986 3799 sua
3012 3751 3189 3798 errata
3220 3743 3507 3813 castigent,

1921 3842 1977 3888 et
2018 3834 2141 3888 aliis
2184 3834 2486 3904 exemplum
2540 3834 2798 3898 tribuant,
2847 3843 3110 3903 quatenus
3157 3834 3223 3887 ab
3260 3833 3511 3888 obscenis

1920 3926 2307 3995 cupiditatibus
2345 3926 2707 3979 retrahantur.
2750 3925 2953 3991 Quibus
2987 3933 3199 3989 tamen,
3231 3925 3353 3995 quia
3386 3938 3511 3979 car-

1923 4017 2029 4070 nali
2076 4016 2366 4086 fragilitate
2415 4016 2679 4079 cecidere,
2739 4017 2931 4071 viatico
2976 4030 3217 4082 munere,
3268 4031 3389 4071 cum
3439 4015 3507 4071 ad

1922 4106 2089 4159 Deum
2120 4106 2383 4174 cmperint
2415 4106 2701 4174 proﬁcisci,
2733 4122 2827 4175 per
2854 4107 3246 4161 communionis
3275 4106 3505 4177 gratiam

1921 4195 2167 4250 volumus
2190 4196 2479 4249 subveniri.
2511 4198 2680 4262 Quam
2716 4197 2963 4261 fortnam,
2994 4206 3047 4250 et
3069 4198 3210 4251 circa
3235 4198 3506 4263 mulieres,

1922 4302 2041 4355 quae
2075 4302 2131 4342 se
2174 4296 2297 4357 post
2340 4287 2709 4356 pmuitentiam
2756 4288 2948 4341 talibus
2990 4287 3371 4357 pollutionibus
3411 4284 3509 4342 de;

1921 4379 2229 4444 vinxerunt,
2262 4380 2578 4433 servandam
2609 4393 2728 4432 esse
2752 4393 3051 4431 censemus.
3084 4398 3102 4429 ι
3136 4377 3265 4431 Item
3298 4378 3349 4431 in
3380 4367 3525 4432 con-5

1924 4470 2048 4525 cilio
2068 4470 2391 4531 Arelatensi,
2423 4485 2542 4537 cap.
2580 4470 2635 4522 Il
2674 4484 2688 4521 :
2726 4487 2743 4520 ι
2784 4468 3132 4534 Pceuitentes,
3164 4484 3283 4538 quae
3313 4468 3507 4523 defun-

1926 4571 2013 4614 cto
2043 4560 2157 4612 viro
2184 4559 2306 4613 aliis
2344 4560 2545 4613 nubere
2590 4558 3031 4626 prtesumpserint
3057 4598 3072 4623 ,
3114 4557 3199 4611 vel
3237 4567 3505 4627 suspecta,

1922 4649 2007 4702 vel
2042 4648 2327 4702 interdicta
2372 4647 2756 4708 familiaritate,
2793 4662 2912 4701 cum
2943 4660 3200 4700 extraneo
3241 4645 3344 4718 [se]
3382 4645 3508 4714 iun-

1924 4737 2121 4801 xerint,
2164 4752 2288 4791 cum
2332 4738 2519 4792 eodem
2562 4737 2631 4789 ab
2678 4734 2929 4790 Ecclesia:
2968 4736 3153 4789 limine
3197 4744 3503 4790 arceantur.

1924 4824 2050 4880 Hzec
2078 4825 2242 4880 etiam
2273 4826 2338 4881 de
2368 4826 2484 4879 viro
2506 4826 2558 4879 in
2583 4825 2901 4893 pmiiitentia
2930 4824 3129 4895 placuit
3154 4826 3447 4880 observari.
3484 4846 3501 4877 ι

2520 4958 2747 5013 CAPUT
2784 4958 2916 5012 XIII.

1927 5070 2079 5137 Quod
2115 5070 2471 5142 paenitentibus
2512 5072 2567 5123 in
2596 5087 2739 5124 caena
2773 5070 2982 5124 Domini
3013 5071 3078 5124 sit
3121 5071 3503 5127 remittendum.

1996 5182 2127 5237 Item
2158 5198 2221 5237 ex
2249 5182 2483 5237 decretis
2508 5182 2800 5236 Innocentii
2832 5196 3001 5251 papre,
3026 5196 3143 5249 cap.
3171 5180 3221 5244 7,
3248 5182 3503 5249 scriptum

1928 5283 2052 5328 est:
2094 5292 2112 5323 ‹
2148 5273 2222 5326 De
2259 5274 2642 5342 ptenitentibus
2676 5283 2853 5327 autem
2893 5274 3005 5342 qui,
3039 5274 3151 5327 sive
3202 5288 3264 5325 ex
3298 5276 3507 5340 gravio-

1930 5365 2077 5419 ribus
2123 5366 2456 5427 commissis,
2505 5365 2618 5419 sive
2672 5381 2737 5419 ex
2792 5365 3079 5419 levioribus
3132 5365 3501 5433 pcenitentiain

1928 5462 2169 5524 egerunt,
2218 5456 2262 5509 si
2313 5455 2452 5509 nulla
2500 5456 2784 5507 intervenit
2823 5454 3104 5524 (egritudo,
3136 5469 3168 5504 v
3211 5453 3343 5506 feria
3380 5456 3505 5504 ante

1927 5545 2129 5598 Pascha
2156 5545 2236 5598 eis
2266 5546 2645 5599 remittendum
2663 5585 2676 5608 ,
2719 5544 2973 5598 Romana:
3001 5543 3252 5597 Ecclesia:
3274 5557 3499 5596 consue—

1929 5636 2053 5688 tudo
2091 5635 2442 5689 demonstrat.
2487 5634 2752 5688 C.eterum
2799 5636 2863 5689 de
2911 5634 3146 5703 pondere
3190 5632 3503 5687 aestimando

1926 5726 2262 5793 delictorum,
2300 5729 2595 5783 sacerdotis
2633 5734 2716 5783 est
2753 5726 3014 5797 iudicare,
3058 5734 3117 5780 ut
3159 5724 3396 5779 attendat
3436 5723 3503 5777 ad
