3960 6368
488 334 595 418 te:

1156 356 1215 409 Β.
1259 355 1513 410 RABANI
1555 355 1771 411 ΜΛυηί
1810 353 2134 412 ARCIIIEP.
2175 353 2483 411 MOGUNT.
2522 352 2808 410 OPERUM
2847 351 3026 406 PARS
3066 352 3127 406 ll.

3674 354 3768 407 £3!

484 469 885 528 confessionem
908 467 1222 534 pa‘niteutis
1269 476 1324 520 et
1349 467 1413 520 ad
1447 466 1601 520 lituus
1625 474 1785 535 atque
1811 466 2080 536 lacrymas
2107 469 2155 528 Λ
2184 466 2366 521 utilius
2396 474 2501 531 est,
2538 466 2817 537 dispendia
2861 466 2996 536 pati,
3036 482 3197 535 quant
3247 465 3499 537 periculis
3535 469 3773 537 negotia-

483 560 849 631 corrigentis:
878 572 941 611 ac
968 566 1093 610 tunc
1112 556 1305 626 jubere
1336 556 1553 618 dimitti,
1579 571 1699 610 cum
1726 556 1922 611 viderit
1951 556 2083 611 satis

490 665 786 724 congruam
809 645 1257 703 satisfactionem.
1288 646 1346 701 Si
1370 646 1493 715 quis
1524 654 1703 699 autem
1733 646 1786 699 in
1809 645 2086 715 aegritudi~

493 762 618 803 nem
656 745 869 807 incidit,
904 753 1066 811 atque
1096 758 1265 811 usque
1294 744 1360 797 ad
1388 742 1822 813 desperationem
1857 742 2084 797 devene-

491 838 590 900 rit,
631 836 679 890 ei
709 842 792 889 est
818 841 943 887 ante
976 843 1184 902 tempus
1210 833 1433 887 Pascha:
1470 832 1818 888 relaxandum
1840 873 1857 897 ,
1886 848 1992 887 non
2022 833 2088 888 de

490 926 690 984 saeculo
718 927 921 995 absque
949 925 1327 978 communione
1355 906 1612 979 disceda't.
1654 942 1674 975 ι

1087 1028 1315 1091 CAPUT
1357 1033 1492 1090 XIV.

640 1126 792 1192 Quod
822 1125 954 1180 nulli
983 1126 1165 1179 ultima
1193 1125 1497 1195 pamiteutin
1523 1125 1588 1179 sit
1618 1126 1945 1196 deneganda.

562 1217 621 1272 In
652 1211 886 1273 decretis
908 1217 1185 1272 Caelestini
1222 1232 1388 1285 papm,
1420 1231 1542 1285 cap.
1574 1216 1663 1284 15,
1698 1217 1958 1285 scriptum
1985 1226 2089 1282 cst,

492 1311 636 1381 quod
669 1310 797 1364 nulli
825 1310 1010 1363 ultima
1040 1304 1353 1379 paenitentia
1382 1309 1452 1362 sit
1479 1310 1787 1378 deneganda
1815 1327 1826 1361 :
1860 1327 1877 1358 ι
1911 1310 2095 1380 Agno-

493 1403 671 1459 vimus
702 1404 847 1457 enim
879 1402 1257 1473 pmuitentiam
1290 1402 1648 1457 morientibus
1676 1403 1953 1474 denegari,
1993 1418 2093 1459 nec

498 1493 710 1548 illorum
747 1492 1030 1548 desideriis
1076 1490 1263 1557 annui,
1310 1491 1425 1561 qui,
1468 1492 1647 1547 obitus
1695 1496 1776 1548 sui
1828 1504 2092 1565 tempore,

497 1584 693 1637 animae
745 1597 855 1637 sum
903 1582 1128 1651 cupiunt
1168 1581 1463 1636 subveniri.
1521 1580 1841 1649 Horremus,
1897 1583 2092 1649 fateor,

499 1677 662 1730 tante
692 1674 985 1745 impietatis
1028 1673 1259 1742 aliquem
1290 1672 1536 1741 reperiri,
1570 1682 1628 1727 ut
1660 1675 1726 1728 de
1753 1672 1849 1728 Dei
1896 1675 2096 1745 pietate

498 1766 767 1835 deSperet,
792 1763 945 1834 quasi
978 1770 1084 1819 non
1113 1763 1283 1833 possit
1307 1763 1371 1818 ad
1393 1778 1450 1817 se
1473 1764 1664 1833 quovis
1688 1748 1938 1833 tempore
1965 1770 2094 1819 eon-

2188 558 2348 613 tionis
2396 558 2680 627 obstringi,
2722 559 2849 627 quia
2892 556 3102 613 dillicile
3140 566 3222 612 est
3263 558 3404 613 inter
3447 558 3681 613 ementis
3719 568 3777 612 et

2188 648 2470 703 vendentis
2494 648 2878 703 commercium
2916 662 3020 700 non
3052 648 3379 701 intervenire
3409 654 3712 717 peccatum.
3751 667 3769 699 ι

2257 735 2492 792 Isidorus
2532 738 2585 791 in
2626 736 2763 791 libro
2805 735 3155 791 Ollieiorum:
3196 754 3215 789 ‹
3251 735 3333 798 Hi,
3382 737 3473 806 qui
3514 736 3779 806 pmniten-

2188 828 2320 881 tiam
2349 838 2562 899 gerunt,
2591 828 2813 897 capillos
2840 837 2895 882 et
2924 829 3150 883 barbam
3179 828 3440 888 nutriant,
3472 838 3530 881 ut
3555 829 3778 883 demon-

2189 927 2362 973 strent
2387 919 2769 974 abundantiam
2801 920 3086 973 criminum
3120 935 3132 971 :
3167 918 3360 988 quitus
3390 926 3551 988 caput
3590 931 3781 987 pecca-

2192 1008 2327 1063 toris
2353 1020 2625 1076 gravatur.
2677 1007 2865 1079 Capilli
2910 1010 3052 1063 enim
3092 1022 3190 1077 pro
3225 1008 3372 1061 vitiis
3418 1008 3776 1075 accipiuntur,

2190 1099 2333 1153 sicut
2371 1100 2629 1168 scriptum
2673 1108 2798 1154 est:
2838 1118 2855 1149 ι
2896 1099 2957 1152 Εῑ
2989 1099 3229 1152 crinibus
3269 1105 3611 1168 peccatorum
3654 1110 3780 1152 suo-

2193 1207 2312 1245 rum
2335 1191 2706 1260 unusquisque
2731 1189 3138 1260 constringitur.
3177 1207 3195 1239 ι

2781 1294 3008 1353 CAPUT
3051 1296 3189 1350 XVI.

2320 1390 2404 1445 Ne
2430 1390 2545 1461 quis
2570 1397 2683 1459 post
2711 1387 3063 1458 paenitentiam
3097 1385 3281 1440 redeat
3305 1385 3374 1438 ad
3399 1383 3661 1438 militiam.

2265 1501 2398 1558 Item
2442 1501 2497 1557 in
2543 1500 2747 1554 eisdem
2790 1498 3041 1571 decretis,
3092 1511 3211 1566 cap.
3254 1494 3346 1562 2i,
3392 1494 3655 1563 scriptum
3700 1503 3784 1549 est

2196 1590 2338 1665 quod
2366 1589 2559 1660 aliquis
2587 1589 2655 1644 ad
2692 1587 2938 1643 militiam
2987 1586 3304 1644 saecularem
3347 1593 3470 1653 post
3507 1584 3783 1652 poeniten-

2197 1674 2537 1744 tiam’redire
2578 1695 2691 1751 non,
2716 1678 2953 1755 debeat:
2991 1697 3009 1728 ι
3045 1676 3389 1732 Contrarium
3429 1685 3514 1730 est
3560 1676 3785 1731 omnino

2196 1769 2580 1837 ecclesiasticis
2613 1755 2835 1841 regulis,
2870 1774 2991 1838 post
3017 1766 3351 1837 paenitentiae
3391 1765 3661 1822 actionem
3701 1781 3785 1818 re-

503 1856 731 1910 vertenti
761 1865 1099 1919 succurrere,
1132 1865 1196 1907 a‘c
1222 1852 1620 1921 periclitantem
1644 1851 1745 1906 sub
1774 1850 1937 1909 onere
1969 1868 2095 1923 pec-
2124 1830 2167 1888 Β
2196 1861 2312 1917 dire
2346 1862 2413 1916 ad
2449 1860 2697 1927 militiam
2736 1858 3067 1921 smcularem,
3108 1870 3231 1910 cum
3250 1842 3552 1926 Apostolus
3590 1855 3736 1909 dicat
3765 1868 3781 1909 ε

501 1955 748 2003 catorum
773 1943 1046 2000 hominem
1074 1943 1332 2013 pondere,
1366 1952 1472 2011 quo
1508 1956 1568 1995 se
1598 1940 1688 1997 ille
1726 1942 1982 2012 expedire
2010 1942 2102 1997 de-

502 2036 727 2097 siderat,
780 2034 1030 2089 liberare.
1082 2032 1221 2099 Quid
1272 2031 1374 2087 hoc
1420 2046 1552 2102 rogo
1598 2031 1741 2085 aliud
1790 2027 1891 2097 est,
1936 2032 2101 2101 quam

506 2123 756 2180 morienti
795 2131 1023 2178 mortem
1051 2120 1271 2187 addere,
1315 2130 1477 2191 atque
1518 2122 1753 2176 animam
1784 2136 1881 2177 sua
1912 2122 2104 2177 crude-

507 2216 673 2280 litate,
704 2230 774 2270 ne
807 2214 1051 2269 absoluta
1081 2211 1248 2286 [esse]
1278 2213 1470 2283 possit,
1497 2212 1776 2279 occidere;
1807 2214 1931 2269 cum
1959 2208 2103 2269 Deus

508 2306 575 2360 ad
607 2304 1031 2361 subveniendum
1056 2302 1449 2373 paratissimus,
1478 2302 1712 2357 inritans
1742 2304 1808 2357 ad
1838 2302 2106 2373 paeniten-

510 2397 677 2460 tiam,
736 2395 815 2450 sic
846 2393 1148 2465 promittat
1204 2392 1475 2463 peccatori
1519 2410 1533 2445 :
1587 2410 1605 2443 ι
1651 2392 1981 2462 Quaeuuqu‘e
2014 2391 2108 2445 die

516 2506 535 2539 ι
573 2502 867 2543 conversus
912 2484 1094 2549 fuerit,
1141 2492 1363 2555 peccata
1402 2484 1521 2555 ejus
1565 2498 1669 2539 non
1714 2483 2108 2553 reputabuntur

519 2596 537 2630 ι
575 2578 644 2633 ei.
680 2597 700 2631 ι
746 2577 831 2631 Et
854 2576 1048 2630 iterum
1082 2592 1097 2630 :
1147 2593 1165 2625 ‹
1198 2574 1332 2630 Nolo
1371 2570 1599 2628 martem
1642 2573 1966 2644 peccatoris,
2004 2556 2109 2626 Used

520 2688 537 2716 ι
578 2675 785 2721 tantum
830 2675 890 2720 ut
936 2673 1286 2721 convertatur
1331 2672 1384 2720 et
1426 2664 1591 2718 vivat.
1630 2683 1649 2716 ι
1689 2662 1926 2718 Salutem
1980 2677 2109 2734 ergo

516 2757 719 2814 bomini
746 2755 954 2822 adimit,
983 2755 1225 2825 quisquis
1251 2754 1445 2809 mortis
1470 2763 1709 2823 tempore
1733 2752 2109 2823 pcenitentiam

515 2850 879 2921 denegaverit.
932 2848 1000 2902 Et
1048 2847 1358 2918 desperavit
1406 2846 1472 2901 de
1516 2845 1801 2900 clementia
1853 2843 1973 2910 Dei,
2019 2844 2111 2913 qui

517 2954 640 2995 cum
691 2939 756 2993 ad
806 2936 1229 2993 subveniendum
1281 2933 1532 2989 morienti
1575 2932 1820 2989 suﬂicere
1864 2931 1949 2987 vel
1997 2946 2113 2986 mo-

524 3036 706 3083 mento
730 3041 889 3097 posse
915 3040 1021 3080 non
1050 3024 1299 3080 credidit.
1332 3023 1660 3078 Perdidisset
1686 3022 1826 3076 latro
1855 3022 1908 3076 in
1948 3032 2112 3077 cruce

523 3116 801 3187 prtemium
830 3114 897 3170 ad
921 3113 1123 3169 Christi
1149 3112 1396 3168 dextram
1419 3110 1677 3182 pendens,
1705 3110 1751 3165 si
1779 3110 1927 3165 illum
1953 3110 2112 3165 unius

523 3210 670 3263 horae
701 3204 1031 3276 paenitentia
1065 3219 1171 3259 non
1197 3201 1449 3272 iuvisset.
1490 3202 1625 3258 Cum
1663 3210 1807 3257 esset
1841 3202 1895 3256 in
1928 3214 2111 3271 pmna,

522 3297 805 3369 pmnituit,
850 3303 903 3351 et
931 3306 1029 3364 per
1053 3292 1215 3348 unius
1243 3291 1509 3347 sermonis
1537 3288 1927 3360 professionem
1962 3289 2115 3344 habi-

530 3388 762 3445 taculum
794 3382 1051 3459 paradisi,
1082 3383 1194 3438 Deo
1224 3382 1592 3453 promittente,
1627 3380 1945 3451 promeruit.
1975 3377 2114 3433 Vera

529 3495 659 3551 ergo
687 3478 753 3534 ad
780 3479 949 3532 Deum
972 3473 1256 3530 conversio
1282 3471 1566 3527 in‘ultimis
1585 3471 1907 3540 positorum,
1936 3477 2117 3525 mente

529 3570 708 3641 potius
731 3565 1049 3622 aestumanda
1079 3571 1184 3629 est,
1213 3577 1374 3634 quam
1403 3572 1664 3631 tempore.
1696 3558 1967 3631 PrOpheta
1999 3560 2118 3614 tali-

530 3673 614 3718 ter
645 3664 746 3717 hoc
779 3667 1056 3713 asserente
1086 3673 1098 3709 :
1131 3654 1264 3711 Cmn
1302 3667 1595 3708 conversus
1632 3651 1978 3721 ingemueris,
2013 3650 2121 3707 sal-

531 3768 631 3807 vus
658 3750 787 3806 eris.
818 3736 952 3804 cum
992 3761 1123 3817 ergo
1170 3744 1429 3800 Dominus
1479 3743 1553 3797 sit
1597 3740 1776 3796 cordis
1826 3742 2117 3811 inspector,

531 3841 724 3914 quovis
746 3846 985 3907 tempore
1006 3851 1114 3891 non
1139 3844 1225 3914 est
1253 3830 1565 3903 deneganda
1593 3830 1909 3900 poenitentia
1936 3838 2120 3900 postu-

533 3908 687 3994 lauti,
716 3943 839 3985 cum
865 3934 925 3984 se
948 3908 1158 3998 obliget
1166 3924 1334 3995 jndiei
1360 3924 1448 3979 cui
1472 3921 1680 3978 occulta
1705 3920 1886 3976 omnia
1913 3920 2124 3975 neverit

534 4022 787 4081 revelari.

1137 4105 1363 4163 CAPUT
1402 4102 1518 4159 XV.

539 4204 605 4261 Ut
637 4205 723 4277 qui
749 4219 842 4277 pro
872 4199 1070 4255 iliiritis
1097 4199 1297 4254 veniam
1325 4199 1485 4277 petit,
1508 4196 1663 4277 etiam
1692 4212 1732 4277 al
1754 4194 1941 4251 multis
1967 4195 2124 4277 licitis

607 4264 661 4330 δέ
682 4264 963 4334 abstineat,
990 4287 1081 4323 uec
1102 4264 1333 4338 tempore
1350 4266 1686 4336 paenitudinis
1715 4264 1866 4321 lucra
1893 4268 2128 4336 negotia-

611 4345 767 4398 tionis
798 4349 1055 4397 exerceat.
1132 4383 1134 4385 ,

610 4457 665 4511 in
702 4454 935 4511 decretis
975 4449 1171 4506 Leonis
1209 4463 1385 4519 papae,
1427 4461 1545 4518 cap.
1590 4446 1683 4511 22,
1732 4448 1989 4517 scriptum
2019 4455 2123 4509 est,
2153 4496 2201 4519 ﬂ,

2202 1972 2220 2005 ι
2256 1947 2426 2037 Nemo
2452 1940 2689 2018 militans
2725 1952 2855 2016 Deo.
2892 1948 3124 2021 applicat
3151 1964 3209 2005 se
3239 1947 3587 2007 s'ectdaribus
3620 1963 3785 2018 nego.

2198 2044 2307 2121 tiis.
2342 2063 2361 2096 ι
2396 2042 2550 2101 Unde
2592 2058 2701 2097 non
2741 2049 2825 2095 cst
2864 2040 2997 2097 liber
3030 2054 3062 2092 a
3104 2038 3311 2109 laqueis
3342 2037 3562 2103 diaboli,
3598 2039 3693 2107 qui
3728 2050 3787 2092 se

2200 2128 2390 2190 militia
2422 2134 2693 2193 mundana
2724 2129 2837 2186 vult
2867 2130 3164 2201 implicare.
3204 2149 3223 2181 ι

2775 2242 3007 2299 CAPUT
3046 2241 3207 2299 XVII.

2241 2335 2394 2402 Quod
2416 2335 2731 2406 quibusdam
2752 2335 3120 2418 pauitantibus
3149 2334 3371 2404 prittiua
3398 2335 3753 2393 concedantur

2865 2422 3134 2484 conjugia.

2276 2519 2332 2575 In
2360 2519 2590 2579 concilio
2618 2518 2881 2575 Toletauo
2904 2518 3167 2589 scriptum
3191 2525 3275 2574 est
3299 2517 3439 2588 quod
3464 2518 3787 2588 quibusdam

2205 2612 2591 2686 pmnitent'tbus
2612 2611 2840 2681 pristina
2870 2611 3162 2667 reddantur
3189 2609 3432 2680 coniugia
3464 2627 3477 2663 :
3513 2627 3534 2660 ί
3570 2609 3787 2679 Antiqui

2207 2712 2263 2763 et
2284 2703 2609 2759 sattctissimi
2638 2711 2721 2757 est
2756 2701 2935 2757 Patris
2958 2700 3223 2757 sententia
3245 2714 3395 2769 papa:
3415 2700 3631 2763 Leonis,
3660 2707 3722 2753 ut
3745 2700 3789 2755 is

2206 2794 2300 2865 qui
2336 2794 2390 2849 in
2426 2800 2586 2849 aetate
2616 2791 2991 2849 adolescentia:
3024 2791 3250 2860 positus,
3288 2791 3414 2845 dum
3454 2787 3791 2845 mortisst‘or-

2210 2884 2378 2938 midat
2404 2898 2612 2946 casum,
2652 2882 2957 2951 pervenerit
2992 2880 3059 2935 ad
3095 2880 3423 2949 paenitentia
3460 2881 3788 2945 remedium;

2211 2976 2258 3030 si
2284 2985 2369 3030 est
2391 2973 2630 3045 jugatus,
2658 2983 2713 3029 et
2738 2972 2877 3029 forte
2912 2973 3075 3029 fuerit
3109 2971 3462 3035 incontinens,
3502 2986 3584 3026 ne.
3608 2980 3791 3039 postea

2214 3067 2465 3123 adulterii
2493 3067 2735 3139 incurrat
2765 3065 3006 3134 lapsum,
3037 3065 3222 3119 redeat
3248 3063 3631 3133 adipristinum
3659 3077 3789 3119 wu-

2139 3169 2187 3233 c
2210 3155 2438 3227 jugium,
2459 3170 2739 3226 quousque
2759 3155 2930 3225 possit
2949 3152 3175 3223 adipisci
3201 3152 3457 3225 temporis
3484 3150 3792 3205 maturitate

2214 3254 2411 3302 statum
2439 3246 2804 3313 continentiae.
2836 3244 2989 3310 Quod
3012 3258 3110 3301 nos
3137 3244 3202 3298 de
3228 3241 3442 3299 feminis
3458 3240 3791 3311 judicamus,

2215 3336 2465 3393 similiter
2492 3336 2558 3391 de
2580 3336 2714 3390 viris
2738 3349 3042 3395 censemus,
3087 3347 3191 3388 non
3222 3333 3436 3402 quidem
3468 3330 3794 3401 generaliter

2214 3436 2270 3482 et
2290 3427 2530 3498 legitime
2550 3433 2908 3496 praceptum;
2942 3425 3034 3481 sed
3063 3429 3274 3479 constat
3307 3438 3337 3477 a
3376 3421 3660 3491 nobispro
3697 3422 3793 3475 bu-

2217 3534 2373 3572 mnna
2411 3517 2700 3588 fragilitate
2737 3515 3034 3578 indultum,
3078 3529 3143 3569 ea
3184 3514 3444 3569 duntaxat
3474 3513 3707 3575 ratione,
3736 3519 3793 3565 ut

2218 3608 2261 3663 si
2292 3608 2363 3673 is,
2398 3607 2490 3677 qui
2519 3605 2850 3676 poenitentia:
2877 3604 3085 3676 legibus
3127 3617 3230 3657 non
3258 3610 3344 3657 est
3372 3600 3603 3665 deditus,
3636 3610 3799 3653 antea

2217 3699 2284 3752 ab
2309 3699 2414 3755 hac
2440 3698 2553 3751 vita
2582 3696 2916 3759 discesserit,
2947 3706 3107 3764 quam
3130 3709 3198 3749 ex
3229 3692 3497 3747 censensu
3522 3690 3590 3746 ad
3617 3690 3806 3745 conti»

2217 3791 2457 3845 nentiam
2505 3790 2765 3852 veniant,
2818 3787 3091 3857 superstiti
3147 3800 3252 3839 non
3298 3784 3457 3839 liceat
3504 3784 3685 3837 denuo
3730 3782 3795 3836 ad

2219 3881 2404 3936 uxoris
2426 3878 2661 3935 transire
2684 3879 2990 3947 amplexus;
3024 3877 3067 3932 si
3097 3885 3278 3930 autem
3310 3875 3451 3929 illius
3480 3874 3602 3927 vitae
3628 3872 3795 3927 exstia

2220 3972 2349 4027 terit
2386 3979 2680 4041 superstes,
2724 3971 2812 4038 qui
2861 3983 2967 4023 non
2992 3967 3190 4037 accipit
3226 3964 3535 4036 paenitentis
3578 3960 3795 4016 benedi-

2221 4063 2484 4126 ctionem,
2523 4061 2690 4114 nubat
2720 4060 2763 4114 si
2792 4058 3069 4113 continere
3095 4071 3198 4109 non
3237 4061 3444 4123 potest,
3484 4059 3539 4107 et
3569 4050 3792 4105 alterius

2221 4155 2411 4209 uxoris
2435 4152 2707 4208 consortio
2736 4150 2966 4204 fruatur.
2997 4148 3149 4215 Quod
3174 4148 3239 4201 de
3267 4154 3496 4215 utroque
3518 4158 3651 4198 sexu
3672 4141 3792 4211 pari

2224 4243 2383 4298 modo
2416 4256 2451 4295 a
2483 4239 2638 4294 nobis
2670 4238 3009 4293 manifestum
3040 4246 3124 4292 est
3151 4234 3387 4298 decerni,
3427 4234 3501 4286 ita
3527 4232 3790 4292 videlicet,

2224 4341 2285 4388 ut
2312 4332 2365 4387 in
2402 4331 2486 4387 his
2520 4329 2773 4386 omnibus
2800 4327 3096 4386 sacerdotis
3135 4324 3402 4379 ordinatio
3434 4331 3791 4390 exspectetur,

2226 4432 2287 4478 ut
2324 4422 2478 4491 juxta
2502 4420 2722 4491 quidem
2763 4426 2975 4475 aetatem
3019 4425 3198 4487 aptam
3243 4412 3598 4483 perspexerit,
3630 4410 3795 4466 conti»

706 4504 963 4613 ngtggt
976 4504 1121 4594 θαλίη,
1161 4504 1251 4608 (Ilii
1284 4504 1393 4607 ’ρης
1432 4504 1635 4591 inicius
1672 4504 1885 4591 κώεά,
1925 4504 2121 4605 poscit;
2153 4504 2202 4565 Ι)
2229 4514 2443 4579 nentiae,
2465 4509 2817 4567 absolutionis
2843 4508 2928 4563 vel
2956 4507 3306 4563 districtionis
3330 4506 3527 4561 tribuat
3552 4504 3745 4574 legem.
3765 4520 3787 4560 ρ

542 4642 705 4695 etiam
742 4652 772 4690 a
801 4634 983 4690 multis
1008 4631 1170 4686 licitis
1204 4631 1477 4685 abstinere
1508 4647 1522 4682 :
1562 4646 1581 4680 ι
1618 4628 1778 4682 Aliud
1801 4628 2016 4698 quidem
2041 4634 2127 4682 est

544 4732 724 4789 debita
767 4727 912 4797 iusta
955 4703 1278 4795 reposcere:
1307 4720 1454 4775 aliud
1497 4720 1734 4790 propria,
1780 4717 2129 4788 perfectionis

546 4834 731 4876 amore
758 4825 1135 4877 contemnere;
1161 4812 1254 4865 sed
1281 4810 1593 4864 illicitorum
1618 4807 1833 4862 veniam
1857 4804 2128 4875 postulan—

547 4925 657 4970 tem
685 4917 897 4982 oportet
935 4906 1098 4962 etiam
1132 4919 1173 4957 a.
1202 4902 1365 4958 licitis
1403 4900 1693 4962 abstinere,
1732 4899 1947 4953 dicente
1992 4895 2128 4965 Apo-

552 5002 687 5061 rtolo
720 5019 732 5054 :
769 5019 787 5051 ι
822 4997 1014 5053 Omnia
1044 4993 1257 5064 quidem
1284 4993 1469 5056 licent,
1501 4990 1594 5045 sed
1631 5003 1737 5043 non
1761 4987 1941 5042 omnia
1973 5001 2130 5053 cxpe-

560 5112 578 5145 ‹
609 5092 779 5146 diunt.
816 5107 834 5141 ι
869 5086 1041 5149 Unde,
1068 5084 1112 5139 si
1136 5083 1456 5153 pmnitentes
1480 5080 1678 5133 habent
1704 5093 1941 5141 causam,
1968 5092 2129 5145 quam

554 5180 825 5251 negligere
865 5175 1002 5230 forte
1037 5188 1141 5228 non
1173 5173 1425 5233 debeant,
1470 5169 1663 5223 melius
1689 5170 1903 5236 expedit
1949 5166 2131 5221 Eccle-

554 5272 851 5333 siasticum,
882 5282 1044 5337 quam
1073 5262 1582 5331 iorensejudicium.
1620 5279 1637 5311 ι
1678 5258 1810 5312 Item
1842 5259 1893 5311 in
1928 5257 2129 5311 eislem

558 5362 809 5426 decretis,
857 5374 977 5428 cap.
1025 5356 1114 5419 23,
1160 5356 1419 5422 scriptum
1460 5359 1543 5407 est
1587 5369 1600 5403 :
1646 5350 1796 5417 Quod
1850 5348 2130 5418 pcenitenti

558 5452 703 5509 nulla
737 5438 992 5504 exercere
1026 5441 1307 5498 conveniat
1356 5440 1663 5509 negotiatio.
1719 5437 1961 5504 Qualitas
1998 5437 2131 5489 lucri

558 5540 922 5612 negotiantem
969 5541 1061 5588 aut
1103 5540 1344 5593 excusat,
1380 5539 1468 5581 aut
1512 5530 1705 5599 arguit,
1738 5528 1864 5596 quia
1914 5535 1997 5581 est
2042 5526 2135 5579 lio-

561 5639 749 5687 nestus
784 5631 1041 5696 quaestus,
1085 5628 1139 5673 et
1180 5618 1371 5687 turpis.
1425 5618 1801 5671 Verumtamen
1854 5614 2135 5684 poenitenti

636 5755 661 5783 ι
703 5739 862 5794 Forte
890 5733 1151 5789 redundat
1185 5731 1235 5782 in
1272 5745 1369 5782 ms.

2783 4616 3013 4673 CAPUT
3051 4615 3233 4670 XVIlit

2840 4707 2917 4761 De
2940 4705 3194 4777 periurio.

2297 4797 2597 4867 Perjurium
2644 4798 2699 4851 in
2740 4797 2858 4867 lege
2885 4796 3067 4865 divina
3098 4794 3319 4848 omnino
3344 4790 3681 4860 prohibetur,
3720 4789 3795 4842 di-

2229 4900 2385 4948 cente
2431 4889 2792 4961 legislature:
2843 4905 2861 4938 ι
2898 4885 3015 4940 Νοη
3063 4898 3306 4939 assumas
3354 4895 3545 4937 nomen
3591 4879 3794 4933 Domini

2238 4998 2254 5031 ι
2281 4980 2378 5034 Dei
2405 4979 2479 5032 tui
2509 4980 2561 5033 iu
2589 4981 2802 5031 vanum.
2830 4975 2947 5030 Non
2977 4975 3120 5029 enim
3150 4974 3413 5028 insontem
3440 4970 3657 5025 habebit
3680 4982 3795 5021 eum

2236 5089 2254 5123 ‹
2292 5070 2568 5132 Dominus,
2589 5068 2681 5137 qui
2708 5064 3061 5135 assumpserit
3089 5079 3281 5119 nomen
3303 5063 3396 5116 Dei
3423 5063 3504 5116 sui
3528 5058 3747 5113 frustra.
3771 5075 3789 5108 ι

2233 5160 2385 5217 Unde
2424 5160 2536 5229 ipsa
2566 5159 2777 5213 Veritas
2808 5157 2940 5211 dicit
2980 5155 3033 5208 in
3072 5154 3358 5224 Evangelio
3389 5166 3405 5204 :
3451 5168 3470 5201 ‹
3514 5149 3691 5205 Nolite
3716 5145 3798 5215 ju-

2238 5272 2257 5305 ‹
2294 5268 2414 5307 rare
2455 5251 2691 5313 omnino,
2723 5263 2897 5317 neque
2938 5234 3035 5317 per
3078 5246 3316 5307 cmlum,.
3342 5257 3515 5312 neque
3558 5255 3656 5310 per
3700 5248 3797 5292 ter-

2240 5365 2257 5397 ‹
2295 5361 2434 5410 ram,
2469 5363 2486 5396 ι
2523 5351 2626 5397 etc.
2656 5340 2792 5395 Hinc
2818 5339 2947 5393 etin
2979 5352 3181 5391 canone
3212 5334 3471 5403 scriptum
3493 5345 3605 5386 est:
3634 5348 3652 5380 ί
3680 5326 3799 5395 Qui-

2236 5451 2446 5504 cunque
2480 5447 2608 5487 vero
2648 5430 2824 5485 sciens
2862 5441 2887 5469 α
2926 5443 2984 5484 se
3020 5426 3401 5497 periuraverit,
3451 5437 3622 5477 annos
3648 5430 3797 5473 mss

2236 5524 2564 5596 pmuitcntize
2598 5522 2819 5584 subdat,
2868 5526 2921 5574 et
2965 5519 3039 5572 ita
3080 5517 3330 5584 deinceps
3365 5514 3432 5568 ad
3476 5508 3817 5567 communio-'

2239 5634 2359 5671 nem
2391 5623 2709 5670 revertatur.
2750 5632 2768 5665 ι
2808 5611 2938 5665 Item
2976 5609 3236 5664 Ecbcrtus
3275 5607 3565 5675 Angiorum
3606 5602 3801 5671 episeo-
