3960 6358
478 371 579 429 48Ἰ

1121 370 1181 424 Β.
1229 366 1480 424 llABANI
1521 366 1743 423 MAUIiI
1781 367 2102 425 ARCHIEP.
2147 364 2457 425 MOGUNT.
2498 367 2780 424 OPERUM
2822 368 3001 425 PARS
3041 371 3101 424 ll.

3663 371 3771 428 ιεδ

482 483 718 539 tismatis
764 478 1055 549 suscipiat;
1105 494 1202 533 nec
1256 477 1474 532 filiolam
1499 516 1515 542 ,
1568 492 1670 533 nec
1718 485 2072 532 commatrem
2104 484 2149 542 Α
2178 493 2404 548 cyrano,
2434 494 2552 549 cap.
2593 480 2676 543 I7,
2710 480 2970 549 scriptum
2996 490 3081 535 cst
3111 496 3122 535 :
3149 501 3166 533 ι
3195 479 3251 537 Si
3282 481 3435 550 cujus
3457 499 3594 538 uxor
3622 485 3773 537 adul-

480 590 634 629 snam
667 573 925 642 suscipiat
955 585 1210 635 uxorem;
1242 584 1341 624 nec
1372 569 1537 633 illam,
1565 569 1720 640 cujus
1757 568 1947 633 tilium,
1983 579 2077 622 aut

482 664 647 718 tiliam
671 663 738 717 ad
768 661 1235 717 confirmationem
1264 659 1501 716 duxerit.
1534 658 1634 715 Ubi
1667 668 1849 715 autem
1873 658 2077 713 factum

482 756 665 818 fuerit,
691 760 1033 823 srparentur.
1067 770 1086 809 ι

551 845 682 899 Item
710 843 763 896 in
791 842 995 913 synodo
1019 840 1439 911 Moguntinensi,
1462 856 1512 895 c.
1542 839 1643 911 56;
1673 858 1691 891 ι
1712 838 1768 893 Si
1792 838 2077 908 quisquam

480 937 698 989 viduam
734 950 963 989 uxorem
992 934 1229 998 duxerit,
1251 941 1305 988 et
1332 943 1520 1003 postea
1554 946 1677 987 cum
1724 931 1954 985 tiliastra
1980 945 2077 986 sua

480 1026 780 1081 fornicatus
806 1023 985 1088 fuerit,
1012 1039 1109 1080 seu
1139 1023 1349 1078 duabus
1379 1022 1657 1077 sororibus
1684 1022 1962 1091 nupserit;
1986 1030 2081 1076 aut

480 1116 525 1170 si
551 1130 658 1184 qua
685 1115 893 1170 duobus
942 1114 1200 1169 fratribus
1234 1112 1502 1182 nupserit,
1535 1127 1630 1168 seu
1665 1128 1787 1167 cum
1830 1120 1984 1183 patre
2025 1122 2081 1167 et

480 1207 626 1271 filio;
659 1206 797 1260 tales
842 1206 1217 1276 copulationes
1258 1204 1708 1259 anathematizari
1755 1211 1811 1259 et
1848 1203 2079 1274 disiungi

479 1297 843 1367 praecipimus,
876 1312 977 1351 nec
1007 1311 1243 1364 unquam
1274 1296 1507 1365 amplius
1535 1294 1787 1366 coniugio
1816 1296 2078 1365 copulari,

484 1388 579 1441 sed
623 1388 722 1442 sub
749 1402 943 1457 magna
972 1385 1313 1441 districtione
1342 1384 1477 1439 fieri.
1522 1384 1692 1451 Quam
1743 1384 2079 1451 detestabile,

479 1486 535 1531 et
557 1492 720 1546 quam
746 1476 1086 1531 exsecrabile
1114 1475 1291 1530 scelus
1318 1474 1388 1528 sit
1419 1473 1709 1543 unicuique
1748 1472 2081 1537 Christiano,

480 1566 703 1622 filiolam
724 1582 877 1620 suam
899 1565 1000 1621 sibi
1028 1566 1095 1619 ad
1119 1564 1396 1619 libidinem
1415 1564 1590 1633 iungi,
1616 1572 1848 1619 testatur
1872 1563 1929 1618 S.
1948 1562 2083 1619 Gre-

479 1659 665 1730 gorius
690 1673 827 1729 papa
856 1658 909 1711 in
937 1656 1175 1725 Dialogis
1206 1656 1337 1718 suis,
1362 1655 1453 1709 ubi
1480 1653 1646 1709 refert
1673 1654 1960 1724 quemdam
1983 1654 2083 1709 ho-

481 1749 683 1803 minem
715 1755 1101 1815 constuprasse
1150 1745 1371 1799 filiolam
1408 1760 1584 1809 suam,
1609 1753 1665 1797 et
1694 1744 1865 1799 tribus
1893 1745 2083 1801 diebus

2184 579 2354 624 terata
2378 570 2496 635 fuit,
2522 571 2604 625 vel
2629 572 2673 625 si
2703 573 2817 641 ipse
2842 572 3165 627 adulterium
3189 576 3543 642 commiserit,
3573 594 3641 631 vn
3676 593 3775 629 an-

2181 660 2265 714 nis
2290 660 2343 713 in
2367 661 2685 730 poenitentia
2705 663 2988 732 completis
3007 674 3217 733 oportet
3239 680 3333 721 eos
3355 668 3553 737 perfcc:
3568 669 3771 731 ionvm,

2180 752 2476 805 secundum
2505 752 2767 821 pristinos
2794 755 3015 824 gradus,
3040 756 3320 824 consequi.
3360 774 3378 806 ι

2248 842 2381 897 Item
2410 843 2463 897 in
2487 840 2744 897 Africano
2767 844 3016 909 concilio,
3048 860 3168 914 cap.
3197 844 3286 910 69,
3316 845 3381 900 de
3408 844 3495 898 his
3523 843 3611 912 qui
3636 859 3773 897 um-

2183 947 2291 997 res,
2324 940 2417 986 aut
2453 947 2574 1001 qua:
2603 933 2748 988 viros
2796 933 3095 999 dimittunt,
3144 944 3200 987 ut
3246 944 3499 989 maneant
3547 936 3646 997 sic,
3695 936 3773 989 ita

2180 1024 2439 1095 scriptum
2470 1032 2595 1078 est:
2633 1042 2651 1075 ι
2678 1024 2906 1088 Placuit,
2950 1038 3011 1079 ut
3058 1025 3351 1079 secundum
3400 1026 3771 1095 evangelicain

2181 1126 2237 1171 et
2286 1115 2635 1187 apostolicam
2687 1116 3045 1187 disciplinam,
3094 1127 3153 1172 ut
3199 1135 3372 1188 neque
3401 1122 3655 1177 dimissus
3700 1124 3773 1178 ab

2184 1219 2373 1268 uxore,
2406 1220 2507 1259 nec
2552 1204 2773 1260 dimissa
2801 1222 2830 1258 a
2867 1207 3064 1262 marito
3090 1207 3245 1262 alteri
3274 1208 3649 1282 coniungatur,
3675 1210 3772 1267 sed

2183 1294 2257 1349 ita
2283 1303 2525 1359 maneat,
2554 1303 2611 1349 ut
2642 1295 2856 1350 sibimet
2886 1297 3322 1353 reconcilientur.
3355 1298 3530 1367 Quod,
3563 1302 3608 1356 si
3636 1317 3771 1357 con-

2184 1384 2524 1453 tempserint,
2565 1382 2629 1437 ad
2656 1386 3029 1455 paenitentiam
3062 1388 3399 1458 redigantur.
3433 1409 3453 1443 ι

2252 1473 2383 1528 Item
2430 1475 2482 1528 iu
2513 1475 2745 1530 decretis
2773 1474 3067 1532 Innoccntii
3117 1494 3289 1549 papre,
3317 1478 3487 1554 [cap.]
3516 1482 3607 1543 24,
3639 1484 3777 1539 scri-

2183 1575 2332 1634 ptum
2362 1574 2447 1619 est
2472 1565 2615 1635 quod
2646 1567 2746 1620 viri
2772 1582 2893 1621 cum
2922 1568 3179 1625 adulteris
3200 1569 3416 1626 feminis
3442 1588 3546 1627 non
3574 1589 3777 1630 conve-

2184 1654 2375 1707 niant:
2407 1672 2425 1704 ι
2460 1653 2526 1707 Et
2572 1653 2704 1709 illud
2740 1655 3105 1712 desideratum
3150 1667 3235 1713 est
3288 1660 3417 1716 sciri
3448 1680 3461 1715 :
3487 1677 3588 1716 cur
3622 1678 3776 1718 com-

2185 1746 2523 1799 municantes
2548 1745 2647 1798 viri
2699 1761 2821 1800 cum
2847 1748 3106 1804 adulteris
3142 1766 3247 1805 non
3276 1754 3625 1818 conveniant,
3648 1770 3775 1810 cum

478 1846 815 1894 reservatum
865 1853 995 1901 esse
1030 1838 1097 1892 ad
1145 1836 1576 1893 satisfactionem
1622 1837 1944 1907 penitendi.
1975 1836 2081 1893 Sed
2111 1827 2157 1887 Β
2186 1845 2373 1890 contra
2396 1850 2595 1890 uxores
2616 1838 2669 1891 in
2693 1839 2967 1894 consortio
2993 1840 3359 1896 adulterorum
3384 1843 3627 1899 virorum
3653 1860 3776 1899 ma-

478 1928 570 1982 ille
596 1929 782 1994 miser,
812 1943 1039 1999 sperans
1068 1940 1350 1999 peccatum
1375 1944 1532 1983 suum
1560 1938 1654 1983 aut
1692 1929 1861 1985 latere
1888 1930 2077 1995 Deum,

480 2030 575 2076 aut
598 2019 859 2077 oblivioni
906 2022 1336 2078 misericorditer
1364 2024 1571 2089 datum,
1626 2022 1863 2093 neglexit
1902 2024 2082 2095 ιιωηί-

478 2116 704 2170 tentiam
734 2130 915 2185 agere,
948 2117 1043 2171 sed
1089 2132 1196 2170 non
1233 2116 1389 2187 longe
1431 2124 1555 2187 post
1582 2116 1881 2172 miserabili
1908 2125 2083 2172 morte

478 2212 764 2274 correptus
814 2204 1147 2273 exspiravit,
1208 2204 1283 2259 ita
1339 2215 1397 2260 ut
1440 2206 1747 2276 sepulcrum
1795 2206 1912 2276 ejus
1962 2207 2083 2277 igne

478 2301 912 2349 consumeretur.
945 2294 1002 2349 In
1050 2294 1153 2350 hoc
1180 2310 1343 2364 opere
1383 2297 1636 2366 apparuit
1676 2295 1960 2352 ineﬂ‘abilis
1988 2296 2083 2351 Dei

478 2382 788 2448 clementia,
817 2398 936 2453 qua:
968 2384 1142 2454 ipsum
1170 2385 1447 2441 hominem
1494 2400 1778 2441 reservare
1814 2386 1985 2443 voluit
2013 2386 2082 2442 ad

479 2475 894 2546 indulgentiam,
926 2477 969 2531 si
1002 2476 1089 2531 ille
1128 2493 1234 2533 non
1264 2478 1504 2547 tardaret
1535 2479 1801 2534 converti.
1840 2498 1858 2532 ι

550 2565 683 2620 Item
713 2565 767 2621 in
815 2568 1021 2637 synodo
1049 2566 1446 2638 Moguntincnsi
1484 2569 1549 2625 de
1575 2569 1797 2625 incestis
1818 2569 2083 2642 coniugiis

400 2667 405 2672 ‘
482 2656 746 2727 scriptum
772 2665 857 2712 est
889 2675 903 2711 :
935 2676 954 2709 ι
993 2658 1050 2712 Si
1077 2659 1198 2729 quis
1227 2658 1525 2716 fornicatus
1572 2659 1737 2716 fuerit
1784 2676 1905 2717 cum
1952 2663 2086 2717 dua-

481 2747 583 2802 bus
606 2746 907 2813 sororibus,
934 2747 1019 2802 vel
1048 2763 1171 2803 cum
1208 2764 1440 2805 noverca
1466 2764 1583 2815 sua,
1618 2750 1701 2806 vel
1729 2766 1851 2806 cum
1896 2740 2084 2809 sorore

481 2850 598 2901 sua,
630 2836 715 2891 vel
745 2852 869 2891 cum
898 2839 1062 2892 amita
1085 2853 1204 2904 sua,
1230 2839 1345 2894 sive
1376 2844 1499 2894 cum
1525 2848 1817 2896 matertera
1849 2856 1964 2907 sua,
1997 2841 2084 2896 vel

481 2940 603 2982 cum
658 2926 766 2982 lilia
798 2930 979 2998 patrui
1027 2930 1131 2994 sui,
1162 2931 1275 2986 sive
1324 2930 1577 2987 avunculi
1628 2933 1731 2997 sui,
1780 2934 1864 2986 vel
1906 2933 2085 2988 amita:

484 3033 615 3084 suae,
649 3018 768 3075 sive
816 3030 1123 3075 matcrterae
1170 3037 1302 3086 suae,
1355 3024 1439 3076 vel
1494 3038 1617 3077 cum
1667 3030 1825 3094 nepte
1857 3038 1971 3087 sua,
2001 3022 2086 3078 vel

484 3122 609 3162 cum
634 3119 933 3165 commatre
954 3125 1070 3175 sua,
1087 3110 1172 3166 vel
1195 3127 1319 3166 cum
1342 3112 1503 3167 ﬁliola
1524 3129 1641 3178 sua,
1664 3130 1825 3184 quam
1848 3115 1915 3168 de
1938 3112 2083 3169 fonte

482 3196 827 3267 baptismatis
864 3200 1124 3269 suscepit,
1149 3201 1232 3256 vel
1277 3211 1402 3257 ante
1444 3204 1757 3272 episeOpum
1786 3204 1853 3257 ad
1886 3202 2082 3258 confir-

482 3286 777 3343 mationem
812 3289 1003 3353 tenuit,
1038 3290 1123 3344 vel
1150 3290 1195 3344 si
1219 3306 1326 3360 qua
1352 3290 1547 3345 mulier
1588 3292 1751 3346 simili
1782 3292 1942 3347 modo
1966 3292 2082 3347 for-

484 3377 662 3432 nicata
717 3378 1219 3435 fueritzabsuneat
1273 3397 1331 3436 se
1379 3383 1448 3436 ab
1505 3384 1841 3451 ingressione
1892 3384 2083 3439 domus

475 3464 581 3521 ‘Dei
611 3482 755 3523 anno
776 3476 903 3533 uno,
935 3478 990 3524 et
1018 3472 1208 3525 eodem
1254 3487 1396 3526 anno
1426 3472 1531 3525 nisi
1583 3473 1733 3527 festis
1786 3473 1998 3539 diebus,
2027 3482 2085 3529 et

478 3558 775 3628 praecipuis
798 3559 1153 3623 solummodo,
1182 3576 1338 3631 pane,
1367 3571 1423 3615 et
1448 3577 1607 3631 aqua,
1637 3570 1692 3616 et
1721 3563 1833 3617 sale
1864 3572 2078 3629 utatur;

490 3663 643 3703 arma
674 3651 995 3721 pugnatoria
1025 3667 1131 3705 non
1176 3651 1343 3718 ferat;
1377 3654 1625 3707 osculum
1662 3654 1789 3707 nulli
1815 3654 2079 3723 prmbeat;

485 3740 813 3795 sacrificium
837 3742 937 3796 nisi
963 3756 1062 3811 pro
1082 3743 1280 3797 viatico
1302 3743 1523 3797 minime
1545 3752 1739 3797 sumat.
1766 3742 1875 3797 Sex
1892 3745 2085 3799 deinde

485 3834 644 3888 annis
672 3833 1007 3904 ingrediatur
1030 3834 1248 3889 domum
1280 3836 1393 3899 Dei,
1426 3836 1520 3889 sed
1549 3835 1825 3900 carnibus,
1853 3844 1906 3890 et
1940 3836 2079 3902 vino,

486 3940 553 3979 ac
598 3926 787 3979 sicera'
824 3925 1048 3981 minime
1082 3934 1286 3990 utatur,
1335 3928 1439 3981 nisi
1492 3926 1648 3982 festis
1692 3929 2084 3999 pmcipuisque

488 4015 697 4071 diebus.
724 4014 801 4069 De
826 4016 994 4070 armis
1021 4031 1168 4079 vero,
1198 4016 1283 4071 vel
1327 4016 1534 4077 osculo,
1562 4019 1675 4071 sive
1697 4018 1987 4083 sacriﬁcio,
2012 4021 2086 4073 si-

489 4112 579 4158 cut
606 4118 767 4172 supra
791 4104 998 4159 dictum
1020 4114 1134 4169 est,
1164 4104 1346 4159 faciat.
1376 4106 1566 4161 Postea
1597 4122 1724 4162 vero
1755 4108 1965 4163 duobus
1988 4125 2085 4162 an—

490 4194 597 4257 nis,
626 4194 841 4263 quando
868 4209 1033 4248 carne
1062 4196 1313 4259 vescitur,
1353 4212 1381 4250 a
1421 4204 1552 4267 potu
1582 4198 1750 4261 omni,
1777 4198 1867 4267 qui
1908 4206 2083 4268 potest

490 4284 784 4349 inebriare,
811 4300 869 4339 se
892 4284 1187 4339 contineat.
1214 4286 1383 4351 Quem
1416 4294 1623 4353 potum,
1655 4288 1701 4341 si
1734 4288 1946 4349 biberit,
1978 4304 2083 4341 non

490 4389 654 4428 carne
676 4374 939 4439 vescitur,
963 4374 1167 4445 absque
1197 4376 1492 4445 prmeipuis
1537 4377 1687 4431 festis
1718 4376 2084 4432 diebus.,lnde

490 4478 660 4533 usque
686 4463 754 4519 ad
796 4464 999 4518 obitum
1030 4480 1208 4529 suum,
1244 4466 1347 4519 nisi
1380 4466 1655 4535 praedictis
1690 4466 1843 4521 festis
1870 4468 2076 4527 diebus,

491 4568 519 4606 a
544 4568 707 4607 carne
735 4552 1019 4609 abstineat.
1056 4554 1191 4609 Tres
1218 4555 1485 4625 lcgitiiuas
1513 4555 1673 4627 ferias
1697 4558 1751 4610 in
1775 4558 1923 4611 omni
1946 4560 2073 4614 beb-

492 4642 737 4707 domada,
795 4652 849 4697 et
894 4652 1003 4699 tres
1047 4644 1489 4715 quadragesimas
1543 4646 1597 4699 in
1651 4660 1793 4700 anno
1844 4646 2081 4716 legitime

492 4734 780 4789 custodiat.
814 4735 891 4789 De
928 4735 1094 4787 armis
1134 4749 1279 4797 vero,
1307 4735 1446 4789 sicut
1482 4734 1596 4803 iam
1623 4734 1826 4789 dictum
1868 4744 1969 4801 est,
2002 4734 2081 4791 fa-

492 4825 620 4891 ciat,
670 4822 739 4880 et
777 4840 1050 4895 nunquam
1081 4825 1329 4896 coningio
1377 4827 1676 4896 copuletur.
1721 4827 1847 4882 limo
1890 4830 2079 4883 eadem

495 4906 812 4986 poenitentia
838 4916 1159 4986 imponenda
1188 4924 1270 4970 est
1306 4917 1612 4986 parricidis,
1639 4917 1718 4975 vel
1760 4916 2077 4984 fratricidis,

497 5006 580 5061 vel
604 5006 1051 5076 censanguineis;
1083 5022 1201 5070 nec,
1244 5008 1346 5060 nisi
1372 5022 1438 5060 ex
1484 5007 1587 5071 his,
1632 5007 1722 5073 qui
1747 5017 1956 5076 sponte,
1982 5023 2078 5077 per

497 5095 758 5159 fraudem,
790 5104 844 5149 et
871 5095 1152 5149 avaritiam
1186 5096 1457 5149 hominem
1500 5094 1775 5149 innoxium
1800 5096 2074 5162 occidunt,

497 5186 638 5253 quod
659 5183 958 5240 'l'bcodisca
982 5183 1161 5252 lingua
1192 5184 1489 5238 mordicum
1514 5184 1728 5239 dicitur.
1765 5201 1783 5233 ι

1095 5297 1323 5353 CAPUT
1356 5297 1493 5351 XXI.

768 5368 843 5422 De
874 5370 953 5422 his
981 5372 1069 5438 qui
1104 5368 1422 5422 adulterium
1457 5370 1803 5421 committunt.

569 5458 900 5513 Adulterium
951 5469 1128 5513 autem
1177 5474 1281 5514 non
1329 5458 1499 5513 solum
1552 5458 1637 5511 lex
1679 5459 1930 5523 damnat,
1981 5458 2073 5513 sed

498 5548 662 5601 etiam
688 5547 996 5618 evangelica
1018 5548 1311 5601 auctoritas
1336 5548 1556 5601 omnino
1582 5546 1698 5600 fieri
1726 5555 1892 5601 vetat.
1926 5548 2075 5602 Unde

499 5644 553 5689 et
580 5637 751 5690 sancti
794 5636 1003 5704 Patres,
1034 5638 1341 5705 magisterio
1370 5638 1575 5691 cmlcsti
1623 5637 1833 5701 imbuti,
1865 5637 1930 5690 de
1974 5638 2076 5691 hoc

502 5724 630 5797 quid
654 5730 977 5787 servandum
1008 5730 1078 5785 sit
1106 5736 1421 5785 sanxerunt.
1462 5728 1595 5782 Nam
1626 5729 1678 5781 in
1704 5728 1933 5784 concilio
1963 5728 2074 5780 An-

2108 4510 2158 4568 D

2184 1943 2315 1983 nere
2360 1930 2677 1984 videantur?
2708 1930 2833 1985 dum
2870 1945 3032 2001 super
3072 1931 3176 1987 hoc
3223 1931 3531 1987 Christiana
3583 1934 3779 2005 religio

2184 2018 2507 2073 adulterium
2537 2020 2592 2074 in
2621 2029 2849 2087 utroque
2870 2036 3002 2075 sexu
3031 2022 3147 2091 pari
3179 2022 3388 2076 ratione
3427 2016 3775 2088 condemnet,

2184 2109 2279 2163 sed
2308 2108 2454 2163 viros
2481 2124 2607 2165 suos
2636 2110 2893 2165 mulieres
2920 2126 3028 2165 non
3052 2110 3208 2167 facile
3233 2111 3299 2166 de
3324 2112 3590 2168 adulterio
3615 2127 3780 2169 accu-

2184 2206 2328 2253 sant.
2359 2196 2474 2253 Non
2521 2199 2666 2254 enim
2712 2200 2913 2256 habent
2946 2200 3164 2256 latentia
3205 2210 3424 2271 peccata
3453 2203 3776 2259 vindictam.

2185 2284 2300 2341 Viri
2329 2294 2509 2342 autem
2558 2287 2782 2344 liberius
2811 2304 3008 2346 uxores
3034 2290 3305 2348 adulteras
3335 2293 3476 2364 apud
3520 2295 3781 2349 sacerdo-

2185 2384 2267 2433 tes
2296 2376 2511 2433 deferre
2533 2388 2952 2445 consueverunt,
2976 2389 3031 2436 et
3055 2382 3175 2436 idco
3204 2382 3416 2453 prodito
3438 2397 3631 2439 earum
3662 2382 3779 2438 cri-

2183 2470 2331 2526 mine
2359 2471 2667 2527 communio
2713 2472 3026 2543 denegatur.
3061 2472 3309 2528 Virorum
3344 2483 3525 2529 autem
3571 2473 3780 2529 latente

2194 2560 2506 2627 commisso,
2537 2577 2642 2616 non
2678 2561 2832 2615 facile
2866 2561 3061 2633 aliquis
3082 2579 3147 2618 ex
3178 2564 3576 2633 suspicionibus
3606 2564 3780 2617 absti-

2186 2665 2364 2711 netur.
2393 2656 2493 2723 Qui
2521 2656 2706 2725 utique
2730 2656 3098 2715 submovetur,
3123 2657 3167 2712 si
3197 2654 3311 2724 ejus
3339 2656 3600 2727 ﬂagitium
3626 2656 3785 2711 «lete-

2187 2756 2364 2817 gatur.
2390 2745 2526 2802 Cum
2555 2762 2682 2817 ergo
2722 2762 2883 2801 causa
2911 2762 3009 2817 par
3036 2748 3125 2813 sit,
3162 2748 3427 2803 interdum
3453 2747 3781 2819 probatione

2186 2851 2454 2905 cessante,
2484 2838 2736 2894 vindicta:
2768 2838 2907 2894 ratio
2937 2839 3289 2909 conquiescit.
3322 2858 3340 2891 ι

2254 2930 2386 2985 Item
2415 2930 2468 2985 in
2502 2927 2619 2997 eius
2644 2942 2796 3000 papae
2829 2929 3060 2985 decretis
3087 2944 3203 2997 cap.
3233 2929 3324 2993 27,
3356 2929 3616 2999 scriptum
3642 2937 3730 2985 est
3761 2948 3778 2986 ;

2192 3042 2211 3075 ι
2243 3023 2321 3077 De
2344 3023 2430 3076 his
2474 3022 2639 3076 etiam
2679 3020 2964 3089 requisivit
3001 3019 3216 3074 dilectio
3248 3028 3362 3085 tua,
3396 3020 3488 3088 qui
3540 3020 3782 3076 interve-

2187 3114 2370 3168 niente
2396 3112 2620 3182 repudio
2661 3111 2752 3189 alii
2797 3126 2854 3166 se
2886 3111 3230 3166 matrimonio
3260 3110 3599 3180 copularunt,
3636 3128 3782 3182 quos

2187 3206 2242 3261 in
2271 3214 2501 3275 utraque
2528 3213 2684 3275 parte
2714 3204 2987 3261 adulteros
3009 3218 3130 3259 esse
3155 3204 3499 3259 manifestum
3526 3214 3631 3269 est,
3659 3205 3778 3275 qui,

2186 3296 2305 3351 viro
2331 3294 2415 3349 vel
2442 3309 2613 3351 uxore
2645 3294 2883 3359 vivente,
2928 3294 3175 3365 quamvis
3208 3292 3556 3349 dissociatum
3590 3294 3782 3350 videa-

2185 3397 2276 3442 tur
2302 3402 2421 3442 esse
2465 3383 2792 3457 coniugium,
2824 3386 2891 3440 ad
2938 3385 3098 3441 aliam
3133 3384 3379 3456 copulam
3424 3384 3779 3440 festinarunt.

2184 3476 2371 3547 Neque
2416 3484 2641 3545 possunt
2690 3475 2918 3530 adulteri
2966 3490 3071 3530 non
3106 3476 3299 3540 videri,
3352 3475 3406 3529 in
3454 3483 3689 3541 tantum,
3717 3485 3782 3533 ut

2186 3567 2347 3623 etiam
2367 3566 2449 3620 hae
2475 3581 2743 3636 persona),
2764 3566 2959 3635 quibus
2982 3564 3116 3619 tales
3143 3564 3413 3633 coniuncti
3436 3574 3583 3630 sunt,
3607 3567 3777 3622 etiam

2185 3656 2508 3711 adulterium
2559 3656 2895 3711 commisisse
2929 3655 3232 3719 vidcantur,
3284 3654 3581 3710 secundum
3644 3656 3779 3712 illud

2184 3745 2329 3813 quod
2361 3744 2590 3814 legimus
2618 3744 2670 3797 in
2702 3742 2991 3813 Evangelio
3020 3760 3032 3796 :
3065 3760 3083 3793 ι
3117 3740 3219 3809 Qui
3255 3742 3521 3797 dimiserit
3546 3759 3777 3800 uxorem

2184 3850 2339 3889 suam
2374 3842 2430 3888 et
2463 3833 2676 3888 duxerit
2718 3831 2901 3897 aliam,
2933 3832 3255 3895 mcechatur,
3286 3840 3341 3886 et
3368 3831 3458 3901 qui
3491 3832 3778 3889 dimissam

2184 3924 2415 3988 duxerit,
2468 3924 2788 3979 ιιιωεὴίιιιιιι.
2829 3923 2897 3977 Et
2926 3923 3046 3978 ideo
3096 3938 3285 3978 omnes
3329 3939 3358 3977 a
3386 3927 3777 3981 communione

2184 4013 2550 4067 abstinendus.
2605 4011 2683 4065 De
2728 4012 3042 4080 parentibus
3087 4020 3291 4078 autem,
3342 4022 3397 4067 et
3452 4016 3778 4084 propinquis

2184 4118 2395 4167 eorum,
2431 4104 2559 4157 nihil
2596 4104 2700 4158 tale
2727 4104 2887 4157 statui
2917 4112 3115 4173 potest,
3147 4104 3251 4159 nisi
3288 4120 3641 4161 succensores
3668 4108 3775 4161 illi-

2185 4193 2275 4247 citi
2303 4195 2557 4248 consortii
2592 4193 2756 4247 fuisse
2779 4194 3115 4264 detegantur.
3153 4214 3170 4246 ι

2256 4284 2308 4336 In
2342 4284 2569 4338 concilio
2600 4298 2811 4353 quoque
2860 4284 3173 4349 Elibertino,
3204 4301 3322 4355 cap.
3349 4284 3400 4349 9,
3435 4286 3501 4340 de
3552 4285 3774 4340 feminis

2185 4389 2303 4444 qua}
2348 4373 2617 4428 adulteros
2647 4374 2868 4429 maritos
2897 4374 3232 4443 reliquerint,
3264 4383 3317 4429 et
3371 4376 3490 4429 aliis
3532 4377 3772 4442 nubunt,

2185 4467 2440 4535 scriptum
2471 4473 2554 4518 est
2582 4481 2593 4515 :
2636 4483 2652 4513 ι
2688 4463 2908 4517 Femina
2944 4464 3132 4529 fidelis,
3165 4480 3283 4534 qua:
3308 4466 3610 4520 adulterum
3648 4484 3774 4522 ma-

2186 4556 2350 4609 ritum
2400 4552 2699 4623 reliquerit,
2729 4560 2783 4607 et
2827 4554 2918 4607 alii
2968 4555 3141 4619 nubit,
3173 4556 3537 4623 prohibeatur,
3573 4573 3642 4612 ue
3673 4560 3774 4612 du—

2182 4656 2289 4700 cat.
2327 4644 2382 4698 Si
2420 4645 2654 4706 duxerit,
2698 4660 2803 4699 non
2852 4645 3000 4715 prius
3042 4648 3270 4714 accipiat
3304 4650 3770 4717 communionem,

2183 4736 2287 4789 nisi
2335 4749 2492 4802 quem
2524 4733 2761 4803 reliquit,
2784 4734 2850 4788 de
2878 4734 3073 4790 saeculo
3124 4738 3334 4803 exierit,
3371 4740 3470 4794 uisi
3501 4738 3640 4793 forte
3672 4757 3772 4794 ne-

2182 4824 2409 4878 cessitas
2442 4821 2771 4876 infirmitatis
2800 4822 3136 4892 compulerit.
3172 4844 3188 4874 ι

2755 4933 2981 4989 CAPUT
3032 4933 3192 4987 XXII.

2647 5001 2720 5055 De
2740 5004 2819 5056 liis
2842 5006 2929 5072 qui
2952 5005 3292 5084 ηιωεήαηιηζ.

2249 5098 2379 5152 Item
2424 5097 2493 5151 de
2526 5095 2751 5149 concilio
2798 5095 3112 5160 Elibertino,
3145 5110 3265 5163 cap.
3297 5096 3386 5157 30,
3422 5096 3487 5149 de
3532 5101 3772 5155 inmobis

2179 5178 2436 5258 scriptum
2465 5194 2553 5240 est
2586 5204 2597 5239 :
2635 5204 2653 5235 ι
2690 5184 3062 5240 Snbdiaconos
3110 5201 3203 5240 eos
3250 5186 3487 5239 ordinari
3529 5202 3638 5241 non
3675 5188 3771 5244 de-

2178 5278 2325 5343 bere,
2376 5276 2468 5345 qui
2500 5277 2549 5329 in
2602 5273 2960 5327 adolescentia
2994 5291 3087 5328 sua
3132 5275 3329 5329 fuerint
3377 5276 3658 5329 mmchati.
3692 5279 3771 5334 Eo

2178 5371 2320 5439 quod
2370 5366 2712 5439 postmodum
2756 5380 2852 5433 per
2886 5351 3279 5435 subreptionem
3329 5368 3398 5421 ad
3446 5366 3769 5423 ulteriorem

2178 5459 2400 5530 gradum
2428 5458 2659 5512 forsitan
2691 5456 3167 5521 promovebantur.
3198 5456 3297 5521 Qui
3330 5462 3508 5509 autem
3551 5466 3683 5511 sunt
3715 5457 3768 5512 in

2181 5559 2417 5615 tempore
2448 5545 2725 5615 prseterito
2749 5545 3003 5608 ordinati,
3030 5553 3400 5598 amoveantur.
3432 5562 3451 5595 ι

2248 5639 2377 5690 Item
2410 5638 2462 5689 in
2493 5638 2683 5691 eodem
2729 5635 2971 5700 concilio,
3020 5650 3135 5704 cap.
3170 5636 3258 5697 Si,
3310 5635 3375 5689 de
3404 5631 3767 5690 adolescenti-

2180 5729 2279 5782 bus
2320 5728 2407 5796 qui
2455 5739 2573 5795 post
2621 5726 2895 5779 lavacrum
2933 5726 3286 5787 mmbautur,
3335 5723 3599 5794 scriptum
3632 5733 3752 5780 est:
