3960 6348
211 288 315 342 Iit-'9

1572 284 2107 341 I‘IKZNITENTIALE

3360 292 3462 347 4υο

218 415 237 445 ι
268 397 663 451 Adulescentes
705 396 795 466 qui
823 404 934 464 post
967 394 1126 450 (idem
1166 393 1365 447 lavacri
1406 394 1656 447 salutaris
1680 392 1797 446 fue—
1826 404 1873 459 Α
1901 396 2150 460 dissolvi,
2196 406 2396 465 quanto
2436 400 2604 470 magis
2642 401 2744 455 ista
2781 401 3111 469 pollicitatio,
3138 416 3298 470 quam
3344 418 3467 458 cum

216 487 325 542 rint
369 488 656 550 mrecbati,
687 503 809 541 cum
854 486 1106 541 duxerint
1139 499 1357 550 uxores,
1380 494 1517 540 acta
1562 486 1799 555 legitima

219 574 559 644 posuitentia,
585 575 786 643 placuit
820 574 887 628 ad
923 574 1355 630 communionem
1386 588 1479 628 eos
1509 573 1740 627 admitti.
1774 592 1792 625 ι

294 664 422 717 Item
450 664 503 716 in
532 665 721 718 eodem
750 663 997 729 concilio,
1040 679 1159 735 cap.
1188 664 1278 731 47,
1303 664 1366 718 de
1410 678 1474 717 eo
1521 664 1632 731 qui,
1669 679 1799 717 uxo-

222 766 338 806 rem
383 752 610 815 habens,
643 752 836 821 saepius
883 751 1206 815 moechatur,
1253 751 1511 821 scriptum
1538 759 1620 804 est
1649 768 1662 803 :
1694 769 1711 800 ι
1743 749 1799 803 Si

220 842 348 912 quis
397 841 572 896 ﬁdelis
611 843 814 897 habens
860 857 1101 906 uxorem,
1141 858 1247 896 nou
1283 841 1469 906 semel,
1513 841 1608 895 sed
1662 856 1803 909 smpe

222 931 388 987 fuerit
416 933 736 1000 moechatus,
769 933 823 987 in
854 932 1015 988 tinem
1048 934 1238 987 mortis
1264 940 1348 987 est
1381 932 1800 987 conveniendus.

222 1022 378 1090 Quod
415 1024 459 1078 si
489 1038 548 1078 se
574 1025 883 1092 promiserit
906 1030 1266 1090 cessaturum,
1313 1025 1469 1079 detur
1494 1025 1543 1077 ei
1565 1038 1805 1079 commu-

225 1114 339 1168 nio.
371 1112 430 1167 Si
468 1114 821 1168 resuscitatus
866 1129 1051 1170 rursus
1081 1114 1405 1178 mmchatur,
1430 1112 1632 1182 placuit
1665 1112 1802 1167 ulte-

224 1205 343 1259 rius
366 1220 472 1260 non
505 1204 685 1260 ludere
712 1220 835 1260 eum
859 1206 924 1262 de
948 1204 1324 1259 communione
1347 1204 1517 1273 pacis.
1550 1222 1569 1253 ι

794 1318 1020 1375 CAPUT
1060 1318 1223 1373 XXIII

226 1405 306 1461 De
337 1408 617 1479 viminibus
650 1408 759 1462 Deo
794 1411 1039 1530 sacrftis,
1075 1411 1180 1489 sive
1214 1409 1566 1472 sa'cularibus,
1594 1410 1640 1462 si
1676 1425 1801 1463 mw-

879 1489 1163 1530 ctavermt.

879 1489 1163 1532 citaverint.

300 1567 431 1622 Item
453 1568 506 1621 in
539 1566 766 1622 concilio
795 1567 1003 1631 eodem,
1034 1582 1151 1635 cap.
1182 1564 1267 1632 15,
1294 1578 1361 1621 de
1388 1567 1681 1637 virginibus
1712 1581 1803 1621 sa-

222 1659 395 1712 cratis
419 1659 675 1728 scriptum
704 1668 788 1713 est
814 1675 827 1711 :
861 1677 879 1709 ι
902 1656 961 1713 Si
991 1659 1379 1714 mmchaverint
1420 1659 1657 1729 virgines
1687 1672 1806 1727 qua:

223 1764 287 1803 se
320 1749 428 1803 Deo
456 1749 787 1811 dicaverunt,
816 1748 861 1801 si
901 1755 1115 1817 pactum
1142 1747 1475 1818 perdiderim
1527 1747 1804 1817 virginita-
1833 1736 1876 1793 Β

224 1840 324 1904 tis,
355 1848 514 1907 atque
537 1839 712 1893 eidem
740 1837 948 1891 libidini
979 1836 1312 1892 inservieiiut
1337 1875 1357 1902 .,
1381 1852 1487 1891 non
1513 1835 1806 1907 intelligen-

223 1937 311 1983 tes
345 1928 471 1997 quid
494 1927 792 1991 amiserint,
821 1926 1022 1996 placuit
1058 1941 1157 1981 nec
1185 1925 1237 1979 in
1268 1926 1426 1978 linem
1464 1925 1544 1979 eis
1573 1924 1802 1979 dandam

220 2033 348 2073 esse
378 2017 832 2071 communionem.
859 2015 1011 2082 Quod
1036 2015 1080 2071 si
1127 2014 1291 2070 semel
1326 2028 1595 2083 persuasa:
1619 2014 1686 2068 ad
1724 2015 1795 2067 in-

224 2107 371 2162 ﬁrmi
400 2106 645 2177 corporis
671 2106 800 2160 vitia
850 2105 1032 2175 lapsae,
1086 2115 1323 2175 tempore
1370 2105 1494 2159 vitae
1521 2119 1651 2169 sum,
1698 2104 1791 2158 hu-

217 2196 458 2265 iusmodi
507 2197 721 2251 femina}
748 2196 955 2267 egerint
1000 2195 1386 2266 pmuitentiam,
1417 2202 1477 2248 ut
1504 2194 1809 2248 abstineant

225 2298 291 2338 se
319 2300 351 2338 a
376 2285 545 2347 coitu,
577 2283 779 2354 placuit
805 2298 899 2338 eas
933 2283 985 2337 in
1013 2281 1172 2336 linem
1213 2281 1642 2337 communionem
1670 2280 1806 2335 acci-

224 2388 359 2446 pere
388 2376 604 2429 debere.
635 2393 651 2425 ι

300 2464 456 2528 Item,
484 2463 535 2516 in
562 2464 750 2518 eodem
781 2462 846 2517 de
876 2462 1170 2532 virginibus
1207 2460 1570 2526 secularibus,
1601 2462 1646 2517 si
1677 2474 1808 2519 ωω-

224 2557 403 2612 chatze
426 2557 623 2610 fuerint
646 2572 660 2608 :
683 2576 699 2606 ι
733 2556 976 2625 Virgines
998 2570 1115 2624 qua:
1142 2554 1500 2624 virginitatem
1522 2568 1675 2608 suam
1696 2568 1805 2611 non

226 2650 608 2714 custodierint,
635 2649 680 2703 si
723 2649 937 2703 eosdem
987 2647 1077 2715 qui
1120 2661 1215 2700 eas
1243 2646 1597 2710 violaverunt,
1644 2648 1808 2703 duxe-

226 2742 347 2795 rint
368 2748 425 2795 et
450 2740 721 2794 tenuerint
745 2739 986 2802 maritos,
1010 2752 1075 2792 eo
1095 2737 1235 2807 quod
1265 2735 1407 2793 solas
1429 2738 1644 2806 nuptias
1689 2738 1806 2792 vio-

227 2834 511 2896 laverunt,
550 2838 671 2900 post
705 2844 903 2883 annum
944 2829 1060 2883 sine
1105 2827 1421 2898 pteuitentia
1473 2826 1805 2883 reconciliari

220 2922 520 2976 debebunt.
551 2919 647 2973 Vel
696 2919 741 2973 si
788 2918 921 2971 alios
967 2916 1313 2987 cognoverint
1358 2918 1520 2982 viros,
1555 2932 1620 2972 eo
1665 2917 1810 2987 quod

228 3012 518 3068 mcechatae
559 3012 688 3071 sint.
733 3008 933 3079 placuit
979 3016 1100 3076 post
1142 3007 1493 3076 quinquennii
1543 3015 1806 3075 tempora,

1904 483 2011 539 Deo
2038 487 2259 556 pepigit,
2290 488 2423 541 solvi
2449 490 2565 545 sine
2614 490 2851 546 vindicta
2896 490 3047 563 [non]
3091 487 3466 561 poteritham

1904 575 1947 626 si
1981 573 2266 644 Apostolus
2295 576 2434 642 illas,
2459 594 2577 649 qua:
2605 595 2635 632 a
2660 583 2935 650 proposito
2963 582 3239 638 viduitatis
3264 582 3468 638 disces~

1903 671 2108 728 serunt,
2139 665 2349 720 dixerat
2388 668 2583 721 habere
2616 667 3031 731 damnationem,
3073 671 3197 738 quia
3242 671 3471 740 primam

1904 748 2061 804 Iilem
2116 752 2323 807 irritam
2387 754 2664 820 fecerunt,
2713 765 2917 825 quanto
2970 758 3148 826 potius
3197 759 3469 829 virgines.

1903 854 2022 907 quae
2061 842 2257 908 prioris
2304 844 2674 915 promissionis
2731 845 2887 900 Iidem
2931 845 3179 919 frangere
3222 857 3347 903 sunt
3384 864 3473 903 co-

1905 938 2044 984 nata:
2070 923 2082 985 l

2465 1022 2691 1078 CAPUT
2727 1022 2895 1078 XXV.

1906 1109 1981 1163 l)e
2004 1111 2084 1184 his
2107 1125 2223 1180 quis
2252 1114 2385 1165 inter
2408 1129 2461 1166 se
2488 1114 2832 1184 fornicamur,
2856 1123 2904 1167 et
2931 1113 2997 1167 de
3037 1113 3117 1167 his
3154 1130 3269 1184 qute
3295 1130 3464 1168 semen

1974 1180 2201 1233 virorum
2219 1198 2431 1234 suorum
2452 1199 2543 1251 pro
2561 1182 2770 1235 libidine
2793 1183 2903 1236 cibo
2922 1184 2996 1237 vel
3016 1180 3413 1251 potui'misccnt.

1977 1267 2050 1321 De
2082 1266 2292 1323 feminis
2316 1284 2432 1337 qua:
2467 1270 2608 1323 inter
2649 1284 2706 1323 se
2739 1268 3071 1324 Iornicantur
3097 1271 3153 1325 in
3184 1270 3469 1342 Aneyrano

1899 1354 2130 1409 concilio
2156 1355 2411 1425 scriptum
2439 1364 2549 1410 est:
2576 1376 2597 1408 ι
2616 1355 2673 1410 Si
2695 1356 2885 1411 mulier
2905 1373 3027 1411 cum
3050 1358 3273 1412 muliere
3303 1358 3469 1413 forni-

1903 1452 2025 1496 cata
2050 1442 2236 1510 fuerit,
2265 1459 2436 1499 annos
2484 1462 2538 1499 III
2573 1446 2852 1514 paeniteat.
2888 1466 2907 1498 ι
2939 1446 3110 1500 Item:
3140 1465 3157 1497 ι
3196 1446 3252 1502 Si
3281 1448 3474 1502 mulier

1904 1546 2054 1585 more
2096 1531 2469 1588 fornicationis
2507 1536 2575 1589 ad
2602 1535 2827 1590 alteram
2856 1536 3207 1606 coniunxerit,
3243 1547 3353 1593 tres
3380 1554 3474 1593 an-

1906 1634 2026 1701 nos,
2056 1620 2195 1675 sicut
2239 1620 2549 1685 fornicator,
2597 1625 2872 1693 pmniteat.
2909 1624 2999 1680 Sic
3040 1636 3094 1681 et
3123 1626 3212 1681 illa
3237 1642 3357 1697 quae
3385 1643 3470 1682 se-

1908 1724 2031 1764 men
2058 1711 2159 1764 viri
2191 1712 2272 1765 sui
2300 1712 2353 1765 in
2384 1714 2503 1767 cibo
2526 1714 2780 1779 miscens,
2808 1724 2869 1769 ut
2896 1716 3018 1771 inde
3042 1715 3161 1785 plus
3189 1717 3305 1787 ejus
3327 1732 3474 1772 amo-

1906 1818 2018 1856 rem
2042 1803 2290 1872 accipiat,
2314 1805 2593 1873 pamiteat.
2638 1805 2827 1861 Mulier
2855 1806 2991 1874 sola,
3021 1808 3068 1863 si
3096 1823 3218 1863 cum
3261 1824 3319 1864 se
3357 1810 3470 1880 ipsa

1905 1890 2101 1944 coitum
2130 1891 2347 1956 habeat,
2381 1902 2491 1947 tres
2511 1909 2680 1949 annos
2707 1896 2984 1966 pwniteat.
3024 1914 3045 1947 ι

2464 2002 2686 2058 CAPUT
2725 2004 2911 2059 XXVI.

2028 2069 2103 2123 De
2130 2072 2209 2123 his
2235 2071 2323 2141 qui
2345 2087 2399 2125 se
2417 2074 2693 2143 gentilibus
2715 2075 2791 2128 vel
2810 2074 3016 2130 Judwis
3036 2078 3345 2147 junxerunl.

1974 2160 2104 2215 Item
2146 2161 2212 2216 de
2253 2162 2339 2217 his
2378 2178 2496 2232 quae
2537 2179 2593 2219 se
2618 2164 2904 2234 gentilibus
2945 2167 3027 2222 vel
3069 2166 3471 2236 Judaeisjunxe-

1905 2260 2057 2321 runt,
2078 2253 2132 2307 in
2158 2254 2387 2309 concilio
2420 2256 2715 2312 Arelatensi
2762 2258 3022 2329 scriptum
3062 2268 3147 2314 est
3176 2278 3189 2313 :
3224 2278 3242 2311 ι
3276 2262 3472 2316 Puellae

1908 2344 2090 2400 ﬁdeles
2112 2361 2229 2415 qua:
2251 2347 2539 2417 gentilibus
2554 2350 2873 2419 junguntur,
2897 2350 3094 2420 placuit
3121 2360 3180 2406 ut
3201 2352 3474 2422 aliquanto

1908 2444 2150 2509 tempore
2170 2454 2201 2492 a
2224 2441 2602 2496 communione
2628 2450 2960 2513 separentur.
2992 2461 3012 2496 ι

1974 2529 2108 2586 Item
2148 2532 2202 2585 in
2238 2532 2468 2587 concilio
2505 2532 2820 2599 Elibertino,
2855 2548 2977 2602 cap.
3005 2533 3093 2600 78,
3120 2534 3186 2589 de
3230 2534 3475 2592 ﬁdelibus

1904 2620 2225 2693 coniugatis,
2257 2622 2301 2677 si
2346 2637 2467 2677 cum
2496 2622 2677 2678 Iudaea
2704 2606 2795 2676 vel
2843 2622 3024 2692 gentili
3065 2624 3470 2688 mmchaveriut,

1908 2712 2165 2781 scriptum
2202 2725 2219 2765 :
2251 2732 2269 2764 ι
2309 2711 2365 2766 Si
2409 2713 2531 2781 quis
2566 2712 2759 2777 ﬁdelis,
2803 2714 3008 2769 habens
3054 2729 3299 2776 uxorem.
3352 2730 3473 2770 cum

1907 2800 2087 2856 Iudaea
2115 2801 2197 2857 vel
2218 2802 2402 2872 gentili
2420 2801 2583 2857 fuerit
2603 2802 2923 2867 mwchatus,
2938 2816 2967 2855 a
2990 2802 3366 2858 communicare
3387 2819 3477 2857 ar-

1908 2904 2114 2948 ceatur.
2143 2891 2293 2958 Quod
2338 2893 2385 2945 si
2416 2892 2553 2946 alius
2591 2906 2711 2945 eam
2758 2892 2991 2956 duxerit,
3032 2900 3154 2961 post
3178 2894 3475 2962 quinquen-

1908 2987 2080 3050 nium,
2122 2993 2243 3039 acta
2286 2983 2521 3055 legitima
2562 2984 2899 3054 paenitentia,
2943 2985 3143 3055 poierit
3185 2984 3477 3043 Dominicte

228 3111 359 3156 acta
384 3100 618 3171 legitima
644 3074 994 3168 pmnitentia,
1021 3074 1229 3149 admitti
1258 3074 1350 3150 eas
1379 3097 1445 3151 ad
1475 3096 1807 3151 communio-

1920 3074 2273 3129 cmnmunioni
2302 3074 2514 3129 sociari.
2548 3092 2567 3125 ι

230 3205 384 3245 ηοω.
425 3208 441 3241 Ι

308 3280 439 3336 Item
468 3282 518 3335 in
572 3279 795 3335 concilio
837 3280 1143 3350 Ancyrano,
1191 3292 1310 3347 cap.
1359 3277 1413 3343 9,
1462 3278 1528 3331 de
1560 3278 1646 3332 his
1694 3293 1809 3345 qum

227 3372 602 3441 virginitatem
627 3369 881 3439 professae
904 3379 1046 3432 sunt,
1086 3376 1142 3422 et
1169 3369 1235 3422 de
1267 3367 1351 3421 his
1380 3382 1498 3436 qua:
1530 3368 1630 3421 sub
1661 3382 1811 3421 soro-

231 3463 319 3516 ris
337 3462 518 3515 habitu
543 3476 664 3515 cum
684 3460 948 3528 aliquibus
966 3467 1386 3521 commorantur,
1412 3456 1669 3526 scriptum
1690 3464 1773 3509 cst
1794 3474 1807 3509 :

236 3572 259 3604 ι
303 3553 575 3622 Quotquot
602 3551 963 3621 virginitatem
989 3550 1363 3618 promittentes
1383 3550 1589 3602 irritam
1611 3548 1815 3602 faciunt

233 3642 605 3711 sponsionem,
646 3640 785 3693 inter
836 3639 1075 3708 higamos
1119 3646 1515 3706 computentur.
1566 3636 1813 3707 Virgines

238 3740 444 3793 autem,
468 3745 585 3799 quae
608 3738 857 3798 tanquam
883 3743 1094 3782 sorores
1135 3743 1255 3781 cum
1285 3726 1417 3780 viris
1445 3726 1689 3781 habitare
1717 3741 1811 3780 vo-

236 3822 381 3884 lunt,
409 3821 475 3874 ab
497 3835 677 3874 eorum
705 3817 972 3873 consortio
998 3817 1359 3886 prohibemus.
1392 3834 1411 3868 ι

798 3930 1021 3986 CAPUT
1060 3930 1244 3985 XXIV.

237 4024 325 4079 De
347 4025 428 4077 his
463 4023 551 4095 qui
567 4040 635 4095 se
657 4022 821 4076 sacris
862 4022 1141 4095 uirginibus
1165 4022 1413 4095 soc_iant;_
1437 4030 1484 4074 et
1510 4021 1574 4075 de
1602 4021 1817 4091 virgini—

554 4094 650 4147 bus
681 4108 784 4145 non
812 4091 1007 4155 velatis,
1035 4091 1080 4144 si
1114 4092 1493 4144 ntwchaverint.

319 4207 373 4259 In
394 4204 622 4259 decretis
644 4202 841 4258 Gelasli
867 4216 1032 4270 papae,
1064 4214 1182 4269 cap.
1216 4198 1308 4264 20,
1332 4200 1398 4253 de
1430 4200 1513 4253 his
1534 4199 1625 4268 qui
1655 4212 1712 4252 se
1738 4213 1818 4252 sa-

238 4297 355 4350 cris
399 4293 695 4364 virginibus
738 4291 963 4354 sociant,
994 4290 1251 4357 scriptum
1277 4297 1363 4344 est
1393 4306 1406 4340 :
1448 4309 1466 4337 4
1502 4288 1814 4357 Virginibus

240 4388 416 4444 sacris
447 4394 646 4439 temere
687 4398 745 4437 se
769 4380 1026 4451 quosdam
1076 4381 1283 4436 sociare
1319 4379 1690 4448 cognovimus,
1734 4377 1816 4431 di-
1844 4403 1891 4460 Ι)

239 4489 425 4535 catum
454 4477 560 4531 Deo
580 4475 928 4545 propositum,
955 4474 1156 4527 incesta
1186 4472 1409 4536 foedera,
1451 4469 1815 4539 sacrilegaque

245 4570 500 4629 miscere,
527 4581 659 4634 quos
690 4563 930 4632 protinus
959 4577 1166 4631 aequum
1215 4571 1299 4616 est
1327 4576 1356 4613 a
1396 4575 1549 4614 sacra
1579 4574 1817 4614 commu-

242 4659 410 4714 nione
448 4656 702 4710 detrudi:
734 4663 790 4708 et
833 4653 935 4708 nisi
968 4666 1065 4721 per
1108 4651 1376 4721 publicam
1431 4652 1818 4720 probatamque

242 4746 620 4817 paenitentiam
641 4744 857 4800 omnino
878 4756 982 4797 non
1002 4741 1187 4809 recipi.
1206 4740 1378 4795 Athis
1398 4741 1650 4794 viaticum
1672 4748 1818 4793 certe

246 4840 318 4891 de
347 4836 541 4891 saeculo
571 4833 989 4897 transeuntibus,
1022 4832 1067 4885 si
1097 4840 1273 4885 tamen
1315 4830 1687 4899 pmnituerint,
1714 4845 1819 4883 non

246 4934 498 4995 negetur.
533 4943 550 4975 ι

324 5017 471 5077 Item,
505 5014 556 5067 in
581 5012 811 5068 decretis
834 5011 1129 5065 Innocentii
1151 5025 1321 5079 papm,
1353 5024 1470 5077 cap.
1498 5009 1590 5073 20,
1621 5008 1687 5062 de
1716 5008 1825 5060 vir—

245 5108 467 5177 ginibus
512 5120 618 5159 non
649 5104 855 5166 velatis,
902 5102 946 5155 si
999 5101 1350 5165 deviaverint,
1400 5100 1658 5167 scriptum
1689 5106 1819 5151 est:

253 5219 276 5251 ι
308 5199 402 5254 Ha:
426 5211 554 5251 vero
580 5209 697 5265 quae
724 5194 948 5246 necdum
978 5206 1134 5246 sacro
1154 5191 1419 5243 velamine
1442 5197 1613 5251 tectae,
1641 5198 1819 5240 tamen

246 5270 325 5344 in.
351 5287 625 5358 praposito
653 5282 893 5352 virginali
924 5296 1133 5350 semper
1179 5294 1237 5333 se
1287 5279 1672 5332 simulaverunt
1699 5290 1820 5343 pcr-

248 5394 491 5437 manere,
545 5375 668 5429 licet
708 5373 896 5426 velate
944 5386 1046 5423 non
1101 5370 1226 5431 sint,
1259 5368 1302 5421 si
1333 5366 1469 5418 forte
1519 5364 1815 5432 nupserint,

245 5472 332 5526 his
362 5466 571 5537 agenda
612 5464 885 5533 aliquanto
921 5471 1159 5529 tempore
1203 5457 1513 5527 paenitentia
1564 5465 1665 5518 est,
1694 5454 1814 5521 quia

242 5558 468 5631 sponsio
498 5568 683 5609 earuut
728 5568 757 5605 a
807 5553 1029 5605 Domino
1078 5549 1371 5614 tenebatur.
1426 5546 1558 5598 Nam
1604 5545 1645 5600 si
1680 5545 1820 5596 inter

237 5648 496 5707 homines
526 5643 663 5701 solet
712 5642 863 5695 honre
911 5639 1028 5692 lidci
1067 5648 1373 5691 contractus
1424 5635 1563 5688 nulla
1614 5635 1818 5688 ratione

650 5732 917 5789 I’A'I‘RUL.
963 5732 1088 5789 CX.

2443 3186 2667 3241 CAPUT
2714 3185 2921 3242 XXVII.

2205 3255 2279 3308 De
2300 3256 2379 3309 his
2404 3257 2490 3325 qui
2520 3271 2635 3307 cum
2664 3256 2864 3310 Judwis
2888 3266 3183 3315 vescuntur.

1980 3346 2110 3401 Item
2133 3347 2185 3400 in
2207 3346 2434 3401 concilio
2460 3346 2754 3401 Elibertino
2793 3346 2860 3400 de
2894 3347 3215 3403 Christianis
3238 3353 3327 3422 qui
3354 3368 3477 3407 cum

1910 3436 2109 3493 Iudaeis
2134 3445 2422 3492 vescuntur
2458 3438 2716 3506 scriptum
2745 3447 2868 3492 est:
2900 3458 2918 3489 ι
2952 3438 3005 3493 Si
3056 3456 3185 3496 vero
3213 3442 3336 3512 quis
3370 3444 3478 3499 cle-

1912 3529 2075 3595 ricus,
2105 3529 2188 3583 vel
2222 3529 2413 3593 ﬁdelis,
2440 3545 2562 3583 cum
2583 3528 2781 3583 Judaris
2809 3524 2983 3584 cibum
3030 3535 3337 3603 sumpserit,
3365 3536 3479 3604 pla-

1908 3621 2023 3673 cuit
2046 3635 2167 3675 eum
2194 3636 2224 3674 a
2260 3621 2636 3675 communione
2661 3620 2945 3688 abstineri,
2983 3631 3039 3676 ut
3069 3624 3259 3678 debeat
3291 3641 3476 3683 emun-

1911 3710 2046 3764 dari.
2080 3729 2098 3761 ι

1982 3799 2110 3853 Item
2154 3801 2208 3852 in
2244 3799 2473 3855 concilio
2502 3799 2775 3865 Toletano,
2820 3818 2938 3870 cap.
2978 3803 3059 3867 14,
3106 3806 3366 3874 scriptum
3413 3809 3483 3864 du

1910 3887 2111 3944 inducis
2136 3907 2147 3941 :
2178 3909 2196 3942 ι
2219 3889 2547 3962 Suggerente
2590 3891 2841 3957 concilio,
2864 3892 2915 3946 id
2938 3893 3355 3962 gloriosissimus
3385 3898 3478 3951 do—

1917 3980 2093 4033 minus
2132 3990 2314 4034 noster
2357 3980 2656 4035 canonibus
2693 3980 2855 4035 inseri
2893 3983 3165 4051 praecepit,
3194 3994 3251 4037 ut
3278 3984 3479 4042 Judreis

1917 4085 2020 4122 non
2062 4068 2222 4124 liccat
2265 4068 2463 4123 habere
2507 4083 2716 4133 uxores,
2767 4068 2850 4122 vel
2891 4072 3248 4139 concubinas,
3305 4090 3481 4144 neque

1919 4159 2241 4229 mancipium
2287 4159 2649 4214 Christianum
2703 4161 2754 4213 in
2795 4176 2920 4214 usus
2970 4165 3213 4232 proprios
3256 4180 3477 4236 compa~

1918 4266 2067 4314 rare;
2097 4250 2189 4304 sed
2213 4248 2367 4311 filios,
2395 4251 2485 4319 qui
2514 4266 2580 4304 ex
2614 4250 2704 4303 tali
2735 4251 2982 4320 coniugio
3007 4254 3117 4307 nati
3153 4264 3295 4318 sunt,
3330 4272 3482 4311 assu-

1919 4341 2139 4393 mendos
2156 4354 2275 4393 esse
2309 4338 2375 4391 ad
2397 4339 2740 4408 baptismum.
2773 4339 2919 4393 Nulla
2945 4339 3113 4395 ollicia
3143 4343 3354 4411 publica
3386 4360 3479 4401 eos

1918 4448 2050 4501 opus
2084 4441 2167 4487 est
2194 4447 2369 4502 agere,
2396 4447 2495 4501 per
2524 4447 2643 4501 qua:
2671 4433 2751 4487 eis
2784 4434 2998 4487 occasio
3037 4436 3337 4503 praebeatur
3366 4452 3479 4505 pce-

1918 4539 2043 4577 nam
2074 4523 2395 4577 Christianis
2425 4520 2640 4575 inferre.
2689 4520 2743 4574 Si
2794 4521 2885 4590 qui
2916 4537 3041 4577 vero
3085 4522 3371 4579 Christiani
3412 4528 3477 4579 ab

1918 4613 1997 4666 eis
2023 4612 2284 4666 Judaismi
2320 4612 2421 4664 ritu
2467 4610 2716 4665 maculati
2761 4621 2904 4675 sunt,
2935 4612 3017 4665 vel
3055 4612 3214 4666 etiam
3245 4614 3477 4669 circum-

1918 4700 2035 4762 cisi,
2063 4715 2167 4753 non
2196 4699 2402 4753 reddito
2429 4700 2622 4767 pretio,
2653 4699 2718 4751 ad
2745 4698 3047 4753 libertatem
3079 4708 3134 4755 et
3168 4701 3477 4772 religionem

1924 4788 2145 4842 redeant
2164 4786 2544 4842 Christianam.
2578 4806 2594 4836 ›

2444 4899 2667 4954 CAPUT
2708 4897 2934 4951 XXVIII.

2014 4993 2090 5049 De
2116 4996 2195 5048 his
2219 4994 2304 5062 qui
2329 5006 2538 5043 uxorem
2566 4989 2719 5042 simul
2741 5000 2788 5041 et
2815 4989 3151 5041 concubinam
3182 4989 3387 5042 habent.

1992 5085 2122 5139 Item
2159 5083 2224 5137 de
2264 5081 2345 5134 his
2388 5080 2480 5148 qui
2526 5086 2744 5132 tutorem
2793 5078 3013 5141 habent,
3042 5077 3084 5130 si
3129 5078 3478 5131 concubinam

1924 5172 2227 5234 habuerint,
2271 5173 2320 5222 in
2351 5168 2578 5223 concilio
2605 5167 2882 5230 Toletano,
2924 5182 3041 5236 cap.
3098 5167 3181 5232 I7,
3226 5168 3479 5236 scriptum

1922 5272 2003 5317 est
2038 5281 2049 5315 :
2082 5281 2099 5313 ι
2128 5260 2183 5315 Si
2209 5260 2330 5327 quis
2355 5258 2555 5312 habens
2580 5270 2799 5309 uxorem
2845 5256 3032 5321 lidclis,
3056 5257 3098 5309 si
3132 5256 3478 5312 concubinam

1921 5353 2132 5415 habent,
2170 5366 2274 5403 non
2304 5348 2679 5403 communicet.
2702 5348 2964 5399 Cieterum
3004 5346 3048 5399 is
3070 5347 3159 5415 qui
3191 5363 3295 5399 non
3323 5346 3484 5397 habet

1920 5458 2166 5506 uxorem,
2194 5452 2246 5494 ct
2274 5456 2370 5510 pro
2399 5453 2564 5492 uxore
2594 5438 2946 5491 concubinam
2978 5437 3156 5500 habet,
3184 5453 3212 5490 a
3243 5452 3469 5491 commu-

1922 5541 2081 5592 nione
2106 5554 2209 5590 non
2236 5533 2540 5601 repellatur,
2572 5542 2774 5584 tantum
2816 5541 2875 5583 ut
2904 5531 3059 5583 unius
3100 5528 3357 5589 mulieris,
3387 5535 3477 5580 aut

1922 5629 2127 5693 uxoris,
2154 5637 2243 5680 aut
2272 5624 2604 5687 concubinae,
2642 5632 2701 5675 ut
2746 5623 2793 5674 ei
2843 5622 3122 5689 placuerit,
3156 5612 3225 5671 sit
3260 5614 3465 5683 conjun-

3016 5708 3082 5763 ili
