3960 6374
469 264 597 349 tot

1106 295 1167 351 Β.
1210 297 1463 354 RABANI
1505 298 1721 355 MAURl
1754 297 2078 355 ARCIIIEP.
2122 298 2430 357 MOGUN'I‘.
2472 300 2757 359 OPERUM
2794 301 2973 357 PARS
3015 302 3077 356 ll.

3641 309 3747 365 (9‘3

470 406 646 462 ctione
674 412 980 461 contentus.
1004 406 1154 463 Alias
1183 424 1314 465 vero
1340 410 1546 476 vivens,
1569 410 1855 480 abjieiatur
1883 410 2055 467 donec
2083 417 2127 475 Α
2158 413 2404 469 videatur
2423 414 2704 481 omissum,
2735 416 2880 484 quod
2903 417 3134 471 maxime
3169 416 3326 471 fidem
3356 419 3638 475 catholica:
3666 436 3758 477 te-

470 492 680 550 des‘inat
698 502 754 550 et
781 494 849 550 ad
872 496 1250 566 pretiitentiam
1281 508 1605 555 revertatur.
1637 519 1656 553 ι

1030 585 1259 642 CAPUT
1288 587 1482 645 XXIX.

698 653 777 708 De
801 654 1096 727 conjugatt's
1117 658 1209 728 qui
1235 659 1427 714 nubere
1453 675 1558 715 non
1582 669 1821 731 possunt.

538 742 691 814 Quod
734 753 916 801 autem
958 747 1306 820 interrogasti
1347 750 1415 807 de
1444 751 1530 807 bis
1573 751 1667 821 qui
1709 753 2056 808 matrimonio

469 837 741 908 conjuncti
762 846 908 905 sunt,
939 846 1007 905 et,
1025 839 1232 895 nubere
1259 856 1366 897 non
1390 851 1652 913 possunt:
1677 843 1723 898 si
1756 843 1843 899 ille
1868 844 2054 910 aliam,

466 925 552 983 vel
592 926 681 981 illa
724 925 887 982 alium
918 927 1115 984 ducere
1157 930 1365 999 possit?
1403 944 1510 985 non
1556 946 1679 985 cum
1711 934 2054 998 auctoritate,

468 1017 565 1073 sed
603 1018 671 1071 de
688 1018 1045 1087 quorumdam
1074 1020 1289 1075 statutis
1327 1020 1731 1089 respondemus,
1765 1023 1819 1076 in
1862 1023 2058 1092 quibus

467 1109 727 1179 seriptum
758 1117 878 1165 est:
908 1127 927 1160 ‹
958 1108 1057 1165 Vir
1083 1119 1137 1166 ct
1168 1110 1382 1177 mulier,
1412 1112 1458 1167 si
1483 1128 1543 1168 se
1579 1112 1921 1182 coniunxerit
1947 1129 2058 1169 ma-

469 1196 746 1263 trimonio,
774 1204 829 1251 et
868 1205 1054 1268 postea
1080 1198 1279 1254 dixerit
1316 1199 1513 1255 mulier
1551 1201 1619 1257 de
1642 1201 1761 1258 viro
1784 1202 1928 1271 quod
1953 1217 2064 1258 non

467 1288 639 1359 possit
662 1287 712 1341 ei
740 1289 944 1343 nubere
971 1300 1019 1354 ι,
1044 1288 1091 1343 si
1123 1296 1304 1358 potest
1339 1292 1573 1361 probare
1607 1307 1707 1364 per
1741 1290 1951 1362 justum
1980 1293 2061 1348 in~

472 1376 694 1442 dieium,
716 1378 859 1447 quod
882 1392 1069 1433 verum
1093 1378 1185 1443 sit,
1214 1379 1446 1450 accipiat
1465 1380 1651 1436 alium.
1681 1400 1701 1433 ι

1037 1467 1268 1524 CAPUT
1310 1468 1477 1523 XXX.

476 1558 548 1621 De
588 1560 668 1613 Itis
694 1576 813 1630 quis
860 1570 1183 1616 menstruum
1231 1562 1537 1630 sanguinem
1577 1560 1697 1616 aliis
1734 1562 1789 1616 in
1830 1562 1942 1617 cibo
1984 1562 2063 1617 uel

536 1638 661 1699 potu
683 1630 845 1700 dant;
873 1640 922 1683 et
947 1630 1011 1683 de
1039 1630 1119 1684 Itis
1148 1631 1239 1700 qui
1261 1631 1521 1691 maqicam
1547 1640 1715 1686 artem
1744 1630 2065 1687 divinatione

538 1710 587 1753 et
614 1699 840 1769 augurio
868 1700 1163 1754 observant.

2157 501 2369 573 ligionis
2395 503 2579 568 instat,
2604 506 2747 574 quod
2783 505 2947 574 aliqui
2992 504 3072 559 Sti
3102 506 3307 571 clerici,
3334 507 3446 562 sive
3486 508 3611 563 laici
3634 520 3758 565 stu-

2156 593 2282 647 dent
2311 594 2587 663 auguriis,
2621 603 2676 649 et
2721 596 2822 649 sub
2851 594 3070 649 nomine
3116 595 3243 650 ficto
3286 596 3583 667 religionis,
3610 614 3757 669 quas

2154 692 2465 740 sanctorum
2500 695 2675 741 sortes
2700 685 3049 741 divinationis
3081 686 3363 742 scientiam
3402 688 3756 763 profitentur.

2155 782 2249 828 aut
2272 789 2718 845 quarumcunque
2745 778 3137 848 scripturarum
3176 778 3535 849 inspectione,
3565 778 3756 835 futura

2157 863 2501 931 promittunt.
2529 864 2644 920 Hoc
2670 866 2981 935 quicunque
3024 866 3255 923 clericus
3282 867 3368 923 vel
3396 867 3568 925 laicus
3592 869 3755 925 dete-

2156 961 2278 1008 ctus
2304 952 2467 1008 fuerit
2492 954 2576 1008 vel
2602 946 2901 1018 consulere,
2933 955 3018 1010 vel
3051 956 3268 1023 docere,
3294 958 3362 1013 ab
3388 958 3632 1015 Ecclesia
3655 959 3761 1015 lis-

2157 1043 2353 1098 beatur
2379 1056 2693 1101 extraneus.
2726 1065 2744 1095 ι

2715 1134 2944 1192 CAPUT
2995 1136 3205 1192 XXXII.

2367 1222 2447 1278 De
2474 1224 2554 1277 his
2578 1227 2676 1293 qui
2722 1225 3054 1294 fornicantur
3075 1227 3529 1284 irrationabiliter.

2233 1310 2365 1367 Item
2391 1312 2446 1366 in
2476 1314 2765 1385 Ancyrano
2810 1316 3062 1382 concilio,
3094 1333 3213 1389 cap.
3249 1319 3341 1384 15,
3386 1320 3650 1391 scriptum
3675 1330 3761 1376 cs‘

2163 1402 2230 1459 de
2260 1402 2346 1458 his
2370 1403 2461 1473 qui
2502 1404 2966 1473 irrationabiliter,
3014 1408 3066 1462 id
3112 1418 3196 1463 est
3226 1424 3349 1464 cum
3388 1410 3678 1481 pecoribus
3704 1418 3765 1464 et

2162 1493 2437 1559 masculis,
2472 1492 2818 1551 ‘fornicantur
2850 1513 2863 1550 :
2896 1514 2914 1548 ι
2952 1496 3228 1568 Quotquot
3269 1508 3397 1554 ante
3437 1500 3766 1570 vigesimum

2164 1583 2342 1639 {etatis
2386 1598 2587 1637 annum
2617 1585 2725 1640 tale
2767 1585 2973 1641 crimen
3017 1588 3409 1653 commiserint,
3452 1604 3542 1643 xvi
3586 1603 3766 1644 annos

2168 1682 2286 1729 aeta
2330 1673 2649 1744 pmnitentia
2703 1675 3138 1731 communionem
3190 1687 3507 1734 mereantur
3553 1679 3766 1734 oratio-

541 1790 618 1845 De
646 1765 735 1845 his
760 1790 947 1857 etiam,
979 1805 1142 1861 super
1163 1791 1360 1862 quibus
1397 1793 1768 1863 ingemas“,
1800 1794 1853 1850 id
1891 1802 1977 1850 est
2000 1795 2066 1850 de
2094 1767 2140 1826 Β
2172 1781 2319 1820 num.
2347 1765 2552 1820 Deinde
2593 1765 2963 1863 quinquennio
2991 1768 3058 1863 in
3084 1769 3201 1863 _hac
3239 1768 3623 1824 communione
3663 1768 3765 1863 du-

470 1880 561 1935 illa
584 1878 786 1936 femina
812 1894 933 1950 quae
954 1887 1293 1935 menstruum
1318 1883 1636 1955 sanguinem
1668 1873 1824 1939 suum
1848 1883 2068 1939 miscuit

472 1972 596 2028 cibo
630 1970 715 2026 vel
752 1971 923 2041 potui,
956 1979 1012 2026 et
1046 1971 1197 2027 dedit
1228 1973 1344 2028 viro
1388 1990 1506 2038 suo,
1541 1984 1602 2030 ut
1640 1975 1980 2041 eomederet;
2013 1984 2069 2030 et

471 2077 591 2132 quae
620 2075 805 2116 semen
837 2062 936 2115 viri
977 2062 1061 2119 sui
1085 2062 1138 2117 in
1172 2072 1302 2134 potu
1328 2064 1498 2131 bibit;
1526 2074 1585 2121 et
1622 2065 1691 2121 de
1730 2081 1817 2131 ea,
1842 2081 1963 2137 quae
1986 2074 2067 2122 te-

470 2161 611 2207 stam
652 2152 888 2207 hominis
914 2152 1213 2209 combussit
1240 2153 1371 2225 igni,
1422 2164 1479 2209 et
1509 2156 1627 2210 viro
1670 2170 1770 2211 suo
1797 2144 1942 2213 dedit
1969 2169 2069 2227 pro

474 2243 789 2300 infirmitate
810 2242 1065 2298 vitanda:
1090 2244 1236 2314 quali
1260 2244 1579 2316 paenitentia
1603 2245 1714 2301 sint
1737 2246 2069 2316 plectende

475 2332 547 2390 Ut
574 2332 728 2390 nobis
768 2332 1006 2400 videtur,
1052 2333 1145 2388 tali
1186 2335 1456 2391 sententia
1494 2333 1725 2392 feriendi
1754 2344 1899 2403 sunt,
1930 2336 2072 2392 sicut

476 2422 618 2493 magi
670 2429 727 2477 et
754 2422 935 2487 arioli,
969 2422 1061 2493 qui
1100 2423 1365 2494 magicam
1408 2431 1581 2479 artem
1620 2425 1927 2480 exercuisse
1973 2440 2070 2480 no-

478 2525 725 2598 scuntur.
753 2515 888 2569 Nam
919 2515 986 2570 de
1018 2514 1123 2580 his,
1152 2516 1243 2586 qui
1288 2516 1558 2587 magicam
1585 2524 1761 2571 artem
1789 2526 2069 2584 exercent,

476 2620 535 2664 et
580 2607 802 2679 auguria
854 2607 1158 2672 attendunt,
1209 2616 1266 2663 et
1309 2598 1700 2663 divinationem
1750 2611 2067 2675 observant,

478 2698 747 2755 Theodori
768 2696 1159 2767 archiepiscopi
1192 2697 1369 2768 gentis
1397 2696 1690 2769 Anglorum
1719 2698 2068 2753 constitutio-

481 2805 579 2846 nes
607 2790 887 2853 habemus,
916 2788 972 2841 in
1003 2787 1198 2859 quibus
1232 2786 1493 2857 scriptum
1531 2797 1652 2843 est:
1690 2807 1707 2840 ι
1739 2787 1839 2857 Qui
1887 2788 2073 2843 inmo-

482 2882 558 2936 lat
578 2878 858 2934 daemoniis
886 2879 940 2933 in
965 2877 1226 2943 minimis,
1252 2893 1416 2933 unum
1438 2893 1640 2933 annum
1663 2879 1951 2947 paeniteat;
1979 2878 2072 2947 qui

481 2987 612 3028 vero
641 2972 694 3026 in
718 2972 949 3041 magnis,
981 2985 1012 3023 x
1043 2985 1213 3025 annos
1246 2970 1522 3040 poeniteat.
1554 2969 1743 3025 Mulier
1771 2970 1817 3024 si
1848 2985 1952 3041 qua
1977 2987 2073 3041 po-

483 3068 564 3122 nit
584 3065 747 3121 ﬁliam
768 3079 919 3120 suam
948 3079 1109 3134 supra
1133 3072 1356 3127 tectum,
1372 3062 1459 3117 vel
1486 3062 1538 3117 in
1560 3062 1859 3128 fornacem,
1874 3078 1973 3134 pro
1993 3078 2074 3118 sa-

482 3158 654 3212 nitate
670 3154 858 3219 febris,
872 3170 945 3210 vu
959 3170 1131 3211 annos
1143 3156 1420 3225 pmniteat.
1437 3154 1538 3221 Qui
1554 3154 1746 3210 ardere
1763 3154 1893 3210 facit
1907 3169 2072 3226 grana

484 3250 575 3303 ubi
600 3256 844 3302 mortuus
862 3256 964 3311 est,
980 3247 1082 3301 hoc
1103 3262 1203 3317 pro
1216 3247 1446 3301 sanitate
1470 3246 1765 3301 viventium
1783 3255 1837 3302 et
1858 3247 2071 3313 domus,

484 3355 517 3393 v
548 3353 716 3393 annos
747 3336 1027 3408 paeniteat.
1058 3334 1117 3391 Si
1140 3336 1334 3390 mulier
1361 3335 1751 3391 incantationes
1770 3336 1854 3391 vel
1875 3336 2074 3391 divina-

486 3430 659 3485 tiones
690 3428 898 3492 fecerit,
919 3442 1083 3481 unum
1117 3441 1340 3493 annum,
1366 3426 1449 3481 vel
1476 3435 1586 3481 tres
1608 3426 2068 3497 quadragesimae,

484 3520 566 3575 vel
596 3536 661 3573 xi.
684 3519 819 3583 dies,
844 3517 1000 3587 juxta
1036 3516 1351 3587 qualitatem
1374 3516 1565 3586 culpa),
1589 3516 1870 3585 poeniteat.
1904 3536 1922 3568 ι

556 3608 634 3665 Ile
683 3608 785 3664 boc
830 3608 882 3661 in
917 3606 1146 3662 concilio
1195 3605 1502 3677 Ancyrano,
1556 3621 1675 3676 cap.
1703 3605 1794 3670 22,
1822 3607 2021 3661 dicitur
2055 3624 2068 3660 :

492 3716 509 3747 ο
544 3697 644 3763 Qui
671 3696 917 3766 auguria,
942 3695 1205 3764 auspicia,
1242 3694 1355 3749 sive
1395 3694 1627 3759 somnia,
1660 3694 1744 3749 vel
1790 3694 2073 3751 divinatio-

488 3802 586 3843 nes
624 3786 889 3856 quaslibet
926 3784 1223 3839 secundum
1264 3798 1445 3838 mores
1474 3783 1711 3854 gentium
1759 3784 2067 3847 observant,

489 3886 581 3931 aut
613 3878 666 3930 in
715 3876 902 3931 domos
932 3889 1057 3929 suas
1082 3873 1387 3944 lmjusmodi
1429 3874 1675 3928 homines
1705 3872 1983 3939 inducunt,
2016 3874 2070 3928 in

488 3967 837 4039 exquirendis
860 3968 1039 4036 aliqua
1066 3974 1182 4020 arte
1212 3964 1487 4029 tnaleiicis,
1521 3972 1611 4018 aut
1648 3973 1707 4018 ut
1734 3965 1922 4020 domos
1944 3980 2072 4022 suas

490 4060 750 4123 lustrent;
777 4058 854 4124 hi,
879 4057 925 4111 si
953 4056 1019 4110 de
1045 4056 1189 4111 clero
1212 4062 1357 4119 sunt,
1373 4054 1724 4124 alijiciantur;
1749 4055 1792 4108 si
1820 4069 1950 4110 vero
1974 4069 2074 4110 sae-

490 4149 722 4213 culares,
763 4145 1131 4217 quinquennio
1173 4143 1491 4214 pmniteant.
1527 4142 1627 4209 Qui
1673 4144 1851 4198 cibum
1880 4144 2072 4199 immo-

492 4241 660 4294 latum
688 4236 1005 4299 comederit,
1032 4243 1087 4289 et
1124 4235 1315 4289 deinde
1345 4232 1624 4289 confessus
1667 4232 1851 4298 fuerit,
1889 4248 2072 4288 sacer-

492 4332 589 4387 dos
632 4329 976 4385 considerare
1006 4326 1165 4381 debet
1202 4338 1508 4395 personam,
1541 4324 1595 4377 in
1640 4338 1743 4394 qua
1786 4333 1964 4390 rotate,
1990 4324 2073 4380 vel

493 4420 761 4491 quomodo
787 4419 1024 4479 edoctus,
1055 4423 1149 4470 aut
1182 4414 1412 4484 qualiter
1438 4414 1745 4483 contigerit,
1772 4422 1828 4469 et
1852 4415 1927 4468 ita
1971 4429 2071 4468 au-

493 4513 720 4568 ctoritas
756 4506 1102 4564 sacerdotalis
1142 4506 1287 4561 circa
1338 4503 1609 4557 inﬁrmant
1656 4504 1987 4569 moderetur,
2017 4513 2072 4559 et

496 4605 548 4657 in
577 4600 721 4656 omni
744 4596 1059 4669 paenitentia
1086 4608 1320 4663 semper,
1338 4602 1392 4647 et
1411 4591 1805 4647 confessionem
1827 4593 2069 4657 omnino,

496 4696 548 4749 in
578 4700 835 4763 quantum
858 4688 1001 4743 Deus
1039 4685 1293 4755 adjuvare
1321 4683 1585 4754 dignetur,
1612 4697 1735 4740 cum
1759 4683 1904 4738 omni
1945 4682 2070 4737 dili-

497 4781 673 4854 gentia
702 4782 1073 4835 conservetur.
1108 4794 1127 4826 ι

1066 4863 1291 4919 CAPUT
1316 4861 1510 4916 XXXI.

886 4937 963 4991 De
987 4933 1242 5004 sortilegis
1272 4943 1319 4985 et
1356 4932 1667 5001 auguribus.

554 5034 682 5088 Item
712 5032 762 5085 in
787 5030 1014 5085 concilio
1035 5026 1325 5097 Agatliensi
1380 5026 1447 5080 de
1487 5023 1755 5095 sortilegis
1787 5025 1867 5081 vel
1910 5041 2073 5097 augu-

500 5130 637 5182 rium
665 5124 1019 5179 servantibus.
1054 5123 1316 5189 scriptum
1346 5130 1463 5175 est:
1496 5137 1515 5168 ι
1548 5118 1624 5174 Ne
1654 5119 1719 5174 de
1752 5134 1816 5173 eo
1848 5116 2076 5173 fortasse

569 5274 592 5302 ο
622 5261 675 5315 ld
702 5269 805 5324 est,
834 5261 1080 5330 copulam
1109 5258 1377 5330 carnalem
1411 5256 1629 5330 habere.

568 5332 595 5370 δ
622 5330 742 5387 Haec
769 5323 928 5384 verba
960 5329 1137 5382 addita
1181 5326 1394 5380 fuerant
1418 5327 1485 5378 ad
1518 5324 1813 5393 marginem
1840 5323 1905 5377 ab
1930 5337 2075 5376 ama-

499 5402 705 5463 nuensi,
740 5400 933 5455 deinde
962 5397 1043 5451 vel
1074 5412 1102 5450 a
1136 5396 1444 5458 Stevvartio,
1478 5394 1561 5447 vel
1604 5395 1731 5457 alio,
1768 5395 1838 5463 in
1869 5402 2070 5445 textum

498 5461 717 5523 inserta.
766 5468 907 5522 Vidit
944 5467 1209 5541 Balttzitts,
1242 5466 1321 5518 vir
1366 5465 1745 5541 aettuenaris,
1790 5461 1878 5514 illa
1919 5478 2069 5541 men-

497 5549 603 5592 tem
639 5539 843 5593 llahant
886 5538 1161 5591 evidenter
1185 5536 1527 5603 impugnare;
1560 5534 1782 5603 ideoque
1814 5534 2075 5599 expunxit

498 5622 665 5677 usque
708 5610 775 5677 ad
813 5607 975 5661 verba
1006 5624 1017 5658 :
1051 5602 1347 5677 superﬂua
1373 5614 1445 5677 est
1487 5602 1786 5677 Itujusmoili
1832 5604 2067 5677 qurestio.

500 5666 611 5731 Non
638 5676 934 5750 refragatur
962 5679 1075 5745 ipse
1105 5666 1371 5730 Maisillon.
1408 5674 1457 5728 in
1488 5666 1692 5740 priefat.
1725 5666 1860 5725 Sine.
1891 5686 1939 5723 tv
1972 5668 2069 5723 Be-

2169 1865 2372 1921 rantes,
2416 1865 2546 1913 tunc
2590 1857 2805 1911 demum
2838 1856 3131 1929 oblationis
3171 1866 3511 1913 sacramenta
3551 1857 3769 1913 contiu-

2168 1954 2316 2017 gant.
2344 1945 2676 2001 Discutiatur
2713 1946 2822 2001 vita
2852 1960 3064 2012 eorum,
3098 1947 3275 2016 qualis
3319 1955 3564 2017 tempore
3586 1947 3766 2021 pumi-

2170 2034 2369 2089 tudinis
2392 2034 2680 2100 exstiterit,
2707 2044 2763 2090 et
2782 2035 2857 2089 ita
2882 2032 3307 2091 miSericordiam
3337 2045 3762 2107 consequantur.

2169 2124 2320 2190 Quod
2375 2123 2421 2178 si
2470 2121 2867 2193 inexplebiliter
2911 2123 2996 2178 bis
3046 2123 3252 2179 laesere
3299 2124 3637 2190 criminibus,
3694 2125 3767 2180 ad

2168 2215 2432 2286 agendam
2469 2215 2846 2287 paenitentiam
2893 2214 3159 2285 prolixius
3204 2223 3414 2287 tempus
3462 2216 3764 2271 insaniant.

2170 2307 2445 2375 Quotquot
2486 2312 2664 2360 autem
2690 2315 2824 2376 post
2872 2322 2943 2360 xx
2986 2321 3159 2361 annos
3184 2306 3379 2372 :e'tatis,
3422 2320 3622 2363 uxores
3665 2306 3768 2362 lia-

2164 2393 2381 2459 bentes,
2411 2395 2466 2449 in
2507 2395 2611 2450 hoe
2635 2398 2857 2464 peceato
2882 2393 3117 2466 prolapsi
3148 2404 3293 2461 sunt,
3324 2411 3431 2451 xxv
3461 2411 3635 2451 annos
3654 2408 3769 2466 pce-

2170 2485 2450 2539 nitentiam
2478 2493 2721 2555 agentes,
2752 2486 2820 2540 ad
2846 2486 3110 2541 orationis
3157 2486 3592 2542 communionem
3623 2486 3767 2541 reci—

2166 2576 2407 2648 piantur.
2452 2575 2511 2631 ln
2556 2591 2687 2646 qua,
2732 2576 3107 2647 quinquennio
3137 2577 3416 2643 durantes,
3446 2586 3577 2632 tunc
3613 2576 3769 2633 obla-

2171 2666 2334 2721 tionis
2358 2674 2698 2721 sacramenta
2737 2659 3060 2737 percipiant.
3092 2666 3247 2735 Quod
3272 2667 3317 2723 si
3356 2678 3412 2722 et
3435 2682 3635 2723 uxores
3662 2668 3768 2723 ba-

2169 2760 2378 2823 bentes,
2400 2766 2455 2813 et
2476 2754 2921 2815 transcendentes
2944 2754 3451 2830 quinquagesimum
3473 2760 3651 2816 mtatis
3670 2774 3769 2815 an-

2171 2866 2321 2915 num,
2348 2851 2423 2905 ita
2463 2849 2811 2920 deliquerint,
2858 2852 2927 2907 ad
2966 2852 3171 2906 exitum
3217 2851 3340 2907 vita:
3368 2851 3788 2912 communionis

2173 2939 2402 3008 gratiam
2430 2948 2851 3009 consequantur.
2887 2960 2906 2992 ι

2246 3029 2377 3085 Item
2402 3030 2459 3085 in
2484 3030 2673 3101 eodem
2707 3034 2936 3088 concilio
2955 3074 2970 3099 ,
3000 3049 3120 3105 cap.
3164 3033 3232 3089 l6
3260 3052 3279 3089 ε·
3308 3052 3327 3087 ‹
3358 3034 3465 3091 Eos
3498 3036 3590 3106 qui
3620 3036 3766 3091 irra-

2100 3115 2145 3177 C
2178 3120 2507 3177 tionabiliter
2530 3123 2797 3207 vixerint,
2831 3132 2886 3179 et
2916 3125 2969 3179 in
3009 3124 3160 3195 lepra
3186 3124 3321 3193 justi
3350 3126 3596 3182 criminis
3626 3126 3767 3181 alios

2174 3210 2495 3281 polluerint,
2532 3214 2791 3282 praecepit
2832 3226 3020 3271 sancta
3047 3214 3284 3284 synodus
3319 3214 3461 3271 inter
3482 3229 3579 3271 eos
3604 3227 3769 3269 orare

2174 3302 2267 3371 qui
2288 3302 2480 3372 spiritu
2506 3303 2883 3371 periclitantur
2908 3300 3206 3359 immundo.
3250 3332 3269 3365 ι

2717 3391 2946 3449 CAPUT
2984 3391 3223 3447 XXXIII.

2741 3484 2819 3539 De
2848 3484 3187 3538 eucharistia.

2246 3578 2400 3646 Quod
2417 3585 2595 3633 autem
2620 3576 3013 3647 interrogastis,
3031 3585 3209 3631 utrum
3237 3575 3599 3643 Eueharistia,
3615 3589 3775 3649 post-

2173 3684 2335 3739 quam
2356 3670 2705 3732 consumitur,
2726 3677 2781 3723 et
2802 3668 2856 3721 in
2878 3679 3149 3722 secessum
3171 3668 3436 3723 emittitur
3456 3684 3604 3724 more
3623 3669 3766 3725 alio—

2172 3776 2293 3815 rum
2328 3761 2604 3825 ciborum,
2636 3761 2831 3814 iterum
2870 3759 3053 3813 redeat
3091 3758 3147 3813 in
3179 3768 3426 3814 naturam
3455 3760 3763 3830 pristinam,

2173 3865 2336 3920 quam
2366 3848 2635 3903 habuerat
2656 3857 2947 3917 antequam
2978 3848 3031 3901 in
3064 3848 3221 3902 altari
3252 3858 3689 3905 consecraretur.

2245 3938 2297 4011 [ιι
2328 3939 2431 3993 Ista
2457 3938 2723 3994 sententia
2752 3939 3029 3993 contraria
3053 3948 3136 3994 est
3162 3939 3445 3995 sententiis
3465 3939 3767 3996 Clementis

2172 4042 2345 4097 papas,
2376 4036 2431 4081 et
2468 4026 2697 4081 aliorum
2727 4027 3017 4082 multorum
3048 4036 3357 4083 sanctorum
3387 4028 3629 4095 Patrum,
3670 4031 3764 4100 qui

2175 4117 2361 4171 dicunt
2380 4130 2576 4186 corpus
2601 4116 2811 4171 Domini
2840 4132 2947 4173 non
2972 4133 3093 4172 cum
3132 4119 3346 4174 cmteris
3381 4120 3765 4177 communibus

2174 4207 2311 4263 cibis
2348 4224 2443 4277 per
2488 4209 2822 4277 aqualiculus
2851 4210 2901 4263 in
2930 4223 3201 4265 secessum
3238 4209 3424 4284 mitti.]
3476 4210 3761 4283 Superbus

2175 4307 2256 4353 est
2285 4298 2589 4368 hujusmodi
2618 4298 2865 4367 quaestio,
2896 4313 3018 4353 cum
3060 4300 3173 4370 ipse
3201 4299 3449 4357 Salvator
3485 4302 3687 4358 dixerit
3710 4305 3761 4357 in

2176 4387 2465 4459 Evangelio
2497 4404 2510 4439 :
2540 4404 2559 4437 ι
2591 4386 2761 4442 Omne
2802 4388 2948 4457 quod
2992 4388 3159 4443 intrat
3202 4390 3254 4444 in
3298 4405 3383 4455 os,
3424 4390 3478 4444 in
3512 4401 3759 4447 ventrem

2099 4466 2149 4525 D
2182 4495 2200 4527 ι
2234 4477 2381 4531 vadit
2408 4485 2462 4531 et
2508 4477 2559 4529 in
2590 4490 2863 4531 secessum
2890 4476 3157 4531 emittitur
3199 4475 3436 4551 (Matth).
3469 4492 3486 4524 ι
3560 4478 3758 4535 Sacra-

2178 4577 2418 4623 mentum
2448 4579 2470 4606 ο
2500 4568 2744 4636 corporis
2786 4576 2843 4621 et
2882 4568 3182 4636 sanguinis,
3231 4570 3282 4623 id
3325 4568 3457 4624 estd
3497 4584 3565 4624 ex
3601 4572 3760 4625 rebus

2174 4658 2476 4713 visibilibus
2521 4666 2578 4712 et
2617 4658 2983 4727 corporalibus
3029 4658 3343 4724 conficitur;
3384 4660 3478 4713 sed
3513 4660 3758 4718 invisibi-

2176 4752 2283 4805 lem
2316 4760 2425 4804 tam
2460 4752 2701 4820 corporis
2752 4766 2913 4820 quam
2949 4750 3142 4804 animm
3170 4749 3333 4803 etlicit
3375 4750 3756 4806 sanctiﬁcatio—

2182 4856 2301 4895 nem
2335 4840 2432 4912 [et]
2464 4840 2711 4894 salutem.
2761 4842 2890 4906 Qum
2917 4848 3001 4894 est
3027 4840 3171 4894 enim
3208 4842 3343 4893 ratio
3384 4848 3442 4892 ut
3469 4839 3573 4893 hoc
3613 4840 3751 4909 quod

2180 4935 2455 4990 stomacho
2495 4933 2771 5002 digeritur,
2800 4942 2853 4985 et
2892 4933 2945 4985 in
2988 4946 3260 4986 secessum
3288 4942 3311 4969 ο
3340 4929 3631 4995 emittitur,
3664 4932 3761 4986 ite-

2178 5040 2298 5078 rum
2322 5025 2373 5077 in
2399 5034 2597 5078 statum
2625 5022 2909 5092 pristinum
2937 5023 3140 5085 redeat,
3170 5036 3297 5077 cum
3317 5020 3492 5076 nullus
3515 5021 3623 5076 hoc
3654 5038 3750 5077 un-

2178 5130 2342 5185 quam
2369 5113 2482 5168 iieri
2507 5127 2625 5167 esse
2652 5113 2979 5168 asserucrit?

2182 5245 2563 5385 neglfdlcoﬁice
2587 5313 2855 5385 Mabillon.
2889 5312 3083 5383 legitur
3108 5333 3120 5368 :
3150 5313 3547 5369 Sacramentum
3570 5331 3710 5385 ergo.

2246 5383 2273 5422 ιι
2306 5385 2550 5439 Delendze
2581 5384 2681 5437 illm
2708 5399 2887 5447 voces,
2913 5384 2964 5436 id
3010 5395 3106 5449 est,
3134 5400 3254 5454 qua:
3285 5386 3478 5440 desunt
3523 5385 3580 5439 in
3629 5383 3744 5440 cod.

2178 5470 2279 5508 ms.
2306 5464 2359 5509 et
2387 5468 2604 5507 sensum
2629 5455 2921 5507 invertunt.
2951 5454 3085 5507 MAI].

2177 5594 2217 5645 Τ
2252 5524 2684 5647 (Ἰξξοάικϋξξὲιυη.
2706 5523 2882 5577 Faurii
2905 5525 3071 5588 addit,
3089 5534 3144 5577 ut
3161 5534 3372 5578 stercus.
3396 5521 3533 5577 Mss.
3555 5512 3743 5576 Annal.

2226 5634 2240 5645 .
2326 5606 2433 5647 ’.ti.
2498 5614 2525 5645 ι
2570 5630 2582 5645 .

2226 5634 2240 5645 .
2272 5606 2356 5657 Iv,
2385 5609 2433 5660 ιι.
2460 5606 2582 5645 bis.
