3960 6370
219 371 307 428 ὶυῗι

1379 362 1731 419 COMMENT.
1773 362 1837 418 ιδ
1876 357 2325 416 EZECHIELEM.
2354 371 2367 387 ·

3346 344 3459 400 ’408

276 484 408 538 Nam
440 484 661 553 quidam
704 494 892 551 nuper,
922 481 987 534 de
1017 480 1131 548 ipso
1165 487 1501 532 sacramento
1543 461 1785 545 corporis
1817 487 1859 538 Α
1896 497 1912 527 ι
1949 490 2075 530 vcre
2099 487 2183 529 est
2226 475 2397 536 cibus,
2430 482 2482 524 et
2520 470 2738 539 sanguis
2766 483 2918 522 meus
2950 479 3077 522 vere
3118 473 3204 519 est
3226 472 3400 534 putus.
3440 482 3461 514 ι

209 587 263 630 ct
286 574 563 644 sanguinis
594 569 806 626 Demiui
858 585 963 623 non
1008 569 1107 620 rite
1135 567 1448 630 sentientes,
1488 565 1743 619 dixerunt
1774 582 1786 617 :

213 663 324 717 Hoc
351 663 524 732 ipsum
566 673 763 727 corpus
789 670 837 720 ι,
865 665 922 710 et
954 655 1263 726 sanguinem
1297 654 1530 718 Domini,
1559 654 1703 723 quod
1728 654 1793 709 de

212 751 373 805 Maria
427 749 651 819 Virgine
690 755 876 800 natum
916 752 1018 808 est,
1070 750 1125 797 et
1160 743 1212 796 in
1252 758 1358 811 quo
1384 743 1498 811 ipse
1537 742 1803 797 Dominus

212 854 400 913 passus
424 838 588 893 estin
626 851 807 899 cruce,
842 843 897 888 et
942 833 1240 888 resurrexit
1281 834 1347 887 de
1378 831 1623 902 sepulcro
1648 832 1789 884 δη...

214 932 298 985 cui
346 928 518 983 errori
556 934 815 995 quantum
855 924 1148 995 potuimus,
1194 923 1261 977 ad
1295 920 1503 991 Egilum
1546 922 1795 975 abbatem

214 1022 528 1081 scribentes,
556 1018 621 1071 de
664 1031 890 1085 corpore
921 1016 1037 1084 ipso
1062 1012 1191 1083 quid
1220 1027 1348 1066 vere
1376 1010 1700 1066 credendum
1727 1010 1797 1065 sit

216 1111 544 1179 aperuimus.
590 1108 729 1162 Dicit
771 1107 914 1161 enim
960 1107 1025 1161 de
1050 1120 1277 1175 corpore
1314 1117 1368 1158 et
1410 1104 1668 1173 sanguine
1700 1117 1799 1157 suo

216 1199 330 1269 ipse
363 1198 622 1250 Dominus
644 1197 696 1250 in
724 1195 1051 1264 Evangelio:
1088 1214 1106 1245 ί
1145 1195 1255 1265 Ego
1281 1210 1401 1248 sum
1442 1192 1598 1271 panis
1622 1193 1797 1256 vivus,

220 1309 239 1339 ι
273 1289 365 1357 qui
400 1287 467 1341 de
513 1286 654 1340 caelo
691 1285 978 1349 descendi;
1020 1286 1064 1339 si
1115 1285 1235 1353 quis
1283 1282 1689 1337 manducavcrit
1731 1297 1797 1336 ex

221 1398 240 1429 ι
278 1378 379 1431 hoc
408 1390 569 1445 pane,
598 1376 741 1428 vivet
769 1376 820 1435 iu
858 1384 1137 1428 aeternum.
1170 1374 1309 1427 Caro
1347 1374 1490 1427 enim
1519 1387 1640 1426 mea
1675 1387 1802 1427 vere

222 1487 241 1519 ι
278 1475 361 1519 est
381 1466 555 1527 cibus,
577 1472 632 1518 ct
659 1464 878 1531 sanguis
901 1478 1053 1517 meus
1075 1478 1201 1517 vere
1220 1471 1302 1517 est
1328 1474 1502 1532 potus.
1529 1462 1627 1529 Qui
1654 1478 1803 1516 man-

225 1575 243 1606 ι
283 1554 445 1608 ducat
495 1566 669 1606 meam
705 1566 949 1617 carnem,
982 1562 1039 1605 ct
1082 1552 1218 1605 bibit
1246 1566 1422 1605 meum
1465 1551 1800 1621 Sanguinem,

224 1662 243 1696 ι
284 1642 441 1697 habet
469 1642 631 1696 vitam
655 1650 933 1695 aeternam.
975 1661 993 1693 ι
1023 1640 1171 1695 Hanc
1199 1656 1327 1710 ergo
1370 1640 1533 1693 vitam
1565 1655 1672 1694 non
1704 1639 1801 1692 ha-

221 1737 334 1799 bet,
367 1732 461 1803 qui
494 1732 641 1786 illum
672 1745 867 1800 panem
899 1746 1005 1785 non
1034 1731 1345 1795 manducat,
1375 1744 1473 1784 nec
1496 1731 1656 1783 istum
1682 1744 1805 1783 san-

1893 567 2026 621 Cum
2049 566 2191 620 enim
2217 566 2337 619 cibo
2364 574 2419 617 et
2443 572 2570 633 potu
2618 561 2666 615 id
2697 570 2948 632 appetant
2980 559 3243 618 homines.
3277 564 3339 610 ut
3360 570 3468 609 non

1894 656 2157 719 esuriant,
2190 670 2362 724 neque
2398 654 2615 717 sitiant,
2646 650 2749 706 hoc
2775 651 3042 706 veraciter
3080 664 3187 702 non
3225 653 3467 716 praestat,

1896 746 1998 800 nisi
2027 732 2129 799 iste
2157 744 2309 799 cibus
2331 751 2385 798 et
2404 753 2579 812 potus,
2604 741 2695 811 qui
2720 755 2814 795 eos
2836 756 2864 793 a
2888 739 3082 808 quibus
3110 736 3341 793 sumitur
3364 735 3489 788 im-l

1897 833 2150 889 mortales
2178 844 2232 887 et
2262 832 2697 901 incorruptibiles
2730 830 2889 895 facit;
2918 830 2971 883 id
2995 837 3077 884 est
3100 828 3331 883 societas
3358 827 3483 896 ipsa-

1896 932 2228 989 sanctorum,
2246 922 2333 976 ubi
2348 938 2451 992 pax
2466 922 2589 985 erit,
2603 930 2658 975 et
2675 921 2853 974 unitas
2866 920 3020 989 plena
3034 927 3197 987 atque
3208 915 3470 987 perfecta.

2431 1031 2659 1088 CAPUT
2696 1030 2934 1086 XXXIV.

2201 1114 2222 1142 ο
2257 1103 2330 1156 De
2353 1104 2671 1157 restitutione
2700 1102 2894 1156 Ebom‘s
2923 1102 3165 1171 episcopi.

1970 1202 2045 1255 De
2080 1199 2278 1254 Ebonis
2307 1208 2485 1253 autem
2518 1195 2838 1251 Rhemensis
2865 1195 3099 1265 episcopi
3141 1192 3475 1263 depositione

1902 1299 2064 1359 atque
2094 1289 2432 1343 restitutione
2464 1302 2568 1341 non
2614 1300 2833 1339 necesse
2853 1300 2976 1339 esse
3019 1284 3228 1339 aestimo
3255 1290 3361 1336 tuae
3389 1282 3475 1335 in-

1906 1380 2251 1451 tet-rogationi
2276 1380 2620 1449 respondere.
2644 1376 2864 1430 Videant
2892 1376 2965 1429 illi
2987 1377 3079 1446 qui
3109 1377 3207 1431 hoc
3226 1382 3475 1445 egerunt,

1903 1481 2081 1526 utrum
2115 1469 2260 1538 juste
2303 1484 2372 1522 an
2424 1468 2621 1538 injuste
2662 1468 2761 1521 hoc
2802 1464 3046 1520 fecerint.
3076 1465 3209 1533 Ego,
3249 1463 3373 1517 dum
3425 1463 3475 1516 in

1903 1565 2211 1633 episcopatu
2264 1559 2649 1631 Moguntiensis
2685 1558 2941 1613 Ecclesia:
2984 1555 3233 1624 indignus
3277 1552 3481 1608 consti-

1905 1661 2054 1707 tutus
2083 1667 2223 1714 sum,
2255 1649 2435 1703 inveni
2462 1663 2583 1702 eum
2616 1648 2668 1701 in
2696 1643 3071 1700 Hiltineshaim
3101 1642 3128 1683 ἀ
3158 1646 3212 1697 in
3240 1641 3479 1696 Saxonia

1904 1741 2262 1813 episcopalem
2292 1742 2472 1795 seriem
2508 1739 2728 1794 habere.
2775 1738 2882 1791 Nec
2915 1752 3038 1792 eum
3072 1736 3317 1807 prohibui
3346 1750 3484 1805 puc-

221 1824 437 1895 guinem
462 1823 617 1878 bibit.
641 1822 775 1875 Nam
805 1822 950 1877 illam
990 1821 1340 1890 temporalem
1371 1821 1531 1876 vitam
1573 1820 1805 1874 sineillo

1912 1835 2039 1889 sulis
2060 1833 2291 1889 cilicium
2318 1844 2526 1901 gerere,
2556 1830 2681 1899 quia
2703 1827 2904 1891 audivi,
2932 1828 3001 1880 ab
3025 1826 3328 1897 Apostolica
3355 1826 3485 1880 sedc

225 1916 473 1971 homines
509 1924 782 1982 utcunque
826 1913 879 1966 in
928 1914 1031 1967 hoc
1079 1912 1276 1966 sacculo
1312 1911 1512 1965 habere
1559 1917 1803 1979 possunt,

225 2008 315 2077 qui
359 2024 464 2060 non
510 2014 635 2060 sunt
663 2020 760 2075 per
805 2004 961 2057 tidem
1011 2003 1064 2057 in
1110 2018 1333 2074 corpore
1361 2002 1516 2072 ejus;
1550 2012 1807 2056 aeternam

226 2113 353 2150 vero
381 2111 680 2163 nunquam,
727 2109 847 2163 quae
876 2093 1079 2147 sanctis
1106 2092 1457 2161 promittitur.
1502 2090 1581 2145 Ne
1626 2102 1809 2144 autem

222 2198 480 2261 putarent
507 2188 585 2244 sic
612 2189 664 2241 in
691 2189 796 2242 isto
822 2188 942 2243 cibo
972 2199 1027 2241 et
1046 2195 1193 2257 potu,
1221 2201 1379 2256 quem
1411 2185 1700 2240 carnaliter
1720 2200 1810 2239 su-

225 2291 402 2346 munt,
425 2291 479 2336 et
506 2281 858 2351 spiritualiter
883 2296 990 2335 non
1014 2281 1335 2352 intelligunt,
1360 2281 1413 2335 in
1442 2280 1546 2336 fide
1568 2280 1810 2350 promitti

226 2374 395 2427 vitam
433 2381 689 2427 aeternam
721 2391 733 2425 :
767 2380 844 2437 ut,
877 2371 967 2441 qui
1001 2386 1123 2426 eam
1147 2380 1444 2435 sumerent,
1480 2386 1581 2426 nec
1608 2371 1808 2435 anima,

226 2479 331 2519 nec
370 2478 595 2532 corpore
636 2471 997 2527 morerentur,
1046 2464 1173 2517 huic
1199 2462 1511 2531 cogitationi
1563 2462 1813 2531 dignatus

224 2561 313 2609 est
350 2568 660 2608 occurrere.
706 2552 840 2606 Nam
891 2567 1012 2606 cum
1053 2552 1300 2616 dixisset,
1334 2569 1351 2601 ι
1382 2549 1483 2617 Qui
1529 2551 1814 2605 manducat

233 2668 249 2699 ι
286 2661 502 2701 carnem
535 2662 733 2711 meam,
772 2655 827 2701 et
856 2646 989 2701 bibit
1035 2661 1213 2700 meum
1266 2647 1599 2717 sanguinem,
1652 2645 1816 2700 habet

231 2759 252 2792 ι
294 2740 458 2794 vitam
487 2748 768 2805 aaternam,
802 2759 818 2791 ι
849 2740 1103 2794 continuo
1126 2738 1354 2808 subjecit
1376 2747 1429 2793 et
1460 2738 1595 2792 dixit
1617 2757 1629 2791 :
1651 2757 1671 2789 ι
1700 2737 1813 2806 Ego

229 2848 253 2881 ι
294 2829 629 2883 resuscitabo
656 2843 779 2883 eum
804 2829 855 2882 in
887 2829 1181 2883 novissimo
1223 2830 1327 2893 die,
1368 2848 1385 2880 ι
1421 2837 1480 2882 ut
1508 2828 1700 2883 habeat
1725 2829 1813 2882 in-

230 2919 411 2981 terim,
457 2919 750 2972 secundum
788 2919 1059 2988 spiritum,
1104 2921 1268 2973 vitam
1314 2927 1594 2974 mternam.
1626 2918 1684 2973 in
1713 2933 1813 2973 no-

228 3006 452 3062 vissimo
476 3021 605 3077 ergo
636 3007 746 3070 die.
768 3009 983 3076 quando
1018 3009 1197 3062 anima
1224 3010 1591 3078 incorruptum
1617 3024 1813 3079 corpus

227 3100 505 3167 suscipiet,
546 3110 673 3153 tunc
704 3102 878 3155 anima
921 3108 974 3155 et
993 3116 1189 3170 corpus
1221 3099 1588 3170 cujuscunque
1617 3081 1813 3167 sancti,

1910 1925 1961 1977 in
1984 1923 2159 1977 locum
2184 1938 2338 1977 suum
2376 1921 2680 1975 restitutum
2707 1934 2845 1974 esse.
2890 1917 3086 1988 Sicque
3113 1919 3178 1973 ad
3214 1916 3373 1971 tinem
3409 1918 3487 1969 vi-

1908 2022 1975 2068 ta:
2005 2013 2058 2068 in
2084 2029 2181 2068 suo
2201 2011 2375 2068 otiicio
2403 2010 2679 2066 remansit.
2707 2008 3040 2080 negantibus
3063 2014 3242 2063 autem
3265 2007 3489 2077 quibus-

1908 2105 2027 2158 dam
2079 2104 2354 2167 fratribus,
2396 2094 2687 2157 Hincmaro
2716 2100 2969 2170 episcopo
3013 2096 3353 2170 [Rbemeusi]
3380 2112 3486 2151 nu-

1907 2208 2004 2262 per
2036 2209 2133 2263 pro
2159 2194 2261 2247 hoc
2290 2193 2406 2261 ipso
2431 2189 2717 2260 epistolam
2740 2189 2932 2253 direxi,
2959 2188 3083 2257 quia
3124 2186 3304 2242 audivi
3336 2198 3486 2248 eum,

1910 2284 2029 2339 illos
2073 2299 2210 2353 quos
2227 2282 2353 2337 leo
2382 2290 2503 2351 post
2534 2280 2979 2335 restaurationem
3011 2292 3162 2330 suam
3199 2289 3489 2333 consecra-

1909 2374 2009 2439 vit,
2052 2387 2083 2425 a
2129 2370 2448 2426 sacerdotali
2480 2377 2642 2440 atque
2674 2367 2911 2423 clericali
2958 2366 3137 2432 oliicio
3169 2367 3486 2421 removisse.

1910 2461 2197 2529 Postquam
2227 2468 2406 2515 autem
2459 2458 2589 2513 mihi
2636 2458 2758 2512 inde
2782 2472 3095 2528 responsum
3125 2465 3489 2526 opportunum

1913 2553 2179 2611 redditum
2212 2550 2392 2615 fuerit,
2423 2550 2519 2605 tibi
2556 2549 2807 2604 intimare
2836 2549 3057 2605 curabo.

1982 2643 2109 2698 Hzec
2139 2642 2297 2714 igitur
2324 2642 2443 2705 tibi,
2473 2649 2658 2716 sancte
2683 2638 2873 2702 frater,
2895 2638 3492 2709 juxtapostulatioucm

1916 2746 2062 2791 tuam
2088 2735 2159 2789 ad
2185 2735 2540 2802 interrogata,
2569 2739 2833 2803 quantum
2860 2729 3123 2799 aegritudo
3149 2726 3350 2783 inﬁrmi
3378 2744 3493 2782 cor-

1914 2826 2062 2899 poris
2083 2826 2186 2880 mei
2211 2825 2442 2889 sinebat,
2471 2834 2527 2878 et
2554 2824 2909 2881 commoditas
2939 2822 3194 2891 temporis
3224 2821 3492 2891 permisit,

1909 2919 2062 2989 juxta
2104 2925 2409 2972 sanctorum
2455 2929 2750 2971 canonum
2788 2914 3031 2969 inatituta
3078 2923 3133 2969 et
3178 2924 3492 2969 sanctorum

1916 3010 2132 3064 Patrum
2175 3008 2497 3071 sententias,
2546 3007 2873 3076 respondere
2916 3007 3124 3061 curavi.
3157 3002 3240 3060 Tit
3289 3014 3490 3071 autem,

1916 3100 2005 3169 qui
2031 3114 2217 3168 sospes
2242 3114 2323 3164 cs,
2349 3106 2405 3153 et
2431 3097 2722 3152 multorum
2754 3097 3013 3157 librorum
3055 3098 3263 3168 copiam
3303 3097 3495 3168 acqui-

226 3192 288 3246 in
336 3207 500 3244 unum
549 3192 749 3246 sociata
772 3231 787 3255 ,
832 3192 1105 3247 habebunt
1150 3194 1317 3246 vitam
1357 3196 1638 3257 aeternam,
1686 3193 1812 3263 quia
1842 3160 1886 3220 Ο
1923 3209 2041 3248 rere
2069 3201 2125 3247 et
2162 3191 2340 3263 legere
2365 3191 2530 3255 vales,
2562 3190 2608 3244 si
2648 3188 2993 3258 quid'melius
3019 3194 3075 3242 et
3114 3186 3496 3257 congruentius

228 3282 543 3337 adunantur
571 3281 731 3336 simul
754 3290 991 3352 caput'et
1014 3284 1277 3344 membra.
1300 3291 1355 3336 et
1387 3282 1466 3337 sic
1496 3291 1664 3336 totum
1694 3298 1813 3337 cor-

227 3388 334 3444 pus
360 3372 558 3427 Christi
604 3374 858 3443 gaudebit
893 3374 946 3427 in
983 3384 1316 3443 perpetuum.
1342 3374 1479 3430 Caro
1519 3376 1660 3429 enim
1692 3389 1812 3429 mea

307 3521 332 3545 ιι
358 3505 490 3560 Cod.
520 3506 645 3559 Ant.
672 3506 850 3560 Faurii
881 3508 1045 3572 addit,
1070 3525 1195 3562 esse.
1232 3508 1366 3561 Man.

307 3576 331 3614 δ
360 3575 573 3628 Lacuna
610 3575 694 3629 hic
738 3586 821 3630 est
858 3579 908 3631 in
958 3594 1057 3630 ms.
1106 3580 1401 3646 exemplari
1447 3578 1672 3641 Canisii,
1723 3579 1816 3632 sod

233 3645 311 3698 sic
337 3660 460 3698 eam
489 3645 711 3714 replevit
745 3647 989 3700 lialuzius
1014 3665 1025 3699 :
1052 3648 1187 3701 idem
1209 3645 1317 3702 ρεζςε
1342 3649 1477 3719 quod
1509 3648 1733 3700 suminir
1752 3648 1817 3700 de

225 3804 563 3834 zzz:

1921 3283 2160 3337 invenire
2183 3281 2407 3351 poteris.
2424 3294 2555 3334 mea;
2580 3279 2829 3349 parvitati
2854 3278 2907 3334 iu
2931 3277 3205 3348 epistulari
3226 3276 3497 3348 scriptura

1922 3374 2170 3428 intimare
2196 3388 2300 3427 non
2321 3371 2581 3441 graveris.

1920 3506 2380 3632 αηῗῗίιέἑήίιιιίια
2411 3582 2537 3629 sunt
2558 3572 2941 3628 Pocuitentiali.
2968 3571 3030 3624 Β.

1990 3646 2013 3685 ἀ
2046 3645 2212 3715 Vulgo
2238 3645 2578 3697 lfildesltemt.

2720 3804 3459 3828 =.::_._..__-—-'“>"-—_____--“'
3342 3804 3361 3810 -
3381 3799 3489 3829 ~—-;

488 3805 2796 3835 Μ

818 3958 1388 4072 ΒΕΔΤῙ
1464 3959 2200 4071 ΒΔΒΔΝῙ
2275 3956 2890 4070 ΜΔΠΒῙ

964 4170 1345 4227 FULDENSIS
1383 4168 1675 4226 ABBATIS
1713 4168 1801 4223 ET
1840 4166 2221 4224 MOGUNTINI
2256 4166 2774 4223 ARCHIEPISCOPI

440 4344 1938 4478 COMMENTARIORUM
2036 4351 2195 4473 IN
2290 4350 3297 4479 EZECHIELEM

1319 4580 1527 4640 LlBlll
1576 4579 1903 4639 VIGlNTl.
1955 4578 2194 4655 (ANNO
2234 4580 2401 4658 8&2.)

1672 4747 2048 4758 _._———_

1089 4850 1419 4908 EPISTOLA
1465 4851 1788 4909 LOTHARII
1829 4852 2136 4908 AUGUSTI
2171 4853 2261 4907 AD
2299 4851 2646 4909 RABANUM.

301 5068 535 5139 Inclytus
566 5069 895 5124 orthodoxus
925 5070 1233 5125 Lemnum
1260 5074 1529 5144 Augustus
1564 5094 1662 5132 suo
1700 5078 1808 5131 ΒΑ-
1836 5081 1886 5139 D
1915 5077 2057 5146 loqui
2087 5090 2193 5130 non
2231 5073 2437 5139 valent;
2465 5089 2655 5130 omnes
2700 5076 2922 5146 expetit,
2948 5079 3227 5135 universos
3273 5082 3485 5153 invitat,

218 5176 365 5219 naso
400 5158 593 5212 Manno
619 5158 865 5213 salutem.

304 5247 637 5302 Desideranti
675 5246 932 5305 mihi'tuo
960 5251 1193 5320 alloquio
1223 5255 1390 5307 mutui
1426 5255 1652 5310 reddere
1681 5255 1812 5309 allo-

224 5337 344 5406 quii
374 5336 569 5401 ollicia,
601 5339 801 5407 vulgari
852 5341 1075 5394 tun‘tultu
1125 5344 1278 5397 caesis
1318 5346 1534 5398 auribus
1574 5346 1809 5399 circum-

223 5438 443 5497 septus,
460 5427 723 5482 facundia:
748 5431 939 5484 horror
960 5441 1125 5496 arcet,
1144 5431 1331 5497 fateor,
1349 5435 1490 5502 cogit
1510 5435 1812 5489 dilectionis

223 5521 426 5581 ardor,
459 5527 514 5573 et
562 5521 916 5590 pmrogativo
961 5522 1215 5593 suffragio
1262 5526 1498 5579 dcisitum
1545 5525 1809 5595 persolvo.

224 5610 338 5667 Dat
379 5625 522 5665 Vires
556 5610 721 5663 animi
750 5612 986 5666 charitas
1012 5614 1202 5668 diffusa
1236 5616 1325 5668 Dci
1354 5635 1365 5668 :
1392 5617 1630 5685 suggerit
1668 5616 1811 5670 enim

223 5699 395 5754 verba
424 5698 778 5771 loquentibus
809 5700 1018 5771 illisque
1043 5702 1207 5758 donat
1228 5704 1387 5758 edere
1417 5718 1692 5758 sermones
1720 5705 1812 5772 qui

1919 5175 1967 5220 et
2011 5165 2118 5220 illis
2161 5164 2397 5219 occurrit
2433 5164 2682 5219 aetatibus
2716 5179 2835 5234 quae
2876 5177 2999 5221 vota
3028 5169 3207 5224 dicere
3251 5187 3356 5226 non
3396 5190 3485 5229 sa-

1914 5256 2083 5324 piunt.
2105 5253 2363 5307 Absentia
2386 5253 2920 5309 nostradesiderium
2938 5266 3087 5311 tuum
3099 5273 3206 5313 non
3226 5272 3488 5328 coarctet,

1913 5345 2055 5415 quod
2101 5344 2346 5413 quamvis
2388 5358 2678 5412 corporeus
2726 5344 2977 5400 induetur
3002 5345 3208 5419 [ΕΜ-ιε,
3238 5353 3487 5424 negetur]

1916 5442 2179 5502 aspectus,
2206 5433 2611 5503 amplitudinem
2650 5435 2845 5488 mentis
2873 5435 3149 5491 oculorum
3188 5438 3337 5493 visus
3379 5456 3487 5495 non

1916 5535 2250 5595 coangustat,
2280 5527 2323 5579 si
2352 5526 2527 5578 subito
2558 5525 2819 5579 translata
2849 5527 3057 5595 rapitur
3078 5528 3131 5582 in
3157 5529 3368 5596 animo;
3392 5532 3489 5586 sed

1916 5616 2117 5684 ingenti
2148 5600 2497 5683 amplitudine
2543 5615 2803 5683 spatians,
2827 5615 3124 5670 absentiam
3152 5619 3487 5687 corporalem

1916 5703 2141 5774 spiritali
2176 5712 2527 5774 reprzesentat
2570 5702 2743 5759 cilicio
2772 5722 2782 5756 :
2811 5706 3077 5773 quomodo
3103 5721 3235 5777 pure
3260 5707 3489 5778 diligen-
