3960 6354
454 301 555 359 ωε

1093 302 1154 357 Β.
1194 304 1446 361 ΒΑΒΑΝΙ
1482 305 1700 362 MAURI
1738 303 2058 361 ARCHIEP.
2102 303 2415 360 MOGUNT.
2450 303 2735 361 OPERUM
2773 305 2953 360 PARS
2990 304 3055 360 Ii.

3618 299 3732 353 496

452 420 586 476 tium
616 425 796 473 vestes
819 412 1042 470 aﬂectus
1070 416 1401 486 peregrinari
1423 416 1559 489 (sic).
1589 416 1656 470 Et
1676 416 1796 472 ideo
1822 416 2035 487 llagita-
2066 424 2113 483 Α
2140 416 2433 481 invenitll'r,
2465 418 2531 472 ad
2559 417 2736 472 locum
2760 434 2932 487 usque
2961 417 3203 472 Threnos
3235 416 3411 470 ﬁnitos
3453 430 3577 470 cum
3603 430 3734 470 cra-

452 521 575 562 mus
601 515 663 561 ut
688 504 1016 560 desiderium
1038 513 1133 559 tuo
1166 505 1223 559 in
1243 505 1410 561 corde
1445 514 1630 561 nostra
1656 504 1724 560 de
1746 506 2037 574 praesentia

452 596 646 651 crebro
673 601 953 666 augeatur;
978 602 1033 648 et
1081 602 1138 649 tu
1190 608 1223 650 a
1272 604 1565 665 conspectu
1594 605 1687 650 tuo
1714 609 1820 650 non
1851 595 2037 665 procul

451 686 751 758 elongatus,
770 684 950 740 atumo
969 682 1164 740 devoto
1195 684 1249 741 in
1280 693 1373 741 tuo
1399 700 1612 756 semper
1642 700 1884 751 manens,
1910 700 2041 741 cun-

452 778 807 848 ctipotentem
827 775 1113 831 Dominum
1138 776 1546 848 infatigabiliter
1587 776 1837 832 obsecret
1862 785 2041 831 vestra

451 868 673 925 assidua
720 867 1012 940 flagitatio,
1057 877 1242 924 nostra
1292 883 1393 939 pro
1440 869 1811 925 incolumitate
1850 870 2038 936 animi,

452 959 697 1031 conjugis
720 960 1014 1030 prolisque,
1040 968 1100 1015 ut
1129 974 1376 1032 represso
1403 961 1570 1027 luctu,
1594 976 1857 1017 concesso
1877 975 2043 1031 regno

452 1052 613 1106 simul
640 1044 765 1107 cum
790 1052 949 1109 bonis
986 1052 1267 1109 laetemur:
1293 1069 1521 1125 regnum
1557 1062 1642 1110 est
1673 1054 1817 1110 enim
1844 1068 2045 1125 regno-

451 1160 559 1216 que
588 1145 772 1200 saeculi
815 1144 972 1217 longe
1012 1144 1380 1215 praestantius,
1411 1145 1500 1201 ubi
1528 1145 1641 1216 jam
1684 1161 1791 1201 non
1831 1145 2044 1201 adversi

454 1236 658 1308 aliquid
686 1238 951 1307 contingit
970 1238 1110 1292 unde
1134 1252 1369 1294 mmrore
1392 1237 1670 1310 allligaris,
1701 1237 1793 1293 sed
1821 1238 2045 1305 perenni

455 1329 651 1399 gaudio
677 1328 973 1384 exsultabis
999 1348 1011 1383 :
1036 1329 1140 1384 hoc
1156 1327 1417 1399 judicium
1450 1336 1534 1384 est
1563 1322 1748 1384 verum
1783 1328 1852 1383 ad
1878 1328 2049 1382 victo-

457 1420 703 1489 riamque
722 1428 1058 1489 perventum.
1092 1419 1195 1474 Alii
1218 1418 1507 1474 conferunt
1523 1434 1592 1474 ex
1615 1418 1900 1474 devotione
1923 1417 2048 1473 fidei

458 1526 570 1567 suae
593 1526 762 1581 parva
803 1511 889 1566 vel
923 1527 1140 1584 magna,
1170 1520 1224 1566 tu
1262 1511 1576 1567 conclusisti
1605 1512 1916 1567 muneribus
1940 1512 2049 1568 tuis

460 1606 615 1661 nobis
629 1606 922 1661 maximum
936 1604 1133 1661 librum
1145 1599 1297 1659 (lueis
1311 1602 1767 1659 nobilissimiJesu
1779 1603 2047 1672 Nave,qui

459 1706 644 1767 typum
674 1695 787 1750 veri
816 1695 960 1767 regis
985 1695 1171 1750 aeterni
1207 1693 1333 1749 Iesu
1372 1692 1575 1750 Christi
1615 1692 1956 1763 praeferebat,
1986 1701 2047 1749 ut

2142 503 2309 567 tione,
2344 519 2473 574 rogo
2502 514 2561 558 ut
2595 504 2825 573 spiritali
2853 520 3012 559 sensu
3036 519 3293 574 exponas.
3323 503 3569 558 Ezechiel
3595 517 3733 557 vero

2141 595 2195 650 in
2224 594 2410 648 ultima
2441 593 2670 661 visione,
2697 595 2767 649 ab
2794 608 2859 649 eo
2889 594 3007 649 loco
3038 596 3093 648 in
3116 610 3225 663 quo
3251 609 3400 665 papae
3426 594 3733 654 beatissimi

2141 682 2385 753 Gregorii
2429 684 2665 740 homilite
2703 686 3079 749 terminantur,
3110 700 3279 755 usque
3309 684 3377 739 ad
3419 684 3579 739 finem
3608 698 3736 753 pro-

2142 775 2355 845 phetiae,
2398 775 2452 830 in
2482 790 2587 846 qua
2623 777 2792 831 nostri
2841 776 3149 846 interpretis
3192 790 3383 831 sensus
3429 776 3582 846 juxta
3632 790 3737 829 an—

2144 879 2348 935 agogen
2377 866 2661 931 rimantur,
2682 865 2847 920 etiam
2875 866 3111 921 ethicam
3133 880 3293 934 quam
3321 864 3610 935 quaerimus
3637 873 3733 918 tua

2144 955 2359 1027 largitio
2401 957 2628 1027 aperiat.
2680 957 2936 1026 Appende
2964 957 3227 1013 beneﬁcia
3254 971 3589 1026 quascunque
3620 953 3737 1009 lar-

2145 1048 2299 1118 giris,
2328 1048 2663 1119 aequatisque
2690 1049 2936 1104 lancibus
2973 1062 3035 1101 ea
3071 1062 3191 1117 quae
3219 1048 3572 1102 redhibeatur
3599 1060 3737 1101 exa-

2146 1136 2315 1192 mina.
2348 1135 2407 1192 Si
2434 1145 2643 1207 partem
2676 1137 2962 1207 receperis,
3000 1135 3222 1192 habebis
3254 1136 3307 1190 in
3339 1135 3557 1190 residuo
3580 1134 3739 1189 debi-

2149 1238 2351 1293 torem;
2386 1227 2433 1282 si
2457 1235 2627 1283 totum
2653 1227 2888 1282 creditor
2913 1240 3031 1282 esse
3056 1226 3284 1291 desiisti,
3313 1233 3514 1294 quanto
3539 1224 3738 1277 melius

2145 1325 2233 1371 est
2258 1324 2547 1385 utrumque
2574 1315 2886 1386 prospicere
2924 1314 3068 1383 quod
3107 1321 3162 1369 et
3199 1321 3400 1368 sortem
3447 1311 3657 1380 repleat
3679 1319 3743 1365 et

2147 1419 2367 1459 usuram
2411 1404 2763 1474 multiplicet,
2805 1394 3033 1458 aliud’in
3064 1402 3353 1473 praesenti,
3387 1400 3530 1455 aliud
3560 1400 3613 1453 in
3653 1397 3741 1452 fu-

2148 1506 2271 1553 turo
2306 1497 2448 1566 quod
2483 1497 2661 1567 perire
2698 1510 2804 1551 non
2844 1496 3033 1565 possit.
3066 1494 3267 1559 Placet,
3300 1493 3544 1563 inquam,
3571 1489 3737 1545 habi-

2149 1590 2280 1644 tatio
2320 1597 2413 1643 tua
2440 1588 2621 1653 nobis,
2649 1588 2693 1642 si
2722 1588 2960 1642 creditur
2984 1588 3050 1641 ab
3072 1586 3216 1641 omni
3241 1583 3503 1653 jactantia
3533 1580 3758 1636 aliena.

2149 1679 2277 1735 Plus
2322 1678 2467 1734 enim
2519 1677 2830 1733 interiorem
2890 1675 3161 1730 hominem
3213 1672 3414 1728 rustica
3466 1671 3741 1725 montium

456 1759 641 1841 Jesum
665 1759 989 1841 comitemur
1013 1787 1230 1852 armati,
1253 1799 1354 1842 nec
1380 1784 1537 1841 aliter
1656 1787 2044 1857 capessendam
2076 1770 2119 1828 Β
2148 1769 2404 1834 solitudo,
2430 1781 2592 1838 quam
2629 1767 2825 1838 regalis
2851 1765 3065 1821 urbium
3090 1759 3434 1834 pulchritudo
3462 1761 3739 1817 delectat:

456 1876 743 1949 victoriam
782 1877 1024 1933 valemus
1063 1876 1351 1941 accedere,
1382 1875 1487 1930 nisi
1529 1875 1756 1931 Domino
1787 1876 2044 1930 virtutum

459 1967 849 2039 adhzereamus.
873 1965 1176 2037 Optandum
1200 1981 1328 2021 vero
1343 1965 1498 2020 nobis
1516 1973 1623 2031 est,
1646 1973 1702 2020 et
1714 1966 1854 2020 votis
1872 1965 2047 2020 omni-

458 2056 560 2112 bus
586 2056 945 2120 ambiendum,
976 2056 1076 2113 sub
1097 2055 1188 2111 tali
1217 2056 1477 2124 magistro
1509 2055 1789 2111 victricem
1814 2054 2047 2111 tolerare

460 2147 708 2204 militiam
740 2146 1102 2218 peragendam
1149 2146 1425 2215 triumpho
1451 2145 1615 2200 illius.
1660 2142 1787 2199 Hm
1811 2152 1895 2199 est
1918 2156 2048 2215 ergo

464 2238 637 2294 forma
688 2237 935 2294 certandi
982 2236 1449 2305 consummatique
1501 2250 1695 2291 cursus
1743 2234 2048 2289 obtinenda

460 2327 724 2393 victoriae,
751 2341 872 2399 qua
906 2334 962 2382 et
986 2325 1214 2381 formam
1262 2332 1490 2381 terrena:
1522 2322 1867 2379 conditionis
1893 2338 2047 2379 exsu-

462 2429 640 2492 perat,
668 2428 725 2474 et
767 2418 908 2473 ultra
932 2416 1282 2487 corpulentia;
1320 2414 1629 2472 facultatem
1669 2414 1842 2486 gratia
1883 2413 2049 2470 divini

464 2511 700 2583 Spiritus
738 2510 982 2582 erigitur.
1029 2506 1386 2563 Beatitudinis
1426 2515 1534 2562 tua:
1570 2505 1859 2576 promissio
1899 2503 2051 2559 etde

465 2600 663 2656 divinis
688 2600 809 2654 aliis
830 2598 985 2654 libris
1008 2596 1294 2667 expositio,
1317 2601 1378 2649 ut
1396 2601 1641 2666 portatur
1664 2594 1820 2649 nobis
1845 2590 2048 2657 retulit,

466 2688 752 2763 quaerenda
783 2689 936 2745 nobis
962 2688 1051 2743 via
1073 2696 1187 2753 est,
1220 2696 1276 2742 et
1302 2687 1383 2742 sic
1417 2697 1721 2756 quaeramus
1744 2692 1803 2737 ut
1832 2682 1922 2738 siti
1954 2696 2051 2737 no-

467 2793 592 2837 strte
621 2798 726 2837 non
757 2779 974 2836 differas
1010 2777 1238 2835 δεηθείς
1281 2776 1495 2833 initium
1534 2774 1657 2831 libri
1696 2788 1869 2845 usque
1913 2766 2058 2827 aiant

469 2872 598 2943 ligni
620 2873 737 2927 eius
769 2870 1064 2928 secundum
1095 2868 1291 2923 littera:
1333 2880 1572 2931 sensum,
1603 2876 1631 2906 ι
1661 2862 1862 2935 jungas
1899 2876 2049 2932 opes,

471 2964 659 3030 facies,
678 2963 984 3019 voluntates
1032 2971 1152 3016 tuas
1193 2974 1316 3015 cum
1350 2956 1530 3025 Bedze,
1569 2957 1697 3012 dum
1741 2955 1883 3025 quod
1917 2951 2056 3008 alter

471 3055 815 3122 desideravit,
848 3063 1074 3124 uterque
1100 3051 1346 3121 proficiat
1392 3048 1642 3106 Ieremia:
1675 3060 1974 3113 sermones,
1994 3045 2051 3100 in

2149 1860 2239 1915 ubi
2270 1858 2415 1914 nulla
2458 1858 2671 1913 liventis
2708 1855 2909 1911 invidia
2951 1853 3296 1924 tranquillum
3342 1860 3529 1921 pectus
3573 1850 3739 1905 hilari

2147 1949 2408 2005 mentitur
2451 1948 2672 2011 intuitu,
2723 1961 2825 2000 nec
2873 1944 3041 1999 fucati
3100 1943 3366 1998 sermonis
3417 1940 3740 1995 adumbrata

2147 2037 2422 2094 blanditiis
2470 2037 2665 2103 artifici
2705 2037 2909 2092 scelere
2954 2042 3139 2089 mutua
3173 2033 3467 2088 fabricatur
3512 2026 3737 2084 astutia.

2147 2129 2308 2188 Juvat
2332 2129 2572 2199 animum
2599 2127 2860 2198 quidquid
2888 2125 3098 2195 adiacet
3113 2124 3305 2179 obtutu
3332 2120 3588 2176 interiore
3612 2133 3743 2189 per.

2149 2218 2591 2276 currerennodo
2637 2217 2709 2272 de
2743 2216 3023 2287 profundis
3064 2212 3255 2268 oculos
3300 2200 3534 2275 elevare,
3578 2209 3743 2263 modo

2148 2308 2427 2377 despicere
2444 2305 2812 2362 convalliade
2840 2304 3112 2374 supernis,
3138 2311 3396 2369 tantoque
3423 2296 3745 2368 ﬂagrantius

2150 2400 2221 2454 ad
2259 2397 2449 2453 altiora
2488 2396 2833 2467 protendere,
2862 2380 3068 2464 quanto
3094 2390 3340 2462 cupidius
3375 2390 3449 2444 ad
3469 2388 3579 2453 alta
3615 2402 3745 2457 per-

2148 2489 2374 2547 venerit.
2404 2486 2535 2545 Vale
2564 2486 2895 2547 inoDomino,
2923 2492 2978 2539 et
3004 2489 3277 2538 memento
3298 2474 3615 2550 petitionum
3640 2491 3745 2531 no-

2150 2582 2390 2636 strarum
2434 2593 2554 2648 quae
2601 2578 2816 2633 insertat
2861 2581 2989 2631 sunt
3021 2573 3077 2626 in
3114 2570 3323 2625 duabus
3366 2566 3646 2638 epistolis,
3678 2572 3749 2619 ut

2149 2668 2369 2726 solertia
2394 2673 2486 2721 tua
2513 2666 2717 2721 tribuat
2742 2662 2887 2734 quod
2910 2660 3213 2731 benignitas
3243 2658 3397 2727 petit,
3429 2662 3487 2709 ut
3514 2662 3745 2724 propter

2151 2757 2560 2815 diuturnitatem
2603 2747 2883 2823 temporis,
2915 2752 3112 2806 obnixe
3156 2748 3533 2819 imploramus,
3564 2759 3595 2799 a
3622 2756 3745 2798 mo-

2151 2848 2431 2906 deratione
2452 2844 2723 2900 tarditatis
2752 2842 3012 2897 memoria
3042 2847 3130 2893 tua
3159 2852 3266 2893 non
3296 2833 3555 2890 discedat.
3595 2831 3748 2887 Duas

2153 2939 2250 2993 tibi
2291 2936 2548 3007 epistolas
2576 2934 2719 2999 misi,
2741 2946 2969 3003 quarum
3000 2945 3105 2985 una
3141 2936 3225 2984 est
3253 2926 3475 2997 legenda
3508 2932 3743 2987 tantum,

2154 3024 2269 3078 haec
2293 3006 2424 3077 vero
2448 3020 2617 3075 altera
2643 3028 2698 3074 et
2726 3015 2975 3086 legenda,
3007 3022 3063 3069 et
3088 3014 3143 3068 in
3170 3012 3312 3068 libro
3330 3009 3509 3080 cperis
3537 3006 3609 3062 tui
3642 3021 3748 3061 an-

470 3145 668 3213 quibus
698 3110 877 3215 magni
918 3110 1230 3213 interpretis
1278 3138 1593 3211 Hieronymi
1632 3137 1900 3209 expositio
1947 3110 2053 3193 non
2081 3120 2127 3183 (ἶ
2160 3110 2479 3183 “Ponenda-

544 3268 568 3296 ι
606 3255 781 3312 Locus
805 3250 1114 3325 corruptus.

490 3380 3733 3426 Μ

1830 3536 2404 3612 ΡΒᾸΞῈΑΤΙΟ

1374 3714 1465 3769 AD
1504 3711 1929 3770 PRAEDICTUM
1965 3708 2333 3765 PRINCIPEM
2372 3706 2780 3762 RESCRIPTA.

560 3944 780 4002 Domino
818 3939 1165 3997 serenissimo
1190 3945 1243 3992 et
1270 3933 1721 3991 excellentissimo
1748 3933 2057 4000 imperatori

484 4041 761 4095 LOTBARIO
780 4033 1043 4105 Augusto,
1065 4030 1337 4094 Ramnes,
1360 4028 1615 4082 minimus
1640 4039 1917 4081 servorum
1942 4022 2058 4088 Dei,

482 4136 740 4183 :etcrnam
771 4125 826 4178 in
854 4121 1069 4177 Christo
1098 4128 1245 4189 optat
1270 4118 1519 4174 salutem.

555 4218 824 4284 Quantum
855 4228 948 4267 vos
990 4210 1156 4264 animi
1186 4208 1291 4262 mei
1334 4206 1560 4261 intentio
1584 4205 1791 4276 diligat,
1818 4202 1961 4257 Deus
1985 4208 2061 4255 te-

484 4315 582 4373 stis
622 4318 735 4374 est;
766 4308 890 4378 quia
916 4315 970 4361 et
1008 4305 1097 4359 hic
1123 4302 1276 4358 vobis
1318 4313 1530 4369 semper
1564 4311 1819 4368 prospera
1851 4295 2061 4355 adesse,

485 4413 539 4458 et
566 4404 619 4457 in
646 4399 824 4454 futura
854 4397 963 4451 vita
1006 4403 1208 4448 aeterna
1257 4393 1397 4446 bona
1449 4388 1741 4444 succedere
1778 4384 2061 4447 desidero;

485 4502 541 4548 ct
568 4495 670 4548 hoc
693 4505 791 4546 oro
815 4487 1029 4543 assidue
1053 4494 1110 4540 ut
1132 4482 1513 4553 omnipotentis
1540 4479 1634 4533 Dei
1664 4476 1946 4532 clementia
1976 4475 2067 4528 hic

489 4602 582 4642 vos
607 4602 637 4640 a
667 4584 879 4639 cunctis
923 4578 1169 4635 hostibus
1218 4584 1491 4646 protectos
1520 4572 1607 4627 diu
1645 4578 1822 4625 servet
1865 4566 2069 4621 incolu-

491 4693 634 4741 mes,
672 4684 728 4730 et
772 4676 824 4728 in
876 4685 1041 4741 regno
1082 4666 1289 4723 caelesti
1336 4662 1494 4719 simul
1537 4676 1659 4716 cum
1704 4659 1904 4715 sanctis
1958 4656 2069 4710 suis

489 4777 703 4823 aeterna;
731 4759 1083 4819 beatitudinis
1130 4756 1326 4812 elliciat
1368 4754 1678 4825 participes.
1728 4749 1881 4804 Unde
1906 4747 2070 4803 etiam

492 4858 819 4913 voluntatem
866 4852 1038 4907 habeo
1079 4850 1231 4921 juxta
1278 4847 1590 4917 petitionem
1636 4850 1873 4898 vestram
1899 4848 1955 4895 et
1987 4854 2073 4893 se-

492 4948 728 5005 cundum
758 4954 999 4999 tenorem
1029 4939 1267 5010 epistolze
1305 4950 1466 5007 quam
1514 4934 1644 4988 mihi
1678 4931 1918 4993 misistis,
1949 4938 2075 4985 voto

496 5049 675 5094 vestro
714 5033 1024 5090 satisfacere
1044 5070 1060 5095 ,
1090 5039 1146 5083 et
1186 5026 1446 5097 quidquid
1475 5027 1529 5079 in
1558 5020 1751 5077 studiis
1798 5034 2076 5075 sacrarum

498 5131 798 5184 litterarum
839 5123 922 5177 vel
952 5120 1270 5176 tractatibus
1311 5116 1616 5172 divinarum
1652 5110 2073 5179 Scripturarum,

499 5219 678 5274 divina
728 5214 898 5286 gratia
942 5210 1233 5281 largiente,
1287 5207 1536 5263 laborare
1578 5210 1838 5272 potuero,
1886 5206 2081 5253 vestra:

501 5303 798 5377 praesentiae
823 5299 1160 5373 potissimum
1197 5294 1429 5364 dirigere
1452 5310 1465 5345 :
1492 5298 1551 5346 ut
1576 5290 1820 5351 habeatis
1848 5288 1999 5351 illud,
2028 5293 2083 5341 ct

503 5393 663 5448 simul
690 5406 813 5447 cum
842 5389 1036 5444 vestris
1073 5384 1300 5441 eruditis
1329 5381 1640 5437 doctoribus
1685 5378 2079 5444 examinantes,

505 5482 762 5556 quidquid
789 5480 861 5535 ibi
886 5478 1198 5535 inveneritis
1225 5476 1363 5531 bene
1383 5481 1439 5527 et
1457 5485 1692 5541 congrue
1716 5469 1939 5532 dictum,
1966 5466 2083 5534 ejus

508 5580 693 5653 gratiae
720 5578 823 5632 hoc
848 5574 1112 5645 deputetis
1140 5589 1167 5627 a
1192 5586 1297 5641 quo
1326 5576 1411 5624 est
1435 5580 1596 5623 omne
1617 5565 1843 5627 bonum;
1870 5560 1915 5618 si
1954 5562 2084 5632 quid

514 5685 637 5727 \cso
664 5670 817 5725 aliter
841 5682 1003 5740 quam
1049 5664 1229 5735 regula
1258 5660 1503 5718 veritatis
1534 5658 1723 5714 doceat
1749 5653 1820 5710 ibi
1849 5656 2082 5724 positum

2162 3926 2315 3981 vobis
2342 3925 2602 3987 videatur,
2628 3923 2731 3979 hoc
2772 3923 2933 3976 etiam
2966 3918 3097 3974 mihi
3124 3918 3282 3972 citius
3313 3916 3563 3971 intimare
3590 3932 3751 3972 cure-

2164 4018 2252 4081 tis,
2285 4025 2345 4071 ut
2368 4026 2460 4071 aut
2485 4030 2724 4071 errorem
2758 4028 2934 4068 meum
2961 4011 3244 4081 corrigam,
3275 4016 3367 4062 aut
3387 4008 3432 4062 si
3461 4008 3752 4063 obscurius

2164 4109 2368 4163 dictum
2392 4106 2481 4171 sit,
2508 4106 2718 4175 planius
2746 4105 2938 4158 dicam.
2972 4100 3061 4156 Sic
3091 4100 3232 4155 enim
3260 4098 3461 4152 laboris
3491 4098 3597 4150 mei
3632 4095 3749 4150 fru-

2164 4209 2313 4255 ctum
2340 4212 2656 4267 consequar,
2690 4197 2735 4249 si
2766 4195 2868 4248 illis
2901 4193 3046 4247 utilis
3087 4192 3193 4245 erit
3224 4190 3315 4260 qui
3355 4203 3419 4243 eo
3446 4189 3525 4242 uti
3564 4189 3749 4259 elege-

2170 4292 2291 4346 rint.
2325 4290 2477 4356 Quod
2503 4297 2681 4343 autem
2709 4288 2762 4341 in
2793 4284 3017 4355 epistola
3046 4289 3221 4337 vestra
3254 4278 3608 4351 subjunxistis
3635 4288 3750 4333 tres

2166 4382 2456 4451 petitiones
2497 4378 2653 4434 simul
2704 4376 2973 4447 ponendo,
3016 4375 3117 4428 hoc
3162 4379 3266 4436 est,
3316 4379 3377 4423 ut
3426 4368 3746 4423 historicum

2168 4487 2385 4526 sensum
2419 4471 2472 4524 in
2498 4469 2718 4524 exordio
2759 4465 2984 4522 Genesis
3022 4462 3172 4517 vobis
3200 4460 3569 4528 explanarem,
3597 4466 3649 4511 et
3681 4457 3750 4510 de

2169 4571 2403 4618 tractatu
2430 4560 2571 4615 beati
2598 4556 2905 4627 Hieronymi
2937 4557 2989 4608 in
3018 4553 3311 4607 Jcremiam
3347 4550 3663 4620 prophetam
3693 4548 3749 4601 id

2170 4656 2312 4725 quod
2336 4662 2457 4724 post
2483 4663 2693 4707 sextum
2731 4649 2926 4703 librum
2956 4645 3303 4714 expositionis
3327 4643 3442 4711 ejus
3480 4654 3648 4707 usque
3678 4639 3752 4693 ad

2173 4746 2331 4799 linem
2359 4752 2528 4799 restat
2569 4737 3026 4810 supplerem,feci
3054 4742 3313 4805 quantum
3345 4732 3514 4801 potui.
3546 4731 3614 4783 Et
3652 4743 3751 4782 ex—

2174 4827 2492 4908 positionem
2539 4834 2592 4887 in
2642 4832 2835 4885 librum
2882 4827 3109 4899 Genesis
3144 4824 3402 4885 condens,
3431 4836 3645 4875 sensum
3691 4820 3749 4873 in

2174 4944 2239 4984 eo
2288 4928 2600 4983 historicum
2654 4938 2754 4979 nec
2803 4936 2910 4975 non
2942 4929 2997 4973 et
3042 4917 3387 4987 allegoricum
3433 4912 3751 4982 Opportunis

2175 5021 2307 5075 locis
2330 5020 2483 5089 juxta
2514 5023 2821 5071 sanctorum
2850 5010 3070 5064 Patrum
3111 5008 3453 5067 documenta,
3486 5010 3751 5071 quantum

2178 5108 2310 5163 satis
2334 5105 2556 5169 credidi,
2587 5101 2889 5173 explanavi.
2938 5097 2995 5152 Si
3024 5097 3142 5166 quis
3168 5103 3347 5149 autem
3372 5092 3576 5160 majora
3605 5106 3755 5159 qua:-

2180 5207 2283 5267 rat,
2313 5200 2455 5269 legat
2489 5196 2656 5251 libros
2692 5192 2837 5248 beati
2876 5188 3156 5261 Augustini
3186 5186 3252 5240 de
3285 5184 3479 5240 Genesi
3513 5183 3579 5235 ad
3610 5181 3755 5234 litte«

2182 5305 2296 5344 ram
2321 5330 2334 5351 ,
2374 5268 2448 5343 iet
2488 5287 2559 5341 ibi
2604 5282 2931 5339 sullicienter
2974 5278 3152 5332 omnia
3198 5273 3441 5343 exposita
3492 5268 3751 5324 inveniet.

2183 5380 2585 5450 Expositionem
2609 5390 2736 5430 vero
2761 5375 2813 5427 in
2837 5370 3148 5432 Jeremiam,
3165 5375 3427 5437 quantum
3454 5379 3523 5417 ex
3547 5374 3760 5416 sancto-

2183 5488 2300 5526 rum
2329 5471 2546 5523 Patrum
2580 5466 2861 5521 sententiis
2888 5463 3223 5531 explanatam
3256 5457 3456 5518 inveni,
3490 5462 3539 5507 et
3588 5469 3763 5521 quau-

2184 5570 2294 5614 tum
2337 5574 2402 5612 ex
2452 5557 2668 5627 proprio
2698 5569 2857 5609 sensu
2886 5551 3147 5619 conjicere
3190 5546 3361 5610 valui,
3384 5544 3499 5612 jam
3524 5544 3679 5597 vobis
3708 5545 3762 5597 in

2184 5652 2368 5723 viginti
2417 5649 2565 5703 libris
2605 5645 3046 5714 comprehensum
3097 5637 3389 5695 transmisi.
3439 5634 3595 5702 Quod
3634 5648 3764 5691 vero
