3960 6372
192 494 276 551 497

1139 493 1489 551 COMMENT.
1530 493 1595 549 ια
1636 493 2088 550 ΕΖΕΟΙῙΙΕιΕΜ.
2128 524 2198 534 -—
2235 492 2360 547 LIB.
2402 493 2445 547 l.

3320 492 3423 546 468

195 604 329 659 tertio
352 602 473 657 loco
503 601 812 672 postulastis
837 601 900 655 de
931 600 1214 657 Ezechiele
1239 603 1290 656 in
1316 603 1567 672 praesenti
1595 617 1754 671 opus-
1781 606 1829 665 Λ
1856 603 2000 667 bam,
2022 611 2076 656 et
2104 616 2287 656 eorum
2321 600 2614 655 sententias
2642 610 2800 669 prout
2827 599 2928 670 ipsi
2962 615 3051 657 eos
3073 600 3417 669 promite-mut

191 693 314 757 culo,
339 702 499 762 prout
542 692 832 745 inlirmitas
877 691 1118 758 corporis
1162 701 1219 745 et
1262 692 1506 762 parvitas
1552 692 1751 761 ingenii

194 785 323 849 sinit,
346 783 651 838 confectum
687 782 930 847 habetis;
968 781 1067 836 feci
1115 783 1258 836 enim
1307 797 1411 835 non
1440 783 1594 851 quasi
1641 796 1755 837 suc-

191 888 357 929 cessor
396 887 548 942 papae
573 870 815 941 Gregorii
851 878 905 923 et
934 871 1254 940 praedicator
1280 869 1450 941 plebis
1477 871 1593 935 Dei,
1629 886 1754 940 sup-

191 962 367 1034 plendo
389 962 491 1016 hoc
517 961 657 1030 quod
688 960 775 1015 ille
800 960 1140 1013 homiliarum
1170 960 1476 1015 conditione
1501 958 1752 1030 populum

190 1054 374 1108 docens
404 1052 698 1117 inchoavit,
722 1061 777 1105 et
801 1061 977 1105 tamen
1011 1067 1179 1121 usque
1204 1052 1270 1106 ad
1288 1051 1461 1107 .linem
1484 1053 1755 1122 prophetae

191 1159 287 1197 non
314 1143 595 1213 perduxit:
626 1142 720 1196 sed
751 1142 903 1211 quasi
946 1142 1187 1198 imitator
1221 1152 1273 1197 et
1310 1142 1619 1211 discipulus,
1649 1160 1756 1199 non

190 1234 348 1289 solum
376 1232 545 1303 ipsius
567 1231 852 1286 memorati
878 1247 1050 1301 papae,
1079 1232 1172 1287 sed
1207 1242 1260 1286 et
1293 1231 1521 1286 aliorum
1545 1241 1759 1289 sancto-

190 1339 301 1378 rum
319 1323 594 1377 doctorum
623 1322 845 1390 vestigia
870 1320 1163 1392 sequendo.
1192 1320 1441 1377 Condens
1460 1338 1593 1392 opus
1614 1324 1759 1393 quod

188 1414 429 1486 rogastis,
462 1429 571 1468 non
621 1420 825 1467 tantum
866 1410 921 1466 in
964 1419 1262 1466 extremam
1303 1418 1535 1481 partem,
1566 1414 1659 1467 sed
1702 1413 1757 1467 in

189 1516 348 1562 totum
374 1507 688 1576 prophetam
706 1540 723 1564 .
752 1512 838 1558 et-
850 1503 1184 1575 singulorum
1214 1504 1494 1559 doetorum
1539 1513 1757 1559 senten-

186 1599 306 1663 tias,
331 1612 555 1668 quorum
603 1595 743 1650 dicta
774 1594 877 1666 legi
912 1608 1007 1664 per
1038 1593 1247 1664 singula
1279 1594 1416 1659 loca,
1445 1593 1602 1650 simul
1631 1609 1755 1649 cum

186 1698 306 1745 nota
330 1688 607 1742 nominum
636 1700 845 1751 eorum,
875 1684 1051 1755 posui.
1095 1684 1247 1751 Quod
1279 1692 1459 1739 autem
1489 1684 1621 1737 mihi
1669 1683 1753 1738 in-

184 1794 340 1850 super
365 1778 547 1832 divina
577 1777 750 1845 gratia
800 1775 1125 1845 investigare
1167 1775 1457 1839 concessit,
1488 1773 1646 1828 simul
1674 1774 1756 1828 in-

185 1868 435 1938 terposui.
470 1867 537 1922 Et
560 1869 698 1922 sicut
722 1864 969 1921 Jeremiae
999 1873 1284 1920 tractatum
1310 1865 1364 1919 in
1388 1864 1576 1935 viginti
1601 1865 1756 1921 libris

1856 691 2171 761 Opportunis
2201 689 2329 745 locis
2360 688 2517 744 simul
2546 704 2668 744 cum
2693 698 2816 745 nota
2851 691 3125 745 nominum
3156 706 3340 747 eorum
3370 693 3424 746 in

1853 784 2124 853 opusculis
2158 784 2293 838 meis
2332 783 2794 852 interposueram?
2826 782 2991 855 Magis
3018 784 3161 839 enim
3192 785 3323 840 mihi
3354 786 3428 840 vi-

1854 874 2081 928 debatur
2108 873 2324 929 salubre
2348 887 2467 927 esse
2499 881 2557 926 ut
2580 873 2937 928 humilitatem
2968 885 3191 929 servans
3212 884 3427 930 sanctoo

1854 980 1973 1019 rum
2009 964 2228 1019 Patrum
2256 962 2516 1018 doctrinis
2546 964 2828 1029 inniterer,
2856 979 3015 1035 quam
3040 978 3135 1034 per
3162 980 3421 1036 arrogan-

1854 1053 2008 1118 tiam,
2050 1054 2201 1121 quasi
2230 1053 2499 1124 propriam
2532 1052 2742 1107 laudem
2788 1056 3097 1123 quaerendo,
3128 1070 3246 1110 mea
3278 1056 3426 1109 inde-

1855 1155 2041 1201 center
2084 1145 2401 1214 proferrem,
2446 1147 2660 1216 quando
2695 1146 2800 1201 hoc
2845 1161 3067 1202 summa:
3110 1148 3431 1204 humilitatis

1850 1232 2130 1303 exemplar
2155 1243 2211 1289 et
2241 1236 2494 1306 magister
2530 1236 2643 1305 ipse
2675 1237 2932 1291 Dominus
2963 1235 3265 1292 faciendum
3295 1254 3426 1308 quo-

1857 1326 2144 1381 dammodo
2171 1341 2268 1382 suo
2292 1326 2538 1395 exemplo
2563 1328 2757 1382 docere
2781 1329 3045 1396 videatur,
3070 1329 3160 1399 qui
3185 1330 3239 1384 in
3261 1329 3429 1384 Evan-

1855 1416 1993 1488 gelio
2052 1424 2243 1472 contra
2297 1415 2508 1472 Judzeos
2565 1417 2866 1474 incredulos
2920 1428 2975 1475 et
3034 1422 3428 1491 vituperatores

1856 1522 1983 1563 suos
2010 1507 2291 1579 disputans
2320 1508 2396 1562 ait
2418 1508 2597 1579 (Joan.
2623 1509 2719 1581 vn)
2746 1527 2760 1563 :
2790 1509 2943 1575 Quia
2962 1512 3230 1582 semetipso
3257 1512 3427 1583 loqui-

1856 1605 1962 1663 tur,
1988 1598 2250 1668 propriam
2281 1597 2502 1668 gloriam
2528 1601 2749 1665 quwrit;
2787 1602 2876 1670 qui
2903 1610 3076 1655 autem
3100 1604 3285 1671 quaerit
3312 1601 3424 1673 glo-

1856 1686 1989 1738 riam
2021 1685 2134 1751 eius
2159 1687 2250 1756 qui
2287 1687 2426 1740 misit
2450 1686 2621 1753 illum,
2657 1689 2741 1742 hic
2768 1706 2925 1743 verax
2965 1699 3059 1755 est,
3084 1700 3132 1745 et
3171 1691 3432 1761 injustitia

1854 1776 1910 1829 in
1958 1775 2049 1829 illo
2096 1793 2199 1829 non
2243 1786 2336 1830 est.
2384 1776 2536 1832 Unde
2574 1778 2895 1833 nobilissimi
2936 1778 3206 1845 doctores,
3241 1781 3432 1837 beatus

1855 1864 2107 1920 videlicet
2132 1865 2508 1937 Hieronymus,
2536 1878 2695 1938 atque
2734 1871 3084 1939 Augustinus,
3112 1886 3211 1926 nec
3246 1886 3352 1927 non
3375 1882 3430 1927 et

184 1962 564 2025 consummavi,
602 1962 681 2016 sic
704 1969 759 2014 et
785 1960 946 2014 istum
978 1959 1170 2013 eodem
1196 1973 1421 2013 numero
1445 1960 1749 2024 terminavi,
1782 1945 1827 2002 Β
1856 1957 1947 2011 alii
1974 1956 2240 2023 similiter,
2264 1959 2609 2014 inveniuntur
2639 1975 2743 2015 non
2772 1960 2944 2015 solum
2969 1976 3246 2016 sacrorum
3268 1962 3433 2017 libro-

184 2060 363 2123 petens
410 2050 668 2106 lectorem
706 2059 762 2103 ut
806 2065 912 2104 non
958 2049 1177 2104 taediose
1218 2050 1449 2120 accipiat
1481 2049 1761 2120 prolixita-

187 2152 289 2197 tem
329 2139 486 2209 hujus
522 2140 721 2210 operis,
748 2138 843 2193 sed
884 2138 1025 2210 legat
1055 2138 1178 2192 inde
1206 2153 1268 2193 ea
1303 2153 1421 2207 quae
1454 2138 1556 2192 sibi
1586 2137 1761 2208 elege-

183 2234 272 2298 rit,
314 2232 358 2288 si
400 2240 570 2287 totum
626 2231 804 2300 legere
850 2230 1175 2300 despexerit,
1223 2230 1401 2285 sciens
1450 2231 1593 2301 quod
1650 2244 1757 2283 non

182 2323 495 2387 inconsulte,
526 2322 621 2377 sed
652 2320 821 2390 magis
866 2319 1069 2375 utiliter
1097 2321 1199 2375 hoc
1246 2319 1486 2374 fecerim.
1534 2318 1670 2386 Quia
1711 2318 1754 2373 si

181 2415 317 2470 ultra
345 2415 561 2470 modum
592 2413 840 2469 brevitati
869 2415 1110 2477 studens,
1136 2427 1199 2467 ea
1229 2428 1347 2481 quae
1378 2412 1548 2467 sancti
1572 2413 1759 2467 docto—

181 2521 270 2563 res
315 2506 974 2577 necessariadegentihus
1020 2504 1137 2561 fore
1173 2504 1509 2575 judicabant,
1555 2504 1757 2559 intacta

180 2599 541 2669 praeterirem,
580 2597 804 2653 forsitan
854 2597 995 2653 scire
1042 2597 1348 2652 volentibus
1393 2595 1757 2652 dillicultatem

179 2689 473 2761 prophetici
520 2688 642 2745 libri
684 2689 854 2761 magis
898 2704 1149 2744 nocerem
1193 2704 1355 2759 quam
1399 2690 1753 2758 prodessem:

179 2797 286 2837 non
307 2783 451 2837 enim
487 2782 665 2837 omnia
692 2796 811 2852 quze
845 2781 967 2836 inde
997 2781 1237 2851 exposita
1266 2780 1442 2850 reperi
1470 2781 1558 2835 hic
1579 2780 1753 2851 posui,

179 2871 279 2927 sed
316 2872 686 2927 tantummodo
720 2887 784 2927 ea
823 2887 941 2942 qua}
982 2872 1105 2927 inde
1148 2871 1454 2927 necessaria
1483 2869 1595 2927 fore
1613 2871 1757 2940 judi-

179 2964 315 3018 cavi.
366 2962 716 3034 Septuaginta
756 2978 885 3017 vero
927 2963 1217 3017 editionem
1248 2962 1300 3015 in
1329 2962 1597 3032 plerisque
1624 2962 1757 3017 locis

176 3054 367 3117 omisi,
402 3054 491 3108 ubi
534 3069 654 3109 eam
705 3052 952 3109 videlicet
995 3066 1193 3123 ponere
1233 3068 1340 3106 non
1391 3051 1756 3106 necessarium

176 3143 503 3205 arbitrabar,
536 3151 859 3214 praeceptum
888 3142 1031 3197 beati
1075 3141 1387 3211 Hieronymi
1422 3143 1476 3196 in
1506 3142 1608 3196 hoc
1639 3141 1754 3209 ipso

174 3231 492 3296 observans,
519 3234 609 3302 qui
637 3233 701 3288 de
732 3233 1080 3301 interpretum
1127 3232 1513 3302 disceptatione
1539 3231 1590 3285 in
1618 3230 1755 3286 libro

174 3323 354 3392 primo
385 3332 645 3378 tractatus
669 3322 723 3376 in
754 3322 945 3377 Isaiam
977 3324 1315 3392 prophetam,
1344 3323 1417 3377 ita
1446 3322 1575 3377 dicit
1601 3340 1614 3376 :
1645 3339 1664 3373 ι
1696 3323 1753 3377 In

174 3413 515 3481 expositione
559 3422 866 3467 sanctarum
913 3412 1312 3481 Scripturarum
1346 3414 1626 3466 veritatem
1658 3413 1752 3467 de-

172 3502 371 3557 bemus
395 3504 569 3573 sequi,
595 3518 700 3559 non
728 3504 1153 3569 contentionem;
1191 3523 1209 3555 ι
1238 3504 1328 3572 qui
1358 3512 1413 3559 et
1440 3504 1494 3557 in
1524 3512 1755 3558 tractatu

173 3592 477 3650 Ezechielis
514 3596 586 3649 ita
626 3597 739 3649 ait:
769 3613 788 3647 ι
818 3594 1099 3651 Lectorem
1140 3597 1407 3651 admoneo
1436 3611 1503 3650 ne
1536 3597 1759 3651 transla-

173 3682 389 3736 tionum
430 3684 739 3739 diversitate
769 3685 1033 3751 turbetur,
1059 3684 1153 3740 sed
1180 3693 1239 3739 ut
1268 3685 1319 3738 in
1360 3685 1615 3757 prtesenti
1638 3683 1757 3740 loco

173 3775 231 3828 in
266 3777 536 3833 mensuris
560 3777 745 3847 templi
767 3777 1030 3833 Hebraica
1052 3779 1279 3834 veritate
1304 3787 1590 3834 contentus
1611 3781 1700 3834 sit.
1730 3802 1750 3834 ι

173 3862 294 3918 Nec
331 3866 494 3919 etiam
521 3866 650 3922 illud
678 3867 941 3922 silendum
987 3869 1237 3933 arbitror,
1266 3870 1407 3937 quod
1437 3869 1754 3939 quibusdam

172 3959 529 4014 narrantibus
579 3961 841 4029 comperi,
883 3961 1143 4029 quosdam
1192 3961 1385 4015 sciolos
1426 3976 1513 4015 me
1559 3962 1611 4015 in
1656 3962 1757 4015 hoc

172 4049 515 4118 \‘ituperasse
543 4051 684 4118 quod
708 4050 1109 4121 excerptionem
1141 4048 1344 4105 faciens
1365 4051 1429 4105 de
1450 4058 1757 4106 sanctorum

172 4138 404 4192 Patrum
454 4141 684 4209 scriptis,
718 4156 904 4196 eorum
956 4141 1171 4195 nomina
1219 4147 1611 4209 praenotarem,
1644 4140 1759 4195 sive

172 4230 325 4299 quod
368 4229 594 4285 aliorum
625 4232 905 4287 sententiis
936 4234 1108 4303 magis
1140 4233 1342 4287 invisus
1379 4230 1584 4303 [Forte,
1616 4233 1757 4287 inni-

172 4319 305 4393 xus]
334 4336 532 4384 essem,
561 4336 719 4391 quam
747 4323 966 4392 propria
997 4322 1316 4388 conderem;
1349 4322 1541 4393 quibus
1566 4322 1632 4376 ad
1656 4323 1759 4377 hoc

167 4411 340 4467 facile
368 4414 692 4481 respondere
714 4428 931 4484 possum
958 4432 971 4467 :
994 4414 1122 4481 quid
1148 4414 1293 4469 enim
1333 4416 1547 4484 peccavi
1578 4415 1631 4468 in
1656 4415 1760 4470 hoc

166 4501 323 4572 quod
363 4503 651 4574 magistros
678 4502 929 4559 Ecclesia:
968 4504 1313 4561 veneratione
1344 4504 1533 4576 dignos
1555 4503 1762 4572 judica-

1861 2061 1979 2100 rum
2009 2046 2334 2102 testimoniis
2359 2061 2455 2102 sua
2487 2049 2686 2118 scripta
2712 2049 2962 2120 probare,
2992 2052 3086 2105 sed
3111 2052 3275 2105 etiam
3302 2066 3431 2121 pra:-

1859 2135 2161 2190 cedentium
2196 2135 2413 2192 Patrum
2451 2139 2610 2193 dictis
2651 2154 2774 2195 suas
2804 2142 3104 2197 sententias
3144 2143 3428 2208 robor-are;

1858 2234 2123 2294 quatenus
2148 2240 2213 2280 eo
2255 2228 2555 2298 acceptiora
2602 2243 2787 2283 eorum
2837 2230 3093 2300 opuscula
3135 2231 3434 2301 legentibus

1858 2315 2057 2383 forent,
2083 2333 2190 2389 quo
2240 2318 2473 2374 certiora
2502 2334 2565 2375 ac
2595 2320 2835 2375 firmiora
2872 2336 2970 2391 per
3012 2306 3431 2378 iaoneos‘testes

1857 2422 1920 2463 ea
1944 2424 2065 2465 esse
2094 2411 2512 2466 considerarent.
2543 2412 2622 2466 llli
2643 2412 2785 2467 enim
2809 2413 2898 2482 qui
2921 2412 3133 2469 laudem
3158 2422 3425 2484 quaerunt,

1858 2507 1914 2553 et
1942 2514 2001 2554 se
2024 2500 2089 2554 ab
2118 2500 2426 2556 hominibus
2449 2502 2619 2557 videri
2645 2510 2924 2573 appetunt,
2955 2504 3160 2559 dictent
3190 2505 3273 2558 vel
3302 2507 3430 2559 scri-

1857 2589 1989 2644 bant
2034 2590 2293 2661 quidquid
2323 2591 2605 2656 voluerint,
2636 2601 2691 2648 et
2742 2592 3051 2649 laudatores
3101 2612 3227 2651 suos
3269 2609 3429 2666 atque

1860 2681 2167 2737 adulatores
2197 2683 2549 2753 undecunque
2569 2684 2779 2753 possint
2809 2684 2911 2739 sibi
2937 2685 3220 2755 acquirant
3251 2703 3263 2741 :
3292 2685 3426 2741 Mihi

1858 2782 2030 2825 autem
2058 2772 2323 2826 adlta‘rere
2351 2771 2459 2826 Deo
2494 2773 2637 2827 omni
2669 2781 2908 2843 tempore
2934 2774 3059 2829 vitze
3078 2789 3210 2828 mete
3239 2775 3428 2829 bonum

1855 2874 1951 2930 est,
1976 2873 2022 2917 et
2055 2880 2241 2934 ponere
2264 2864 2317 2917 in
2342 2864 2566 2919 Domino
2594 2864 2702 2920 Deo
2722 2882 2863 2935 spem
2890 2883 3077 2920 meam.
3122 2865 3188 2921 Ut
3218 2883 3429 2920 enitun-

1856 2956 1976 3008 tiem
2003 2972 2176 3009 omnes
2201 2954 2380 3009 laudes
2400 2955 2512 3026 ejus
2534 2957 2589 3009 in
2608 2957 2770 3027 portis
2792 2956 2919 3025 filim
2944 2956 3073 3013 Sion
3090 2955 3205 3030 (Ps.
3237 2959 3428 3029 Lxxu);

1859 3048 1912 3100 in
1939 3047 2042 3102 illis
2064 3047 2314 3103 videlicet
2342 3049 2512 3118 portis
2536 3049 2599 3103 de
2625 3048 2819 3118 quibus
2848 3050 3106 3120 scriptum
3131 3059 3211 3104 est
3240 3069 3251 3102 :
3282 3050 3430 3103 Beati

1855 3138 1945 3207 qui
1972 3137 2237 3191 ambulant
2264 3140 2319 3191 in
2348 3139 2543 3193 semitis
2582 3140 2717 3203 vitm,
2740 3148 2788 3192 et
2825 3156 2916 3209 per
2952 3149 3129 3209 portas
3171 3141 3430 3193 introeunt

1858 3230 1913 3283 in
1936 3230 2197 3301 civitatem
2214 3228 2396 3301 (Apoc.
2415 3232 2583 3301 xxn);
2608 3238 2870 3300 quatenus
2887 3231 3201 3301 perveniant
3224 3231 3289 3284 ad
3314 3229 3432 3284 illas

1859 3328 2042 3388 portas
2089 3317 2386 3375 Jerusalem
2434 3310 2691 3385 cmlestis,
2724 3321 2787 3374 de
2835 3320 3028 3389 quibus
3062 3317 3172 3390 per
3213 3319 3428 3374 Psalmi-

1858 3418 1995 3462 stam
2045 3409 2242 3465 dicitur
2268 3427 2278 3459 :
2306 3408 2521 3475 Lauda,
2562 3408 2879 3474 Jerusalem,
2927 3408 3230 3473 Dominum,
3271 3408 3429 3473 lauda

1858 3497 2023 3553 Deum
2050 3507 2216 3562 tuum,
2242 3497 2645 3568 Sion,quoniam
2667 3496 2973 3566 confortavit
2997 3513 3139 3551 seras
3161 3507 3426 3567 portarum

1856 3598 2087 3651 tuamm,
2114 3588 2371 3642 benedixit
2394 3588 2529 3655 ﬁlios
2554 3598 2667 3640 tuos
2694 3588 2748 3641 in
2776 3598 2824 3639 te
2845 3583 3015 3655 (Psal.
3039 3586 3257 3655 cxnvu).
3279 3585 3429 3652 Quod

1858 3679 1947 3734 illo
1972 3687 2210 3748 tempore
2238 3678 2433 3733 accidit
2461 3678 2676 3746 quando
2702 3691 2930 3746 Sponsus
2959 3674 3266 3738 intraverit,
3292 3675 3431 3729 sicut

1856 3769 1911 3823 in
1962 3767 2247 3837 Evangelio
2292 3769 2356 3822 de
2382 3766 2680 3835 virginibus
2726 3765 2918 3834 legitur
2944 3781 2956 3815 :
2982 3759 3047 3815 Et
3083 3778 3199 3832 qua:
3231 3772 3430 3833 parata?

1856 3866 2025 3919 erant,
2057 3856 2376 3909 intrauerunt
2415 3870 2532 3907 cum
2573 3871 2632 3908 eo
2677 3856 2749 3921 ad,
2792 3856 3021 3923 nuptias,
3047 3864 3095 3907 et
3138 3852 3317 3907 clausa
3356 3864 3427 3906 est

1846 3947 2019 4016 janua
2049 3934 2261 4016 (Matth.
2286 3943 2437 4014 xxv).
2487 3942 2678 3998 Clausa
2708 3943 2911 3999 scilicet
2940 3959 3048 3997 non
3076 3943 3145 3997 ad
3178 3943 3431 3997 custodia

1856 4051 2095 4106 poenam,
2126 4036 2221 4089 sed
2245 4035 2299 4088 in
2328 4034 2712 4089 beatitudinem
2742 4034 3144 4102 sempiternam,
3176 4031 3299 4115 quia
3329 4046 3426 4086 nec

1858 4129 1981 4184 inde
2028 4130 2312 4198 quisquam
2360 4124 2586 4179 ulterius
2618 4123 2814 4188 exibit,
2866 4138 2966 4177 nec
3003 4121 3198 4191 aliquis
3241 4124 3431 4189 pbstea

1858 4232 2026 4272 novus
2070 4205 2312 4271 intrabit.
2374 4216 2553 4269 Vitam
2611 4222 2847 4267 vestram
2894 4214 3187 4283 longtevam
3233 4218 3290 4265 et
3337 4210 3426 4264 diu

1858 4307 2178 4361 incolumem
2208 4307 2350 4362 Deus
2378 4304 2716 4374 omnipotens
2736 4311 2937 4357 aeterna
2955 4298 3286 4359 beatitudine
3309 4316 3437 4355 cou-

1858 4408 2129 4452 summare
2153 4394 2399 4465 dignetur
2424 4395 2436 4446 ε

175 4652 3427 4688 MM

1611 4799 2009 4862 INCIPIUNT

671 4963 1707 5086 COMMENTARIA

1856 4962 1937 5071 N
2021 4953 2965 5071 EZEGHIELEM.

1424 5259 1721 5336 LIBER
1802 5256 2185 5334 PRIMUS

715 5502 942 5559 CAPUT
971 5497 1258 5559 PRIMUM,

162 5606 325 5661 γίεεο
355 5609 591 5675 quatuor
613 5594 921 5675 animalium
938 5592 1111 5675 ἧρξεἰο
1138 5598 1411 5675 rota‘r'um‘;
1438 5586 1563 5639 visio
1586 5584 1756 5639 throni

469 5666 566 5721 Dei
592 5676 639 5719 et
668 5664 912 5733 imaginis
942 5662 1036 5714 Dei
1066 5674 1220 5729 super
1245 5657 1507 5709 thronum.

1782 5504 1834 5562 ι)
1861 5494 2021 5549 tionis
2074 5502 2177 5555 est,
2225 5500 2283 5545 ut
2325 5490 2474 5559 prius
2517 5503 2819 5557 personam,
2878 5496 3105 5556 tempus,
3147 5488 3431 5553 locumque

1862 5583 2150 5647 describat,
2172 5592 2225 5635 et
2254 5579 2593 5651 postmodum
2635 5576 2888 5646 mysteria
2917 5577 3096 5629 dicere
3137 5574 3431 5644 prophetia:

1862 5672 2099 5743 incipiat,
2144 5684 2408 5741 quatenus
2448 5669 2514 5723 ad
2551 5668 2832 5722 veritatem
2879 5663 3097 5720 solidius
3143 5662 3429 5717 ostenden-

237 5806 261 5838 ι
300 5785 367 5839 Ει
392 5781 597 5836 factum
627 5789 710 5831 est
735 5776 787 5830 in
819 5774 1087 5830 tricesimo
1113 5786 1253 5824 anno
1281 5769 1332 5822 in
1363 5775 1555 5838 quarto
1577 5782 1758 5821 mense
1859 5763 2003 5825 dam,
2029 5770 2151 5816 ante
2179 5760 2415 5816 historiae
2440 5758 2671 5813 radicem
2699 5756 2846 5825 figat,
2875 5763 2928 5809 et
2947 5762 3067 5823 post
3088 5754 3294 5807 fructus
3324 5751 3432 5819 spi-

156 5896 175 5929 ι
210 5879 279 5932 in
314 5874 509 5942 quinta
542 5868 759 5923 mensis.
786 5884 804 5916 ι
840 5863 1059 5935 (Greg.).
1095 5862 1231 5917 Usus
1254 5859 1579 5928 prophetiae
1610 5857 1756 5910 locu-

1863 5853 1998 5905 ritus
2026 5866 2121 5921 per
2158 5851 2307 5920 signa
2350 5859 2405 5903 et
2440 5847 2720 5918 allegorias
2763 5844 3016 5915 proferat.
3051 5842 3297 5898 Ezechiel
3325 5842 3432 5895 ita.
