3960 6388
541 493 645 547 tati

1182 494 1241 546 ll.
1287 494 1539 549 RABANI
1580 494 1798 571 MAUR}
1836 491 2154 548 ARCHIEP.
2201 491 2508 549 MOGUNT.
2552 494 2839 551 Οἰλείἶυῖδί
2878 495 3057 550 PARS
3095 497 3157 551 ll.
3698 496 3783 551 5’30

540 626 644 679 quc
693 610 867 664 aatatis
890 622 997 664 sua-
1024 616 1232 677 tempus
1270 608 1494 673 indicat,
1522 609 1746 663 dicens:
1776 627 1792 657 ε
1822 607 1888 661 Et
1914 586 2111 660 factum
2142 606 2192 663 A
2218 613 2272 658 et
2291 605 2605 675 gravissima
2636 605 2875 672 ﬂumina,
2899 623 3018 676 qum
3049 609 3098 661 in
3127 621 3266 662 terra
3291 609 3660 680 Chaldzeorum
3681 625 3784 664 esse

536 711 624 756 est
667 702 718 754 in
757 700 1029 754 tricesimo
1071 713 1233 763 anno,
1274 714 1328 753 in
1365 708 1557 767 quarto
1591 711 1795 761 mense,
1829 699 1882 751 in
1934 697 2119 766 quinta

498 778 499 781 ¹
538 789 628 845 die
674 788 896 843 mensis.
922 807 940 840 ι
994 787 1193 842 Locum
1229 803 1443 856 quoque
1496 788 1817 842 denuntians
1860 785 2117 855 adjungit.

543 900 564 930 σ
594 880 727 951 Cum
759 894 935 934 essem
978 879 1031 932 in
1082 878 1263 933 medio
1320 878 1655 947 captivorum
1697 875 1851 944 juxta
1900 873 2118 929 ﬂuvium

543 991 560 1022 ι
591 971 826 1035 Chobar,
857 968 1028 1039 aperti
1051 978 1175 1023 sunt
1204 969 1348 1030 cmli,
1372 977 1426 1022 et
1452 968 1561 1021 vidi
1582 967 1817 1021 visiones
1842 965 2070 1020 Domini.
2096 984 2115 1016 ι

538 1059 772 1127 Tempus
803 1057 966 1112 etiam
998 1057 1330 1125 captivitatis
1365 1056 1601 1109 insinuat
1630 1054 1890 1109 subdens:

614 1169 630 1200 ι
660 1146 715 1200 In
763 1147 949 1217 quinta
991 1145 1079 1201 die
1134 1146 1335 1199 mensis
1381 1146 1495 1213 ipse
1545 1151 1628 1198 est
1684 1157 1853 1196 annus
1905 1141 2123 1210 quintus

540 1258 559 1289 ι
592 1236 1081 1306 transmigrationis
1115 1234 1359 1289 Joachin.
1396 1254 1413 1286 ι
1443 1236 1544 1302 Qui
1586 1242 1644 1288 ut
1677 1235 1812 1288 bene
1836 1245 2122 1303 personam

534 1318 760 1393 indicet,
790 1329 951 1384 etiam
979 1342 1147 1397 genus
1178 1336 1365 1381 narrat
1405 1344 1528 1382 cum
1568 1327 1851 1381 subditur:
1880 1345 1899 1377 ς
1933 1324 2000 1378 Ει
2038 1321 2123 1377 fa-

540 1442 558 1473 ‹
590 1430 733 1477 ctum
764 1430 846 1474 est
886 1421 1108 1480 verbum
1158 1419 1368 1474 Domini
1414 1420 1478 1473 ad
1512 1418 1757 1473 Ezechiel
1795 1416 1961 1471 ﬁlium
1992 1414 2123 1469 Βηιὶ

539 1533 559 1566 ι
589 1513 946 1568 sacerdotem.
971 1532 988 1564 ι
1036 1512 1143 1567 Sed
1180 1512 1353 1580 prima
1386 1511 1539 1564 nobis
1563 1509 1787 1578 quaestio
1807 1508 2003 1572 oritur,
2025 1520 2125 1561 cur

533 1602 584 1657 is
614 1603 706 1671 qui
746 1601 879 1656 nihil
907 1600 1081 1656 adhuc
1116 1601 1348 1661 dixerat,
1383 1599 1455 1652 ita
1491 1613 1717 1652 exorsus
1764 1604 1849 1651 est
1894 1596 2117 1649 dicens:

540 1711 560 1742 ι
593 1693 660 1747 Et
703 1692 904 1747 factum
950 1702 1035 1746 est
1083 1693 1136 1745 iu
1177 1691 1450 1745 tricesimo
1494 1705 1673 1753 anno;
1725 1707 1742 1738 ι
1799 1698 1846 1741 et
1891 1701 2123 1754 namque

534 1798 714 1837 sermo
741 1780 1137 1851 conjunctiouis
1157 1780 1260 1845 est,
1297 1787 1351 1835 et
1376 1781 1576 1833 scimus
1604 1779 1730 1847 quia
1769 1794 1874 1832 non
1903 1777 2123 1846 conjun—

535 1874 679 1939 gitur
708 1883 887 1926 sermo
932 1871 1290 1939 subsequens,
1338 1870 1440 1922 nisi
1492 1867 1726 1921 sermoni
1772 1866 2118 1936 prmcedenti.

533 1962 637 2027 Qui
665 1962 827 2032 igitur
855 1961 988 2014 nihil
1024 1961 1255 2023 dixerat,
1287 1975 1384 2013 cur
1405 1958 1556 2022 dicit,
1585 1976 1603 2006 ι
1653 1965 1707 2012 et
1732 1956 1929 2011 factum
1961 1963 2065 2019 est,
2086 1944 2111 2005 ⁷›
2150 1945 2191 2002 Β

537 2067 661 2123 cum
688 2066 795 2105 non
830 2051 899 2104 sit
948 2065 1126 2104 sermo
1152 2050 1235 2102 cui
1268 2049 1369 2102 hoc
1397 2046 1539 2116 quod
1570 2045 1757 2113 incipit
1789 2042 2119 2113 subjungat?

534 2125 652 2207 Qua
680 2139 733 2193 in
750 2154 810 2193 re
832 2139 1145 2192 intuendum
1166 2146 1271 2199 est,
1288 2135 1410 2204 quia
1433 2136 1571 2190 sicut
1593 2149 1690 2189 nos
1705 2133 2026 2202 corporalia,
2041 2132 2119 2186 sic

530 2230 817 2303 Propheta:
860 2244 1052 2285 sensus
1082 2229 1344 2298 spiritalia
1384 2226 1672 2295 aspiciunt,
1716 2226 1902 2292 eisque
1932 2232 1986 2278 et
2030 2223 2118 2276 illa

531 2332 661 2377 sunt
694 2320 999 2391 pra'sentia,
1031 2332 1151 2387 qua:
1198 2325 1396 2370 nostra:
1426 2314 1742 2384 ignorantia:
1770 2312 2013 2367 absentia
2043 2314 2120 2365 vi-

534 2412 753 2464 dentur.
798 2407 951 2464 Unde
986 2407 1045 2459 fit
1089 2415 1150 2460 ut
1172 2405 1226 2459 in
1253 2414 1434 2458 mente
1477 2402 1866 2472 Prophetarum
1897 2400 1967 2454 ita
1993 2415 2118 2454 con-

526 2501 719 2572 juncta
764 2502 872 2556 sint
915 2497 1279 2555 exterioribus
1325 2495 1607 2558 interiora,
1661 2502 1929 2563 quatenus
1960 2491 2119 2546 simul

534 2603 767 2662 utraque
785 2592 1005 2646 videant
1028 2588 1295 2657 simulque
1322 2588 1375 2641 in
1404 2587 1482 2641 eis
1513 2586 1626 2649 ﬁat,
1651 2594 1704 2640 et
1723 2584 1869 2638 intus
1896 2584 2119 2638 verbum

534 2684 680 2753 quod
711 2681 956 2745 audiunt,
1011 2690 1067 2735 et
1112 2679 1258 2734 foras
1310 2678 1449 2747 quod
1497 2678 1702 2731 dicunt.
1755 2675 1910 2730 Patet
1960 2675 2123 2745 igitur

535 2790 722 2839 causa,
753 2789 852 2829 cur
880 2773 971 2842 qui
1002 2772 1136 2826 nihil
1175 2772 1388 2826 dixerat
1424 2768 1713 2833 inchoavit,
1744 2769 1964 2823 dicens:
2003 2786 2019 2818 ι
2057 2767 2122 2822 Ει

533 2864 741 2920 factum
780 2872 865 2918 est
910 2863 963 2916 in
1003 2861 1277 2917 tricesimo
1328 2874 1489 2925 anno,
1523 2878 1542 2910 ι
1592 2859 1719 2929 quia
1751 2858 1853 2913 hoc
1897 2859 2119 2913 verbum

535 2957 682 3026 quod
728 2954 861 3010 foris
906 2952 1148 3024 protulit,
1193 2952 1269 3006 illi
1313 2952 1481 3006 verbo
1510 2950 1654 3019 quod
1706 2950 1849 3003 intus
1879 2947 2121 3002 audierat

536 3046 836 3116 conjunxit.
879 3042 1149 3115 (Ηίετοη.)
1196 3040 1526 3095 Tricesimus
1574 3053 1747 3093 annus
1784 3052 1891 3091 non
1930 3045 1988 3089 ut
2012 3036 2123 3105 ple-

534 3140 692 3208 rique
714 3136 1031 3191 existimant
1054 3132 1230 3186 aetatis
1249 3131 1526 3199 prophetae
1559 3128 1775 3191 dicitur,
1806 3141 2012 3181 necnon
2035 3126 2123 3196 ju—

532 3225 675 3281 bilzni
716 3224 809 3294 qui
848 3230 933 3276 est
972 3236 1148 3275 annus
1187 3218 1539 3281 remissionis,
1584 3216 1678 3271 sed
1726 3232 1757 3269 a
1806 3216 2120 3271 duodevice-

536 3318 677 3373 simo
710 3325 852 3369 anno
894 3311 1053 3367 Josiac
1096 3310 1237 3379 regis
1270 3308 1424 3370 Juda,
1484 3306 1700 3376 quando
1747 3306 1998 3360 inventus
2040 3317 2123 3359 est

534 3394 674 3462 liber
698 3400 1097 3458 Deuterouomii
1130 3399 1184 3453 in
1227 3398 1422 3467 templo
1450 3396 1544 3451 Dei
1576 3410 1747 3465 usque
1783 3394 1849 3448 ad
1876 3395 2122 3464 quintum

537 3493 869 3565 captivitatis
914 3505 1113 3543 annum
1162 3486 1387 3541 Joachin
1436 3494 1803 3555 cognomento:
1829 3481 2117 3547 Jcchouize,

538 3588 655 3659 qui,
684 3600 808 3641 cum
862 3590 1033 3636 matre
1068 3580 1261 3634 ductus
1309 3586 1392 3632 est
1423 3577 1475 3630 in
1510 3574 1858 3645 Babylonem,
1893 3582 1948 3628 et
1999 3587 2121 3627 cum

536 3677 761 3736 Daniele
780 3675 1062 3743 tribusque
1089 3670 1274 3741 pueris
1297 3677 1352 3725 et
1372 3667 1621 3723 Ezechiel
1653 3685 1665 3719 :
1700 3682 1818 3742 quac
1846 3673 1929 3720 cst
1946 3664 2124 3741 tribus

537 3767 675 3823 Juda
712 3766 887 3838 prima
918 3762 1225 3832 captivitas,
1254 3760 1469 3830 quando
1490 3758 1713 3813 stillavit
1741 3758 1819 3810 ira
1849 3757 1941 3810 Dei
1965 3768 2126 3824 super

537 3857 856 3915 Jerusalem.
887 3851 1196 3909 Secundum
1220 3854 1466 3925 ἀναγογόν
1488 3864 1614 3904 vero
1626 3847 2005 3918 przeliguratur
2022 3848 2125 3902 Do-

540 3951 720 4006 minus
743 3955 903 4017 atque
929 3942 1199 4007 Salvator,
1234 3942 1325 4011 qui
1356 3940 1571 4011 triginta
1603 3952 1771 3992 annos
1800 3946 1960 3991 natus
1983 3937 2127 3990 venit

541 4039 611 4095 ad
656 4039 1007 4109 baptismum,
1041 4048 1160 4100 qua:
1208 4032 1261 4086 in
1314 4030 1531 4085 homine
1565 4026 1803 4097 perfecta
1860 4034 1992 4080 aetas
2020 4032 2121 4079 est.

545 4131 695 4187 Unde
743 4138 799 4183 et
833 4128 886 4182 in
943 4125 1299 4179 Numerorum
1343 4120 1613 4175 volumine
1654 4118 1809 4186 juxta
1848 4115 2122 4180 Hebraeos,

542 4227 746 4284 non,ut
771 4216 826 4272 in
858 4213 1209 4284 Septuaginta
1233 4210 1565 4273 continetur,
1595 4223 1625 4261 a
1650 4205 1909 4260 vicesimo
1937 4204 2125 4274 quinto

541 4313 719 4368 aetatis
741 4323 902 4373 anno,
934 4306 1027 4361 sed
1051 4321 1081 4359 a
1121 4303 1392 4358 tricesimo
1430 4299 1696 4368 incipiunt
1732 4297 2041 4352 sacerdOtes
2071 4296 2123 4349 in

542 4402 742 4472 templo
770 4400 1095 4453 ministrare.
1133 4395 1190 4448 In
1216 4391 1357 4463 quod
1396 4391 1605 4460 signum
1647 4389 1922 4457 praecessit
1946 4395 2001 4442 et
2036 4384 2125 4442 Jo-

539 4496 692 4566 seph,
728 4493 942 4563 quando
976 4491 1029 4545 in
1069 4489 1302 4559 IEgypto
1327 4485 1584 4541 esurienti
1623 4483 1817 4553 populo
1854 4482 2122 4539 frumenta

2222 695 2592 765 perhibentur,
2622 706 2943 766 apertosque
2972 699 3154 760 ccelos,
3199 714 3304 753 non
3334 699 3597 753 divisione
3624 698 3787 753 firma-

2224 788 2411 851 menti,
2442 787 2535 842 sed
2574 787 2677 843 ﬁde
2706 789 2977 844 credentis
3014 789 3271 858 intelligo,
3301 804 3367 845 eo
3393 790 3534 859 quod
3562 790 3788 844 ccelestia

2222 877 2329 930 sint
2365 875 2441 929 illi
2476 887 2713 932 reserata
2764 879 3042 939 mysteria.
3090 877 3252 933 .Unde
3289 890 3343 933 et
3377 881 3431 934 in
3479 880 3789 949 baptismate

2224 965 2522 1023 Salvatoris
2543 969 2757 1035 quando
2779 966 3011 1036 Spiritus
3031 978 3251 1022 sanctus
3278 970 3329 1022 in
3355 967 3788 1038 speciecolumlxe

2216 1054 2502 1109 descendit
2524 1072 2687 1125 super
2724 1072 2868 1117 eum,
2899 1068 3114 1124 apertos
3132 1057 3298 1111 caelos
3323 1058 3568 1127 legimus.
3598 1057 3789 1123 Quibus

2222 1145 2480 1198 reseratis
2515 1145 2824 1213 panduntur
2850 1146 3086 1200 visiones
3115 1145 3239 1212 Dei;
3273 1162 3378 1201 non
3408 1163 3511 1201 una
3549 1148 3690 1202 visio
3710 1147 3787 1201 sed

2220 1235 2424 1304 plures,
2459 1235 2671 1294 dicente
2703 1235 2930 1291 Domino
2948 1252 3045 1305 per
3070 1236 3389 1307 prophetam
3414 1255 3427 1289 :
3458 1256 3476 1287 ι
3507 1238 3619 1307 Ego
3643 1237 3791 1291 visio-

2223 1342 2319 1381 nes
2362 1326 2683 1398 multiplico,
2718 1337 2774 1382 et
2818 1327 2869 1381 in
2902 1328 3147 1383 manibus
3176 1328 3565 1398 Prophetarum
3596 1328 3790 1382 assimi-

2220 1412 2363 1470 latus
2383 1431 2500 1470 sum
2527 1414 2680 1487 (Osee
2700 1418 2822 1486 xu).
2872 1435 2890 1468 ›
2921 1416 3040 1472 Istae
3068 1424 3194 1472 sunt
3217 1417 3449 1471 visiOues
3471 1432 3606 1486 quas
3628 1417 3792 1470 omnis

2221 1506 2524 1563 Ezechielis
2582 1506 2861 1578 prophetia
2914 1508 3236 1572 contexuit,
3307 1506 3791 1578 signiﬁcantiusque

2215 1597 2371 1666 juxta
2406 1597 2660 1653 Hebraeos
2685 1605 2738 1651 et
2777 1606 3001 1653 cancros
3034 1599 3355 1666 interpretes
3400 1599 3792 1667 transmigratio

2223 1690 2425 1744 dicitur
2448 1689 2673 1742 Joaehiu
2716 1696 2771 1742 et
2801 1703 2907 1742 non
2936 1689 3242 1758 captivitas,
3278 1688 3418 1757 quod
3454 1686 3790 1757 Septuaginta

2223 1777 2631 1832 transtulerunt.
2649 1775 2763 1830 Non
2786 1777 2927 1830 enim
2954 1786 3140 1847 captus
3159 1777 3291 1831 urbe
3306 1787 3578 1847 superata,
3599 1778 3695 1831 sed
3715 1792 3793 1831 γο-

2226 1868 2372 1921 lnnta
2382 1876 2429 1920 te
2450 1882 2507 1921 se
2530 1867 2745 1921 tradens
2758 1866 2947 1920 ductus
2966 1876 3048 1921 cst
3061 1867 3113 1920 in
3128 1866 3473 1937 Babylonem.
3492 1867 3660 1936 Igitur
3678 1866 3791 1920 Joa-

2221 1960 2363 2023 cbin,
2382 1960 2433 2014 id
2440 1958 2831 2036 estJechoniar,
2848 1959 3057 2013 dicatur
3070 1960 3241 2028 prima
3262 1961 3664 2030 transmigratio
3682 1977 3697 2025 ;
3714 1957 3793 2013 ερ-

2219 2052 2423 2128 dechim
2453 2062 2633 2106 autem
2654 2052 2884 2106 secunda
2913 2051 2996 2106 vel
3018 2061 3257 2106 extrema
3281 2052 3579 2120 captivitas.
3600 2050 3666 2122 (C
3675 2053 3791 2122 reg.)

2221 2140 2325 2196 Sed
2348 2142 2460 2210 ipsa
2499 2139 2720 2195 Hebraea
2750 2141 2910 2195 verba
2949 2140 3174 2194 multum
3204 2141 3359 2195 nobis
3388 2137 3454 2194 ad
3487 2141 3792 2212 mysterium

2220 2232 2681 2305 interpretandum
2700 2231 2895 2285 valent.
2915 2230 3046 2284 Nam
3062 2230 3274 2286 Chobar
3294 2233 3682 2302 interpretatur
3692 2248 3799 2302 gra-

2220 2322 2417 2385 viludo,
2448 2320 2529 2375 vel
2554 2320 2804 2390 gravitas;
2825 2319 3090 2383 Ezechiel,
3111 2320 3362 2389 fortitudo
3384 2321 3479 2374 Dei
3500 2337 3520 2385 ;
3547 2319 3700 2385 Buzi,
3722 2321 3796 2373 de-

2219 2419 2419 2477 spectus
2446 2407 2525 2464 vel
2546 2418 2897 2480 contemptus;
2919 2408 3173 2475 Chaldaei,
3196 2394 3529 2479 captivarum,
3547 2412 3632 2466 vel
3657 2416 3797 2482 quasi

2220 2502 2500 2554 diemoncs.
2522 2501 2683 2555 Venit
2712 2490 2840 2571 ergo
2863 2501 3108 2556 Ezechiel
3124 2502 3278 2573 juxta
3308 2500 3527 2556 ﬂuvium
3568 2500 3793 2566 Chobar,

2221 2592 2344 2662 quia
2379 2591 2635 2646 fortitudo
2664 2591 2758 2646 Dei
2786 2607 2885 2660 per
2913 2592 3301 2648 incarnationis
3332 2608 3443 2647 sure
3488 2592 3797 2663 mysterium

2222 2684 2584 2753 propinquare
2606 2683 2823 2753 dignata
2846 2693 2928 2737 est
2953 2692 3299 2752 peccatorum
3325 2698 3547 2738 suorum
3568 2684 3797 2754 pondera

2222 2777 2455 2844 portanti
2487 2776 2671 2846 generi
2699 2775 2951 2841 humano,
2979 2775 3121 2845 quod
3168 2775 3235 2831 ab
3279 2784 3402 2831 ortu
3440 2790 3538 2831 suo
3567 2776 3798 2845 quotidie

2222 2864 2405 2919 defluit
2434 2867 2504 2919 ad
2534 2870 2781 2929 mortem,
2816 2866 2955 2920 sicut
2998 2867 3065 2920 de
3111 2866 3202 2920 illo
3229 2878 3325 2934 per
3351 2866 3694 2921 Psalmistam
3722 2866 3796 2919 di-

2224 2957 2365 3011 citur
2390 2971 2404 3009 :
2434 2975 2452 3007 ι
2486 2956 2553 3011 Ει
2582 2957 2686 3010 erit
2714 2964 2964 3025 tanquam
2994 2955 3194 3025 lignum
3232 2957 3373 3027 quod
3404 2956 3702 3024 plantatum
3724 2963 3801 3011 est

2224 3061 2380 3101 secus
2407 3042 2666 3102 decursus
2688 3062 2947 3114 aquarum
2981 3044 3152 3116 (Paul.
3180 3048 3242 3119 ι).
3269 3067 3286 3098 ι
3339 3045 3497 3100 Juxta
3549 3047 3800 3101 decursus

2226 3139 2422 3208 quippe
2452 3152 2709 3205 aquarum
2757 3131 3052 3205 plantat‘us,
3080 3138 3203 3205 quia
3229 3135 3378 3206 juxta
3414 3136 3593 3204 lapsus
3621 3137 3798 3191 incar-

2226 3238 2384 3281 natus
2414 3236 2497 3282 est
2517 3225 2861 3281 deﬂuentium
2894 3226 3239 3297 populorum;
3279 3224 3535 3281 fortitudo
3558 3241 3687 3297 ergo
3713 3224 3799 3280 Dei

2226 3337 2292 3376 ex
2321 3328 2631 3389 contemptu
2662 3319 2747 3372 vel
2769 3320 3019 3386 despectu
3049 3319 3307 3383 nascitur,
3342 3318 3467 3387 quia
3502 3318 3801 3386 redemptor

2224 3419 2410 3485 noster
2450 3401 2839 3463 humanitatem
2885 3423 3160 3463 assumere
3187 3421 3252 3463 ex
3301 3408 3495 3478 populo
3522 3408 3730 3477 perdito
3755 3416 3803 3459 et

2226 3507 2534 3569 contempto
2571 3499 2821 3568 dignatus
2850 3507 2952 3553 est.
2983 3497 3140 3553 Venit
3170 3513 3300 3569 ergo
3326 3497 3382 3552 in
3419 3506 3614 3551 terram
3644 3495 3800 3551 Chal-

2225 3585 2483 3646 daeorum.
2525 3588 2759 3643 Chaldaei
2790 3573 3233 3656 interpretantur,
3260 3595 3320 3641 ut
3354 3586 3610 3651 diximus,
3636 3584 3802 3654 captio

2225 3692 2414 3737 vantes
2434 3680 2517 3735 vel
2548 3680 2701 3749 quasi
2728 3678 3021 3733 dtemoncs.
3054 3678 3227 3747 Iniqui
3258 3678 3457 3732 etenim
3485 3678 3576 3747 qui
3612 3686 3666 3731 et
3707 3674 3802 3746 ipsi

2226 3771 2540 3841 iniquitates
2582 3778 2918 3839 perpetrant,
2950 3776 3005 3824 et
3048 3768 3112 3822 ad
3161 3768 3498 3837 iniquitatem
3526 3767 3656 3822 alios
3688 3780 3804 3821 sua-

2226 3863 2400 3918 dendo
2430 3862 2671 3926 trahunt,
2713 3861 2968 3915 nimirum
2996 3860 3329 3930 captivantes
3358 3869 3502 3925 sunt,
3542 3860 3629 3929 qui
3661 3866 3801 3912 recte

2225 3968 2438 4024 quoque
2496 3960 2549 4007 et
2596 3951 2748 4019 quasi
2797 3952 3067 4006 daemones
3114 3951 3558 4020 interpretantur,
3594 3948 3721 4018 quia
3754 3946 3801 4000 hi

2226 4044 2315 4113 qui
2346 4053 2401 4098 et
2436 4042 2570 4096 alios
2598 4042 2663 4095 ad
2696 4040 3031 4109 iniquitatem
3068 4040 3340 4094 suadendo
3376 4039 3716 4108 pertrahunt,
3753 4034 3801 4087 in

2226 4135 2532 4203 semetipsis
2580 4131 2940 4187 ministerium
2997 4133 3299 4187 daemonum
3351 4131 3417 4186 ad
3470 4131 3802 4199 iniquitatem

2226 4226 2547 4294 suscipiunt,
2578 4221 3123 4293 quamvisdtemones
3151 4236 3246 4291 per
3266 4230 3515 4275 naturam
3550 4236 3653 4274 non
3678 4221 3800 4273 sint.

2230 4315 2385 4369 Venit
2419 4329 2549 4384 ergo
2581 4313 2835 4367 fortitudo
2886 4311 2979 4366 Dei
3009 4313 3060 4366 in
3109 4321 3249 4366 terra
3278 4311 3645 4367 Chaldaeorum
3678 4310 3801 4380 quia

2224 4404 2365 4459 inter
2387 4418 2480 4458 eos
2510 4403 2816 4473 unigenitus
2845 4402 3014 4471 patris
3052 4403 3323 4471 apparuit,
3351 4402 3439 4470 qui
3469 4410 3523 4455 et
3553 4402 3603 4454 in
3631 4414 3804 4453 seme-

2226 4499 2377 4568 tipsis
2408 4497 2473 4551 ad
2503 4506 2782 4567 peccatum
2812 4494 3163 4560 deﬂuxeraut,
3211 4506 3264 4549 et
3307 4498 3373 4549 ad
3423 4505 3641 4564 peccata
3673 4494 3804 4547 alios

541 4589 768 4659 largitus
804 4594 910 4649 est,
954 4591 1010 4637 et
1055 4580 1292 4635 Joannes
1341 4578 1583 4646 Baptista
1628 4576 1778 4631 venit
1820 4577 1886 4629 ad
1920 4574 2117 4630 ﬂuenta

2225 4590 2555 4659 captivantes
2601 4587 2903 4642 trahebant.
2956 4585 3061 4641 Sed
3107 4587 3459 4655 expositionis
3510 4601 3690 4641 sermo
3740 4586 3804 4638 ad

540 4678 835 4739 Jordanis,
895 4673 1310 4744 prmdicavitque
1368 4669 1692 4738 baptismum
1766 4667 2115 4736 paenitentia.

539 4769 801 4837 Quodque
827 4765 1087 4833 scriptum
1121 4769 1225 4824 est,
1254 4778 1271 4810 ι
1317 4759 1371 4813 in
1400 4765 1611 4826 quarto,
1645 4775 1661 4806 ι
1706 4757 1971 4824 pendente
1994 4770 2119 4810 sen-

540 4860 729 4922 tentia,
756 4853 1072 4910 subauditur
1097 4864 1300 4914 mense,
1334 4848 1516 4903 statim
1537 4848 1679 4901 enim
1718 4846 1977 4914 sequitur,
2006 4865 2023 4896 ι
2065 4845 2116 4898 ἰη

538 4952 723 5022 quinta
749 4945 1007 5002 mensis.»
1050 4940 1203 5008 Quod
1250 4948 1306 4993 ut
1351 4938 1687 4993 manifestius
1734 4937 1908 5002 fieret,
1957 4952 2117 5006 supra

543 5038 797 5094 addidere
839 5032 1227 5103 Septuaginta:
1268 5047 1285 5079 ι
1343 5028 1476 5083 Cum
1508 5042 1680 5081 essem
1734 5027 1786 5080 iu
1823 5027 2000 5081 medio
2029 5041 2117 5080 ca—

542 5132 809 5203 ptivorum
837 5125 989 5194 juxta
1017 5121 1233 5176 ﬂuvium
1256 5120 1490 5184 Chobar,
1527 5120 1698 5188 aperti
1727 5127 1854 5173 sunt
1893 5119 2036 5183 εαξη,
2065 5124 2115 5173 et

542 5221 648 5276 vidi
678 5219 912 5272 visiones
957 5214 1073 5279 Dei,
1122 5214 1176 5266 in
1208 5214 1393 5281 quinta
1440 5211 1782 5280 mensis'ipse
1829 5218 1913 5265 est
1947 5225 2121 5264 annus

540 5313 763 5381 quintus
815 5306 1300 5375 transmigrationis
1333 5303 1575 5357 Joachin.
1622 5323 1639 5354 ι
1697 5302 1963 5373 (Hier-on.)
2013 5301 2117 5357 Ca-

539 5402 744 5470 ptivum
807 5398 1010 5452 sedisse
1058 5396 1309 5465 populum
1353 5408 1513 5461 super
1560 5392 1780 5446 flumina
1836 5392 2121 5463 Babylonis

538 5489 709 5545 David
739 5489 1021 5558 prophetat
1059 5487 1111 5540 in
1154 5485 1343 5555 spiritu
1373 5503 1385 5537 :
1422 5501 1440 5533 ι
1497 5483 1671 5552 Super
1710 5482 1951 5545 ﬂumina,
1983 5503 2000 5535 ι
2034 5484 2117 5537 in-

540 5581 754 5650 quiens,
791 5597 809 5629 t
841 5577 1143 5647 Babylonis,
1179 5576 1251 5628 ibi
1279 5575 1518 5629 sedimus
1561 5581 1615 5627 et
1659 5572 1900 5626 ﬂevimus
1945 5572 2116 5643 (Psal.

541 5670 804 5739 cxxxvu).
832 5668 1046 5723 Chobar
1073 5675 1248 5720 autem
1275 5674 1365 5718 aut
1394 5678 1587 5718 nomen
1628 5673 1711 5718 est
1735 5663 1988 5727 ﬂuminis,
2026 5673 2118 5716 aut

543 5770 689 5815 certe
710 5761 859 5828 juxta
890 5757 1385 5826 interpretationem
1413 5770 1589 5819 suam,
1618 5770 1719 5822 qua
1743 5754 1794 5806 in
1819 5770 1971 5823 grave
1999 5769 2117 5806 vcr-

545 5854 693 5915 titur,
712 5852 911 5918 Tigrim
928 5852 1195 5921 signiﬁcat
1218 5860 1267 5905 cl
1287 5850 1631 5919 Euphratem,
1653 5857 1703 5901 ct
1729 5850 1904 5901 omnia
1923 5861 2113 5915 magna

2226 4680 2505 4749 Propheta:
2527 4694 2668 4732 nunc
2690 4692 2975 4746 personam
3007 4678 3210 4731 redeat.
3233 4695 3252 4727 ι
3287 4677 3354 4730 Et
3375 4676 3515 4731 facta
3541 4684 3621 4730 est
3646 4690 3808 4745 super

2225 4784 2346 4823 eum
2382 4767 2454 4822 ibi
2478 4782 2671 4820 manus
2706 4766 2942 4819 Domini.
2974 4785 2992 4818 ι
3029 4764 3296 4836 (Ηίενοη.)
3350 4765 3417 4820 Ut
3463 4779 3687 4819 cernere
3725 4764 3805 4817 vi-

2223 4857 2402 4912 siones
2431 4856 2525 4910 Dei
2574 4864 2628 4910 et
2653 4855 2950 4926 intelligere
2996 4855 3282 4924 possimus,
3316 4870 3476 4908 manu
3503 4863 3558 4910 et
3591 4853 3806 4909 fortitu—

2224 4948 2349 5002 dine
2374 4945 2468 5000 Dei
2498 4958 2657 5014 super
2679 4960 2776 4999 nos
2793 4960 2929 5014 opus
2964 4951 3065 4998 est.
3096 4943 3153 4999 ln
3180 4959 3288 5015 qua
3314 4959 3479 4998 manu
3505 4952 3559 4999 et
3582 4944 3807 4999 brachio

2223 5038 2448 5092 eductus
2471 5045 2553 5089 est
2578 5036 2805 5105 populus
2840 5032 3002 5089 Israel
3040 5037 3105 5090 de
3159 5031 3409 5107 Egypto.
3446 5035 3610 5105 Cujus
3652 5036 3824 5093 forti"

2221 5129 2421 5183 tudinis
2465 5136 2674 5197 partem
2703 5127 2866 5181 etiam
2898 5128 3035 5197 magi
3086 5128 3487 5193 intellexerunt,
3519 5128 3763 5184 dicentes
3790 5147 3803 5180 :

2227 5237 2245 5269 ι
2274 5219 2479 5289 Digitus
2520 5219 2615 5272 Dei
2644 5226 2727 5272 est
2774 5218 2863 5272 hic
2891 5218 3086 5282 (Exod.
3142 5219 3281 5282 vm).
3311 5239 3330 5271 ι
3358 5219 3424 5274 Et
3468 5219 3720 5276 Salvator
3753 5222 3805 5275 in

2227 5300 2555 5369 Evangelia:
2583 5322 2599 5353 ι
2616 5303 2669 5355 Si
2695 5318 2791 5371 ego
2814 5304 2865 5356 in
2889 5306 3061 5372 digito
3084 5304 3170 5355 Dei
3191 5303 3353 5371 ejicio
3369 5299 3794 5368 daemoniatLac.

2227 5390 2303 5458 ιι)
2338 5406 2352 5442 :
2392 5409 2410 5443 ι
2450 5407 2546 5461 pro
2594 5406 2703 5461 quo
2743 5394 2795 5445 in
2828 5393 2999 5448 altero
3045 5390 3335 5457 Evangelia
3364 5391 3621 5458 scriptum
3658 5400 3745 5443 est
3782 5406 3795 5441 :

2233 5478 2323 5533 «Si
2350 5495 2453 5550 ego
2485 5480 2539 5534 in
2566 5481 2757 5550 spiritu
2788 5481 2882 5537 Dei
2909 5483 3067 5553 ejicio
3093 5482 3360 5537 daemonia
3394 5481 3607 5547 (Matth.
3636 5484 3791 5550 xu).i

2300 5596 2318 5627 ι
2348 5577 2414 5631 Et
2438 5578 2543 5631 vidi
2568 5586 2621 5631 et
2658 5593 2785 5632 ecce
2811 5587 3004 5632 ventus
3025 5580 3256 5634 turbinis
3286 5583 3533 5637 veniebat
3556 5582 3624 5637 ab
3651 5588 3807 5655 aqui-

2230 5687 2247 5717 ‹
2278 5667 2413 5729 lene,
2433 5678 2486 5720 ct.
2505 5667 2683 5735 ~nubes
2710 5682 2901 5737 magna
2913 5674 2966 5720 et
2987 5668 3124 5737 ignis
3152 5668 3451 5736 involvens,
3473 5678 3527 5726 et
3551 5670 3807 5741 splendor

2230 5777 2247 5804 σ
2278 5757 2328 5808 in
2357 5757 2585 5809 circuitu
2613 5755 2747 5823 ejus.
2774 5754 3010 5825 ναῖ’-σῃ.
3033 5757 3049 5827 )
3076 5757 3391 5812 Intuendum
3421 5759 3573 5814 nobis
3599 5770 3693 5813 est
3715 5759 3804 5829 qui

2224 5850 2292 5902 sit.
2326 5848 2375 5901 in
2406 5848 2679 5916 Prophettc
2710 5848 2886 5903 verbis
2923 5849 3054 5903 ordo
3079 5848 3375 5909 immittitis.
3405 5850 3505 5918 Qui
3533 5849 3681 5906 enim
3726 5874 3808 5911 ευ-
