3960 6382
208 499 298 557 b0!

1193 489 1542 555 COMMENT.
1585 499 1652 554 IN
1696 478 2147 555 EZECHIELEM.
2190 529 2255 539 --
2296 454 2422 554 un.
2466 500 2507 554 ι.

3358 500 3462 556 [ἰοὲ

210 612 389 681 purius
416 611 482 666 de
510 611 689 681 scipso
722 609 967 664 dixerat:
1008 626 1026 659 α
1060 609 1246 680 Aperti
1276 620 1399 665 sunt
1430 610 1572 671 coeli,
1599 619 1654 665 et
1680 610 1789 693 vidi
1816 614 1868 672 Α
1897 618 2193 663 revertetur
2223 609 2276 663 in
2314 592 2520 663 terram
2567 624 2717 664 suam
2760 606 2931 679 (Psal.
2954 608 3128 681 chv).
3154 629 3174 663 ι
3221 609 3424 666 Ventus
3449 631 3463 667 :

212 701 443 757 visiones
481 701 717 766 Domini,
760 719 776 751 ι
806 708 995 768 postea
1035 708 1288 774 tanquam
1331 700 1377 754 si
1411 700 1477 754 de
1522 700 1629 754 alio
1668 714 1792 753 nar-

214 800 358 847 raret
386 791 665 863 adjungit:
696 810 713 841 ι
750 791 816 845 Et
861 791 1001 845 facta
1032 798 1116 847 est
1157 806 1321 860 super
1344 806 1467 845 eum
1498 791 1567 845 ibi
1601 805 1794 846 manus

213 886 443 941 Domini.
470 904 488 937 ι
524 885 600 939 Ac
633 884 825 939 deinde
858 883 1009 952 quasi
1036 882 1103 937 ad
1134 897 1191 938 se
1235 883 1523 937 revertitur
1546 894 1600 937 et
1622 882 1789 937 dicit:

218 998 238 1028 ι
266 977 334 1032 Et
365 976 498 1040 vidi,
529 984 583 1029 et
617 990 746 1030 ecce
790 985 982 1030 ventus
1018 975 1246 1029 turbinis
1271 975 1521 1030 veniebat
1551 976 1617 1029 ab
1641 974 1794 1045 aqui-

210 1068 353 1123 lone.
376 1086 394 1119 ι
425 1066 562 1133 Quid
592 1076 675 1121 est
720 1068 819 1121 hoc
850 1065 991 1134 quod
1020 1064 1182 1119 modo
1234 1063 1481 1119 Ezechiel
1533 1063 1788 1132 loquitur,

212 1159 372 1213 modo
408 1158 475 1212 de
510 1156 833 1212 Ezechiele?
887 1156 933 1210 si
966 1170 1064 1225 per
1113 1163 1283 1210 totum
1342 1154 1543 1208 diceret
1592 1154 1658 1208 de
1711 1166 1791 1217 se,

210 1250 436 1321 quazstio
474 1265 579 1303 non
608 1258 783 1314 esset;
826 1248 871 1302 si
917 1262 1013 1318 per
1042 1256 1212 1301 totum
1252 1246 1473 1309 diceret,
1529 1244 1681 1314 quasi
1727 1244 1794 1299 de

210 1341 343 1409 alio,
374 1340 721 1395 nihilominus
746 1341 969 1409 quaestio
995 1355 1101 1395 non
1133 1338 1340 1395 fuisset.
1384 1338 1521 1403 Quid
1558 1353 1687 1408 ergo
1712 1348 1789 1393 est

208 1433 317 1489 hoc
344 1434 487 1503 quod
535 1433 616 1487 sic
660 1434 900 1487 variatur
929 1448 1109 1489 sermo
1146 1432 1515 1503 propheticus,
1545 1442 1605 1486 ut
1634 1432 1794 1486 modo

207 1521 481 1594 Propheta
505 1522 572 1576 de
603 1538 661 1576 se
686 1522 955 1590 loquatur,
1002 1522 1162 1576 modo
1188 1529 1367 1575 autem
1403 1520 1469 1575 de
1498 1522 1615 1590 ipso
1641 1523 1792 1589 quasi

206 1610 351 1667 alius
377 1610 523 1681 loqui
550 1610 838 1665 videatur?
874 1608 979 1664 Sed
1028 1607 1305 1665 sciendum
1336 1617 1417 1664 est
1453 1608 1576 1679 quia
1608 1608 1665 1663 bi
1702 1609 1793 1680 qui

204 1701 509 1773 prophetiae
557 1700 749 1770 spiritu
809 1700 1084 1771 replentur
1134 1715 1230 1769 per
1261 1700 1364 1756 hoc
1415 1700 1556 1770 quod
1609 1708 1794 1770 aperte

203 1805 594 1860 nonnunquam
624 1790 915 1860 loquuntur
934 1791 999 1846 de
1024 1805 1101 1855 se,
1131 1799 1186 1846 et
1214 1806 1595 1861 nonnunquam
1629 1792 1708 1847 sic
1729 1792 1796 1846 de

202 1896 276 1937 sc
302 1881 464 1936 verba
491 1890 746 1950 tanquam
790 1881 856 1936 de
899 1881 1019 1936 aliis
1047 1880 1347 1950 proferunt,
1379 1881 1639 1947 indicant,
1666 1882 1792 1952 quia

1898 720 1915 750 ι
1945 698 2002 752 ln
2042 699 2234 769 spiritu
2294 698 2599 755 vehementi
2639 699 2987 770 confringens
3030 713 3195 755 naves
3246 698 3469 757 Tharsis

1894 785 2067 859 (Psal.
2114 785 2303 857 xuii).
2354 807 2372 840 ι
2404 786 2473 841 Et
2513 776 2679 841 alibi:
2707 807 2725 839 ι
2756 788 2921 858 Ignis,
2958 787 3183 858 sulphur
3223 798 3280 844 et
3316 789 3468 859 spiric

1896 887 1981 932 tus
2036 878 2394 949 procellarum
2440 893 2568 948 pars
2618 879 2802 934 calicis
2851 894 3040 935 eorum
3088 876 3261 952 (Paul.
3325 879 3403 949 x).
3443 899 3463 931 ι

1893 966 1996 1035 Qui
2029 979 2244 1023 ventum
2276 977 2332 1025 et
2361 968 2545 1024 ﬂatum
2587 972 2919 1040 tempestatis
2960 971 3162 1043 legunt,
3200 970 3304 1027 hoc
3347 985 3469 1025 sen-

1894 1063 2058 1125 tiunt,
2081 1061 2216 1115 iram
2245 1068 2300 1115 et
2329 1060 2564 1115 furorem
2592 1060 2689 1115 Dei
2714 1061 2899 1116 venire
2923 1077 2953 1116 a
2974 1060 3265 1132 Babylone,
3290 1060 3341 1115 id
3365 1068 3465 1125 est,

1893 1146 2404 1219 Nabuchodonosor,
2432 1157 2488 1203 et
2518 1146 2815 1205 Jerusalem
2845 1157 2965 1220 post
2992 1165 3086 1206 sex
3117 1166 3286 1205 annos
3311 1149 3471 1218 huius

1891 1239 2114 1295 visionis
2140 1254 2259 1294 esse
2300 1239 2634 1309 capiendam.
2676 1237 2932 1293 Cernitur
2956 1240 3097 1294 enim
3124 1240 3260 1296 visio
3282 1241 3470 1309 quinto

1895 1346 2035 1386 anno
2061 1331 2551 1402 transmigrationis
2597 1332 2739 1402 regis
2781 1329 3030 1397 Joacbin,
3059 1331 3151 1401 qui
3198 1339 3253 1386 et
3297 1331 3467 1387 Sede-

1894 1420 2031 1476 cbiaa
2059 1419 2302 1491 regnanti
2334 1420 2387 1474 in
2414 1419 2709 1476 Jerusalem
2737 1420 2955 1491 quintus
2998 1407 3135 1487 erat,
3156 1435 3314 1491 quem
3336 1435 3468 1476 cum

1894 1510 2122 1581 legimus
2144 1518 2267 1577 post
2288 1525 2379 1566 sex
2412 1511 2657 1567 similiter
2684 1528 2876 1578 annos,
2904 1512 2958 1568 id
2994 1523 3095 1579 est,
3130 1529 3269 1569 anno
3298 1514 3467 1569 unde~

1895 1600 2037 1656 cimo
2061 1599 2272 1670 imperii
2316 1601 2397 1655 sui
2442 1604 2576 1658 urbe
2609 1610 2765 1672 capta
2795 1603 3011 1658 ductum
3038 1604 3093 1659 in
3121 1603 3465 1675 Babylonem.

1896 1690 1991 1746 llis
2023 1705 2152 1762 ergo
2175 1692 2267 1761 qui
2316 1691 2637 1749 habitabant
2664 1704 2881 1766 prepter
2917 1694 3115 1752 ﬂumen
3156 1695 3387 1764 Chobar,
3415 1708 3471 1753 et

1894 1792 2083 1852 sponte
2113 1796 2172 1837 se
2216 1783 2327 1853 regi
2377 1783 2728 1850 tradiderant,
2776 1784 3043 1839 revelatur
3072 1786 3213 1854 quod
3254 1784 3471 1842 benefe-

1896 1872 2071 1926 cerint
2097 1871 2317 1927 obedire
2341 1872 2620 1927 sententiae
2656 1872 2770 1929 Dei.
2815 1872 2872 1928 ln
2922 1874 3072 1930 brevi
3113 1875 3255 1931 enim
3281 1886 3336 1930 et
3370 1874 3465 1929 Ju-

205 1985 319 2026 non
346 1970 625 2040 propheta,
648 1969 740 2025 sed
782 1968 1015 2039 Spiritus
1043 1979 1261 2026 sanctus
1290 1969 1525 2051 loquitur
1552 1986 1647 2040 per
1673 1986 1797 2039 pro-
1825 1972 1871 2032 B
1898 1959 2424 2051 (ιωθωίρτονὶηοίιιω
2451 1971 2507 2017 ει
2546 1963 2733 2051 urbem
2763 1961 3060 2021 Jerusalem
3106 1979 3227 2021 esse
3251 1966 3468 2037 capien-

204 2061 452 2132 phctam.
499 2059 603 2114 Pro
634 2075 699 2114 eo
730 2074 862 2130 ergo
898 2060 1040 2129 quod
1065 2075 1161 2130 per
1204 2060 1346 2129 ipsos
1374 2075 1553 2115 sermo
1578 2060 1656 2125 ﬁt,
1689 2060 1792 2130 ipsi

208 2150 508 2219 loquuntur
534 2149 601 2206 de
636 2165 714 2213 se,
768 2157 822 2204 et
864 2164 963 2218 pro
996 2163 1063 2204 eo
1089 2150 1231 2220 quod
1276 2150 1549 2218 aspirante
1602 2156 1793 2203 sancto

206 2238 418 2310 Spiritu
464 2238 776 2308 loquuntur,
828 2238 967 2306 idem
1005 2247 1225 2294 sanctus
1262 2237 1494 2309 Spiritus
1516 2254 1612 2309 per
1647 2239 1792 2308 ipsos

205 2328 452 2398 loquitur
494 2327 560 2383 de
604 2328 754 2396 ipsis,
804 2326 1042 2383 Veritate
1094 2336 1403 2395 attestante,
1457 2344 1577 2399 quze
1623 2328 1788 2385 dicit:

209 2435 230 2466 ι
262 2415 380 2469 Non
416 2416 559 2470 enim
588 2430 683 2471 vos
703 2416 834 2471 estis
860 2418 948 2485 qui
975 2415 1275 2485 loquimini,
1304 2416 1399 2497 sed
1428 2414 1662 2487 Spiritus
1686 2415 1791 2471 Pa-

207 2507 315 2561 tris
343 2508 505 2561 vestri
538 2508 630 2576 qui
661 2507 899 2576 loquitur
934 2506 987 2560 in
1033 2508 1207 2562 vobis.
1229 2526 1248 2558 ι
1287 2507 1425 2562 Hinc
1458 2508 1621 2583 etiam
1648 2505 1795 2576 Moy-

201 2600 432 2653 scsait;
474 2616 492 2649 ι
546 2598 673 2651 Erat
704 2597 913 2669 Moyses
952 2597 1037 2651 vir
1076 2598 1393 2653 mitissimus
1420 2612 1580 2666 super
1607 2613 1794 2654 omnes

204 2685 463 2740 homines
487 2686 579 2755 qui
625 2686 973 2740 morabantur
1023 2685 1080 2742 in
1128 2693 1289 2741 terra.
1321 2705 1339 2738 ι
1367 2686 1466 2753 Qui
1504 2686 1647 2741 enim
1688 2702 1795 2741 non

202 2775 343 2829 dicit
372 2790 544 2840 eram,
577 2776 671 2831 sed
693 2784 831 2841 erat,
862 2775 1101 2845 profecto
1136 2786 1318 2846 aperte
1348 2776 1567 2838 indicat,
1597 2776 1719 2845 quia
1751 2776 1797 2830 is

202 2868 302 2937 qui
350 2882 446 2937 per
477 2868 622 2922 illum
673 2869 737 2923 de
789 2868 879 2923 illo
908 2868 1245 2939 loquebatur,
1291 2868 1429 2923 alius
1474 2877 1609 2923 erat.
1659 2868 1831 2923 Hinc.

201 2956 449 3015 Joannes
475 2961 549 3014 ait
575 2979 587 3013 :
620 2978 638 3010 ι
665 2957 785 3014 Vidi
813 2960 958 3014 illum
984 2960 1324 3030 discipulum,
1356 2975 1517 3029 quem
1543 2959 1797 3031 diligebat

204 3049 373 3106 Jesus
406 3049 587 3121 (Joan.
631 3050 777 3120 ηιμ).
799 3071 816 3103 ι
854 3050 1007 3106 Unde
1053 3059 1106 3105 et
1134 3050 1329 3105 Paulus
1358 3058 1413 3104 ut
1462 3065 1565 3105 non
1597 3065 1654 3105 se
1678 3064 1797 3106 esse

203 3140 303 3210 qui
336 3139 653 3210 loquebatur
667 3140 994 3218 ostenderet,
1024 3139 1197 3193 dixit:
1240 3157 1257 3190 ι
1294 3137 1349 3194 Si
1370 3140 1795 3207 experimentum

206 3230 456 3299 quaeritis
486 3228 602 3297 ejus
633 3231 729 3296 qui
776 3230 830 3283 in
873 3245 958 3284 me
991 3230 1228 3299 loquitur
1268 3229 1513 3286 Christus
1563 3230 1647 3302 (Il
1670 3228 1793 3284 Cor.

1894 2051 2038 2106 dam.
2063 2050 2320 2121 Quodque
2340 2053 2509 2108 nubes
2528 2047 2720 2124 magna
2739 2054 3081 2118 describitur,
3110 2055 3467 2127 intelligamus

1892 2154 2011 2195 eam
2042 2140 2247 2219 imbres
2294 2142 2639 2197 eversionum
2684 2158 2846 2214 super
2886 2144 3125 2202 Juda'am
3154 2145 3467 2219 pluviasque

1891 2217 2454 2302 allisionumportare.
2487 2231 2759 2288 lnvolutus
2782 2233 2922 2305 ignis
2950 2244 3214 2292 monstrat
3238 2217 3464 2294 ventura

1891 2320 2151 2391 supplicia
2188 2330 2243 2375 et
2270 2321 2602 2392 captivitatis
2634 2324 2796 2377 mala.
2817 2310 3244 2396 (Splendorque
3278 2326 3332 2382 in
3362 2329 3468 2381 cir-

1892 2413 2041 2469 cuitu
2066 2410 2200 2479 ejus,
2231 2431 2250 2463 ι
2278 2412 2548 2483 signiﬁcat
2572 2412 2666 2467 Dei
2692 2421 2874 2484 aperta
2896 2414 3118 2493 judicia.
3152 2415 3254 2482 Qui
3282 2428 3463 2473 autem

1892 2505 1949 2559 in
1968 2504 2297 2560 contrariam
2338 2512 2545 2573 partem
2577 2503 2836 2570 sentiunt,
2870 2505 2975 2560 hoc
2999 2512 3083 2560 est
3113 2507 3332 2571 bonam.
3361 2508 3472 2577 spi-

1894 2596 2053 2651 ritum
2076 2593 2407 2649 auferentem
2428 2595 2541 2649 sive
2564 2594 2925 2659 extollentem,
2942 2594 3201 2665 Spiritum
3225 2605 3472 2652 sanetum

1892 2686 2230 2757 intelligunt;
2266 2685 2355 2754 qui
2408 2684 2619 2739 auferat
2671 2684 2739 2738 ab
2773 2685 3080 2741 hominibus
3130 2685 3264 2741 vitia
3310 2698 3471 2757 atque

1894 2785 2136 2846 peccata,
2167 2776 2279 2830 sive
2293 2773 2541 2843 iacentes
2566 2774 2787 2829 adtollat
2814 2775 2883 2831 ad
2904 2775 3169 2843 sublimia,
3204 2777 3473 2848 faciatque

1897 2867 2146 2922 recedere
2179 2865 2247 2920 ab
2275 2866 2524 2936 aquilone
2553 2874 2710 2921 vento
2732 2864 3096 2938 frigidissimo,
3123 2883 3153 2923 a
3179 2884 3287 2939 quo
3307 2886 3468 2925 exar—

1896 2956 2118 3010 descunt
2147 2953 2287 3009 mala
2334 2969 2494 3023 super
2532 2968 2743 3017 omnem
2794 2964 3015 3011 terram.
3066 2957 3132 3011 Et
3159 2958 3212 3012 in
3236 2957 3469 3016 Jeremia

1896 3047 2001 3103 olla
2032 3047 2119 3102 illa
2162 3045 2420 3101 terribilis
2447 3062 2476 3100 a
2521 3044 2658 3101 faeie
2687 3047 2952 3117 aquilonis
2980 3049 3309 3105 accenditur.
3356 3050 3438 3106 Nu
3458 3082 3470 3093 ο

1895 3139 2017 3193 hem
2049 3152 2261 3207 quoque
2285 3150 2535 3207 magnam
2567 3138 2634 3192 ad
2666 3150 2949 3206 personam
2979 3137 3179 3195 Christi
3210 3140 3467 3206 referunt,

1897 3229 1988 3298 qui
2030 3227 2177 3282 venit
2228 3228 2282 3280 in
2319 3227 2606 3298 .IEgyptum
2656 3227 2814 3297 hujus
2857 3229 3037 3285 saeculi
3088 3245 3247 3301 super
3275 3234 3470 3287 autem

202 3319 354 3385 xm).
386 3336 403 3367 ι
434 3315 567 3383 Quia
620 3317 785 3387 igitur
810 3318 863 3371 in
908 3318 1177 3373 locutione
1210 3319 1520 3389 prophetica
1549 3319 1686 3374 alter
1712 3302 1793 3375 est
1820 3318 1864 3381 C
1896 3318 2065 3373 levem
2092 3334 2106 3382 ;
2140 3332 2492 3389 magnamque
2526 3320 2740 3389 proprie
2769 3320 2874 3375 dici
2903 3321 2969 3375 ad
3015 3325 3469 3393 comparationem

202 3406 301 3474 qui
332 3405 605 3474 prrsidet,
658 3405 793 3460 alter
819 3407 911 3477 qui
956 3405 1290 3475 obsequitur,
1330 3424 1451 3463 cum
1498 3409 1564 3464 de
1590 3422 1649 3464 se
1678 3409 1792 3479 ipso

201 3498 488 3566 Propheta
511 3498 744 3567 loquitur
766 3511 994 3568 persona
1015 3497 1360 3566 obsequentis
1388 3506 1488 3563 est,
1521 3512 1643 3551 cum
1666 3512 1794 3554 vero

203 3604 314 3659 per
387 3588 713 3658 Prophetam
780 3587 1014 3661 Spiritus
1076 3588 1333 3659 loquitur,
1397 3589 1463 3643 de
1527 3588 1794 3661 Propheta

201 3676 521 3731 sublimitas
567 3675 909 3747 praesidentis
956 3676 1278 3732 ostenditur.
1345 3675 1512 3731 Recte
1566 3690 1695 3747 ergo
1741 3684 1796 3732 et

203 3776 473 3834 tauquam
502 3765 567 3821 de
592 3766 698 3821 alio
739 3765 956 3832 dicitur,
985 3784 1003 3818 ι
1057 3767 1312 3823 facta-est
1360 3782 1522 3838 super
1548 3782 1671 3825 eum
1722 3768 1795 3825 ibi

201 3877 408 3917 manus
432 3862 660 3919 Domini.
689 3882 708 3915 ι
745 3862 813 3916 Et
837 3863 904 3918 de
918 3856 988 3917 'se
1011 3864 1255 3933 protinus
1271 3862 1507 3934 adjungit
1532 3881 1544 3917 :

286 3973 303 4003 ι
336 3952 403 4005 Et
429 3952 556 4016 vidi,
580 3959 635 4007 et
661 3966 787 4007 ecce
809 3960 1001 4007 ventus
1025 3953 1253 4007 turbinis
1278 3954 1527 4008 veniebat
1553 3953 1621 4007 ab
1642 3954 1796 4023 aqui-

199 4043 358 4097 lone.
385 4062 402 4093 ι
450 4039 715 4113 (Hieron)
761 4041 819 4096 ln
858 4041 1279 4097 consolationem
1315 4042 1495 4111 pepuli
1539 4043 1795 4097 transmi-

200 4130 424 4202 grantis
449 4139 506 4183 et
529 4129 910 4184 revelationem
937 4131 1218 4186 sententiae
1243 4131 1338 4185 Dei
1361 4130 1628 4201 Propheta
1650 4133 1795 4188 videt

199 4218 506 4273 maximam
544 4215 826 4271 visionem.
860 4217 916 4271 In
952 4216 1103 4285 cujus
1146 4218 1584 4287 interpretatione
1606 4233 1794 4275 omnes

195 4321 498 4377 synagoga:
523 4304 829 4360 Judaeorum
854 4312 1015 4360 mutae
1041 4316 1188 4371 sunt,
1218 4305 1357 4359 ultra
1376 4307 1646 4362 hominem
1675 4322 1793 4362 esse

196 4397 509 4453 dicentium
541 4404 597 4450 et
618 4397 683 4450 de
712 4396 838 4460 hac,
876 4404 930 4450 et
954 4394 1020 4449 de
1042 4394 1395 4450 aediﬁcatione
1418 4398 1621 4465 templi,
1649 4397 1791 4467 quod

194 4490 257 4543 in
293 4487 487 4542 ultimo
512 4488 809 4557 prophetia:
837 4482 1003 4555 hujus
1026 4487 1280 4542 scribitur
1299 4487 1503 4557 aliquid
1540 4488 1675 4545 velle
1702 4505 1793 4545 co-

192 4582 351 4637 nari.
404 4579 511 4634 Nos
561 4588 740 4633 autem
789 4594 908 4649 quae
938 4595 967 4633 a
1019 4577 1311 4647 majoribus
1359 4580 1685 4649 accepimus,
1736 4586 1791 4634 et

1892 3407 2195 3473 minorum,
2252 3406 2643 3477 Prophetarum
2693 3408 2939 3465 videlicet
2984 3422 3039 3466 et
3093 3412 3470 3482 Apostolorum

1893 3498 2239 3567 omniumque
2293 3508 2625 3565 sanctorum,
2682 3500 2748 3555 de
2782 3501 2977 3571 qui-bus
3026 3504 3285 3575 scriptum
3333 3515 3463 3560 est:

1899 3607 1917 3640 ς
1946 3588 2011 3643 Et
2032 3589 2233 3647 veritas
2259 3599 2347 3642 tua
2374 3605 2546 3659 usque
2572 3590 2637 3645 ad
2682 3590 2852 3645 nubes
2874 3590 3055 3666 szal.
3080 3593 3269 3665 xxxv).
3304 3614 3323 3645 ›
3379 3595 3463 3660 Et,

1898 3699 1917 3731 ι
1943 3678 2208 3735 mandabo
2221 3679 2451 3735 nubibus
2476 3695 2541 3735 ne
2565 3680 2749 3750 pluant
2762 3671 3224 3751 snperJerusalem
3240 3684 3465 3740 imbrem

1894 3768 2027 3842 (Ira.
2065 3768 2140 3842 v).
2182 3788 2199 3821 ι
2250 3769 2316 3824 Et
2366 3770 2529 3824 alibi:
2567 3788 2584 3820 ‹
2636 3769 2815 3826 Nubes
2870 3771 3044 3841 pulvis
3101 3756 3295 3843 pedum
3350 3774 3468 3843 ejus

1894 3859 2151 3933 (Na/tum.
2176 3858 2237 3930 ι).
2262 3879 2279 3909 ι
2300 3860 2568 3914 Etiterum
2596 3878 2648 3912 τ(
2674 3860 2853 3916 Nubes
2881 3870 2933 3917 et
2961 3863 3132 3934 caligo
3158 3858 3211 3918 in
3232 3865 3463 3921 circuitu

1892 3954 2060 4021 ipsius
2087 3951 2256 4024 (Psal.
2299 3951 2503 4023 κενὴ.)
2543 3970 2561 4003 ‹
2614 3951 2790 4022 Ignem
2835 3969 3049 4025 quoque
3098 3954 3385 4012 micantem
3410 3966 3466 4012 et

1892 4044 2228 4113 Splendorem
2254 4044 2308 4097 in
2338 4043 2563 4097 circuitu
2591 4042 2726 4113 ejus,
2759 4064 2775 4096 ι
2798 4045 2953 4114 juxta
2984 4046 3109 4101 illud
3130 4049 3297 4118 accipi
3320 4051 3463 4119 quod

1890 4135 2150 4203 seriptum
2172 4142 2282 4187 est:
2314 4151 2330 4184 ι
2360 4131 2500 4187 Deus
2520 4132 2659 4203 ignis
2679 4148 2999 4190 consumens
3014 4142 3093 4191 est
3118 4134 3417 4208 (Deut.-tv),
3440 4157 3459 4189 ι

1890 4222 1957 4275 ad
1980 4236 2138 4290 quem
2184 4221 2501 4275 mittendum
2532 4235 2691 4291 super
2739 4232 2938 4277 terram
2978 4221 3223 4277 Salvator
3253 4226 3465 4281 venisse

1890 4325 1949 4365 se
1977 4309 2108 4364 dicit
2135 4308 2285 4378 (Luc.
2319 4308 2440 4379 xu),
2486 4317 2539 4363 ct
2569 4309 2621 4362 in
2652 4310 2805 4372 nobis
2840 4310 3193 4383 omnibusque
3238 4312 3463 4369 creden-

1893 4401 2032 4463 tibus
2057 4399 2246 4453 ardere
2273 4398 2563 4465 desiderat,
2613 4402 2705 4470 qui
2756 4416 2876 4455 cum
2917 4411 3175 4458 terrorem
3214 4414 3462 4474 peccato-

1892 4492 2037 4545 ribus
2085 4489 2279 4546 inferat
2306 4498 2468 4560 atque
2519 4490 2799 4560 supplicia,
2839 4500 3014 4546 tamen
3062 4491 3343 4563 splendore
3374 4510 3463 4549 ru-

1893 4579 2026 4645 tilet,
2058 4587 2113 4635 et
2160 4579 2362 4634 lumine
2410 4594 2481 4634 ac
2503 4579 2708 4651 fulgore
2762 4581 2833 4635 sit
2871 4582 3083 4650 plenus,
3131 4582 3336 4639 idcirco
3361 4599 3459 4639 nos

192 4678 360 4751 iuxta
386 4673 659 4727 modulum
693 4671 947 4744 ingenioli
977 4674 1149 4728 nostri
1178 4673 1507 4744 spiritalibus
1527 4674 1788 4744 spiritalia
1816 4660 1864 4718 D
1890 4684 2193 4738 cxcoquens
2222 4678 2279 4722 ut
2305 4668 2454 4738 puris
2501 4677 2661 4738 atque
2709 4671 2951 4741 purgatis
2988 4670 3186 4725 tribuat
3230 4671 3458 4728 latiora.

191 4772 617 4847 comparantes,
658 4764 923 4832 suspicari
967 4764 1139 4834 magis
1166 4779 1470 4833 possumus,
1512 4780 1675 4841 quam
1701 4780 1795 4820 ex-

190 4858 455 4931 planare,
483 4869 513 4908 a
547 4852 823 4909 benevolis
866 4852 1216 4922 ﬁdelibusque
1262 4853 1551 4909 lectoribus
1582 4855 1812 4908 veniam‘

188 4951 588 5019 deprecantes,
620 4951 681 4998 ut
707 4943 1018 5008 temeritati,
1050 4944 1159 4999 imo
1193 4942 1314 4999 fidei
1349 4945 1609 4999 nescienti
1638 4961 1789 5000 men-

188 5055 399 5099 suram
447 5052 620 5102 suam,
653 5034 890 5100 faveant,
938 5035 1110 5105 magis
1156 5051 1315 5105 quam
1366 5037 1685 5091 irascantur.
1714 5035 1794 5091 Ac

190 5134 449 5189 orimum
480 5128 757 5184 sciendum
802 5126 1051 5195 spiritum
1082 5124 1414 5181 auferentem
1460 5126 1574 5181 sive
1620 5124 1790 5180 adtol-

184 5232 435 5281 xcntetn,
472 5232 629 5287 quem
656 5231 754 5270 nos
776 5214 929 5283 juxta
960 5213 1206 5281 Aquilam
1244 5214 1577 5285 interpretati
1607 5227 1789 5267 sumus

194 5332 217 5365 ι
249 5318 489 5370 ventum
516 5307 763 5371 turbinis,
792 5324 810 5357 ›
847 5313 901 5359 et
934 5302 1087 5372 juxta
1114 5303 1491 5375 Symmachum
1520 5311 1575 5358 et
1614 5303 1787 5358 Theo-

186 5401 511 5462 dotionem,
534 5396 716 5452 ﬂatum
746 5410 808 5449 ac
839 5414 856 5446 ι
882 5394 1127 5464 Spiritum
1151 5394 1498 5462 tempestatis,
1530 5412 1547 5445 ι
1579 5393 1647 5447 ab
1667 5393 1786 5448 aliis

181 5491 249 5546 In
286 5489 518 5551 bonam,
540 5486 606 5540 ab
633 5485 752 5541 aliis
779 5484 831 5538 in
852 5482 1173 5538 contrariam
1200 5491 1407 5551 partem
1435 5481 1625 5561 accipi.
1657 5481 1789 5536 Ver-

184 5582 333 5634 bum
384 5576 529 5630 enim
578 5574 901 5630 Hebraicum
952 5572 1083 5625 rima
1112 5585 1208 5640 pro
1237 5571 1475 5626 locorum
1506 5570 1781 5640 qualitate,

182 5669 279 5725 vel
313 5665 569 5735 spiritus,
595 5663 679 5719 vel
724 5664 919 5725 anima,
945 5662 1030 5717 vel
1063 5670 1255 5717 ventus
1299 5663 1578 5731 accipitur.
1613 5661 1784 5731 Spiri-

148 5767 282 5812 itas
335 5764 398 5807 ut
428 5753 538 5807 ibi:
569 5769 588 5805 ς
624 5753 821 5808 Emitte
866 5752 1111 5823 spiritum
1154 5761 1323 5818 tuum,
1368 5762 1420 5806 et
1462 5752 1788 5807 creabuntur

183 5842 381 5917 (Paul.
406 5842 545 5912 cut).
568 5861 588 5894 ι
620 5841 812 5895 Anima
840 5859 851 5894 :
887 5860 905 5892 ι
952 5840 1270 5911 Εετρνιὶοιυτ
1310 5841 1528 5911 spiritus
1569 5841 1705 5911 ejus,
1736 5848 1791 5895 et

1895 4758 2093 4831 (Greg)
2109 4758 2251 4813 Bene
2266 4767 2443 4812 autem
2470 4758 2686 4829 maligni
2712 4760 3208 4830 spiritusimmissio
3229 4780 3247 4813 ι
3270 4772 3460 4819 ventus

1894 4848 2120 4902 turbinis
2150 4866 2168 4898 ι
2200 4847 2514 4918 appellatur.
2547 4849 2727 4904 Turbo
2767 4851 2963 4921 quippe
2990 4852 3273 4908 {editicium
3317 4855 3459 4924 quod

1893 4936 2083 5005 tangit,
2116 4937 2467 4993 concutiendo
2492 4940 2718 5019 subruit.
2766 4940 2833 4995 Et
2859 4942 3035 4997 omnis
3060 4944 3264 5013 antiqui
3287 4946 3459 5021 hostis

1894 5029 2117 5084 tentatio
2141 5044 2259 5099 quae
2302 5031 2477 5099 agitur
2504 5032 2558 5084 in
2602 5038 2801 5097 mente,
2857 5041 3049 5089 ventus
3093 5043 3179 5089 est
3201 5035 3454 5101 turbinis.

1894 5119 2016 5189 quia
2043 5118 2395 5174 concutiendo
2420 5135 2516 5190 per
2543 5120 2812 5176 desideria
2857 5121 2925 5176 ab
2969 5131 3111 5177 statu
3140 5138 3252 5179 suae
3297 5127 3458 5180 recti-

1892 5209 2093 5265 tudinis
2123 5210 2319 5265 evellit.
2352 5211 2458 5267 Sed
2496 5227 2594 5267 nos
2614 5212 2716 5267 ista
2746 5214 3048 5279 reticentes,
3076 5230 3195 5285 quae
3220 5217 3455 5274 humano

1889 5299 2069 5368 generi
2100 5288 2255 5387 eru.nt
2285 5301 2352 5356 ab
2376 5302 2530 5358 hoste
2570 5302 2772 5359 callido
2792 5304 2846 5359 in
2874 5303 2979 5360 line
3007 5312 3251 5371 ventura,
3281 5306 3348 5361 ad
3370 5322 3458 5362 so-

1889 5391 1995 5446 lam
2020 5391 2258 5447 Judazam
2280 5406 2347 5446 ex
2370 5408 2473 5463 qua
2518 5392 2782 5465 Propheta
2828 5393 2951 5459 fuit,
2998 5404 3053 5451 et
3080 5394 3235 5465 cujus
3273 5396 3453 5466 perdi-

1892 5484 2089 5537 tionem
2120 5483 2486 5551 prophetando
2508 5484 2792 5554 conspicit,
2814 5485 2977 5539 verba
3007 5494 3299 5541 vertamus.
3323 5485 3453 5554 Quae
3504 5506 3509 5511 ·

1889 5571 2171 5626 incarnato
2196 5570 2420 5626 Domino
2449 5579 2597 5626 tanto
2615 5573 2831 5643 gravius
2858 5573 2926 5627 ab
2955 5574 3206 5644 aquilone
3232 5583 3447 5631 ventum

1891 5659 2121 5715 turbinis
2152 5658 2390 5741 pertulit,
2415 5672 2617 5729 quanto
2638 5677 2667 5716 a
2694 5678 2789 5717 sua
2836 5665 3160 5721 rectitudine
3185 5678 3449 5720 concussa

1889 5750 2111 5815 cadens,
2138 5764 2236 5820 per
2255 5760 2521 5821 torporem
2548 5755 2743 5808 mentis
2784 5755 2839 5809 in
2871 5756 3094 5825 perﬁdia
3142 5755 3334 5828 frigida
3361 5772 3449 5812 ro-

1892 5840 2105 5896 mansit.
2139 5842 2339 5898 Ventus
2362 5856 2491 5912 ergo
2520 5845 2748 5901 turbinis
2773 5847 2841 5901 ab
2865 5847 3113 5916 aquilone
3143 5849 3448 5914 venit,cum
