3960 6390
512 482 615 535 503

1155 479 1215 533 Β.
1260 480 1513 535 ΚΑΒΑΝΙ
1551 480 1767 537 MAURI
1807 484 2121 541 ARCillEP.
2168 487 2472 546 MOCUNT.
2512 491 2795 548 OPERUM
2836 493 3018 550 PARS
3050 493 3113 549 ιι.

3696 504 3801 560 504

512 594 676 646 vitam
707 590 913 684 Iudaici
934 590 1125 684 populi
1169 591 1440 684 malignus
1474 594 1693 662 spiritus
1719 595 1772 648 in
1804 597 2102 652 tentatione
2130 606 2175 663 Α
2206 601 2274 654 ad
2301 600 2601 657 claritatem
2630 605 2848 667 crescit,
2880 620 3069 659 aurum
3098 621 3227 661 vero
3261 622 3291 661 a
3331 622 3428 663 suo
3450 610 3659 682 fulgore
3684 616 3803 684 pal-

512 683 805 738 concussit.
846 680 945 735 Uhi
970 689 1025 735 et
1057 687 1201 735 recte
1224 680 1481 735 additur:
1510 702 1526 732 ι
1557 683 1623 737 Et
1653 684 1823 739 nubes
1845 701 2055 757 magna.
2077 708 2099 740 ν

511 774 648 841 Quia
683 780 884 842 quanto
907 771 1025 842 plus
1048 770 1279 841 quisque
1306 774 1513 827 exarsit
1540 774 1933 841 incredulitate,
1952 788 2105 833 tanto

511 862 745 932 amplius
772 861 1036 916 obezecari
1069 860 1269 914 meruit
1322 860 1642 931 ignorantiae
1690 880 1801 919 sua:
1850 865 2096 937 caligine.

511 954 927 1021 Redemptorem
961 952 1159 1021 quippe
1188 952 1409 1006 humani
1458 956 1675 1022 generis
1715 970 1874 1024 quem
1907 956 1959 1010 in
1987 957 2101 1027 lege

510 1060 573 1099 ac
619 1043 900 1114 prophetis
941 1043 1302 1113 intelligentes
1353 1056 1827 1113 exspectaverant,
1860 1048 2101 1103 videntes

507 1135 794 1205 negabant.
853 1133 1006 1189 Unde
1055 1142 1236 1188 actum
1272 1142 1355 1188 est
1404 1143 1465 1188 ut
1493 1150 1679 1190 eorum
1716 1153 1869 1192 mens
1906 1154 2097 1209 magna

507 1225 828 1297 ignorantiae
879 1241 988 1280 suae
1041 1224 1182 1280 nube
1227 1234 1535 1297 tegeretur;
1596 1243 1663 1281 ne
1694 1229 1836 1283 hunc
1870 1241 1995 1300 post
2019 1232 2099 1285 in-

506 1318 784 1388 quirentes
835 1326 1209 1388 agnoscerent,
1259 1332 1420 1386 quem
1475 1318 1625 1387 prius
1674 1328 1730 1373 et
1777 1321 2098 1378 denuntiare

503 1419 757 1481 poterant
776 1420 832 1465 et
843 1426 1030 1465 amare
1050 1410 1367 1465 renuebant.
1393 1410 1533 1481 Ignis
1554 1412 1698 1465 enim
1716 1414 1953 1479 nomine,
1971 1430 2094 1470 cum

502 1514 600 1571 per
611 1499 1058 1570 signiﬁcationem
1075 1499 1590 1569 dicitur,aliquando
1605 1500 1838 1571 Spiritus
1853 1514 2091 1570 sanctus,

501 1589 792 1659 aliquando
823 1597 1002 1643 autem
1033 1589 1230 1645 mentis
1256 1589 1459 1643 malitia
1490 1591 1827 1662 designatur;
1855 1593 1931 1649 De
1951 1595 2093 1651 bono

502 1680 647 1735 enim
672 1679 794 1751 igne
825 1680 1083 1750 scriptum
1107 1690 1192 1734 est
1217 1699 1228 1731 :
1262 1698 1278 1729 I
1307 1680 1486 1750 Ignem
1516 1682 1633 1736 veni
1664 1683 1880 1738 mittere
1900 1686 1953 1738 in
1982 1693 2091 1741 ter-

500 1787 641 1837 ram,
668 1778 722 1827 et
756 1771 883 1842 quid
936 1770 1056 1825 volo
1086 1771 1187 1824 nisi
1236 1779 1295 1824 ut
1344 1771 1706 1826 accendatur?
1734 1772 1885 1845 (Luc.
1912 1774 2031 1846 xu).
2063 1797 2083 1830 ι

498 1864 640 1934 lgnis
672 1864 873 1935 quippe
914 1864 967 1918 in
1015 1874 1215 1917 terram
1248 1850 1504 1927 mittitur,
1555 1879 1676 1918 cum
1707 1880 1804 1934 per
1832 1867 2085 1922 ardorem

2208 688 2401 756 leseit;
2447 692 2575 747 illud
2622 694 2689 748 ad
2739 694 3043 749 claritatem
3087 696 3323 763 proficit,
3351 698 3505 753 boca
3548 702 3803 760 claritate

2207 786 2557 849 temperatur.

2274 872 2319 940 Q
2344 873 2407 925 tia
2450 874 2612 943 igitur
2646 876 2698 927 in
2734 874 3012 944 unigenito
3057 874 3151 929 Dei
3190 874 3330 931 Filio
3369 888 3579 933 natura:
3603 880 3803 936 divini-

2204 965 2329 1019 tatis
2360 966 2507 1018 unita
2536 974 2618 1019 est
2645 975 2837 1019 ttatura
2869 978 3074 1031 nostra,
3103 968 3155 1019 in
3183 984 3285 1036 qua
3318 970 3664 1036 adunatione,
3693 974 3799 1026 hue

2200 1057 2434 1111 manitas
2467 1058 2518 1110 in
2563 1059 2857 1127 majestatis
2885 1058 3050 1129 gloria
3084 1062 3345 1124 excrevit,
3382 1063 3634 1118 divinitas
3659 1079 3797 1119 vero

2199 1160 2229 1199 a
2275 1146 2356 1200 sui
2403 1147 2624 1216 fulgoris
2664 1150 2927 1217 potentia,
2977 1150 3226 1203 humanis
3274 1166 3332 1203 se
3378 1151 3545 1206 oculis
3582 1164 3797 1221 tempe-

2199 1236 2338 1290 ravit
2365 1254 2378 1290 :
2410 1252 2509 1306 per
2534 1238 2635 1292 hoc
2658 1239 2798 1307 quod
2824 1239 3055 1292 humana
3081 1248 3271 1292 natura
3293 1240 3489 1294 clarior
3516 1241 3654 1306 facta
3680 1253 3791 1302 est,

2196 1329 2350 1397 quasi
2380 1344 2476 1399 per
2505 1344 2697 1383 aurum
2724 1330 2897 1384 crevit
2919 1339 3244 1400 argentum.‘
3268 1330 3335 1385 Et
3373 1332 3497 1400 quia
3524 1333 3792 1387 divinitas

2196 1435 2224 1472 a
2257 1419 2462 1490 fulgore
2492 1436 2590 1474 suo
2617 1422 2817 1475 nostris
2842 1429 2925 1474 est
2945 1420 3251 1489 aspectibus
3280 1428 3599 1489 temperata,
3625 1424 3807 1490 quasi

2193 1528 2382 1566 aurum
2407 1513 2559 1567 nobis
2600 1512 2786 1582 palluit
2814 1528 2911 1581 per
2937 1522 3238 1583 argentum.
3291 1512 3383 1566 llla
3411 1513 3552 1566 enim
3583 1523 3788 1567 natura

2193 1604 2563 1669 immutabilis,
2594 1620 2714 1672 quae
2736 1605 2789 1657 in
2817 1618 2874 1657 se
2904 1617 3131 1657 manens
3158 1603 3379 1656 innovat
3398 1604 3599 1669 omnia,
3627 1604 3674 1657 si
3704 1606 3791 1657 ita

2191 1702 2249 1747 ut
2274 1703 2357 1748 est
2383 1694 2539 1748 nobis
2586 1708 2846 1763 apparere
2876 1692 3155 1754 voluisset,
3203 1691 3407 1761 fulgore
3448 1708 3544 1747 suo
3572 1710 3667 1747 nos
3697 1696 3792 1749 in-

2188 1775 2437 1840 cenderet
2463 1785 2662 1854 potius.
2689 1798 2849 1853 quam
2876 1784 3191 1837 renovaret:
3210 1780 3314 1835 Sed
3339 1782 3635 1836 claritatem
3666 1798 3790 1838 suae

2189 1877 2577 1947 magnitudinis
2603 1877 2922 1945 temperavit
2951 1874 3152 1929 nostris
3184 1873 3356 1928 oculis
3381 1873 3538 1935 Deus,
3568 1881 3620 1926 ut
3645 1874 3784 1928 dum

496 1957 671 2012 sane”
700 1955 936 2025 simul”
988 1953 1164 2008 amata
1218 1964 1433 2008 ῑθττθηδ
1488 1969 1660 2019 mens.
1711 1972 1741 2009 a
1776 1957 2085 2015 carnalibus
2115 1956 2156 2013 B
2187 1968 2342 2022 nobis
2361 1965 2476 2034 ejus
2496 1967 2715 2021 claritas
2736 1972 3084 2033 temperatur,
3104 1964 3264 2019 etiam
3287 1972 3464 2017 nostra
3490 1964 3789 2020 infirmitas

495 2049 611 2102 suis
644 2047 927 2104 desideriis
975 2051 1373 2100 concrematur.
1431 2044 1507 2098 De
1560 2044 1701 2099 malo
1734 2055 1915 2100 autem
1962 2048 2085 2118 igne

493 2138 695 2193 dicitur
719 2157 730 2191 :
757 2157 773 2188 ι
799 2138 865 2192 Ει
893 2152 1037 2191 nunc
1061 2133 1200 2206 ignis
1224 2135 1566 2189 adversarios
1591 2146 1923 2202 consumet»
1955 2140 2084 2209 quia

494 2247 589 2287 cor
617 2231 909 2302 pessimum
941 2233 1129 2284 ex‘sua
1162 2225 1364 2281 malitia
1412 2227 1659 2283 tabescit.
1707 2227 1859 2284 Sicut
1904 2241 2083 2285 autem

492 2321 633 2391 ignis
657 2320 859 2374 amoris
885 2326 1122 2373 mentem
1154 2314 1335 2384 erigit,
1384 2316 1454 2370 ita
1504 2318 1640 2387 ignis
1667 2318 1886 2373 malitiae
1916 2318 2085 2374 invol-

492 2416 572 2468 vit
596 2431 611 2477 ;
642 2414 768 2483 quia
800 2421 855 2467 et
881 2420 1105 2466 sanctus
1126 2410 1364 2481 Spiritus
1389 2425 1484 2465 eor
1505 2410 1647 2479 quod
1684 2411 1855 2478 replet
1882 2412 2079 2476 elevat,

491 2514 549 2560 et
581 2505 745 2560 ardor
767 2504 987 2558 malitire
1037 2505 1102 2557 ad
1135 2501 1388 2558 inferiora
1436 2516 1649 2571 semper
1686 2502 1953 2557 incurvat.
1987 2502 2082 2557 Ju-

491 2596 608 2650 dxa
631 2595 796 2666 igitur
820 2593 961 2648 nube
984 2609 1095 2648 sum
1123 2593 1440 2663 ignorantiae
1465 2600 1690 2655 cmeata,
1716 2593 1840 2661 quia
1872 2609 1992 2648 mox
2017 2595 2084 2647 ad

491 2686 883 2758 persecutionis
934 2684 1229 2754 nequitiam
1280 2684 1475 2754 erupit,
1534 2683 1655 2753 igne
1701 2698 1798 2738 suo
1848 2683 2083 2739 involuta

492 2788 729 2849 est,qu:e
752 2779 803 2832 in
825 2777 1150 2853 obligatione
1170 2791 1229 2829 se
1258 2775 1507 2845 nequitia:
1532 2790 1628 2843 per
1648 2774 1891 2828 eamdem
1916 2774 2084 2844 ipsam

490 2870 887 2931 crudelitatem,
920 2882 1025 2936 qua
1052 2865 1275 2929 exarsit,
1306 2863 1622 2933 implicavit.
1649 2861 1850 2921 Nubem
1906 2864 2086 2932 itaque

490 2962 737 3032 sequitur
771 2979 787 3010 ι
820 2959 959 3029 ignis
999 2956 1298 3019 involvens,
1348 2974 1364 3004 ι
1396 2954 1521 3024 quia
1570 2954 1623 3006 in
1675 2954 1754 3006 eis
1784 2953 2084 3007 caecitatem

493 3052 693 3107 tuentis
749 3059 935 3105 secuta
1007 3055 1092 3101 est
1139 3044 1450 3099 crudelitas.
1483 3043 1916 3112 persecutionis:
1954 3062 1971 3093 ι
2027 3040 2084 3095 Si

491 3126 635 3197 enim
664 3140 1065 3211 cognovissent,
1098 3150 1370 3205 nunquam
1402 3134 1687 3188 Dominum
1733 3133 1919 3201 gloria:
1963 3147 2085 3186 cru-

489 3234 792 3292 cifixissent
840 3229 889 3301 (Ι
914 3229 1037 3283 Cor.
1064 3233 1144 3298 ιι).
1176 3247 1193 3279 ι
1236 3222 1342 3280 Sed
1375 3225 1474 3278 iste
1524 3224 1663 3293 ignis
1710 3223 1835 3278 alibi
1878 3222 2085 3277 exarsit

2184 2072 2283 2126 per
2302 2056 2417 2124 ejus
2437 2056 2844 2111 similitudinem
2867 2056 2919 2108 in
2943 2053 3058 2122 ejus
3076 2056 3196 2110 luce
3236 2054 3580 2116 claresceret,
3601 2062 3654 2105 et
3678 2068 3788 2121 per

2186 2153 2463 2214 acceptam
2487 2144 2735 2214 gratiam,
2763 2152 2821 2195 ut
2863 2144 2935 2196 ita
2970 2142 3167 2205 dicam,
3192 2156 3302 2194 suae
3338 2140 3663 2194 habitudinis
3684 2156 3784 2195 co-

2187 2235 2361 2290 lorem
2392 2243 2644 2288 mutaret.
2693 2233 2859 2299 Quasi
2903 2233 3163 2286 electrum
3191 2245 3319 2298 ergo
3347 2232 3400 2283 in
3432 2230 3553 2299 igne
3580 2248 3597 2279 ι
3629 2229 3787 2286 Deus

2184 2330 2345 2385 homo
2386 2317 2561 2384 factus
2599 2347 2617 2381 ι
2668 2329 2720 2382 in
2768 2326 3162 2397 persecutione.
3213 2324 3365 2392 Quod
3409 2314 3451 2379 si
3492 2325 3610 2393 quis
3659 2325 3785 2380 lucc

2182 2438 2303 2493 qua:
2342 2423 2409 2477 de
2444 2421 2619 2490 primo
2651 2419 2861 2474 Domini
2901 2419 3134 2471 adventu
3173 2417 3438 2480 diximus,
3489 2405 3654 2469 etiam
3705 2417 3781 2471 de.

2184 2511 2420 2567 secundo
2445 2511 2574 2565 velit
2604 2510 2872 2578 accipere,
2897 2506 3059 2562 celeri
3087 2514 3171 2560 est
3193 2520 3414 2560 assensu
3439 2505 3773 2573 sequendus.

2184 2603 2320 2670 Quia
2351 2617 2493 2673 saepe
2522 2600 2817 2671 prophetia:
2847 2598 3070 2667 spiritus
3106 2598 3157 2651 in
3191 2613 3300 2651 uno
3330 2597 3473 2665 quod
3504 2596 3771 2664 loquitur,

2186 2695 2352 2749 multa
2384 2692 2541 2748 simul
2574 2693 2832 2745 intuetur.
2868 2689 3073 2743 Ventus
3096 2688 3238 2743 enim
3269 2688 3497 2742 turbinis
3524 2686 3591 2741 ab
3619 2687 3785 2756 aqui-

2185 2787 2308 2841 lone
2338 2785 2522 2847 venit,
2557 2783 2680 2853 quia
2713 2782 2967 2835 nimirum
2997 2795 3162 2834 causa
3193 2786 3535 2849 peccatorum
3565 2780 3737 2848 exigit
3759 2818 3779 2842 ,

2186 2889 2248 2932 ut
2285 2876 2511 2931 districti
2545 2874 2732 2944 judicii
2774 2872 3057 2926 concussio
3097 2870 3277 2925 omnia
3311 2869 3471 2924 simul
3506 2868 3780 2923 elementa

2186 2967 2484 3039 perturbet.
2523 2964 2725 3017 Terror
2754 2963 2896 3016 enim
2937 2960 3364 3030 perturbationis
3405 2958 3604 3012 ultima:
3648 2960 3784 3015 inde

2186 3060 2373 3115 venire
2396 3058 2592 3112 dicitur
2613 3056 2755 3110 unde
2774 3064 3079 3125 generatur.
3110 3052 3241 3108 Nam
3264 3052 3389 3121 quia
3414 3049 3479 3103 ad
3503 3050 3785 3106 feriendas

2186 3147 2409 3218 frigidas
2440 3153 2780 3215 peccatorum
2812 3152 3021 3196 mentes
3054 3140 3315 3209 judicium
3348 3139 3779 3209 perturbationis

2186 3234 2390 3290 ultima:
2419 3234 2615 3306 agitur,
2651 3241 2797 3286 recte
2825 3230 2893 3284 ab
2918 3229 3171 3300 aquilone
3196 3238 3391 3283 ventus
3424 3229 3650 3283 turbinis
3682 3244 3782 3283 ve.

489 3334 651 3395 atque
680 3323 804 3376 alibi
836 3319 1125 3389 splenduit.
1181 3315 1310 3369 Nam
1340 3315 1589 3369 subditur
1619 3331 1630 3365 :
1661 3330 1680 3362 ο
1736 3313 1802 3365 Εῑ
1832 3311 2086 3381 splendor

2189 3326 2304 3379 nire
2332 3323 2666 3394 perhibetur.
2723 3322 2852 3388 Quae
2888 3320 3139 3375 videlicet
3178 3320 3463 3373 concussio
3490 3328 3610 3388 apte
3641 3334 3781 3374 ven-

488 3414 543 3468 in
568 3411 793 3467 circuitu
825 3407 1001 3477 ejus.»
1055 3404 1192 3458 Dum
1243 3406 1388 3457 enim
1439 3402 1740 3470 persecutio
1795 3401 1847 3453 in
1898 3399 2082 3453 Judaea

488 3505 690 3576 agitur,
719 3510 905 3556 sancta
938 3493 1316 3566 Apostolorum
1365 3491 1698 3561 prfelicatio,
1745 3492 1799 3544 in
1828 3490 2083 3544 universo

488 3595 689 3651 mundo
715 3593 956 3661 dispersa
983 3596 1091 3645 est.
1120 3588 1260 3641 sicut
1303 3586 1401 3653 ipsi
1449 3584 1672 3637 dicunt:
1704 3601 1720 3631 ι
1763 3581 1925 3636 Vobis
1955 3579 2086 3635 mis-

488 3670 609 3742 sum
632 3685 807 3739 fuerat
833 3682 1056 3735 verbum
1105 3677 1220 3739 Dei,
1252 3676 1345 3729 sed
1375 3672 1499 3743 quia
1534 3674 1780 3741 indignos
1824 3686 1919 3726 vos
1940 3670 2087 3739 judi-

488 3779 675 3841 castis,
709 3790 835 3830 ecce
863 3760 1003 3828 imus
1026 3772 1092 3826 ad
1120 3777 1307 3841 gentes
1333 3768 1469 3839 (Act.
1501 3766 1643 3836 xm).
1668 3784 1685 3816 ι
1734 3765 1808 3819 De
1850 3763 2085 3819 crudeli-

486 3876 601 3923 tate
621 3880 749 3936 ergo
774 3862 1015 3925 malitiae,
1044 3874 1165 3930 qua:
1193 3866 1429 3913 mentem
1466 3854 1665 3909 Judaza:
1693 3854 2080 3918 concremavit,

489 3958 829 4028 omnipotens
866 3956 1007 4009 Deus
1036 3953 1209 4006 lucem
1259 3949 1509 4021 gentibus
1546 3947 1774 4016 sparsit.
1818 3944 1952 4013 Quia
1988 3959 2083 4014 per

492 4055 593 4109 hoc
635 4049 777 4122 quod
816 4048 905 4103 illa
956 4046 1354 4117 redemptorem
1391 4058 1546 4097 suum
1583 4058 1645 4096 ac
1692 4040 1936 4095 membra
1966 4039 2083 4107 ejus

488 4150 770 4215 persecuta
789 4147 894 4204 est,
916 4138 1119 4193 sanctis
1135 4134 1406 4205 Apostolis
1427 4150 1526 4204 per
1549 4133 1760 4188 diversa
1789 4132 2078 4199 dispersis;

490 4252 589 4291 nos
612 4234 703 4305 qui
733 4234 786 4287 in
810 4230 1011 4286 Iudaea:
1038 4228 1265 4283 circuitu
1316 4226 1477 4297 positi
1510 4226 1563 4278 in
1596 4223 1837 4279 tenebris
1856 4221 2080 4285 fuimus,

488 4326 632 4382 dono
654 4324 892 4381 caelestis
920 4321 1103 4393 gratiae
1128 4320 1469 4392 splendorem
1512 4318 1637 4372 veri.
1673 4314 1892 4370 luminis
1930 4315 2080 4368 vide-

491 4434 633 4475 mus.
664 4417 817 4473 Unde
844 4417 1103 4485 scriptum
1146 4424 1229 4469 est
1261 4428 1276 4467 :
1318 4432 1335 4462 ι
1388 4410 1713 4466 Sedentibus
1760 4409 1812 4463 in
1845 4407 2082 4462 tenebris

489 4519 546 4564 et
576 4510 629 4563 in
656 4509 847 4563 umbra
890 4506 1098 4568 mortis,
1128 4504 1213 4558 lux
1246 4512 1365 4557 orta
1400 4510 1481 4557 est
1522 4502 1601 4556 eis
1627 4500 1762 4570 (Isa.
1795 4499 1895 4570 rx).
1921 4518 1938 4550 ι
1978 4497 2083 4552 Istc

493 4601 676 4669 itaque
703 4599 842 4669 ignis
871 4597 1107 4658 malitite,
1150 4596 1239 4664 qui
1282 4610 1309 4648 a
1336 4592 1639 4648 Iudaeorum
1670 4591 1922 4646 cordibus
1948 4590 2081 4643 arsit

2184 3424 2272 3471 tus
2302 3415 2532 3470 turbinis
2560 3415 2794 3477 dicitur;
2838 3414 2964 3482 quia
2996 3412 3049 3465 in
3082 3410 3170 3464 illa
3201 3411 3288 3465 die
3326 3419 3642 3465 cunctorum
3675 3413 3773 3480 qui

2182 3512 2312 3558 tunc
2342 3505 2394 3557 in
2424 3518 2586 3557 carne
2618 3502 2829 3555 mortali
2867 3502 3070 3555 inventi
3100 3499 3331 3563 fuerint,
3372 3500 3425 3554 in
3458 3515 3654 3560 pavore
3692 3502 3778 3555 ni-

2180 3596 2289 3647 mio
2314 3593 2483 3646 corda
2513 3594 3030 3646 eoumwwbnutur.
3057 3594 3191 3645 Cum
3220 3612 3365 3645 enim
3396 3608 3620 3661 coepem
3658 3612 3758 3646 tttt-

2177 3686 2472 3758 pleriquod
2487 3686 2752 3755 scriptam
2769 3686 3005 3749 est,cSol
3023 3686 3486 3745 obseurahitnr,et
3502 3688 3620 3737 luna
3644 3702 3755 3737 non

2182 3774 2331 3831 dabit
2358 3774 2537 3826 lumen
2570 3786 2749 3833 suum,
2790 3778 2844 3823 et
2878 3768 3044 3823 stella:
3072 3768 3265 3822 cadent
3296 3767 3361 3819 de
3390 3765 3545 3826 cmlo,
3581 3777 3627 3819 ct
3666 3767 3778 3818 vir-

2183 3875 2323 3919 tutes
2366 3861 2626 3918 ctelorum
2670 3860 3155 3914 commovebuntur
3183 3856 3396 3927 (Matth.
3426 3858 3597 3927 xxiv),
3650 3872 3776 3925 qua:

2182 3970 2335 4009 mens
2376 3953 2479 4007 erit
2523 3950 2759 4006 hominis
2806 3950 2991 4003 aeterni
3038 3947 3237 4015 juzlicis
3288 3947 3609 4001 sententiam
3664 3962 3774 3999 non

2184 4042 2568 4099 formidantis?
2623 4041 2701 4095 lbi
2746 4040 2891 4093 enim
2935 4048 3064 4092 tunc
3096 4048 3289 4090 cuncta
3337 4036 3496 4090 simul
3539 4044 3771 4105 peccata

2182 4143 2308 4189 ante
2334 4129 2526 4187 oculos
2555 4131 2799 4186 redeunt.
2858 4129 2934 4182 lbi
2970 4126 3148 4181 omnia
3180 4141 3299 4195 qua:
3327 4141 3447 4179 cum
3480 4125 3779 4178 dilectione

2183 4235 2299 4281 acta
2347 4234 2476 4280 sunt
2522 4224 2588 4278 ad
2638 4220 2959 4276 memoriam
3009 4232 3132 4270 cum
3177 4229 3375 4284 pavore
3422 4224 3773 4268 revocantur.

2181 4317 2257 4371 lhi
2308 4315 2485 4382 caligo
2533 4310 2876 4383 cogitationis
2905 4300 3139 4362 misera:
3191 4320 3255 4359 ex
3300 4318 3459 4372 paena
3507 4303 3777 4372 proxinm

2183 4404 2561 4460 damnationis.
2593 4401 2745 4457 Unde
2770 4409 2825 4454 et
2852 4398 3131 4452 subditur:
3157 4410 3182 4449 ι
3210 4394 3277 4448 Ει
3305 4394 3474 4447 nubes
3503 4408 3721 4462 magna.
3748 4412 3767 4443 ι

2184 4498 2334 4552 Tunc
2364 4497 2558 4565 quippe
2582 4509 2647 4548 ex
2677 4501 3023 4563 peccatorum
3048 4488 3308 4544 memoria
3330 4502 3545 4541 sensum
3573 4486 3779 4540 mentis

2182 4590 2438 4659 deprimit
2463 4587 2635 4656 caligo
2660 4584 2936 4645 caecitatis,
2965 4597 3086 4637 cum
3114 4579 3446 4647 unigenitum
3474 4577 3568 4631 Dei
3597 4575 3773 4629 filium

493 4693 549 4745 in
590 4690 987 4760 persecutione,
1031 4689 1345 4757 priusquam
1397 4692 1614 4739 sanctos
1663 4681 1948 4752 Apostolos
1977 4696 2073 4735 sae-
2109 4655 2160 4713 D
2188 4655 2443 4731 iu'forma
2476 4673 2775 4728 divinitatis
2810 4669 3122 4739 conspicere
3161 4664 3375 4736 reprobi
3406 4678 3510 4719 non
3544 4664 3776 4732 permit-

498 4780 689 4837 viendo
716 4778 995 4849 afﬂigeret,
1028 4778 1081 4831 in
1134 4778 1250 4845 ipso
1280 4790 1338 4829 se
1368 4774 1610 4829 exercuit
1655 4782 1875 4827 auctore
1913 4785 1976 4824 ac
2008 4784 2087 4823 rc-

493 4855 773 4940 demptore
797 4869 1011 4941 generis
1038 4866 1279 4921 humani.
1309 4864 1461 4920 Unde
1481 4872 1535 4918 et
1560 4862 1841 4918 subditur:
1874 4880 1893 4911 ι
1930 4859 1995 4914 Ει
2019 4860 2085 4914 de

493 4963 675 5019 medio
721 4960 836 5029 ejus
879 4959 1031 5030 quasi
1085 4957 1293 5027 species
1342 4955 1553 5018 electri,
1604 4955 1658 5008 id
1705 4962 1787 5008 est
1814 4953 1881 5006 de
1909 4951 2085 5006 medio

494 5057 659 5126 ignis.
694 5074 712 5107 ι
747 5050 1017 5120 (Ηὶενοη.)
1067 5050 1209 5119 Ergo
1245 5048 1583 5102 sentiendum
1614 5044 1758 5113 quod
1807 5044 1859 5097 in
1907 5042 2085 5096 medio

494 5147 637 5217 ignis
664 5152 729 5199 et-
746 5149 1134 5199 tormentorum
1163 5140 1255 5195 Dei
1287 5138 1473 5194 electri
1496 5136 1791 5191 similitudo
1814 5136 1906 5198 sit,
1941 5132 2085 5202 quod

496 5245 582 5292 est
639 5249 771 5289 auro
810 5240 1141 5303 argentoque
1188 5228 1516 5300 pretiosius;
1569 5235 1628 5281 ut
1655 5233 1778 5294 post
1823 5224 2084 5292 judicium

497 5338 662 5396 atque
692 5331 961 5379 tormenta
987 5338 1107 5392 qua:
1148 5319 1480 5391 patientibus
1531 5318 1708 5371 tristia
1753 5316 2005 5369 videntur
2032 5320 2088 5367 et

499 5423 631 5476 dura
661 5418 949 5490 pretiosior
987 5415 1172 5471 electri
1216 5412 1396 5484 fulgor
1426 5417 1702 5481 appareat,
1717 5408 1860 5462 °dum
1900 5406 2085 5475 provi-

503 5510 680 5565 dentia
732 5509 824 5562 Dei
879 5506 1057 5560 omnia
1111 5504 1478 5574 gubernantur
1520 5541 1535 5566 ,
1602 5508 1657 5555 et
1703 5513 1821 5566 quas
1866 5502 2087 5566 putatur

498 5614 655 5667 pinna
685 5596 950 5650 medicina
979 5601 1082 5650 est.
1117 5589 1319 5663 (Greg.)
1361 5590 1499 5657 Quid
1540 5587 1729 5643 electri
1778 5586 1957 5653 specie
1979 5584 2084 5637 nisi

499 5690 750 5744 Christus
776 5686 957 5752 Jesus,
1009 5684 1269 5739 mediator
1323 5681 1418 5736 Dei
1448 5690 1503 5735 et
1530 5679 1808 5735 hominum
1838 5674 2088 5744 designa-

502 5780 630 5833 tur?
652 5779 921 5834 Electram
951 5776 1145 5845 quippe
1165 5789 1228 5828 ex
1270 5787 1403 5825 auro
1432 5778 1485 5823 et
1511 5777 1732 5838 argento
1754 5774 1853 5845 est.
1886 5766 1942 5819 In
1973 5764 2085 5819 ele-

504 5884 621 5925 ctre
649 5872 773 5926 dum
832 5883 1019 5923 aurum
1069 5874 1458 5933 argentumque
1502 5862 1773 5926 miscetur,
1806 5864 2084 5926 argentum

2187 4777 2391 4825 tuntur.
2451 4784 2479 4837 t
2525 4764 2795 4818 Videbunt
2850 4762 2991 4814 enim
3048 4758 3102 4811 in
3156 4770 3315 4825 quem
3380 4753 3780 4826 transﬁxerunt

2187 4854 2552 4929 (Joan.x1:).t
2584 4853 2667 4919 Et,
2697 4872 2715 4904 ι
2747 4851 2966 4905 tollatur
2995 4847 3190 4916 impius
3227 4860 3293 4898 ne
3326 4843 3508 4897 videat
3541 4841 3781 4911 gloriam

2189 4950 2304 5004 Dei.
2331 4967 2348 5000 ι
2378 4947 2477 5002 Ubi
2507 4954 2562 5000 et
2590 4951 2774 5014 aperte
2800 4940 3066 5003 subditur,
3099 4956 3118 4989 ι
3154 4938 3218 4991 Et
3243 4936 3382 5005 ignis
3412 4933 3713 4987 involvens.
3750 4952 3772 4982 ι

2188 5041 2325 5109 Quia
2362 5038 2613 5093 videlicet
2640 5034 2780 5105 ignis
2822 5032 2911 5087 ille
2932 5030 3121 5101 judicii
3147 5027 3236 5097 qui
3269 5026 3485 5087 caelum,
3504 5037 3689 5078 aerem
3714 5034 3779 5078 et

2187 5142 2385 5187 terram
2412 5132 2752 5189 concremat,
2801 5130 3111 5193 peccatores
3146 5116 3259 5185 jam
3290 5117 3341 5170 in
3374 5130 3469 5169 sua
3513 5114 3777 5183 superbia

2189 5236 2295 5275 non
2350 5217 2612 5288 permittit
2668 5214 2844 5283 erigi,
2895 5210 2988 5265 sed
3046 5207 3304 5271 involvit,
3376 5218 3513 5273 quos
3577 5204 3778 5271 procul

2187 5308 2352 5364 dubio
2404 5307 2457 5360 in
2505 5319 2680 5375 preme
2728 5317 2838 5356 suae
2886 5298 3231 5355 damnatione
3267 5292 3576 5361 confringit.
3630 5309 3651 5341 ε
3706 5290 3779 5345 Et

2188 5398 2442 5467 splendor
2472 5395 2524 5449 in
2555 5392 2783 5448 circuitu
2824 5390 2962 5459 ejus.
2996 5407 3013 5438 ι
3055 5385 3191 5452 Quia
3223 5403 3240 5435 ‹
3274 5384 3414 5437 sicut
3452 5380 3627 5451 fulgur
3654 5380 3779 5433 exit

2190 5490 2258 5543 ab
2287 5488 2523 5547 oriente,
2569 5491 2626 5537 et
2662 5489 2814 5553 paret
2852 5492 3019 5547 usque
3050 5477 3100 5530 in
3130 5474 3497 5535 occidentem,
3547 5471 3619 5523 ita
3664 5471 3775 5523 erit

2192 5580 2451 5633 adventus
2498 5576 2589 5628 lilii
2638 5572 2873 5629 hominis
2902 5569 3115 5641 (Matth.
3144 5565 3327 5635 χειν),
3372 5583 3389 5613 ι
3445 5562 3535 5616 ubi
3591 5561 3775 5617 nullus

2193 5676 2339 5723 tutus
2370 5683 2397 5719 a
2423 5665 2624 5733 judicio
2653 5664 2706 5717 in
2736 5677 2833 5716 sua
2866 5669 3043 5715 mente
3071 5658 3239 5710 latere
3266 5654 3619 5725 permittitur,
3641 5656 3779 5721 quia

2193 5760 2308 5828 ipso
2332 5756 2527 5822 iudicis
2560 5753 2765 5823 fulgore
2792 5758 3128 5821 penetratur,
3174 5747 3241 5801 de
3285 5761 3392 5815 quo
3440 5757 3563 5797 mox
3588 5742 3781 5811 judice

2192 5848 2458 5903 subditur.
2494 5864 2513 5897 ι
2545 5846 2610 5899 Et
2636 5846 2700 5899 de
2728 5843 2903 5897 medio
2931 5840 3047 5910 ejus
3075 5839 3227 5908 quasi
3249 5836 3463 5905 species
3490 5832 3682 5888 electri
3704 5870 3720 5893 ,
3743 5848 3768 5881 ο
