3960 6326
193 429 297 484 505

1146 429 1501 485 conamur.
1544 430 1607 485 ιιι
1651 388 2105 489 meantem“.
2146 462 2213 471 -ρ
2249 431 2373 485 Lm.
2419 432 2456 484 ι.

3350 430 3448 485 530‘}

199 544 251 596 id
281 552 395 604 est,
438 542 504 597 de
533 543 710 596 medio
741 541 896 613 ignis.
930 540 1046 610 ipse
1074 543 1216 595 enim
1247 544 1451 613 angelis
1486 554 1645 613 atque
1676 561 1762 597 ar-
1800 553 1839 604 Α
1871 546 2055 599 dicens
2080 564 2092 599 :
2122 565 2140 597 ι
2171 544 2374 600 Nobilis
2403 546 2453 598 in
2484 546 2654 614 portis
2681 546 2760 600 vir
2786 544 2920 614 ejus,
2946 561 3066 601 cum
3100 545 3301 599 sederit
3329 562 3447 601 cum

199 634 477 709 changelis
506 634 865 701 omnibusque
895 633 1180 685 virtutibus
1219 634 1509 701 pra-sitiens
1551 635 1774 689 Redem-

197 737 324 798 ptor
360 737 544 780 noster
584 726 674 795 qui
709 726 853 780 velut
901 727 950 779 in
980 726 1163 781 electri
1197 728 1597 783 similitudinem
1640 745 1777 782 unus

197 834 270 873 ex
300 830 526 886 utraque
554 826 745 871 natura
774 826 828 871 et
857 818 993 870 Deus
1024 820 1322 887 permansit
1366 820 1415 871 in
1447 828 1599 887 patre
1626 829 1680 873 et
1710 822 1776 874 ad

201 911 623 978 redemptionem
671 919 907 961 nostram
942 908 1113 963 factus
1142 919 1226 963 est
1259 910 1500 973 mortalis
1528 926 1648 965 cum
1680 913 1778 967 ho-

197 1002 475 1053 minibus:
509 1000 560 1052 in
600 1013 697 1051 suo
740 1007 864 1053 tunc
905 1008 1111 1052 terrore
1141 1001 1424 1063 videbitur,
1458 1003 1611 1070 eique
1641 1003 1778 1073 ignis

196 1088 383 1160 iudicii
435 1089 485 1142 in
539 1086 888 1155 reproborum
938 1088 1175 1141 vindicta
1227 1088 1589 1143 famulabitnr.
1644 1090 1778 1147 Hinc

198 1178 346 1233 enim
378 1178 633 1245 scriptum
661 1186 744 1231 est
773 1198 784 1230 :
822 1178 943 1231 Dies
970 1177 1182 1231 Domini
1215 1179 1536 1243 declarabit,
1569 1181 1690 1248 quia
1724 1182 1776 1233 in

198 1267 326 1337 igne
376 1266 700 1320 revelabitur
727 1264 777 1336 (I
818 1265 938 1318 Cor.
981 1266 1089 1335 ιιι).
1146 1267 1278 1321 Hine
1325 1268 1609 1322 Psalmista
1660 1270 1776 1321 ait:

205 1374 226 1404 ι
260 1355 399 1409 Dens
426 1353 741 1408 manifestus
768 1356 962 1415 veniet,
993 1357 1132 1409 Deus
1160 1367 1343 1410 noster
1368 1368 1421 1411 et
1449 1373 1553 1411 non
1582 1357 1779 1413 silebit.

197 1442 347 1514 Ignis
376 1446 427 1497 in
459 1454 744 1512 conspectu
774 1445 889 1514 ejus
918 1445 1163 1510 ardebit,
1210 1454 1264 1499 et
1308 1446 1359 1500 in
1406 1447 1632 1501 circuitu
1668 1448 1783 1517 ejus

201 1544 499 1605 tempestas
525 1536 698 1589 valida
729 1532 897 1605 (Psal.
930 1538 1095 1607 χιιι).
1131 1558 1148 1589 ι
1190 1538 1325 1592 Hinc
1354 1540 1544 1593 Petrus
1569 1548 1783 1608 aposto-

201 1625 288 1677 lus
316 1624 447 1678 dicit
472 1643 483 1677 :
508 1644 525 1675 ι
547 1625 809 1679 Adveniet
837 1627 951 1680 dies
980 1617 1187 1682 Domini
1220 1638 1275 1683 ut
1309 1629 1411 1692 fur,
1444 1631 1495 1683 in
1525 1647 1630 1699 quo
1658 1631 1780 1685 οωιί

201 1731 401 1785 magno
427 1716 624 1784 impetu
649 1718 972 1783 transii‘unt,
993 1719 1257 1774 elementa
1280 1737 1407 1776 vero
1433 1723 1567 1792 ignis
1590 1723 1782 1776 ardore

204 1808 485 1861 solventur
511 1806 597 1877 (II
626 1806 769 1861 Petr.
799 1809 899 1880 ιιι).
935 1830 951 1861 ι

1876 637 2213 689 senatoribus
2239 646 2394 689 teme
2412 636 2589 706 (Prov.
2611 639 2779 708 xxxt).
2807 657 2824 688 ι
2862 636 2991 703 Quis
3018 637 3119 690 hoc
3147 636 3262 689 loco
3291 638 3452 690 homo

1875 726 2218 788 describitur,
2242 727 2342 779 nisi
2373 726 2456 779 ille
2482 728 2547 779 de
2574 743 2679 795 quo
2706 729 2960 798 scriptum
2990 738 3071 784 est
3098 747 3110 782 :
3148 748 3165 779 ι
3200 728 3299 794 Qui
3327 745 3447 783 cnn:

1878 818 1930 871 in
1963 816 2131 872 forma
2163 818 2255 872 Dei
2289 829 2463 884 esset,
2495 835 2599 873 non
2630 821 2868 890 rapinam
2901 822 3193 876 arbitratus
3221 833 3301 878 est
3329 836 3453 889 esse

1878 924 1936 962 se
1962 909 2220 977 aequalem
2250 908 2377 972 Deo,
2398 910 2489 963 sed
2514 910 2856 978 semetipsum
2879 910 3195 973 exiuanivit,
3218 908 3445 964 formam

1879 997 2019 1051 servi
2051 999 2339 1067 accipiens,
2382 998 2433 1051 in
2474 998 2823 1053 similitudine
2855 1000 3130 1053 hominum
3164 1000 3354 1064 factus,
3395 1010 3450 1053 et

1879 1090 2065 1143 habitu
2106 1089 2356 1143 inventus
2394 1099 2452 1143 ut
2486 1091 2643 1144 homo
2672 1090 2891 1161 (Philip.
2922 1092 3004 1161 ιι).
3036 1112 3054 1144 ι
3110 1093 3233 1147 Haec
3270 1095 3447 1161 itaque

1879 1182 2130 1235 animalia
2161 1190 2219 1235 ut
2245 1197 2464 1253 surgere
2499 1182 2562 1235 ad
2592 1183 2895 1238 sanctitatis
2926 1184 3179 1237 virtutem
3205 1184 3447 1247 valeant,

1879 1274 1944 1328 ad
1996 1274 2154 1343 hujus
2201 1275 2435 1328 hominis
2485 1274 2888 1328 similitudinem
2942 1275 3185 1329 tendunt.
3254 1274 3450 1328 Sancta

1881 1365 2026 1419 cnim
2054 1378 2157 1417 non
2186 1373 2385 1428 essent,
2411 1364 2454 1417 si
2486 1362 2640 1429 hujus
2667 1364 2898 1419 hominis
2920 1363 3319 1418 similitudinem
3346 1378 3448 1416 non

1880 1460 2161 1514 haberent.
2222 1456 2490 1525 Quidquid
2540 1457 2591 1509 in
2637 1457 2716 1510 eis
2763 1457 2827 1509 de
2870 1456 3164 1509 visceribus
3211 1456 3446 1523 pietatis,

1882 1549 2138 1619 quidquid
2168 1548 2235 1603 de
2262 1546 2671 1601 mansuetudine
2698 1546 2936 1614 spiritus,
2965 1544 3219 1613 quidquid
3244 1545 3308 1599 de
3336 1545 3452 1599 zelo

1883 1638 2243 1701 rectitudinis,
2277 1636 2535 1707 quidquid
2567 1637 2633 1689 de
2662 1636 2902 1690 custodia
2930 1635 3267 1697 humilitatis,
3297 1635 3452 1703 quid-

1882 1728 2008 1798 quid
2053 1728 2117 1781 de
2153 1726 2363 1781 fervore
2400 1725 2681 1780 charitatis
2708 1734 2829 1787 est,
2882 1725 2983 1779 hoc
3034 1724 3100 1777 ab
3151 1725 3264 1792 ipso
3308 1724 3453 1778 fonte

1886 1820 2286 1882 misericordiae,
2320 1819 2385 1871 ab
2417 1819 2527 1886 ipsa
2558 1818 2739 1871 radice
2767 1817 3209 1879 mansuetudinis,
3243 1818 3309 1870 ab
3337 1817 3450 1884 ipsa

284 1917 300 1947 ‹
340 1899 402 1951 Ει
430 1899 483 1952 in
515 1900 691 1953 medio
718 1898 835 1968 ejus
863 1900 1157 1955 similitudo
1188 1914 1419 1971 quatuor
1448 1906 1776 1960 animalium.
1810 1903 1854 1960 B
1881 1911 2080 1964 virtute
2103 1910 2345 1979 justitire,
2375 1909 2427 1962 id
2457 1917 2558 1972 est,
2592 1924 2619 1962 a
2652 1908 2942 1962 mediatore
2971 1908 3063 1961 Dei
3091 1915 3144 1961 et
3172 1909 3447 1961 hominum

210 2009 230 2041 ι
270 1991 334 2044 Et
360 1992 447 2045 hic
476 1999 724 2060 aspectus
750 2006 958 2046 eorum.
993 1991 1303 2048 Similitudo
1332 1995 1568 2049 hominis
1599 1997 1650 2049 in
1679 1997 1780 2050 eis.

206 2080 478 2152 (llicron.)
537 2100 555 2131 ι
588 2080 643 2135 In
694 2083 870 2135 medio
911 2082 1046 2150 ejus.
1088 2104 1106 2135 ι
1160 2084 1491 2138 Subauditur
1527 2084 1781 2154 quidem,

203 2170 404 2235 electri,
436 2171 530 2225 sed
560 2171 750 2225 melius
779 2173 919 2225 lumc
953 2173 1128 2241 ignem
1162 2174 1509 2245 intelligimus
1542 2176 1630 2245 qui
1660 2191 1781 2230 cre-

206 2263 459 2317 dentibus
485 2262 685 2325 lumen,
724 2264 1011 2319 incredulis
1045 2266 1362 2335 supplicium
1389 2275 1491 2321 est.
1538 2267 1592 2321 ln
1626 2266 1786 2336 hujus

204 2365 338 2421 ergo
366 2351 504 2420 ignis
532 2351 709 2406 medio
728 2363 846 2406 erat
868 2353 1158 2409 similitudo
1186 2366 1418 2424 quatuor
1444 2357 1776 2420 animalium,

206 2442 510 2496 similitudo
537 2456 643 2496 non
675 2451 867 2495 natura
886 2482 900 2506 ,
952 2454 1291 2513 quatuorque
1318 2446 1633 2499 animalium
1668 2461 1786 2513 qua:

205 2543 394 2603 postea
444 2533 699 2587 dicuntur
731 2531 1157 2601 quadriformia,
1210 2550 1316 2587 una
1363 2534 1658 2588 similitudo
1706 2543 1789 2589 est

209 2625 468 2712 hominis,
520 2633 579 2678 ut
624 2625 805 2678 omnia
855 2626 911 2678 in
955 2626 1153 2678 mundo
1194 2624 1530 2679 rationabilia
1562 2626 1786 2679 demou-

207 2727 493 2771 strentur:
528 2735 543 2767 I
575 2716 863 2771 Faciamus
892 2718 1035 2795 enim
1080 2718 1349 2771 hominem
1392 2717 1457 2771 ad
1504 2718 1785 2786 imaginem

209 2816 266 2862 et
293 2808 697 2862 similitudinem
729 2817 968 2863 nostram
991 2807 1144 2875 (Gen.
1177 2809 1238 2873 ι).
1272 2828 1288 2859 ι
1322 2808 1502 2879 Imago
1530 2817 1707 2862 autem
1736 2817 1790 2863 et

212 2904 511 2961 similitudo
539 2904 630 2960 Dei
662 2920 766 2958 non
797 2912 879 2957 est
904 2905 1146 2971 corporis
1185 2902 1353 2957 forma
1374 2944 1387 2968 ,
1433 2902 1525 2957 sed
1571 2903 1785 2965 mentis,

212 2998 485 3067 descripta
538 2998 604 3051 ad
643 2998 1050 3051 similitudinem
1094 3011 1231 3051 vera:
1274 2995 1522 3065 imaginis
1548 2994 1785 3059 Christi,

212 3088 305 3156 qui
335 3097 415 3141 est
446 3088 621 3157 imago
647 3086 741 3141 Dei
774 3086 1075 3139 invisibilis.
1110 3084 1234 3138 Haec
1263 3084 1553 3147 rationales
1584 3094 1790 3139 natura:

211 3176 268 3232 in
293 3185 525 3245 quatuor
542 3184 825 3229 versantur
848 3175 997 3228 locis.
1029 3174 1154 3229 Sive
1180 3182 1397 3243 propter
1422 3182 1651 3242 quatuor
1673 3190 1789 3227 car-

1886 2002 1996 2056 Deo
2022 2002 2248 2055 Domino
2279 1994 2575 2055 traxerunt.
2632 1999 2799 2068 Hujus
2827 1998 3064 2052 hominis
3106 2015 3165 2052 se
3202 1999 3451 2052 similitu-

1884 2090 2063 2145 dinem
2091 2089 2584 2159 habere,~egregius
2612 2088 2933 2157 praedicator
2961 2086 3197 2141 ostendit
3227 2087 3409 2141 dicens
3441 2103 3452 2138 :

1890 2199 1909 2231 ι
1943 2179 2245 2233 imitatores
2275 2178 2377 2232 mei
2408 2186 2609 2239 estote,
2642 2178 2781 2231 sicut
2810 2184 2864 2230 et
2892 2191 2991 2247 ego
3018 2175 3219 2230 Christi
3254 2173 3304 2245 (1
3331 2173 3451 2227 Cor.

1887 2269 1984 2342 Iv).
2022 2289 2040 2321 ι
2098 2268 2178 2322 Ad
2217 2268 2333 2336 ejus
2361 2282 2458 2323 nos
2488 2267 2893 2321 similitudinem
2923 2280 3174 2336 surgere,
3206 2265 3457 2318 admonet

1885 2375 2008 2414 cum
2032 2360 2196 2413 dicit:
2234 2378 2250 2409 ι
2282 2358 2492 2412 Primus
2515 2358 2676 2411 homo
2706 2359 2769 2412 de
2800 2365 2943 2412 terra
2973 2365 3238 2418 terrenus,
3262 2371 3452 2410 secun-

1888 2450 1986 2502 dus
2016 2449 2177 2501 homo
2206 2448 2271 2501 de
2300 2449 2436 2501 caelo
2466 2448 2719 2501 caelestis.
2774 2446 2925 2502 Sicut
2959 2448 3289 2516 portavimus
3319 2447 3453 2500 ima-

1888 2539 2064 2608 ginem
2099 2533 2337 2601 terreni,
2384 2550 2658 2606 portemus
2686 2546 2741 2591 et
2771 2539 3056 2606 imaginem
3100 2537 3214 2606 ejus
3254 2539 3345 2608 qui
3392 2539 3456 2592 de

1889 2629 2027 2681 coelo
2056 2629 2327 2682 descendit
2357 2628 2407 2698 (l
2436 2627 2555 2681 Cor.
2586 2628 2699 2698 xv).
2736 2648 2754 2680 ι
2807 2628 3035 2683 Sanctus
3064 2630 3204 2685 enim
3233 2630 3460 2698 quisque

1890 2718 1943 2771 in
1977 2726 2180 2772 tantum
2222 2718 2287 2771 ad
2322 2717 2726 2773 similitudinem
2765 2718 2922 2788 hujus
2958 2719 3188 2773 hominis
3220 2719 3454 2781 ducitur,

1890 2809 1943 2863 in
1971 2816 2228 2877 quantum
2256 2808 2418 2861 vitam
2448 2807 2529 2861 sui
2559 2807 2912 2877 redemptoris
2939 2809 3195 2862 imitatur.
3232 2807 3363 2863 Nam
3392 2810 3457 2864 ab

1890 2898 2006 2968 ejus
2040 2898 2309 2952 mandatis
2346 2907 2505 2967 atque
2535 2898 2786 2967 Operibus
2821 2899 3159 2964 discordare,
3205 2899 3333 2968 quid
3376 2910 3461 2954 est

1890 2988 2034 3043 aliud
2061 3004 2220 3057 quam
2250 3004 2279 3041 a
2308 2989 2654 3042 similitudine
2680 2989 2837 3059 longe
2865 2990 3149 3044 recedere?
3195 2990 3459 3058 Plangnnt

1893 3090 2066 3135 autem
2093 3080 2252 3133 vitam
2277 3080 2697 3148 delinquentium
2724 3081 3103 3149 praedicatores
3130 3081 3319 3134 sancti.
3353 3080 3458 3134 Sed

1892 3170 1956 3223 de
1984 3169 2097 3236 ipso
2126 3180 2309 3221 nostro
2340 3168 2511 3237 capite
2540 3170 2795 3237 scriptum
2826 3178 2928 3233 est,
2950 3170 3072 3238 quia
3092 3188 3108 3220 ι
3131 3168 3275 3224 ﬂevit
3301 3185 3462 3238 super

213 3242 370 3321 dines
403 3264 616 3329 mundi,
648 3266 843 3334 quibus
870 3264 1017 3317 orbis
1052 3242 1358 3328 includitur,
1408 3265 1521 3318 sive
1568 3272 1789 3333 propter
1816 3242 1859 3303 (Σ
1893 3258 2277 3312 Hierusalem.»
2304 3257 2548 3313 Gaudent
2577 3260 2641 3313 de
2670 3259 2822 3314 bonis
2853 3261 3059 3314 actibus
3097 3261 3456 3323 subditorum,

213 3367 444 3427 quatuor
462 3356 579 3411 loca
608 3356 904 3411 cmlestium
933 3364 985 3409 et
1014 3357 1347 3409 terrestrium
1375 3364 1428 3410 et
1452 3355 1787 3411 infernarum

212 3456 269 3501 et
302 3444 787 3515 supercmlestium.
844 3445 918 3500 De
946 3445 1139 3514 quibus
1188 3454 1241 3500 et
1277 3445 1471 3500 Paulus
1516 3447 1790 3515 apostolus

213 3540 487 3609 loquitur:
525 3558 542 3590 ι
576 3538 647 3594 Ut
677 3540 730 3593 in
761 3540 975 3593 nomine
1000 3537 1125 3592 Jesu
1155 3554 1313 3592 omne
1351 3553 1486 3606 genu
1520 3538 1786 3603 ﬂectatur,

213 3631 534 3693 caelestium,
568 3630 903 3683 terrestrium
943 3638 995 3682 et
1035 3628 1363 3681 infernarum
1396 3627 1611 3697 (Philip.
1648 3626 1731 3699 ιι).
1767 3648 1784 3679 ι

214 3720 294 3775 De
325 3720 498 3773 tribus
527 3718 676 3773 Pauli
703 3720 1067 3773 testimonium
1097 3728 1197 3772 est.
1236 3719 1523 3773 Videamus
1550 3727 1603 3773 et
1630 3734 1792 3787 quar-

213 3822 348 3865 tum.
383 3832 401 3862 ‹
434 3810 669 3865 Laudate
701 3811 886 3871 Deum.
917 3810 1035 3864 coeli
1071 3810 1328 3863 cmlorum
1349 3850 1362 3872 ,
1391 3818 1442 3863 et
1491 3826 1625 3877 aqua
1672 3827 1790 3877 qure

212 3919 377 3972 super
396 3903 562 3958 cmlos
584 3911 667 3956 est
688 3902 868 3956 laudet
886 3917 1075 3955 nomen
1096 3901 1301 3955 Domini
1321 3899 1489 3970 (Psal.
1508 3900 1750 3971 CXLVIII).
1767 3921 1784 3954 ι

216 3993 561 4061 Rursumque
607 3992 674 4046 ab
717 3992 975 4060 Apostolo
1019 3991 1271 4044 dicuntur
1300 3989 1539 4045 cmlcslia
1589 3999 1643 4045 et
1686 3992 1785 4045 alia

213 4081 644 4153 Superctelestia.
693 4080 827 4134 Nam
856 4080 980 4149 quia
1023 4082 1072 4133 in
1116 4081 1200 4134 die
1238 4081 1419 4149 jndicii
1458 4092 1584 4135 tunc
1618 4082 1787 4135 sancti

213 4188 425 4235 omnes,
478 4172 568 4242 qui
620 4172 877 4225 mundum
927 4169 1164 4240 perfecte
1206 4171 1539 4238 reliquerunt
1577 4170 1787 4239 judices

212 4266 457 4327 veniunt,
486 4272 607 4333 apte
637 4279 758 4317 mox
790 4263 1061 4317 subditur:

292 4376 310 4409 ι
338 4358 402 4411 Ει
429 4357 480 4409 in
510 4356 685 4409 medio
707 4354 823 4423 ejus
848 4354 1140 4409 similitudo
1162 4362 1394 4422 quatuor
1412 4353 1739 4407 animalium.
1765 4372 1783 4405 ι

215 4448 423 4520 (ϐτρῃ.)
463 4446 600 4512 Quid
630 4447 773 4500 enim
812 4461 908 4514 per
933 4453 1161 4513 quatuor
1184 4444 1467 4507 animalia,
1512 4445 1612 4497 nisi
1652 4460 1785 4511 qua-

218 4548 342 4591 tuor
360 4534 718 4604 Evaugelista:
744 4535 1040 4604 signantur.
1079 4532 1187 4586 Nec
1214 4533 1484 4588 immerito
1509 4548 1604 4603 per
1627 4548 1789 4587 evan-

213 4630 436 4699 gelistas
473 4635 705 4696 quatuor
746 4625 1105 4695 perfecturum
1138 4625 1375 4678 omnium
1407 4640 1659 4678 numerus
1690 4640 1785 4678 ex-

214 4720 486 4789 primitur.
539 4718 672 4784 Quia
703 4732 892 4771 omnes
920 4718 1007 4784 qui
1039 4717 1090 4770 in
1118 4716 1359 4771 Ecclesia
1385 4718 1542 4770 modo
1568 4714 1785 4784 perfecti

215 4818 364 4873 sunt,
385 4807 731 4877 perfectionis
756 4821 863 4860 sua:
890 4806 1265 4860 rectitudinem
1293 4821 1388 4875 per
1407 4820 1591 4859 corum
1616 4806 1785 4859 Evan-

216 4896 414 4963 gelium
458 4895 780 4949 didicerunt.
834 4893 889 4948 ιιι
924 4894 1100 4947 medio
1148 4894 1290 4947 enim
1332 4895 1447 4964 ejus
1494 4895 1785 4950 similitudo

215 4992 449 5052 quatuor
471 4982 801 5037 animalium.
833 4981 965 5047 Quia
996 4980 1067 5034 illi
1096 4990 1225 5035 tunc
1254 4980 1367 5048 ejus
1395 4983 1606 5051 corpori
1631 4984 1783 5047 uniti,

216 5072 335 5139 ejus
360 5071 625 5141 majestati
653 5070 956 5139 conjuncti,
989 5081 1043 5126 et
1070 5071 1228 5125 simul
1257 5071 1380 5126 iacti
1413 5089 1535 5129 cum
1563 5088 1625 5127 eo
1646 5075 1789 5143 judi-

216 5178 311 5217 ces
332 5163 673 5227 videbuntur,
698 5164 788 5233 qui
819 5164 975 5218 modo
999 5162 1235 5232 perfecta
1264 5180 1424 5233 opera
1449 5166 1601 5234 juxta
1628 5182 1786 5219 evan-

217 5253 387 5323 gelica
427 5262 693 5322 prwcepta
736 5253 905 5308 secuti
947 5262 1089 5307 sunt.
1148 5252 1283 5307 Hinc
1329 5262 1411 5307 est
1455 5255 1598 5307 enim
1646 5256 1786 5323 quod

218 5348 353 5421 ipsis
377 5349 578 5402 sanctis
608 5348 862 5417 apostolis
888 5348 1116 5401 dicitur:
1153 5366 1171 5397 ‹
1208 5348 1311 5400 Vos
1340 5348 1429 5417 qui
1460 5348 1628 5402 secuti
1657 5348 1786 5402 estis

216 5454 307 5495 me
354 5439 405 5492 in
451 5440 855 5507 regeneratione
897 5453 1017 5492 cum
1064 5439 1262 5492 sederit
1293 5439 1431 5492 {ilius
1462 5440 1692 5494 hominis
1730 5441 1783 5494 in

216 5529 348 5584 sede
378 5529 669 5595 majestatis
698 5543 827 5591 sure,
857 5529 1109 5582 sedebitis
1138 5537 1190 5581 et
1215 5545 1310 5583 vos
1328 5530 1631 5598 jndicantes
1654 5530 1785 5585 duo.

217 5619 391 5673 decim
426 5619 596 5672 tribus
622 5618 781 5672 Israel
817 5618 1027 5688 (Matth.
1062 5619 1195 5688 XIX).
1237 5638 1253 5669 ι
1286 5619 1420 5674 llinc
1462 5620 1623 5674 lsaias
1666 5623 1779 5675 ait:

221 5726 246 5759 ι
275 5707 532 5762 Dominus
558 5707 624 5759 ad
645 5705 902 5774 judicium
928 5709 1107 5761 veniet
1130 5723 1251 5761 cum
1278 5710 1579 5763 senioribus
1604 5710 1781 5778 populi

216 5798 304 5853 sui
336 5798 467 5852 tlsa.
509 5797 611 5863 III).
645 5815 662 5847 ι
722 5796 853 5851 llinc
902 5797 1152 5852 Salomon
1185 5799 1247 5853 dc
1278 5797 1518 5854 Ecclesia
1548 5798 1781 5863 loquitur

1891 3357 1945 3403 et
1968 3358 2110 3404 recte
2130 3360 2414 3420 cperantes
2436 3352 2677 3421 diligunt.
2703 3354 2804 3407 Sed
2827 3352 2891 3406 de
2913 3353 3250 3423 redemptore
3272 3363 3460 3408 nostro

1892 3444 2149 3513 scriptum
2179 3453 2298 3497 est:
2333 3444 2454 3512 quia
2488 3460 2606 3497 cum
2637 3444 2947 3500 adolescens
2973 3446 3188 3514 quidam
3216 3446 3456 3499 diceret:

1898 3552 1915 3583 ι
1938 3531 2063 3586 Haec
2081 3532 2257 3585 omnia
2283 3533 2541 3587 custodiri
2573 3550 2599 3585 a
2622 3534 2898 3603 juventute
2926 3550 3039 3588 mea
3060 3534 3267 3606 (Matth.
3288 3538 3453 3607 xtx),i

1893 3624 2063 3693 magis
2091 3623 2276 3677 dilexit
2305 3638 2446 3676 eum.
2483 3622 2709 3677 Portant
2733 3624 2908 3677 illatas
2945 3626 3297 3679 contumelias
3323 3642 3457 3693 pra:-

1894 3713 2161 3767 dicatorcs
2192 3713 2387 3774 sancti,
2420 3721 2473 3766 et
2501 3713 2696 3766 nullam
2727 3715 2791 3767 ad
2824 3716 3049 3769 invicem
3082 3716 3456 3772 contumeliam

1895 3803 2143 3856 reddunt.
2207 3802 2310 3856 Sel
2361 3818 2482 3857 cum
2536 3804 2860 3872 redemptori
2912 3813 3098 3859 nostro
3144 3806 3453 3860 diceretur:

1898 3916 1915 3947 ι
1950 3895 2278 3949 Dmmonium
2334 3898 2497 3949 habes
2547 3896 2724 3966 (.Ioun.
2769 3897 2921 3965 vIII),
2973 3917 2990 3949 ι
3049 3913 3155 3951 non
3210 3897 3457 3965 injuriam

1894 3987 2157 4047 reddidit,
2214 3988 2305 4041 sed
2358 3996 2633 4041 mansuete
2678 3990 2991 4056 respondit,
3042 3990 3261 4044 dicens:
3298 4010 3313 4039 ι
3350 3991 3458 4059 Ego

1894 4078 2214 4132 dmmonium
2263 4094 2370 4131 non
2419 4080 2609 4132 habeo.
2644 4098 2660 4130 ι
2718 4080 2947 4133 Fervent
2980 4081 3095 4135 zelo
3126 4082 3459 4137 rectitudinis

1893 4170 2270 4237 prcedicatores
2300 4168 2468 4222 sancti
2489 4208 2503 4232 ,
2536 4169 2627 4222 sed
2654 4169 2959 4238 redemptor
2986 4172 3223 4224 omnium
3253 4171 3459 4242 ﬂagello

1898 4260 1959 4314 de
2015 4259 2283 4314 resticulis
2341 4258 2484 4313 facto
2549 4260 2853 4326 vendentes_
2891 4271 2945 4315 et
2999 4273 3237 4319 ementes
3299 4265 3457 4334 ejecit

1894 4348 1960 4402 de
1993 4348 2208 4416 templo,
2247 4350 2530 4402 cathedras
2560 4350 2900 4404 vendentium
2932 4353 3206 4408 columbas
3235 4358 3457 4419 evertit,

1890 4450 1943 4495 et
1971 4441 2445 4495 nummulariorum
2478 4441 2667 4496 eiTu'lit
2694 4459 2786 4498 tes.
2823 4443 2878 4497 In
2908 4447 3053 4499 omni
3084 4449 3223 4515 quod
3249 4448 3457 4503 fortiter

1893 4541 2053 4602 agunt
2099 4532 2451 4585 humilitatem
2496 4540 2602 4585 tota
2640 4533 2935 4587 intentione
2966 4536 3269 4590 custodiunt
3296 4578 3308 4598 .
3362 4542 3456 4592 seJ

1889 4637 1986 4691 per
2027 4621 2416 4688 redemptorem
2456 4631 2695 4676 nostrum
2731 4622 2960 4677 dicitur:
2998 4644 3015 4676 ι
3051 4626 3249 4681 Discite
3295 4644 3323 4680 a
3373 4645 3457 4682 me

1890 4713 2013 4781 quia
2041 4712 2183 4764 mitis
2211 4727 2327 4764 sum
2362 4721 2415 4766 et
2446 4713 2661 4768 humilis
2689 4716 2850 4770 corde
2882 4715 3095 4786 (Matth.
3127 4718 3225 4789 XI).
3262 4740 3279 4773 ι
3325 4722 3455 4775 Pcr-

1887 4811 2160 4855 secutores
2188 4817 2399 4872 quoque
2428 4819 2552 4857 suos
2588 4805 2811 4875 diligunt
2844 4808 3223 4875 praedicatores
3262 4812 3452 4865 sancti.

1888 4891 1993 4946 Sed
2032 4892 2141 4961 ipse
2171 4904 2360 4948 auctor
2386 4896 2625 4975 omnium
2656 4912 2718 4949 ac
2748 4900 3069 4967 redemptor,
3115 4901 3167 4954 ln
3206 4902 3457 4969 passione

1886 4985 2109 5053 positus,
2142 5001 2241 5055 pro
2269 4987 2699 5054 persecutoribus
2727 4990 3028 5051 intercedit,
3059 4993 3276 5047 dicens:
3308 5012 3326 5044 ι
3360 4993 3455 5047 Pa-

1894 5083 1995 5139 ter,
2052 5076 2267 5146 ignosce
2317 5075 2457 5142 illis,
2508 5078 2635 5145 quia
2686 5080 2930 5134 nesciunt
2984 5082 3111 5150 quid
3163 5083 3382 5139 iaciunt.
3429 5106 3446 5138 ι

1894 5163 2129 5218 Membra
2166 5181 2263 5219 sua
2298 5176 2504 5235 ponunt
2536 5168 2588 5221 in
2628 5170 2875 5237 passione
2909 5185 3007 5239 pro
3039 5172 3308 5235 fratribus.
3358 5176 3451 5229 sed

1891 5269 1989 5321 pro
2034 5254 2323 5308 electorum
2372 5258 2481 5309 vita
2526 5272 2692 5325 usque
2739 5258 2803 5312 ad
2852 5270 3077 5315 mortem
3127 5278 3185 5317 se
3234 5266 3451 5321 tradidit

1892 5354 2079 5398 auctor
2117 5346 2258 5399 vitaz.
2316 5347 2534 5401 Dicatur
2582 5363 2709 5416 ergo
2753 5347 2819 5401 de
2862 5351 3063 5404 sanctis
3113 5351 3445 5412 animalibus.

1890 5438 2031 5507 quod
2067 5438 2360 5491 similitudo
2395 5438 2627 5493 hominis
2658 5440 2710 5492 in
2740 5439 2944 5495 cis'cst.
2994 5440 3124 5506 Quia
3155 5442 3294 5509 quod
3325 5459 3448 5497 san-

1889 5537 1972 5581 cta
1992 5569 2005 5592 ,
2046 5530 2185 5596 quod
2214 5530 2347 5581 mira
2379 5537 2529 5592 sunt,
2570 5530 2671 5583 hoc
2702 5529 2752 5582 in
2781 5531 2860 5582 eis
2896 5532 2959 5583 de
2995 5531 3172 5599 specie
3202 5531 3450 5584 similitu-

1888 5617 2027 5669 dinis
2056 5627 2158 5671 est.
2184 5618 2233 5669 id
2262 5627 2359 5680 est,
2386 5618 2451 5670 de
2476 5618 2671 5671 virtute
2697 5619 3029 5673 imitationis.
3062 5620 3231 5690 Caput
3260 5622 3454 5691 quippe

1888 5705 2126 5757 omnium
2174 5715 2415 5759 nostrum
2460 5706 2783 5775 Redemptor
2846 5718 3028 5764 noster
3088 5719 3188 5765 cst.
3244 5710 3310 5764 Et
3354 5728 3448 5780 per

1892 5793 2229 5849 S:.lotIIunetII
2260 5797 2486 5850 dicitur:
2524 5818 2539 5847 ι
2575 5798 2724 5851 Oculi
2756 5801 3009 5867 sapientis
3036 5801 3087 5854 in
3116 5802 3288 5869 capite
3313 5802 3452 5869 ejus,
