3948 6344
486 414 589 471 507

1127 414 1185 468 Β.
1232 414 1483 471 ΠᾹΒΑΝΙ
1524 413 1738 471 MAURI
1780 413 2070 469 .\l'tClllEP

2173 414 2456 471 lOGL’NT.
2497 415 2781 473 OPERUM
2821 416 3002 474 PARS
3037 418 3101 473 ll.

3648 421 3766 477 508

488 531 685 588 stultus
715 542 892 588 autem
921 534 973 589 in
1005 533 1244 589 tenebris
1272 533 1511 589 ambulat
1541 532 1738 604 (Ecrle.
1772 531 1853 603 ιι).
1879 550 1897 583 ι
1921 531 2071 585 Tune
2100 533 2147 590 Α
2176 529 2369 584 deatur
2401 531 2601 594 dicere,
2635 547 2757 586 eum
2801 531 3081 600 opiniones
3131 530 3469 601 singulorum
3517 533 3779 587 breviter

487 622 631 677 enim
668 621 721 676 in
754 624 931 692 capite
962 622 1148 678 oculos
1176 623 1456 686 habemus,
1507 624 1630 677 cum
1660 623 1823 676 vitam
1860 620 2073 676 redem-

488 710 661 779 ptoris
708 710 879 765 nostri
933 711 1094 766 tacita
1140 711 1470 782 cogitatione
1506 709 1899 781 conspicimus,
1945 725 2070 765 cum

488 800 667 855 omnis
690 808 874 855 nostra
902 800 1131 855 intentio
1157 800 1210 854 in
1238 799 1358 869 ejus
1385 801 1683 855 imitatione
1709 816 1769 855 se
1797 800 1978 871 erigit,
2004 816 2072 856 ne

487 888 534 942 si
564 889 680 945 vias
710 890 848 946 lueis
875 892 1121 960 aspicere
1146 893 1335 947 oculus
1367 880 1561 947 mentis
1591 892 1922 963 neglexerit,
1956 903 2068 956 sta—

490 977 586 1031 tim
614 976 829 1033 clausus
863 980 918 1035 in
955 980 1192 1035 tenebris
1222 982 1427 1037 erroris
1462 982 1641 1036 cadat.
1696 980 1776 1035 Ad
1806 981 1965 1051 hujus
1992 982 2070 1037 si-

488 1070 849 1126 militudinem
893 1070 1130 1127 hominis
1176 1088 1400 1144 surgere
1442 1071 1734 1128 festinabat
1762 1073 2066 1144 Propheta,

489 1178 612 1218 cum
636 1164 888 1222 adiceret:
923 1184 941 1216 ι
975 1163 1031 1217 in
1063 1163 1335 1221 mandatis
1365 1165 1470 1219 tuis
1506 1166 1819 1227 exercebor,
1852 1176 1907 1219 et
1933 1180 2068 1220 con-

487 1253 740 1309 siderabo
764 1254 882 1308 vias
913 1262 1034 1309 tuas
1064 1251 1237 1323 (Psal.
1266 1253 1476 1324 cxvm).
1514 1274 1533 1307 ι
1586 1255 1687 1320 Qui
1725 1256 1923 1309 etenim
1956 1256 2070 1309 vias

488 1343 699 1399 Domini
734 1344 928 1399 tacitus
955 1344 1008 1398 in
1034 1353 1215 1399 mente
1242 1344 1569 1409 considerat,
1592 1352 1647 1399 et
1670 1358 1791 1399 sese
1813 1358 2071 1399 exercere

488 1434 541 1489 in
577 1434 844 1491 mandatis
873 1434 1018 1490 illius
1048 1435 1296 1499 festinat,
1344 1434 1471 1504 quid
1501 1434 1645 1489 aliud
1687 1437 1741 1489 in
1782 1438 2071 1505 semetipso

486 1526 590 1582 nisi
620 1526 907 1597 imaginem
938 1527 1061 1581 novi
1088 1526 1322 1581 hominis
1350 1523 1651 1579 reformat?
1680 1524 1832 1591 Quod
1860 1527 1985 1595 quia
2016 1525 2069 1579 in

486 1604 800 1674 sanctorum
831 1618 1086 1672 cordibus
1117 1617 1451 1671 incessanter
1493 1615 1689 1684 agitur,
1738 1622 1881 1669 recte
1926 1629 2071 1670 nunc

484 1708 553 1763 de
577 1707 900 1763 animalibus
929 1708 1125 1763 dicitur
1149 1726 1161 1759 :
1200 1726 1216 1757 ι
1250 1708 1557 1763 Similitudo
1584 1708 1819 1763 hominis
1843 1709 1896 1762 in
1924 1710 2021 1763 eis.
2044 1726 2064 1762 ι

482 1798 615 1856 Post
642 1799 782 1854 hanc
809 1814 939 1854 vero
969 1799 1398 1865 similitudinem,
1428 1815 1549 1869 quae
1574 1815 1717 1855 nunc
1746 1802 1797 1854 in
1831 1800 2069 1855 moribus
2098 1834 2142 1894 Β

486 1898 721 1954 tenetur,
752 1890 970 1959 quando
997 1891 1064 1945 ad
1093 1890 1497 1945 similitudinem
1529 1890 1709 1961 gloria:
1734 1891 2063 1959 pervenitur.

485 1979 621 2035 llinc
653 1980 853 2035 etenim
882 1978 1122 2035 Joannes
1151 1980 1318 2034 dicit:
1354 1999 1369 2031 ι
1403 1978 1557 2034 Nunc
1596 1980 1691 2034 filii
1734 1980 1825 2035 Dei
1861 1996 2065 2045 sumus,

483 2080 541 2127 et
584 2073 822 2126 nondum
873 2070 1121 2141 apparuit
1167 2072 1296 2141 quid
1340 2069 1585 2135 erimus;
1640 2071 1842 2125 scimus
1887 2080 2069 2125 autem

482 2161 737 2231 quoniam
769 2176 891 2215 cum
923 2160 1251 2229 apparuerit.
1287 2159 1492 2215 similes
1522 2160 1571 2215 ei
1598 2160 1803 2215 erimus
1829 2159 1879 2231 (I
1904 2160 2064 2215 Joan.

483 2249 588 2329 ιιι).
614 2270 631 2301 ι
669 2248 771 2316 Qui
799 2250 923 2304 mox
953 2250 1095 2304 unde
1118 2250 1223 2305 hoc
1246 2250 1361 2305 fieri
1384 2249 1560 2305 valeat
1581 2249 1826 2321 adjungit
1846 2249 2063 2305 dicens:

491 2358 509 2391 ι
542 2340 806 2406 Quoniam
838 2340 1137 2395 videbimus
1169 2354 1294 2393 eum
1322 2340 1483 2395 sicuti
1514 2348 1629 2406 est,
1662 2358 1680 2392 ι
1719 2354 1839 2395 esse
1867 2340 2068 2396 etenim

489 2430 585 2485 Dei
630 2439 716 2485 est
754 2440 1016 2484 aeternum
1047 2430 1191 2484 hunc
1222 2437 1385 2498 atque
1414 2428 1910 2485 incommutabilem
1940 2444 2067 2500 pcr-

486 2536 725 2576 manere.
760 2520 894 2575 Nam
916 2534 1078 2576 omne
1098 2521 1237 2587 quod
1268 2527 1527 2579 mutatur.
1555 2519 1755 2575 desinit
1781 2517 1901 2576 esse
1923 2521 2067 2591 quod

486 2612 607 2677 fuit,
638 2622 693 2666 et
723 2613 912 2683 incipit
941 2628 1063 2669 esse
1091 2616 1234 2682 quod
1258 2626 1365 2667 non
1395 2610 1515 2667 fuit.
1562 2612 1659 2669 Dei
1684 2628 1815 2669 vero
1842 2630 1963 2670 esse
1988 2624 2072 2669 est

486 2705 820 2761 dissimiliter
848 2720 1122 2763 nunouam
1147 2720 1287 2761 esse.
1317 2704 1471 2761 Unde
1497 2706 1563 2761 ad
1593 2705 1813 2777 Moysen
1835 2705 2065 2762 dicitur:

493 2815 514 2848 ς
548 2797 659 2868 Ego
687 2812 808 2851 sum
838 2802 929 2867 qui
962 2812 1104 2852 sum.
1158 2798 1225 2852 Et
1253 2798 1400 2854 dices
1442 2798 1568 2854 filiis
1605 2798 1807 2854 lsrael:
1840 2799 1941 2866 Qui
1987 2806 2071 2855 est

489 2886 638 2939 misit
667 2901 753 2941 me
782 2886 848 2941 ad
878 2902 977 2941 vos
1002 2885 1203 2957 (Exod.
1230 2886 1333 2949 in).
1373 2904 1389 2937 ι
1440 2884 1675 2943 Jacobus
1705 2902 1919 2957 quoque
1951 2888 2023 2941 ait
2051 2906 2065 2942 :

493 2967 520 3028 ι’
541 2976 698 3047 Apud
726 2992 886 3047 quem
917 2993 1025 3033 non
1054 2987 1139 3033 est
1174 2980 1576 3044 transmutatio,
1622 2993 1721 3034 nec
1747 2978 2073 3035 vicissitudi-

488 3067 575 3122 nis
600 3068 940 3122 obumbratio
967 3068 1107 3139 (Jac.
1138 3068 1197 3141 ι).
1232 3089 1251 3122 ι
1307 3069 1490 3138 itaque
1518 3085 1615 3139 per
1644 3068 1901 3124 Joannem
1933 3069 2069 3124 dici-

491 3170 615 3213 tur:
650 3179 667 3211 ι
703 3160 907 3217 Similis
948 3162 998 3216 ei
1044 3162 1278 3228 erimus,
1322 3164 1576 3233 quoniam
1617 3164 1918 3220 videbimus
1947 3182 2069 3221 eum
2098 3191 2143 3254 ρ

489 3250 647 3304 sicuti
669 3260 769 3305 est.
793 3270 813 3304 ι
850 3251 982 3318 Quia
1012 3266 1107 3322 per
1134 3253 1235 3309 hoc
1260 3255 1402 3323 quod
1429 3254 1722 3324 aspicimus
1745 3255 1862 3327 ejus
1888 3271 2073 3312 essen-

491 3339 621 3393 tiam
662 3350 901 3407 naturze,
944 3357 975 3395 a
1017 3343 1375 3398 mutabilitate
1405 3353 1590 3399 nostra
1618 3345 1831 3400 liberati
1860 3345 2073 3416 figimur

490 3428 544 3484 in
576 3430 958 3486 mtemitatem.
992 3430 1422 3489 dmmutabimur
1451 3435 1646 3506 quippe
1680 3437 1733 3490 in
1767 3436 1884 3506 ipso
1909 3453 2069 3507 quem

491 3521 813 3588 videbimus,
838 3523 962 3591 quia
991 3532 1163 3579 morte
1177 3526 1481 3582 carebimus
1493 3528 1722 3584 videndo
1748 3530 1936 3593 vitam,
1954 3548 2074 3585 mu-

493 3611 813 3667 tabilitatem
842 3621 1081 3669 nostram
1115 3616 1578 3683 transcendemus,
1610 3618 1841 3675 videndo
1874 3622 2070 3675 immu-

491 3700 731 3756 tabilem.
782 3700 1141 3774 Corruptione
1176 3705 1323 3761 nulla
1359 3706 1683 3772 tenebimur,
1716 3708 1945 3764 videndo
1984 3711 2071 3766 in-

493 3804 828 3867 corruptum.
883 3797 1000 3852 Erit
1054 3808 1235 3853 autem
1302 3807 1432 3855 tunc
1486 3800 1781 3855 similitudo
1835 3803 2070 3858 hominis

493 3886 549 3941 in
579 3888 899 3957 mrporibus
928 3890 1148 3944 nostris.
1201 3890 1339 3945 Hinc
1372 3891 1518 3946 enim
1558 3907 1656 3961 per
1680 3892 1905 3947 Paulum
1937 3896 2072 3951 dici-

495 3986 583 4033 tur
625 3974 844 4049 (Philip.
875 3979 960 4048 ιιι)
1002 3992 1018 4032 :
1065 3997 1083 4029 ι
1114 3977 1308 4034 Nostra
1335 3982 1673 4035 conversatio
1704 3982 1753 4035 in
1788 3983 1941 4038 cretis
1967 3994 2070 4040 est.

497 4067 651 4123 Unde
680 4067 842 4122 etiam
893 4066 1226 4124 Salvatorem
1255 4078 1630 4138 exspectamus
1662 4071 1947 4127 Dominum
1979 4089 2075 4129 no-

495 4167 668 4213 strum
695 4156 880 4212 Jesum
910 4157 1184 4212 Christum
1209 4196 1227 4226 ,
1257 4158 1370 4227 'qui
1405 4157 1719 4214 reformahit
1749 4176 1946 4232 corpus
1974 4163 2076 4217 hu-

496 4248 743 4303 militatis
760 4258 957 4302 nostra:
977 4248 1367 4319 configuratum
1392 4250 1604 4318 corpori
1622 4249 1884 4306 claritatis
1896 4268 2026 4307 suae.
2050 4271 2067 4304 ι

500 4325 677 4393 Erunt
707 4353 836 4409 ergo
865 4348 993 4392 tunc
1020 4338 1313 4393 electorum
1350 4355 1598 4410 corpora,
1629 4341 1863 4397 claritati
1893 4343 2074 4398 Domi-

496 4430 604 4483 nici
631 4428 875 4499 corporis
902 4428 1254 4499 eonfigurata.
1287 4428 1416 4498 Quae
1443 4431 1545 4485 etsi
1574 4432 1935 4501 aequalitatem
1963 4432 2073 4504 glo-

2174 620 2572 675 strinxcrimus.
2625 620 2854 687 Quidam
2898 631 3131 691 quatuor
3158 622 3465 693 Evangelia,
3495 637 3635 692 quos
3662 638 3773 678 nos

2174 725 2387 781 quoque
2440 713 2492 771 in
2540 713 2805 783 procemio
2833 712 3353 767 commentariorum
3394 712 3634 769 Matthxi
3677 729 3776 769 se-

2172 804 2279 857 cuti
2309 818 2518 868 sumus,
2543 804 2735 858 borum
2766 803 3084 858 animalium
3113 811 3304 875 putant
3329 805 3639 860 nominibus
3668 803 3772 858 deo

2172 895 2395 964 signari.
2432 894 2690 958 Mattbmi,
2718 894 2857 963 quod
2887 895 3040 963 quasi
3068 894 3341 949 hominem
3368 895 3718 967 descripserit
3747 913 3765 948 :

2177 1005 2197 1039 ι
2233 986 2395 1041 Liber
2430 987 2792 1057 generationis
2833 984 2962 1040 Jesu
3010 984 3209 1040 Christi
3258 985 3351 1040 filii
3396 985 3603 1051 David,
3661 985 3766 1039 filii

2172 1076 2463 1131 Abraham.
2501 1096 2519 1128 ι
2561 1075 2778 1142 Leonis,
2810 1076 2878 1131 ad
2908 1074 3147 1131 Marcum
3182 1075 3462 1132 referunt:
3491 1096 3508 1129 ι
3532 1076 3765 1131 Initium

2172 1167 2446 1238 Evangelii
2481 1168 2607 1223 Jesu
2638 1167 2838 1223 Christi
2877 1167 2999 1222 Filii
3040 1167 3169 1233 Dei,
3206 1168 3352 1223 sicut
3378 1169 3644 1239 scriptum
3675 1178 3769 1223 est

2172 1257 2227 1312 in
2257 1258 2394 1313 lsaia
2427 1260 2687 1329 propheta
2715 1277 2727 1311 :
2756 1259 2870 1313 Vox
2904 1259 3190 1315 clamantis
3215 1260 3268 1316 in
3295 1260 3530 1325 deserto,
3558 1260 3769 1315 Parate

2171 1350 2287 1404 vias
2319 1349 2564 1414 Domini,
2603 1356 2781 1403 rectas
2805 1348 2965 1405 facile
2993 1349 3215 1405 semitas
3243 1348 3379 1419 ejus.
3414 1370 3433 1403 ι
3470 1350 3659 1416 Vituli,
3690 1352 3767 1407 ad

2172 1440 2332 1495 Luca:
2373 1439 2753 1511 Evangeiium,
2798 1441 2941 1510 quod
2982 1459 3011 1495 a
3051 1441 3314 1497 Zacharia
3355 1442 3543 1512 incipit
3575 1457 3769 1499 sacer—

2172 1532 2397 1586 dotium.
2430 1529 2655 1599 Aquilae,
2686 1529 2751 1584 ad
2776 1528 3001 1586 Joannis
3026 1531 3329 1595 exordium,
3352 1530 3444 1600 qui
3475 1532 3541 1584 ad
3574 1531 3768 1585 excel-

2172 1636 2291 1677 sum
2320 1618 2540 1675 evolaus
2566 1618 2767 1689 ccepit;
2802 1638 2820 1671 ι
2856 1620 2913 1674 in
2944 1618 3208 1688 principio
3252 1629 3375 1673 erat
3402 1618 3668 1684 Verbum,
3703 1628 3766 1675 et

2172 1710 2410 1765 Verbum
2434 1714 2558 1763 erat
2587 1709 2726 1777 apud
2767 1708 2968 1772 Deum,
3006 1718 3062 1763 et
3102 1707 3242 1761 Deus
3285 1716 3404 1762 erat
3433 1706 3695 1762 Verbum.
3736 1727 3757 1759 ι

2174 1800 2347 1869 Super
2373 1814 2478 1869 quo
2510 1798 2639 1869 quid
2680 1800 2835 1853 nobis
2863 1799 3135 1855 videretur
3166 1800 3219 1853 in
3248 1799 3559 1870 supradicto
3591 1814 3766 1871 Opere

2171 1891 2440 1955 diximus,
2493 1890 2809 1961 pleniusque
2849 1890 2903 1944 in
2936 1889 3260 1961 Apocalypsi
3295 1890 3520 1946 Joannis
3558 1892 3761 1945 horum

2170 1981 2483 2035 animalium
2514 1982 2720 2051 species
2747 1996 2811 2035 ac
2843 1981 3057 2035 nomina
3093 1979 3402 2035 referuntur
3425 1982 3494 2036 ad
3520 1989 3766 2051 quatuor

2169 2070 2548 2141 evangelistas,
2577 2071 2771 2139 quibus
2797 2070 3066 2139 quomodo
3090 2071 3262 2139 possit
3278 2071 3524 2125 omnium
3549 2071 3765 2125 anima.

2169 2162 2298 2215 lium
2326 2162 2619 2231 descriptio
2647 2162 2886 2229 coaptari
2918 2161 3245 2216 tentabimus
3276 2176 3373 2217 suo
3401 2161 3520 2217 loco
3553 2162 3759 2217 dicere.

2169 2250 2274 2305 Alii
2337 2265 2467 2305 vero
2518 2250 2609 2320 qui
2676 2250 3111 2320 philosophorum
3167 2251 3389 2306 stultam
3453 2260 3765 2321 sequuntur

2169 2336 2487 2409 sapientiam
2524 2340 2629 2394 duo
2665 2339 3042 2408 hemisphzeria
3065 2339 3122 2393 in
3155 2338 3365 2395 duobus
3397 2340 3583 2410 templi
3612 2338 3760 2395 Che-

2172 2429 2345 2485 rubim
2370 2470 2384 2489 .
2435 2445 2535 2485 nos
2575 2439 2631 2485 et
2650 2428 2949 2500 Antipodas
2975 2430 3128 2499 quasi
3161 2430 3385 2500 supinos
3415 2439 3471 2486 et
3499 2431 3764 2486 cadentes

2171 2520 2416 2577 homines
2447 2521 2810 2590 suspicantur,
2850 2519 3095 2590 plerique
3116 2519 3274 2589 juxta
3305 2520 3615 2585 Platonem,
3670 2536 3760 2576 ra-

2172 2609 2370 2665 tionale
2406 2611 2599 2665 animae
2652 2619 2708 2666 et
2754 2609 3091 2665 irascitivum
3139 2619 3195 2665 et
3237 2610 3762 2682 concupiscitlvum,

2171 2702 2239 2756 ad
2266 2702 2535 2755 hominem
2558 2710 2613 2757 et
2635 2700 2843 2756 leonem
2865 2716 2930 2757 ac
2948 2701 3174 2756 vitulum
3199 2702 3462 2767 referunt,
3485 2703 3760 2758 rationem

2171 2802 2227 2848 et
2252 2792 2612 2862 cognitionem
2642 2802 2695 2847 et
2724 2800 2958 2847 mentem
2998 2801 3050 2847 et
3085 2792 3369 2847 consilium
3401 2793 3761 2863 eamdemque

2171 2882 2532 2951 virtutemque
2558 2890 2720 2950 atque
2748 2881 3067 2951 sapientiam
3094 2882 3148 2959 in
3174 2882 3381 2937 cerebri
3408 2897 3532 2936 arce
3552 2896 3762 2952 ponen-

2174 2981 2285 3037 tes,
2330 2971 2600 3027 feritatem
2631 2987 2759 3029 vero
2797 2983 2851 3028 et
2892 2972 3225 3027 iracundiam
3255 2982 3416 3044 atque
3444 2971 3761 3028 violentiam

2174 3064 2227 3119 in
2262 3064 2435 3129 leone,
2479 3064 2901 3133 quze'consistat
2948 3064 3001 3116 in
3050 3062 3195 3119 felle.
3252 3062 3422 3118 Porro
3450 3063 3755 3130 libidinem,

2173 3156 2443 3211 luxuriam
2476 3162 2531 3210 et
2560 3156 2799 3210 omnium
2845 3154 3178 3225 voluptatum
3215 3154 3522 3226 cupidinem
3574 3156 3626 3209 in
3665 3154 3757 3224 je-

2173 3256 2320 3312 core,
2364 3246 2555 3311 idest,
2598 3247 2651 3300 in
2686 3244 2874 3310 vitulo,
2911 3247 3002 3315 qui
3043 3255 3202 3300 terrae
3237 3246 3490 3315 operibus
3526 3247 3755 3301 haereat.

2170 3337 2543 3407 Quartamque
2589 3344 2796 3408 ponunt
2840 3352 2961 3405 quae
3008 3351 3168 3404 super
3200 3337 3313 3391 lucc
3354 3346 3409 3390 et
3448 3346 3601 3391 extra
3635 3336 3760 3392 hxc

2170 3430 2273 3484 tria
2304 3438 2384 3483 est
2411 3443 2570 3500 quam
2598 3427 2771 3484 Gra‘ci
2801 3432 3337 3499 vocantawrrip'aatv,
3369 3441 3489 3496 quae
3517 3426 3755 3483 scintilla

2169 3520 2546 3585 conscientim,
2597 3520 2651 3573 in
2700 3517 2833 3573 Cain
2878 3532 3091 3587 quoque
3132 3525 3417 3587 peccatore
3465 3525 3752 3586 postquam

2169 3610 2373 3680 eiectus
2395 3619 2481 3666 est
2508 3610 2573 3665 de
2593 3610 2868 3679 paradiso,
2893 3624 3000 3664 non
3025 3608 3380 3679 extinguitur,
3408 3616 3461 3663 et
3488 3622 3595 3677 qua
3617 3609 3752 3663 victi

2168 3703 2531 3773 voluptatibus
2572 3701 2656 3756 vel
2703 3701 2885 3756 furore
2938 3702 3156 3771 ipsaque
3206 3699 3473 3753 interdum
3525 3700 3755 3755 rationis

2169 3792 2380 3863 decepti
2429 3791 2780 3847 similitudine
2832 3804 2933 3844 nos
2980 3803 3208 3859 peccare
3251 3788 3534 3850 sentimus,
3583 3804 3752 3857 quam

2158 3886 2386 3957 (proprie
2419 3882 2613 3955 aquila:
2642 3883 2902 3951 deputant
2948 3895 3055 3935 non
3102 3893 3161 3933 se
3205 3878 3520 3937 miscentem
3552 3878 3751 3945 tribus,

2171 3979 2264 4032 sed
2296 3976 2407 4030 tria
2426 3970 3061 4049 errantia'corrigentem
3090 4009 3105 4033 ,
3154 3982 3317 4039 quem
3360 3968 3414 4022 in
3454 3966 3754 4036 Scriptuiis

2172 4064 2442 4119 interdum
2471 4061 2649 4118 vocari
2684 4059 2916 4131 legimus
2947 4058 3195 4128 spiritum
3218 4096 3233 4123 ,
3266 4075 3285 4109 ι
3318 4057 3409 4126 qui
3442 4056 3754 4124 interpellat

2171 4171 2269 4227 pro
2316 4152 2468 4209 nobis
2516 4150 2803 4219 gemitibus
2846 4146 3295 4203 inenarrabilibus
3333 4144 3503 4217 (Rom.
3546 4144 3685 4220 np).
3725 4164 3742 4197 ι

2178 4265 2196 4298 ι
2227 4244 2395 4299 Nemo
2426 4242 2568 4297 enim
2598 4241 2701 4295 scit
2722 4254 2785 4294 ea
2807 4252 2928 4309 qua
2957 4236 3193 4291 hominis
3211 4244 3357 4301 sunt,
3391 4234 3493 4290 nisi
3522 4235 3750 4304 spiritus

2173 4339 2264 4409 qui
2296 4339 2347 4391 in
2378 4352 2442 4393 eo
2470 4344 2571 4402 est,
2602 4353 2620 4387 ›
2646 4348 2805 4405 quem
2829 4343 2883 4389 et
2918 4331 3116 4386 Paulus
3140 4332 3207 4387 ad
3236 4331 3751 4389 Thessalonicenscs

2174 4429 2457 4493 scribens;
2484 4443 2608 4483 cum
2659 4426 2835 4480 anima
2868 4430 2922 4479 et
2950 4438 3175 4494 corpore
3218 4424 3425 4479 servari
3476 4424 3750 4494 integrum

498 4517 593 4571 riae
637 4517 754 4585 ejus
800 4531 906 4569 non
956 4517 1155 4571 habent
1204 4533 1302 4587 per
1348 4528 1623 4583 naturam,
1668 4521 2072 4575 similitudinem
2103 4540 2151 4599 ο
2178 4521 2515 4589 deprecatur.
2553 4517 2620 4571 Et
2644 4526 2823 4572 tamen
2854 4516 2993 4570 hanc
3021 4530 3234 4585 quoque
3270 4516 3439 4585 ipsam
3468 4517 3752 4572 conscien-

498 4610 944 4681 configurationis
992 4610 1111 4679 ejus
1162 4611 1437 4665 habebunt
1486 4626 1584 4679 per
1626 4614 1877 4682 gratiam.
1936 4615 2072 4680 Quia

500 4703 683 4770 itaque
733 4702 1029 4757 similitudo
1077 4702 1195 4772 ejus
1247 4717 1391 4757 nunc
1441 4703 1496 4757 in
1548 4705 1787 4759 moribus
1842 4707 2075 4761 trahitur

498 4791 825 4857 electorum;
862 4801 919 4847 et
959 4792 1016 4846 in
1061 4792 1477 4858 resurrectione,
1510 4793 1753 4862 sequitur
1781 4795 2073 4851 similitudo

500 4880 823 4934 aeternitatis
853 4881 908 4933 in
957 4889 1156 4942 mente,
1210 4879 1463 4948 quoniam
1493 4880 1795 4937 videbimus
1823 4898 1943 4937 eum
1972 4885 2076 4939 sic-

502 4962 580 5026 uii
629 4981 732 5027 est.
783 4970 850 5024 Et
889 4972 1017 5041 quia
1048 4970 1454 5025 similitudinem
1493 4985 1708 5040 quoque
1736 4972 1879 5027 illius
1909 4976 2071 5028 etiam

501 5052 731 5135 corpora
770 5072 960 5119 nostra
993 5063 1296 5134 percipient
1327 5064 1383 5117 in
1414 5062 1837 5135 conﬁguratione
1863 5105 1877 5129 ,
1928 5076 2075 5122 recte

505 5157 571 5211 de
612 5155 815 5210 sanctis
856 5152 1178 5208 animalibus
1210 5153 1440 5217 dicatur,
1476 5170 1494 5203 ι
1527 5152 1821 5207 similitudo
1846 5153 2077 5209 hominis

506 5247 562 5300 in
590 5246 690 5300 eis.
714 5264 733 5296 ι

583 5352 601 5385 ι
635 5335 879 5399 Quatuor
905 5331 1069 5386 facies
1102 5331 1226 5395 uni,
1274 5338 1331 5385 et
1374 5338 1604 5401 quatuor
1630 5345 1818 5401 pennae
1848 5333 1937 5385 uni
1958 5372 1972 5395 ,
2024 5340 2079 5386 et

513 5442 532 5473 ι
568 5423 729 5493 pedes
760 5436 977 5487 eorum,
1017 5420 1180 5491 pedes
1208 5419 1363 5476 recti.
1414 5419 1480 5473 Et
1505 5420 1689 5489 planta
1714 5420 1866 5489 pedis
1890 5435 2077 5475 eorum

513 5531 532 5563 ι
565 5510 721 5581 quasi
756 5512 940 5581 planta
968 5510 1119 5578 pedis
1148 5509 1315 5564 vituli.
1372 5508 1440 5563 Et
1465 5508 1711 5563 scintillae
1738 5510 1887 5577 quasi
1919 5525 2075 5579 aspe-

514 5622 533 5656 ι
567 5609 688 5657 ctus
712 5602 838 5656 teris
864 5600 1165 5654 candentis.
1198 5601 1264 5654 Et
1288 5614 1477 5654 manus
1503 5588 1859 5653 bomiuisisub
1886 5598 2077 5665 pennis

517 5706 539 5743 ι
571 5705 759 5745 eorum
786 5692 842 5745 in
865 5699 1100 5759 quatuor
1127 5688 1393 5758 partibus.
1416 5706 1435 5739 ι
1459 5686 1724 5757 (meram)
1748 5684 1825 5740 De
1850 5685 1936 5740 his
1960 5700 2078 5755 quas

514 5783 855 5854 propheticus
880 5796 1056 5838 sermo
1074 5780 1329 5837 describit
1347 5780 1661 5834 conabimur
1681 5778 1807 5847 quid
1830 5777 1983 5832 nobis
2001 5777 2077 5831 vi-

2181 4610 2308 4664 tiam
2350 4610 2503 4680 juxta
2542 4606 2671 4662 illud
2700 4606 2840 4676 quod
2892 4606 2945 4659 in
2992 4605 3297 4660 Proverbiis
3331 4608 3586 4676 scriptum
3617 4617 3745 4661 est:

2186 4720 2203 4751 ι
2237 4700 2435 4769 impius
2487 4714 2608 4753 cum
2658 4696 2865 4751 venerit
2917 4697 2969 4750 in
3019 4692 3363 4765 profundum
3401 4705 3747 4766 peccatorum

2179 4788 2473 4845 contemnit
2496 4786 2676 4859 (Prov.
2702 4785 2879 4857 xviii),
2912 4803 2930 4836 ι
2956 4786 3229 4840 cernimus
3254 4787 3573 4855 praecipitari
3601 4792 3749 4858 apud

2178 4879 2436 4949 quosdam
2475 4884 2531 4931 et
2556 4890 2709 4931 suum
2738 4874 2912 4929 locum
2941 4874 3225 4940 omittere,
3267 4875 3359 4942 qui
3389 4890 3456 4929 ne
3484 4876 3745 4944 pudorem

2176 4964 2393 5040 quidem
2432 4976 2484 5022 et
2513 4965 2885 5021 verecundiam
2916 4964 3115 5018 habent
3161 4964 3215 5017 in
3245 4964 3475 5029 delictis,
3523 4975 3579 5019 et
3620 4980 3746 5021 tue—

2179 5066 2368 5110 rentur
2397 5054 2619 5108 audire:
2654 5072 2672 5103 ι
2706 5052 2894 5107 Facies
2934 5050 3241 5106 meretricis
3285 5050 3429 5106 facta
3475 5060 3560 5108 est
3603 5052 3745 5122 tibi,

2177 5146 2355 5201 nescis
2385 5145 2699 5216 erubescere
2723 5142 2856 5215 (Jer.
2884 5142 2986 5213 ιιι).
3011 5162 3029 5193 ι
3066 5140 3213 5196 Hane
3243 5142 3406 5211 igitur
3425 5143 3746 5212 quadrigam

2181 5239 2233 5291 in
2270 5233 2469 5303 auriga:
2501 5236 2740 5298 modum,
2775 5234 2913 5287 Deus
2946 5234 3112 5303 regit,
3140 5240 3194 5287 et
3221 5233 3586 5302 incompOsitis
3610 5249 3745 5289 cur-

2180 5336 2387 5380 rentem
2418 5325 2669 5395 gradibus
2700 5321 2957 5385 refrenat,
2989 5321 3321 5390 docilemque
3353 5321 3512 5387 facit,
3549 5331 3600 5377 et
3641 5339 3747 5380 suo

2180 5428 2371 5483 parere
2399 5413 2541 5483 cogit
2574 5410 2817 5480 imperio.
2868 5409 3038 5476 Quam
3066 5409 3479 5479 disputationem
3509 5410 3745 5479 partium

2181 5505 2401 5567 animae,
2434 5502 2486 5556 id
2514 5508 2628 5565 est,
2669 5500 2903 5555 hominis
2932 5500 3021 5568 qui
3057 5498 3231 5553 minor
3276 5499 3508 5553 mundus
3541 5500 3609 5555 ab
3642 5500 3745 5556 ἤδη

2181 5591 2301 5646 dem
2348 5590 2680 5661 philosophis
2711 5588 3026 5657 appellatur,
3064 5586 3229 5641 etiam
3267 5600 3364 5641 nos
3395 5588 3743 5657 attingemus.

2181 5683 2317 5738 Sunt
2356 5682 2446 5752 qui
2490 5680 2804 5750 simpliciter
2850 5681 2905 5733 in
2950 5685 3181 5747 quatuor
3225 5677 3546 5743 animalibus
3587 5679 3744 5750 just:

2182 5773 2441 5844 ilippocra
2451 5772 2516 5827 tis
2530 5770 2875 5835 sententiam,
2893 5780 3122 5839 quatuor
3132 5766 3328 5823 arbitra
3338 5777 3459 5822 ntnr
3477 5768 3743 5827 elementa
