3948 6348
228 432 325 485 bilQ

1204 431 1542 492 ΕΟΜΜΕΝΤ.
1587 434 1651 489 ιΝ
1690 437 2143 493 EZECIIIELEM.
2183 469 2253 478 —
2292 441 2416 495 LlB.
2456 441 2494 495 Ι.

3369 444 3474 501 510

226 553 517 599 timustrari
550 543 616 597 de
644 542 837 612 quibus
859 550 1107 597 constant
1127 558 1328 606 omnia,
1355 553 1575 607 terram,
1601 545 1797 615 ignem,
1827 554 1873 610 Α
1903 562 2031 603 oves
2055 564 2223 615 meas,
2251 559 2305 604 et
2327 560 2657 621 cognoscunt
2680 568 2763 607 me
2790 569 2941 609 mem.
2965 572 2983 606 ι
3018 551 3120 622 Qui
3143 570 3330 611 rursus
3355 558 3423 610 ait
3453 575 3467 612 ;

225 650 443 698 aerem,
489 650 719 703 aquam,
766 649 883 703 quae
913 634 1180 704 quomodo
1209 635 1309 690 sibi
1347 634 1696 702 misceantur,
1744 646 1799 691 et

228 741 350 780 cum
382 725 587 797 singula
618 726 755 791 sint,
788 726 888 779 sibi
914 723 1099 793 juncta
1132 725 1432 787 videantur,
1462 724 1797 795 invicemque

221 834 281 873 se
316 824 567 884 tangant,
606 825 661 869 et
698 815 749 868 in
791 829 893 867 una
929 828 1156 883 persona
1188 813 1540 867 animantium
1568 824 1798 882 quatuor

226 907 436 975 ςιιεοίεε
462 906 692 960 habeant
721 920 785 960 ac
814 905 1031 974 ﬁguras,
1060 920 1165 958 non
1196 916 1278 958 est
1303 906 1565 974 propositi
1596 906 1792 975 operis.

224 998 466 1067 Quatuor
494 1014 707 1069 quoque
735 1008 881 1053 rotas
915 999 981 1052 de
1022 997 1263 1052 terrenis‘
1284 996 1348 1049 ad
1383 996 1630 1049 sublimia
1670 1012 1796 1050 con-

225 1100 510 1162 surgentes
542 1089 766 1159 singulis
791 1099 842 1144 et
874 1087 1329 1158 quadriformibus
1351 1085 1565 1159 iunctas
1591 1086 1797 1139 anima-

225 1181 395 1245 libus,
434 1179 521 1233 vel
569 1180 877 1234 corumdeni
925 1179 1309 1232 elementorum
1368 1176 1793 1231 commistionem

222 1270 521 1331 testimant,
554 1269 636 1323 vel
667 1280 899 1337 quatuor
933 1276 1236 1336 temporum
1268 1265 1530 1319 circulum
1559 1266 1650 1333 qui
1688 1274 1797 1320 ter-

220 1361 307 1415 nis
353 1361 637 1415 coniicitur
665 1360 939 1414 mensibus
961 1399 974 1421 ,
1026 1371 1335 1425 annumque
1368 1364 1664 1411 vertentem
1704 1356 1794 1424 qui

222 1448 292 1502 ab
319 1463 385 1502 eo
410 1450 552 1517 quod
584 1464 795 1517 semper
829 1456 1087 1510 vertatur,
1119 1456 1173 1501 et
1204 1447 1254 1500 in
1296 1462 1354 1501 sc
1383 1447 1565 1501 redeat
1600 1462 1794 1501 nomen

220 1541 511 1609 acceperit.
553 1541 628 1611 De
657 1540 852 1609 quibus
888 1539 1109 1609 pulchre
1147 1553 1251 1593 uno
1280 1539 1551 1594 versiculo
1590 1537 1792 1593 dictum

220 1642 349 1687 est:

316 1742 432 1803 Ver,
451 1751 613 1801 restas,
636 1757 910 1803 aununnus,
936 1744 1107 1800 hiems,
1127 1750 1175 1792 et
1202 1746 1397 1799 mensis,
1426 1748 1471 1791 et
1498 1755 1666 1791 annus.

219 1850 478 1920 Quodque
508 1853 702 1905 dieitur
734 1870 747 1904 :
773 1854 899 1905 Erat
929 1862 1041 1906 rota
1075 1855 1126 1905 in
1158 1866 1303 1915 rota,
1334 1870 1531 1906 annum
1568 1855 1619 1907 in
1651 1870 1790 1907 anno

218 1942 509 2015 signiﬁcari
538 1952 749 2009 putant.
793 1943 868 1997 De
897 1960 1002 1997 auo
1033 1943 1351 2013 alius'poeta
1380 1937 1621 2014 ('Virgil.)
1649 1962 1659 1996 :

465 2072 562 2127 Sua
587 2084 674 2132 per
696 2075 901 2133 vestigia
925 2073 1125 2122 volvitur
1150 2086 1318 2123 anuus.

216 2172 569 2227 Firmamenti
598 2174 759 2225 etiam
784 2173 1211 2236 similitudinem,
1237 2190 1356 2243 qua:
1378 2175 1629 2245 crystallo
1652 2190 1796 2230 com-

216 2276 456 2334 paratur,
482 2267 677 2321 caelum
704 2269 803 2320 hoc
824 2267 962 2335 quod
988 2268 1313 2336 suspicimus
1336 2269 1560 2339 intelligi
1583 2269 1790 2333 volunt,

214 2361 315 2413 sub
344 2374 452 2428 quo
481 2359 771 2412 volvuntur
802 2369 859 2413 et
899 2368 1171 2413 transeunt
1206 2370 1436 2429 quatuor
1464 2361 1789 2423 animantia,

215 2453 577 2517 throuumqne
606 2448 801 2503 coloris
839 2449 1077 2517 sappliiri
1104 2490 1118 2512 ,
1156 2458 1211 2502 et
1239 2449 1513 2504 sedentem
1562 2450 1793 2519 desuper

215 2539 488 2597 hominem
522 2540 621 2593 sub
655 2540 889 2592 humana
923 2539 1301 2602 similitudine,
1347 2540 1626 2608 imperium
1657 2556 1789 2595 cun-

210 2639 298 2683 cta
346 2628 580 2696 regentis
622 2629 908 2698 omniaque
956 2629 1205 2683 habentis
1239 2630 1339 2684 sub
1372 2630 1597 2698 pedibus
1643 2632 1789 2694 suis,

209 2721 619 2789 omnipotentim
667 2720 761 2775 Dei
813 2721 1043 2775 describi
1090 2730 1410 2785 autumant,
1466 2721 1676 2790 dicique
1725 2724 1790 2777 ad

210 2819 536 2865 extremum.
592 2809 717 2865 Hmc
744 2811 879 2865 visio
917 2810 1286 2865 similitudinis
1329 2811 1512 2881 gloria:
1556 2810 1785 2865 Domini.

211 2900 315 2955 Per
342 2915 460 2969 qua:
488 2901 640 2969 quasi
668 2916 766 2970 per
792 2900 1056 2969 picturam
1088 2901 1373 2968 quamdam
1400 2910 1452 2954 et
1481 2901 1787 2971 imaginem,

208 2992 605 3059 providentiam
636 2991 1026 3053 demonstrari,
1068 2990 1319 3059 quodque
1350 2991 1513 3059 pedes
1542 2991 1789 3043 animan-

212 3083 346 3136 tium
386 3083 520 3137 recti
560 3096 679 3137 esse
710 3082 976 3149 dicantur,
1024 3090 1080 3135 et
1114 3082 1293 3149 planta
1332 3080 1482 3150 pedis
1515 3079 1663 3133 Vituli
1696 3096 1789 3135 seu

212 3174 442 3227 rotunda
464 3214 478 3239 ,
516 3180 727 3227 terrena
755 3160 980 3242 quaeque
1010 3172 1075 3226 ad
1108 3172 1349 3226 ccelestia
1380 3170 1696 3235 subvolare,
1735 3179 1788 3224 et

208 3265 462 3319 omnibus
490 3264 698 3335 angulis
725 3264 1013 3333 amputatis
1039 3263 1422 3317 rotunditatem
1455 3262 1635 3330 sequi,
1666 3277 1786 3330 quae

209 3355 450 3409 omnium
485 3354 775 3425 figurarum
812 3352 1171 3423 pulcherrima
1203 3359 1310 3429 est,
1356 3351 1617 3405 scintillas
1646 3351 1783 3405 ruti-

209 3444 386 3499 lantes
430 3450 621 3498 cuncta
669 3443 825 3513 plena
860 3443 1085 3498 luminis
1128 3442 1386 3497 indicare.
1432 3459 1450 3491 ι
1487 3441 1553 3494 Et
1594 3456 1785 3496 manus

208 3537 448 3592 hominis
485 3535 587 3590 'sub
622 3536 833 3605 pennis.
870 3555 887 3586 ο
945 3533 1076 3589 Tam
1126 3534 1296 3603 ipsius
1344 3533 1574 3587 hominis
1621 3549 1781 3601 quam

208 3627 385 3683 leonis
415 3635 471 3681 et
500 3626 651 3680 vituli
682 3636 738 3681 et
766 3626 979 3697 aquilae,
1011 3633 1067 3679 ut
1103 3626 1241 3679 ratio
1269 3633 1461 3679 cuncta
1492 3632 1781 3683 sustentet.

208 3731 275 3771 ac
304 3716 372 3771 de
397 3714 699 3770 humilitate
731 3722 963 3779 terrena,
992 3715 1057 3769 ad
1086 3714 1325 3768 coelestia
1354 3712 1613 3768 sublevet.
1658 3712 1782 3773 Haec

206 3815 264 3860 et
292 3806 359 3860 ad
388 3806 697 3874 Evangelia,
735 3813 792 3859 et
815 3805 880 3858 ad
910 3812 1102 3858 cuncta
1138 3819 1256 3872 quae
1287 3818 1448 3872 supra
1479 3802 1777 3872 posuimus,

206 3896 417 3952 referre
450 3910 753 3965 possumus.
786 3894 1013 3948 Audisse
1040 3908 1125 3947 me
1151 3892 1370 3947 memini
1400 3901 1631 3961 quatuor
1660 3907 1779 3961 per-

207 3989 564 4050 turbationes,
599 3986 664 4042 de
693 3987 887 4056 quibus
933 3984 1242 4054 plenissime
1274 3982 1462 4037 Cicero
1491 3982 1541 4038 in
1572 3982 1777 4037 Tuscu-

202 4077 348 4131 lanis
392 4078 656 4149 dispotat,
710 4076 920 4146 gaudii,
975 4076 1340 4145 mgritudinis,
1394 4074 1677 4143 cupidinis,
1726 4083 1779 4127 et

205 4168 452 4229 timoris,
489 4180 716 4236 quorum
762 4166 867 4219 duo
906 4166 1186 4235 prmsentia
1210 4204 1224 4230 ,
1274 4164 1378 4219 duo
1410 4163 1585 4217 futura
1618 4173 1771 4227 sunt,

204 4274 307 4330 per
326 4267 556 4326 quatuor
585 4258 873 4327 significari
900 4257 1175 4319 animalia,
1202 4258 1266 4311 de
1306 4257 1500 4326 quibus
1530 4265 1582 4310 et
1609 4255 1767 4327 Virgi-

206 4350 314 4404 lius
342 4349 606 4403 breviter:
629 4371 646 4398 ι
676 4348 809 4402 llinc
829 4332 1433 4417 metuuntcnpiuntque,
1464 4348 1773 4416 delentque,

200 4441 579 4511 gaudentque,
611 4460 628 4489 ι
661 4456 777 4509 qum
804 4440 915 4509 regi
946 4440 1173 4494 debeant
1206 4439 1412 4491 ratione
1443 4446 1495 4491 cl
1536 4438 1771 4507 potentia

198 4532 322 4593 Dei,
347 4531 647 4599 quibusque
670 4532 925 4598 opposite
968 4528 1075 4583 sint
1121 4528 1227 4582 imo
1272 4528 1530 4597 impositae
1550 4528 1773 4580 virtutes

196 4631 458 4690 quatuor,
490 4620 792 4689 prudentia,
826 4618 1051 4687 iustitia,
1085 4618 1365 4681 fortitudo,
1398 4618 1771 4687 temperantia,

196 4723 261 4766 ut
310 4727 495 4766 earum
527 4713 894 4783 gubernentur
923 4711 1166 4765 arbitrio.
1199 4710 1328 4776 Qua:
1369 4710 1636 4779 quomodo
1667 4710 1763 4762 vult

198 4804 349 4860 tibus
381 4804 641 4869 hominis,
680 4802 885 4866 leonis,
922 4800 1183 4870 vitulique
1220 4809 1269 4855 et
1304 4799 1497 4869 aquila:
1518 4810 1775 4869 coapten-

197 4904 317 4959 tur,
345 4895 563 4949 omnino
595 4902 875 4948 tacuerunt
904 4890 1128 4963 (εἶναψ).
1177 4890 1374 4946 Sancta
1402 4900 1635 4961 quatuor
1661 4892 1775 4944 ani-

194 4983 403 5047 malia,
450 4997 569 5052 qua:
610 4983 904 5052 prophetia:
946 4982 1137 5049 spiritu
1188 4982 1361 5034 futura
1412 4980 1775 5048 praevidentur

192 5074 386 5134 subtili
411 5076 716 5128 narratione
742 5073 1137 5136 describuntur,
1163 5088 1283 5127 cum
1311 5073 1507 5126 dicitur
1535 5090 1545 5124 :
1581 5090 1597 5121 ι
1633 5072 1773 5138 Qua-

193 5179 329 5223 tuor
368 5166 532 5222 facies
574 5167 684 5224 uni.
721 5174 773 5220 et
812 5175 1041 5234 quatuor
1076 5160 1261 5233 pennae
1303 5165 1412 5215 uni.
1447 5184 1464 5214 ι
1515 5164 1650 5227 Quid
1677 5179 1769 5231 per

192 5259 417 5321 faciem,
460 5258 561 5310 nisi
608 5257 816 5319 notitia,
862 5265 916 5309 et
957 5255 1081 5323 quid
1129 5270 1223 5323 per
1258 5270 1487 5323 pennam
1532 5254 1633 5307 nisi
1682 5268 1771 5307 vo-

193 5350 343 5405 latus
388 5348 748 5417 exprimitur?
791 5348 893 5401 Per
933 5347 1122 5400 faciem
1166 5349 1362 5416 quippe
1406 5347 1770 5415 unusquisque

193 5438 564 5509 cognoscitur,
593 5452 687 5505 per
723 5449 949 5505 pennam
986 5450 1113 5489 vero
1154 5436 1204 5487 in
1236 5435 1399 5487 altum
1440 5433 1615 5487 avium
1645 5450 1766 5488 cor-

193 5544 332 5600 pora
372 5528 740 5581 sublevantur.
785 5525 974 5579 Facies
1020 5526 1199 5592 itaque
1233 5524 1299 5575 ad
1330 5523 1486 5576 fidem
1515 5524 1763 5593 pertinet.

193 5617 382 5675 Pcnua
427 5617 491 5669 ad
524 5615 1049 5683 contemplationem.
1097 5614 1198 5667 Per
1224 5612 1380 5665 fidem
1426 5628 1659 5681 namque
1701 5614 1767 5667 ab

195 5707 567 5776 omnipotente
616 5707 725 5760 Deo
771 5707 1161 5774 cognoscimur.
1218 5703 1368 5757 Sicut
1405 5704 1515 5771 ipse
1553 5703 1617 5757 de
1656 5704 1767 5757 suis

195 5802 388 5857 ovibus
425 5800 595 5853 dicit:
632 5817 649 5848 c
687 5799 795 5867 Ego
833 5814 948 5851 sunt
994 5807 1175 5865 pastor
1201 5798 1393 5858 bonus,
1421 5806 1473 5848 ct
1501 5810 1765 5863 cognosco

1903 656 1921 688 ι
1942 636 2053 707 Ego
2070 638 2181 693 scio
2200 653 2334 706 quos
2354 641 2623 711 elegerim.
2649 661 2665 692 ι
2689 642 2792 697 Per
2812 644 3320 714 contemplationem
3342 660 3472 700 vero

1896 731 2021 798 quia
2050 744 2213 797 super
2240 734 2594 801 nosmetipsos
2623 734 2857 788 tollimur
2882 736 3033 804 quasi
3062 736 3115 789 in
3146 751 3271 790 aere
3294 736 3477 809 eleva:

1897 834 2036 872 mur.
2072 820 2312 885 Quatuor
2338 838 2465 894 ergo
2494 823 2657 878 facies
2682 827 2773 878 uiti
2805 839 2945 879 sunt.
2986 827 3121 894 Quia
3148 828 3194 880 si
3227 827 3470 897 requiras

1894 911 2024 978 quid
2057 911 2336 965 Mattbaaus
2366 914 2430 967 de
2468 913 2841 969 incarnatione
2869 916 3077 971 Domini
3106 917 3334 983 sentiat,
3368 918 3471 972 hoc

1897 1002 2148 1055 nimirum
2204 1005 2367 1057 sentit
2412 1005 2554 1073 quod
2604 1004 2843 1070 Marcus,
2894 1006 3067 1063 Lucas
3112 1016 3167 1062 et
3212 1006 3468 1062 Joannes.

1898 1088 1952 1144 Si
1993 1106 2203 1160 qureras
2242 1094 2367 1161 quid
2404 1092 2638 1149 Joannes
2678 1098 2875 1150 sentiat
2900 1138 2913 1161 ,
2964 1098 3067 1152 hoc
3095 1098 3276 1167 procul
3310 1099 3471 1152 dubio

1895 1186 2037 1253 quod
2095 1183 2303 1249 Lucas,
2362 1185 2571 1241 Marcus
2633 1197 2687 1241 et
2748 1189 3048 1243 Mattlneus.
3118 1189 3175 1243 Si
3228 1190 3473 1258 requiras

1896 1276 2023 1342 quid
2078 1274 2327 1339 Marcus,
2391 1277 2493 1329 hoc
2547 1280 2686 1344 quod
2748 1278 3065 1341 Mattlncus,
3128 1276 3359 1333 Joannes
3419 1287 3474 1331 et

1896 1366 2087 1419 Lucas.
2150 1366 2204 1421 Si
2252 1367 2496 1434 requiras
2541 1368 2665 1435 quid
2714 1368 2919 1432 Lucas,
2970 1369 3072 1422 hoc
3117 1368 3259 1437 quod
3305 1366 3470 1421 Joan-

1898 1472 2009 1520 nes,
2035 1456 2312 1511 Mattluens
2340 1467 2394 1511 et
2429 1456 2641 1512 Marcus
2668 1459 2848 1511 sentit.
2890 1456 3130 1523 Quatuor
3158 1474 3285 1528 ergo
3312 1459 3477 1514 facies

1896 1547 1986 1601 uni
2014 1556 2155 1611 sunt,
2189 1548 2310 1615 quia
2352 1547 2541 1601 notitia
2590 1548 2712 1601 fidei
2739 1564 2843 1616 qua
2890 1555 3285 1617 cognoscuntur
3312 1547 3475 1601 a-Do-

1895 1636 2039 1689 mino
2072 1637 2179 1689 Deo
2205 1636 2318 1705 ipsa
2353 1645 2435 1690 est
2462 1637 2511 1689 in
2539 1651 2663 1699 uno,
2693 1652 2811 1705 qua:
2838 1646 2919 1690 est
2947 1636 3107 1691 simul
3138 1636 3189 1690 in
3223 1646 3470 1705 quatuor.

1895 1724 2046 1790 Quod
2080 1726 2221 1777 enim
2250 1725 2300 1777 in
2328 1741 2433 1779 uno
2460 1725 2756 1788 inveneris,
2800 1724 2901 1779 hoc
2934 1727 2984 1779 in
3016 1727 3265 1781 omnibus
3315 1726 3475 1780 simul

1896 1825 2127 1882 quatuor
2155 1814 2514 1883 recognoscis.
2547 1833 2565 1864 ‹
2599 1815 2665 1868 Et
2692 1824 2920 1883 quatuor
2942 1833 3129 1885 penum
3145 1817 3255 1870 uni.
3292 1836 3309 1867 ι
3338 1817 3470 1883 Quia

1827 1891 1869 1950 Β
1899 1902 1990 1957 Dei
2018 1906 2397 1974 omnipotentis
2450 1905 2614 1959 tilium
2644 1906 2929 1961 Dominum
2980 1906 3159 1961 Jesum
3197 1905 3469 1961 CbriStum

1813 3228 1857 3289 C

1897 1996 2052 2051 simul
2075 2012 2261 2052 omnes
2282 1999 2620 2052 concorditer
2642 1998 2956 2066 prmdicant,
2978 2006 3035 2054 et
3055 1997 3120 2051 ad
3141 1999 3471 2067 divinitatem

1894 2083 2009 2152 ejus
2048 2087 2243 2141 mentis
2270 2086 2453 2141 oculos
2500 2087 2755 2151 levantes,
2788 2103 2961 2157 penna
3008 2070 3477 2157 contemplationis

1892 2178 2090 2232 volant.
2138 2178 2596 2248 Evangelistarum
2628 2194 2756 2247 ergo
2787 2179 2952 2233 facies
2978 2178 3045 2231 ad
3088 2179 3474 2233 humanitatem

1895 2269 2103 2322 Domini
2155 2270 2404 2337 pertinet,
2443 2286 2614 2339 penna
2660 2269 2724 2323 ad
2755 2270 3128 2324 divinitatem:
3162 2270 3283 2341 quia
3327 2270 3379 2324 in
3410 2285 3475 2325 eo

1892 2376 2050 2429 quem
2081 2376 2396 2430 corporeum
2446 2362 2714 2431 aspiciunt
2738 2362 2888 2431 quasi
2922 2360 3112 2417 faciem
3166 2362 3471 2416 intendunt.

1894 2446 1999 2502 Sed
2046 2448 2168 2501 dum
2208 2448 2349 2501 hunc
2386 2464 2505 2502 esse
2548 2448 3065 2518 incircnntscriptum
3096 2459 3258 2518 atque
3296 2448 3475 2503 incor-

1890 2556 2112 2611 poreum
2153 2558 2217 2596 ex
2244 2542 2523 2596 divinitate
2568 2543 2913 2605 annuutiant,
2943 2557 3039 2611 per
3064 2540 3473 2611 contemplatio-

1890 2631 1975 2684 nis
2003 2646 2255 2700 pennam,
2286 2631 2435 2700 quasi
2485 2631 2537 2684 in
2572 2645 2697 2686 aera
2723 2630 2985 2685 levantur.
3032 2629 3170 2697 Quia
3210 2630 3387 2699 itaque
3417 2638 3471 2685 et

1890 2733 1997 2771 una
2045 2726 2126 2771 est
2180 2718 2312 2773 fides
2360 2719 2743 2773 incarnationis
2772 2718 2886 2786 ejus
2932 2718 2983 2771 in
3014 2718 3263 2772 omnibus
3290 2728 3344 2771 et
3374 2732 3471 2785 par

1889 2812 2269 2883 contemplatio
2304 2814 2601 2867 divinitatis
2628 2813 2743 2883 ejus
2798 2815 2850 2867 in
2888 2813 3133 2884 singulis,
3157 2822 3302 2868 recte
3327 2829 3469 2868 nunc

1890 2904 2350 2972 dicitur,quatuor
2380 2904 2540 2959 facies
2556 2905 2664 2965 uni,
2684 2912 2737 2959 et
2754 2913 2984 2973 quatuor
3010 2919 3200 2973 penna:
3228 2904 3340 2957 uni.
3363 2902 3467 2958 Sed

1889 3010 2007 3063 quze
2034 2991 2204 3049 virtus
2238 3009 2402 3058 esset,
2456 2996 2498 3050 si
2540 2996 2695 3049 tidem
2741 3005 2901 3066 atque
2958 2995 3463 3063 contemplationem

1891 3084 2099 3139 Domini
2146 3084 2407 3139 habentes
2449 3086 2827 3153 praedicatores
2876 3084 3015 3138 illius
3069 3094 3253 3139 sancta
3303 3098 3461 3151 opera

1890 3162 1994 3227 non
2043 3173 2336 3227 haberent?
2386 3173 2679 3242 Sequitur:
2727 3193 2745 3224 ι
2798 3174 2862 3227 Et
2892 3175 3053 3243 pedes
3089 3189 3272 3228 eorum
3301 3173 3464 3241 pedes

1892 3263 2043 3316 recti.
2069 3283 2085 3313 ι
2108 3262 2242 3328 Quid
2258 3279 2353 3333 per
2378 3266 2556 3332 pedes,
2575 3264 2675 3316 nisi
2702 3279 2919 3333 gressus
2940 3271 3151 3316 actuum
3180 3263 3472 3333 designan-

1889 3342 2008 3405 tur?
2034 3352 2271 3419 Quatuor
2313 3368 2439 3423 ergo
2484 3352 2793 3405 animalium
2853 3352 3013 3420 pedes
3061 3352 3192 3406 recti
3222 3367 3340 3406 esse
3367 3352 3463 3405 de-

1886 3444 2211 3497 scribuntur.
2275 3442 2410 3507 Quia
2463 3449 2771 3496 sanctorum
2806 3441 3268 3511 Evangelistarum
3302 3448 3465 3509 atque

1886 3532 2124 3586 omnium
2162 3530 2523 3600 perfecturum
2552 3547 2715 3601 opera
2738 3532 2803 3585 ad
2841 3531 3163 3601 sequendam
3208 3530 3455 3600 iniquita—

1888 3632 1991 3677 tem
2032 3638 2136 3678 non
2173 3634 2295 3679 sunt
2342 3632 2563 3678 retorta.
2612 3623 2675 3678 ili
2726 3633 2903 3678 autem
2940 3623 3100 3692 pedes
3129 3631 3305 3677 rectos
3354 3636 3461 3675 non

1884 3711 2105 3775 habent,
2133 3713 2223 3782 qui
2276 3714 2343 3767 ad
2381 3712 2520 3765 mala
2572 3713 2757 3766 mundi
2802 3727 2920 3782 quae
2966 3710 3282 3781 reliquerint
3313 3710 3461 3766 νεῦρα

1883 3809 2118 3855 ctuntur.
2148 3802 2222 3855 De
2246 3800 2439 3871 quibus
2463 3802 2717 3871 scriptum
2748 3812 2831 3857 est
2857 3822 2871 3855 :
2906 3820 2923 3852 ι
2949 3800 3110 3855 Canis
3124 3816 3373 3855 reversus
3397 3800 3462 3852 ad

1882 3893 2138 3946 vomitum
2167 3908 2343 3957 suum,
2374 3902 2429 3947 et
2455 3909 2546 3947 sus
2575 3894 2683 3947 lota
2712 3893 2765 3947 in
2807 3892 3091 3947 volutabro
3131 3892 3227 3946 luti
3278 3889 3459 3963 (Prov.

1881 3983 2051 4053 uri).
2078 4002 2094 4032 ι
2122 3980 2328 4036 Utvero
2356 3982 2406 4037 in
2422 3984 2621 4037 eisdem
2641 3983 3080 4053 pnedicatoribus
3094 3982 3316 4047 sanctis,
3336 3981 3459 4035 vita:

1880 4074 2134 4143 gravitas.
2154 4072 2408 4129 fortitudo
2423 4085 2583 4144 atque
2600 4077 2853 4130 discretio
2880 4081 3287 4139 monstraretur,
3318 4082 3459 4127 recte

1880 4164 2242 4235 subjuugitur:
2266 4184 2282 4213 ι
2303 4165 2365 4220 Et
2380 4166 2558 4235 planta
2578 4166 2727 4234 pedis
2742 4182 2924 4220 eorum
2944 4167 3093 4235 quasi
3109 4165 3293 4234 planta
3308 4165 3458 4235 pedis

1880 4256 2050 4308 vituli.
2074 4274 2090 4305 ι
2127 4254 2259 4321 Quia
2285 4256 2424 4309 enim
2447 4256 2827 4324 prmdicatores
2855 4256 3028 4309 sancti
3054 4254 3216 4309 boum
3244 4254 3459 4308 nomine

1880 4346 2245 4414 designantur,
2270 4346 2423 4400 docet
2468 4343 3000 4414 Paulus‘apostulus,
3047 4343 3179 4413 legis
3222 4346 3459 4400 testiino-

1879 4444 2023 4497 nium
2050 4459 2323 4512 exponens
2354 4462 2364 4495 :
2403 4462 2421 4494 ι
2458 4442 2571 4497 Non
2604 4443 2883 4498 obturabis
2911 4458 2971 4497 os
3021 4443 3143 4497 bovi
3180 4442 3453 4496 trituianti

1880 4535 1927 4605 (Ι
1954 4534 2075 4588 Cor.
2095 4536 2192 4601 ix).
2218 4534 2274 4589 In
2300 4536 2502 4589 sanctis
2524 4551 2648 4605 ergo
2677 4534 3120 4604 praedicatoribus
3150 4533 3330 4602 planta
3362 4549 3455 4601 pe-

1878 4627 1958 4680 dis
2012 4634 2094 4679 est
2123 4626 2295 4689 vituli,
2322 4626 2523 4680 scilicet
2565 4635 2617 4680 et
2665 4636 2873 4680 mature
2924 4625 3179 4679 incedens
3212 4632 3267 4677 et
3298 4623 3454 4679 furtis

1878 4732 1931 4776 et
1967 4722 2154 4775 divisa.
2205 4722 2339 4788 Quia
2375 4721 2741 4791 unusquisque
2784 4719 3104 4791 prmdicator
3148 4726 3201 4772 et
3230 4732 3455 4771 venera-

1876 4813 2075 4866 tionem
2097 4812 2258 4865 habet
2283 4811 2333 4863 in
2363 4813 2691 4873 maturitate,
2709 4817 2764 4863 et
2793 4807 3159 4863 fortitudinem
3185 4804 3239 4859 in
3262 4818 3446 4875 opere,

1874 4911 1926 4955 et
1954 4901 2269 4955 divisionem
2294 4899 2499 4967 ungula}
2527 4900 2577 4951 in
2606 4898 2943 4955 discretione.
2978 4896 3091 4949 Non
3122 4894 3265 4949 enim
3291 4892 3450 4948 facile

1876 4989 2185 5058 prcedicatio
2228 4990 2344 5059 ejus
2371 4989 2651 5058 accipitur,
2702 4988 2744 5041 si
2784 4988 2915 5042 levis
2966 4987 3022 5042 in
3069 4986 3306 5040 moribus
3328 4998 3449 5039 esse

1877 5080 2141 5133 videatur.
2186 5078 2250 5132 Et
2290 5078 2429 5132 nulla
2466 5080 2570 5132 erit
2615 5077 2939 5132 maturitatis
2966 5076 3216 5137 ostensio,
3247 5075 3289 5129 si
3314 5090 3444 5129 con-

1870 5170 1955 5219 tra
2006 5168 2229 5221 adversa
2282 5167 2460 5220 omnia
2521 5183 2626 5219 non
2678 5164 2909 5219 adfuerit
2944 5166 3119 5234 operis
3169 5164 3442 5217 fortitudo.

1876 5255 2103 5309 Virtutis
2137 5265 2314 5309 autem
2347 5256 2592 5309 meritum
2626 5256 2738 5324 ipsa
2764 5256 3015 5309 fortitudo
3044 5253 3220 5322 operis
3243 5252 3439 5306 admit-

1876 5345 1960 5407 tit,
1998 5345 2299 5399 si'discreta
2339 5344 2393 5397 in
2452 5344 2718 5399 intellectu
2752 5359 2855 5396 non
2891 5342 3065 5395 fuerit.
3118 5341 3251 5394 Ecce
3300 5341 3442 5394 enim

1875 5450 2080 5489 sacram
2115 5432 2445 5503 Scripturam
2498 5434 2749 5503 legimus,
2802 5434 2846 5485 si
2885 5434 3060 5487 omnia
3100 5431 3167 5485 ad
3209 5430 3437 5484 litteram

1875 5525 2196 5588 sentiamus,
2232 5525 2483 5579 virtutem
2511 5525 2849 5578 discretionis
2879 5524 3174 5577 amittimus
3200 5562 3215 5584 ,
3262 5523 3307 5576 si
3333 5536 3445 5575 om-

1876 5615 1962 5667 nia
1994 5613 2060 5666 ad
2106 5615 2399 5683 spiritalem
2431 5615 2734 5683 allegoriam
2764 5614 3033 5677 ducimus,
3079 5612 3325 5666 similiter
3352 5610 3438 5664 in-

1874 5703 2211 5757 discretionis
2234 5704 2456 5756 stultitia
2489 5703 2733 5771 ligainur,
2761 5703 2938 5772 legunt
2963 5704 3105 5755 enim
3145 5716 3297 5760 sacra
3331 5699 3432 5752 clo.

1872 5792 1993 5861 quia
2017 5793 2395 5861 pncdicatores
2426 5793 2593 5845 sancti
2624 5800 2677 5843 ρι
2712 5790 2993 5858 aliquando
3023 5790 3073 5843 in
3099 5787 3320 5842 historia
3350 5786 3425 5839 lit.
