3948 6350
490 406 582 462 Sil

1142 414 1202 467 Β.
1242 414 1491 467 [MBAN]
1532 413 1746 468 MAURI
1787 414 2104 470 .-\RClllEP.
2149 416 2454 472 MOGUNT.
2495 416 2779 473 OPERCM
2824 420 3001 475 PARS
3038 422 3099 476 ll.
3654 433 3716 485 51

3746 433 3767 463 ι

3730 446 3751 467 ὃ.

490 526 659 570 teram
686 524 1000 588 suscipiunt,
1025 525 1314 589 aliquanio
1336 537 1463 577 vero
1494 540 1589 592 per
1620 523 2067 595 significationem
2099 532 2148 590 Α
2173 527 2287 594 ipsa
2322 529 2674 597 ergojustitia
2708 546 2832 586 vere
2851 514 3061 598 justitia
3085 545 3185 599 est,
3212 551 3331 606 qua:
3362 553 3419 592 se
3452 549 3762 609 temperan-

490 605 683 660 littcrre
716 608 963 675 spiritum
1000 610 1316 677 requirunt,
1365 619 1418 664 et
1450 611 1607 664 modo
1631 611 1766 665 bona
1801 611 1938 666 facta
1973 628 2066 681 pa-

490 705 632 749 trum
668 700 1104 766 przeeedentium,
1144 699 1285 753 sicut
1331 700 1484 769 juxta
1515 700 1745 754 litteram
1770 700 2066 767 inveniunt,

488 789 790 852 innituntur,
822 791 981 844 modo
1007 793 1249 860 qumelam
1296 791 1591 860 quzejuxta
1628 792 1906 846 historiam
1952 793 2071 845 imi-

490 880 651 934 tanda
684 896 788 933 non
838 891 981 943 sunt,
1017 883 1330 950 spiritaliter
1362 883 1680 951 intelligunt,
1720 891 1776 937 et
1800 882 1865 936 ad
1896 883 2069 951 profe-

485 980 632 1025 ctum
670 972 912 1025 tendunt.
939 973 1075 1037 Quid
1108 972 1251 1026 aliud
1282 972 1661 1041 praedicatores
1691 973 1859 1027 sancti
1890 973 1942 1026 in
1974 988 2072 1027 suo

483 1074 670 1129 Opere,
698 1060 797 1114 nisi
830 1061 880 1114 in
909 1062 1041 1129 pede
1078 1061 1330 1132 ungulam
1388 1062 1620 1123 tindunt,
1647 1061 1712 1115 de
1742 1061 1935 1130 quibus
1978 1062 2073 1116 ad-

484 1150 590 1203 lme
634 1158 817 1219 aperte
873 1152 1157 1204 subditur:
1195 1170 1213 1201 ‹
1255 1151 1320 1205 Et
1367 1150 1610 1205 scintillae
1636 1152 1789 1219 quasi
1821 1160 2072 1219 aspectus

482 1240 607 1293 teris
636 1241 933 1295 candentis.
967 1260 985 1291 ι
1018 1239 1167 1296 .IEris
1208 1241 1482 1295 metallum
1508 1240 1660 1296 valde
1686 1256 1940 1295 sonorum
1965 1249 2071 1295 est.

483 1332 550 1386 Et
573 1339 716 1385 recte
740 1347 899 1386 voces
928 1334 1336 1402 prtedicantium
1375 1332 1470 1386 teri
1510 1340 1911 1399 comparantur,
1946 1332 2073 1400 quia

490 1442 506 1472 ι
539 1424 591 1476 in
623 1438 835 1477 onmem
871 1432 1071 1477 terram
1110 1424 1277 1479 exivit
1303 1439 1468 1477 sonus
1510 1439 1696 1478 eorum
1720 1464 1737 1487 ,
1762 1435 1817 1478 et
1846 1423 1899 1477 in
1940 1423 2073 1478 ﬁnes

482 1514 631 1568 orbis
656 1522 813 1568 terrae
843 1515 1007 1568 verba
1030 1528 1216 1568 eorum
1245 1513 1417 1583 (Psal.
1451 1513 1676 1583 xvm).$
1706 1513 1851 1568 Bene
1891 1523 2073 1568 autem

480 1618 555 1657 tes
584 1604 822 1657 candens
845 1594 1059 1668 dicitur,
1090 1604 1214 1671 quia
1256 1604 1365 1656 vita
1404 1603 1811 1673 praedicantium
1842 1612 1998 1657 sonat
2018 1613 2075 1657 et

480 1696 650 1748 ardet.
681 1695 847 1748 Ardet
896 1695 1039 1749 enim
1075 1695 1375 1760 desiderio,
1416 1703 1575 1750 sonat
1602 1697 1789 1749 verbo.
1822 1694 1922 1749 [Es
1945 1710 2074 1765 ergo

479 1783 720 1836 candens
744 1792 826 1838 est
848 1784 1161 1852 praedicatio
1189 1798 1436 1839 accensa.
1458 1785 1564 1839 Sed
1585 1783 1652 1840 de
1678 1786 1944 1840 candente
1967 1801 2075 1840 acre

2174 618 2260 671 ti;e
2291 618 2441 673 freno
2472 622 2803 686 moderatur,
2835 630 2891 676 ut
2944 624 2996 676 in
3039 626 3153 681 zelo
3186 642 3290 695 quo
3322 629 3549 697 quisque
3587 628 3767 686 fervet

2172 706 2242 760 sit
2269 708 2433 761 etiam
2460 721 2785 779 temperans,
2820 724 2889 766 ne
2913 714 2959 767 si
2998 714 3116 782 plus
3158 714 3362 771 ferveat
3387 719 3579 787 perdat
3599 720 3764 789 justi-

2172 800 2322 865 tiam,
2354 818 2473 856 cum
2507 820 2723 859 servare
2752 807 3115 861 moderamina
3141 810 3367 879 ignorat.
3422 812 3547 866 Duae
3572 822 3760 867 autem

2170 901 2295 945 sunt
2325 902 2633 947 sanctorum
2678 897 3092 963 pmdicatorum
3127 899 3270 966 Viue,
3321 902 3494 956 activa
3552 904 3766 959 scilicet

2180 989 2227 1035 3t
2260 984 2691 1051 contemplativa.
2713 983 2817 1039 Sed
2844 988 3019 1040 activa
3046 988 3196 1057 prior
3220 998 3303 1043 est
3330 1000 3569 1061 tempore
3595 1008 3762 1061 quam

2172 1076 2619 1145 contemplativa,
2678 1079 2805 1146 quia
2860 1092 2925 1133 ex
2985 1079 3126 1136 bono
3192 1097 3354 1151 opere
3403 1085 3647 1139 tenditur
3691 1085 3761 1139 ad

2172 1168 2716 1235 contemplationem;
2767 1172 3183 1241 contemplativa
3232 1181 3411 1228 autem
3459 1174 3637 1243 major
3678 1184 3766 1230 est

2173 1254 2365 1309 merito
2411 1248 2572 1324 quam
2626 1258 2836 1322 activa,
2879 1262 3006 1329 quia
3056 1262 3173 1317 haec
3220 1263 3274 1316 in
3326 1278 3425 1318 usu
3477 1266 3764 1333 praesentis

2172 1343 2352 1411 operis
2375 1344 2606 1410 laborat,
2639 1345 2725 1399 illa
2756 1363 2886 1403 vero
2908 1364 3101 1419 sapore
3126 1351 3317 1406 intimo
3348 1362 3631 1408 venturam
3647 1354 3763 1422 jam

2172 1434 2413 1503 requiem
2438 1435 2704 1505 degustat.
2721 1437 2859 1504 Quid
2882 1440 3062 1509 itaque
3083 1456 3179 1510 per
3200 1457 3412 1507 manus,
3429 1445 3533 1499 nisi
3558 1446 3759 1509 activa,

2172 1530 2229 1575 et
2254 1522 2379 1592 quid
2403 1539 2497 1592 per
2516 1540 2722 1594 pennas
2749 1528 2856 1583 nisi
2891 1531 3307 1601 contemplativa
3335 1534 3445 1588 vita
3474 1536 3763 1605 signatur?

2176 1611 2364 1667 Manus
2396 1628 2523 1683 ergo
2563 1616 2796 1673 hominis
2825 1620 2924 1674 sub
2974 1622 3164 1690 pennis
3188 1638 3377 1678 eorum
3426 1635 3528 1689 est,
3560 1626 3613 1681 id
3658 1635 3762 1691 est,

2175 1702 2347 1756 virtus
2370 1706 2549 1773 operis
2578 1707 2679 1762 sub
2713 1708 2893 1762 volatu
2926 1712 3409 1782 contemplationis.
3444 1714 3595 1781 Quod
3628 1717 3763 1771 bene

2176 1794 2231 1847 in
2253 1795 2543 1865 Evangelia
2588 1797 2707 1852 duze
2751 1798 2853 1853 illae
2892 1801 3144 1858 mulieres
3183 1804 3496 1874 designant,
3552 1805 3759 1860 Martha

480 1872 723 1928 scintillre
773 1875 1060 1944 prodeunt,
1086 1877 1211 1945 quia
1248 1877 1313 1931 de
1366 1892 1553 1931 eorum
1605 1878 2383 1936 exhortationibusBscilicet
2420 1890 2476 1937 et
2526 1882 2709 1939 Maria.
2765 1904 2784 1937 ί
2840 1886 3048 1942 Martha
3099 1890 3243 1944 enim
3292 1872 3569 1963 satagebat
3618 1895 3761 1949 circa

479 1965 640 2018 verba
672 1964 1002 2021 ﬂammantia
1033 1968 1100 2021 ad
1149 1982 1307 2023 aures
1361 1969 1695 2023 audientium
1747 1970 2066 2038 procedunt.

482 2054 651 2109 Recte
686 2064 866 2110 autem
898 2057 1312 2125 prtedicatorum
1336 2060 1498 2112 verba
1522 2060 1767 2113 scintillae
1795 2061 2074 2129 appellatae

481 2156 625 2223 sunt,
656 2149 780 2217 quia
816 2163 910 2202 eos
938 2164 1074 2217 quos
1122 2149 1176 2203 in
1206 2151 1370 2205 corde
1402 2153 1707 2221 tetigerint.
1759 2154 2068 2207 incendunt.

478 2237 940 2293 Considerandum
988 2255 1201 2309 quoque
1250 2250 1332 2295 est
1368 2242 1509 2309 quod
1554 2242 1799 2296 scintilla:
1847 2242 2074 2297 subtiles

481 2330 636 2383 valde
676 2340 731 2383 et
761 2338 951 2386 tenues
980 2340 1127 2386 sunt.
1162 2331 1295 2398 Quia
1326 2349 1449 2387 cum
1478 2334 1859 2403 praedicatores
1899 2334 2074 2389 sancti

480 2422 547 2476 de
577 2422 786 2477 C(elesti
817 2424 991 2491 patria
1019 2423 1329 2493 loquuntur,
1366 2440 1469 2478 non
1504 2434 1712 2479 tantum
1744 2426 1927 2479 valent
1948 2441 2074 2495 ape-

483 2516 594 2569 rire
624 2515 821 2579 verbo,
870 2524 1129 2584 quantum
1179 2526 1403 2585 possunt
1452 2516 1644 2570 ardere
1670 2516 1957 2570 desiderio.
1998 2516 2074 2569 Ex

483 2621 671 2660 eorum
708 2621 838 2676 ergo
872 2607 1077 2677 lingua,
1115 2608 1267 2675 quasi
1299 2608 1543 2677 quaedam
1586 2608 1652 2662 ad
1705 2623 1801 2662 nos
1829 2608 2075 2677 scintilla;

481 2698 726 2761 veniunt,
763 2698 889 2765 quia
915 2698 982 2752 de
1003 2698 1207 2751 caelesti
1231 2700 1402 2767 patria
1428 2700 1477 2752 in
1504 2715 1692 2753 eorum
1723 2714 1853 2753 voce
1876 2699 1963 2752 vix
2006 2706 2079 2752 te-

482 2804 590 2841 nue
621 2788 823 2859 aliquid
858 2791 1227 2859 cognoscitur,
1257 2790 1401 2860 quod
1427 2799 1606 2845 tamen
1654 2790 1723 2844 ab
1747 2791 1827 2846 eis
1859 2808 1965 2846 non
2000 2799 2077 2846 te-

484 2883 667 2937 nuiter
706 2891 938 2937 amatur.
984 2882 1168 2951 Neque
1218 2884 1361 2937 enim
1402 2883 1677 2937 caelestem
1710 2882 1935 2953 gloriam
1984 2890 2076 2936 aut

486 2968 697 3026 tantum
726 2972 911 3026 videre
961 2974 1231 3026 sulliciunt
1281 2981 1546 3043 quantum
1588 2980 1709 3036 est,
1752 2980 1847 3026 aut
1870 2981 2075 3025 tantum

482 3065 633 3133 loqui
672 3064 965 3135 prmvalent
1004 3075 1265 3136 quantum
1298 3067 1503 3120 vident.
1552 3065 1799 3120 Candens
1837 3080 1967 3136 ergo
2005 3079 2078 3118 aes

483 3158 745 3213 scintillas
791 3160 1025 3229 projicit,
1055 3158 1267 3227 quando
1324 3158 1409 3213 vix
1474 3159 1706 3212 tenuiter
1754 3157 2079 3228 prtedicator

2174 1972 2425 2042 frequens
2455 1974 2831 2042 ministerium,
2860 1977 3021 2031 Maria
3049 1989 3229 2034 autem
3257 1982 3475 2036 sedebat
3499 1983 3566 2037 ad
3595 1985 3759 2052 pedes

2173 2061 2407 2128 Domini,
2444 2074 2499 2118 et
2524 2066 2688 2119 verba
2723 2065 2839 2133 ejus
2860 2068 3114 2123 audiebat
3137 2069 3284 2141 (Luc.
3311 2071 3389 2142 Χ).
3424 2090 3442 2122 ι
3471 2072 3604 2127 Erat
3626 2090 3761 2145 ergo

2173 2167 2279 2205 una
2302 2151 2506 2206 intenta
2530 2154 2700 2222 Operi,
2733 2155 2902 2211 altera
2933 2161 3395 2230 contemplationi.
3428 2162 3544 2219 Una
3574 2165 3765 2219 activae

2175 2242 2465 2307 serviebat,
2500 2259 2597 2313 per
2626 2246 2955 2301 exteriorum
3004 2250 3392 2317 ministerium,
3439 2252 3606 2308 altera
3636 2269 3765 2309 con-

2173 2333 2516 2402 templativre,
2549 2350 2645 2401 per
2670 2340 3077 2406 suspensionem
3118 2342 3296 2397 cordis
3322 2343 3376 2397 in
3403 2344 3649 2399 verbum.
3700 2346 3767 2400 Et

2174 2423 2421 2491 quamvis
2442 2424 2616 2480 activa
2640 2424 2780 2481 bona
2798 2430 2886 2493 sit,
2912 2429 3104 2485 melior
3126 2439 3305 2487 tamen
3329 2443 3411 2488 est
3432 2435 3764 2506 contempla-

2176 2519 2304 2570 tiva.
2340 2516 2474 2584 Quia
2498 2519 2596 2572 ista
2625 2535 2746 2575 cum
2780 2524 2989 2577 mortali
3017 2526 3127 2579 vita
3153 2525 3330 2581 deﬁcit
3358 2567 3373 2592 ,
3416 2528 3505 2582 illa
3551 2545 3681 2585 vero
3711 2531 3767 2584 in

2175 2606 2466 2661 immortali
2488 2609 2596 2661 vita
2622 2608 2829 2679 plenius
2844 2616 3127 2669 excrescit.
3148 2616 3299 2673 Unde
3313 2619 3531 2685 dicitur,
3556 2638 3572 2671 ι
3600 2621 3765 2676 Maria

2174 2698 2435 2767 optimam
2460 2710 2669 2769 partem
2696 2703 2880 2774 elegit,
2910 2720 3029 2775 qua:
3064 2722 3171 2762 non
3202 2708 3480 2764 auferetur
3513 2713 3583 2765 ab
3617 2728 3701 2767 ea.
3740 2734 3760 2765 ι

2177 2789 2310 2856 Quia
2342 2790 2504 2861 igitur
2532 2793 2707 2863 activa
2736 2796 2911 2851 minor
2958 2806 3041 2852 est
3069 2800 3282 2862 merito,
3317 2815 3478 2870 quam
3518 2812 3763 2857 contem~

2177 2882 2394 2951 plativa,
2413 2892 2559 2938 recte
2587 2887 2728 2940 nunc
2750 2884 2947 2939 dicitur
2968 2904 2981 2939 :
3004 2905 3023 2938 ι
3044 2887 3231 2943 Manus
3257 2890 3491 2946 hominis
3515 2892 3615 2946 sub
3640 2910 3767 2962 pen-

2177 2972 2260 3027 nis
2290 2988 2499 3029 eorum.
2532 2993 2551 3026 ›
2581 2974 2718 3029 Nam
2748 2977 2850 3030 etsi
2874 2992 2971 3046 per
2996 2979 3227 3032 activam
3260 2979 3385 3034 boni
3427 2981 3629 3050 aliquid
3658 2984 3768 3052 agi—

2178 3079 2320 3128 mus,
2354 3066 2421 3119 ad
2473 3064 2697 3121 eteleste
2745 3074 2922 3121 tamen
2951 3068 3275 3124 desiderium
3311 3085 3409 3139 per
3436 3072 3764 3141 contempla-

2182 3156 2341 3208 tivam
2369 3155 2627 3209 volamus.
2655 3155 2806 3212 Unde
2834 3166 2889 3211 et
2916 3159 3055 3227 apud
3078 3155 3293 3230 Moysen
3318 3160 3490 3215 activa
3514 3164 3767 3221 servitus.

484 3249 631 3318 loqui
661 3248 854 3304 sullicit
886 3228 989 3304 hoc
1023 3250 1165 3303 unde
1196 3250 1307 3319 ipse
1344 3249 1557 3304 fortiter
1587 3249 1835 3321 ignescit.
1887 3248 2076 3302 Divina
2106 3228 2151 3289 (ἶ
2182 3245 2594 3315 contemplativa
2610 3248 2788 3301 autem
2814 3247 3034 3303 libertas
3050 3228 3290 3305 vocatur.
3310 3251 3510 3305 Etcum
3530 3261 3770 3322 utrmque

483 3347 663 3393 autem
709 3339 909 3408 pietate
965 3340 1161 3410 agitur,
1191 3347 1251 3393 ut
1289 3355 1355 3393 ex
1386 3339 1517 3409 ipsis
1550 3338 1798 3393 scintillis
1824 3338 2079 3393 tenuissi-

484 3429 589 3483 mis
627 3430 895 3483 audientis
927 3430 1140 3484 animus
1176 3428 1556 3485 inﬂammetur.
1584 3429 1720 3497 Quia
1775 3437 1901 3483 sunt
1953 3430 2075 3499 qui-

485 3522 630 3588 dant,
665 3523 756 3591 qui
787 3523 912 3577 dum
945 3540 1113 3593 parva
1166 3525 1392 3578 audiunt
1442 3522 1644 3592 majore
1678 3524 1944 3580 desiderio
1993 3539 2078 3578 re-

485 3615 719 3685 plentur,
746 3624 801 3671 et
830 3617 955 3670 inde
997 3615 1233 3686 perfecte
1264 3617 1317 3669 in
1350 3616 1443 3670 Dei
1477 3630 1661 3671 amore
1698 3616 1906 3679 ardent,
1938 3600 2079 3669 unde

482 3706 572 3758 vix
647 3706 988 3761 tenuissimas
1053 3708 1345 3761 verborum
1410 3706 1673 3761 scintillas
1748 3707 2075 3775 acceperint.

487 3796 722 3851 Verbum
752 3798 950 3867 quippe
998 3799 1417 3868 prtedicationis,
1459 3813 1643 3852 semen
1698 3799 1750 3852 iu
1789 3799 1950 3853 corde
1979 3814 2080 3850 au-

488 3888 686 3941 dientis
705 3896 805 3942 est.
838 3889 901 3941 Et
925 3891 1141 3943 auditor
1166 3888 1339 3942 bonus
1366 3888 1485 3942 inde
1512 3889 1709 3957 profert
1737 3888 2078 3958 postmodum

490 3993 742 4048 magnam
774 3994 1005 4033 messem
1034 3979 1307 4043 scientia},
1364 3979 1506 4033 unde
1535 3993 1760 4047 parvum
1806 3978 1957 4047 prius
1996 3994 2083 4033 ac-

488 4078 711 4137 ceperat
740 4083 922 4123 semen
951 4068 1168 4139 lingua}.

569 4178 587 4208 ι
629 4159 694 4212 Et
721 4174 934 4221 manus,
970 4160 1165 4228 inquit,
1199 4161 1432 4214 hominis
1463 4160 1562 4214 sub
1591 4161 1784 4229 pennis
1810 4175 1996 4215 eorum
2024 4161 2079 4213 in

493 4269 509 4299 ι
545 4258 781 4319 quatuor
815 4258 1016 4319 partes.
1048 4269 1065 4299 ι
1096 4250 1327 4305 Possunt
1356 4252 1458 4304 hoc
1486 4253 1537 4305 in
1563 4251 1680 4307 loco
1703 4261 1939 4322 quatuor
1960 4268 2085 4321 par-

487 4347 572 4393 tes
616 4340 863 4408 regiones
890 4350 1121 4417 quatuor
1150 4341 1335 4393 mundi
1372 4341 1560 4409 accipi.
1594 4340 1835 4406 Scilicet,
1875 4328 2079 4405 oriens,

486 4430 764 4495 occidens,
782 4432 1035 4486 meridies
1048 4440 1099 4485 et
1122 4433 1581 4501 septentrionalis.
1604 4432 1738 4500 Quia
1770 4442 2081 4488 sanctorum

488 4524 824 4593 prtedicatio,
855 4532 1077 4578 auctore
1110 4524 1239 4587 Deo,
1273 4523 1324 4576 in
1370 4526 1579 4579 cunctis
1626 4524 1809 4579 inundi
1839 4524 2081 4594 partibus

489 4622 573 4667 est
609 4628 846 4682 egressa.
892 4614 1185 4669 Possumus
1235 4614 1401 4668 etiam
1451 4631 1548 4683 per
1592 4624 1827 4684 quatuor
1866 4624 2079 4685 partes,

491 4702 818 4773 principales
840 4711 1071 4774 quatuor
1091 4704 1319 4759 virtutes
1352 4705 1630 4775 accipere,
1673 4721 1738 4760 ex
1778 4705 1975 4775 quibus
1999 4720 2082 4758 re—-

492 4795 649 4863 liqua:
674 4794 903 4848 virtutes
934 4794 1205 4858 oriuntur,
1233 4794 1503 4859 videlicet,
1533 4796 1895 4865 prudentiam,
1931 4794 2084 4850 forti-

491 4886 1043 4953 tudinem,justitiam
1080 4894 1243 4955 atque
1268 4887 1703 4954 temperantiam.
1745 4885 1890 4952 Quas
1924 4885 2086 4940 nimi-

490 4992 610 5029 rum
647 4976 874 5030 virtutes
906 4984 1034 5030 tunc
1070 4976 1341 5031 veraciter
1390 4976 1709 5045 accipimus,
1743 4990 1864 5027 cum
1895 4989 2082 5029 earum

487 5069 733 5124 ordinem
769 5068 1125 5123 custodimus.
1193 5068 1374 5123 Prima
1414 5068 1613 5138 quippe
1666 5066 1970 5136 prudentia,
2000 5080 2085 5120 se-

489 5160 663 5215 cunda
708 5159 990 5224 fortitudo,
1024 5161 1183 5215 tertia
1225 5160 1459 5230 justitia,
1488 5167 1683 5229 quarta
1730 5158 2083 5227 temperantia

486 5262 588 5308 est.
615 5253 752 5320 Quid
772 5254 915 5308 enim
948 5253 1207 5323 prodesse
1252 5260 1430 5323 potest
1459 5252 1744 5321 prudentia
1770 5291 1785 5315 ,
1847 5251 1890 5305 si
1930 5249 2082 5305 forti-

490 5346 620 5399 tudo
650 5346 829 5399 desit?
858 5344 1010 5399 Scire
1042 5346 1240 5400 etenim
1289 5345 1536 5413 cuiquam
1586 5342 1728 5413 quod
1762 5356 1865 5395 non
1908 5348 2085 5409 potest

489 5438 670 5492 facere
698 5452 857 5506 poena
898 5439 1069 5506 magis
1096 5452 1260 5507 quam
1301 5437 1475 5490 virtus
1520 5444 1620 5488 est.
1672 5433 1777 5487 Sed
1815 5432 1903 5500 qui
1949 5446 2077 5500 pru—

489 5528 678 5582 denter
704 5528 957 5595 inteliigit
982 5528 1125 5594 quod
1154 5536 1349 5597 agatur
1372 5567 1387 5588 ,
1444 5532 1499 5579 et
1542 5523 1758 5579 fortiter
1790 5524 1899 5593 agit
1934 5522 2079 5591 quod

493 5615 971 5684 lntellexerit,jam
1003 5617 1191 5687 procul
1229 5615 1598 5684 dubiojustus
1648 5623 1748 5669 est.
1803 5611 1908 5666 Sed
1961 5611 2079 5680 ejus

489 5706 748 5777 justitiam
781 5709 1134 5776 temperantia
1166 5708 1317 5777 sequi
1348 5708 1506 5762 debet
1537 5746 1553 5770 ,
1607 5706 1729 5774 quia
1763 5704 2081 5773 plerumque

490 5800 696 5870 justitia
735 5800 779 5856 si
816 5804 1031 5858 liltlJilln
1063 5820 1166 5858 nun
1211 5803 1371 5857 habet
1418 5803 1468 5855 in
1494 5800 1864 5855 crudtlitatem
1901 5798 2076 5863 cadet,

2180 3339 2302 3392 vitae
2326 3353 2390 3392 ex
2423 3338 2563 3393 dono
2594 3338 2701 3394 sint
2732 3341 2940 3410 gratia},
2969 3343 3225 3411 quamdiu
3258 3352 3435 3397 tamen
3476 3343 3619 3397 inter
3647 3360 3767 3413 pro-

2179 3430 2355 3484 ximos
2384 3430 2634 3495 vivimus,
2673 3446 2778 3484 una
2809 3433 2962 3486 nobis
2983 3432 3036 3486 in
3063 3434 3387 3488 necessitate
3422 3444 3502 3487 est
3525 3475 3539 3499 ,
3594 3435 3763 3488 altera

2180 3518 2233 3572 iu
2262 3519 2555 3573 voluntate.
2588 3518 2718 3586 Quis
2766 3522 2909 3575 enim
2958 3537 3289 3593 cognoscens
3323 3522 3512 3587 Deum,
3541 3523 3608 3576 ad
3656 3523 3770 3591 ejus

2178 3624 2405 3681 regnum
2436 3610 2754 3680 ingreditur,
2781 3612 2882 3666 nisi
2932 3612 3069 3668 bene
3122 3613 3273 3682 prius
3309 3614 3607 3684 operetur?
3639 3613 3766 3669 Siue

2178 3701 2595 3771 contemplativa
2624 3717 2751 3772 ergo
2780 3704 2889 3756 vita
2918 3704 3121 3758 intrare
3150 3714 3373 3775 possunt
3399 3705 3466 3759 ad
3491 3705 3769 3760 cmlestem

2178 3791 2433 3861 patriam,
2468 3794 2559 3861 qui
2614 3796 2755 3847 bona
2784 3809 2903 3862 qua:
2934 3805 3161 3864 possunt
3191 3794 3404 3863 operari
3442 3811 3549 3849 non
3606 3795 3773 3865 negli-

2180 3894 2330 3955 gunt.
2365 3883 2495 3939 Sine
2536 3886 2711 3939 activa
2743 3895 2925 3941 autem
2954 3886 3162 3941 intrare
3193 3902 3297 3942 non
3325 3896 3570 3956 possunt,
3596 3889 3639 3942 si
3674 3905 3770 3943 ne-

2179 3975 2385 4046 gligant
2412 3977 2553 4031 bona
2578 3978 2788 4046 operari
2816 3994 2936 4047 qure
2967 3990 3211 4048 possunt.
3268 3978 3360 4049 Illa
3404 3995 3533 4050 ergo
3580 3981 3633 4034 in
3680 3995 3770 4034 ne-

2185 4068 2451 4131 cessitate,
2482 4070 2597 4124 hzec
2619 4070 2673 4122 in
2697 4070 2971 4125 voluntate
2998 4080 3102 4125 est.
3136 4071 3227 4125 Illa
3258 4072 3309 4125 in
3356 4073 3637 4135 servitute,
3668 4075 3769 4127 ista

2182 4160 2234 4213 in
2259 4160 2530 4215 libertate.
2557 4161 2693 4215 llinc
2726 4173 2809 4216 est
2842 4163 2985 4217 enim
3018 4163 3160 4233 quod
3191 4165 3259 4218 ad
3292 4163 3508 4235 Moysen
3536 4164 3769 4221 dicitur:

2188 4272 2204 4303 ‹
2219 4252 2273 4308 Si
2298 4254 2495 4307 emeris
2521 4270 2734 4308 servum
2750 4254 3059 4318 Hebraeum,
3078 4270 3170 4309 sex
3188 4256 3344 4309 annis
3359 4257 3558 4310 serviet
3582 4256 3698 4322 tibi,
3718 4259 3769 4312 in

2182 4342 2409 4411 septimo
2434 4343 2743 4412 egredietur
2771 4344 2907 4397 liber
2948 4345 3135 4413 gratis,
3163 4360 3285 4399 cum
3331 4344 3474 4414 quali
3504 4354 3651 4400 veste
3693 4347 3774 4401 in-

2186 4431 2419 4495 traverit,
2454 4448 2573 4485 cum
2603 4433 2693 4485 tali
2744 4438 2900 4487 exeat
2940 4432 3134 4503 (Exod.
3184 4434 3318 4505 xxi).
3362 4453 3379 4485 ι
3416 4434 3618 4491 Servus
3646 4452 3775 4491 vero

2190 4521 2443 4576 Hebra'us
2466 4532 2677 4592 emptus
2722 4539 2814 4578 sex
2845 4524 3000 4578 annis
3026 4526 3231 4579 servire
3258 4526 3590 4595 praecipitur,
3613 4528 3686 4581 ita
3716 4538 3775 4583 ut

2186 4613 2237 4667 in
2261 4615 2493 4685 septimo
2519 4614 2655 4669 liber
2693 4626 2852 4670 exeat
2894 4616 3083 4685 gratis.
3114 4616 3252 4683 Quid
3280 4618 3422 4671 enim
3466 4633 3563 4688 per
3616 4635 3774 4674 sena-

2184 4708 2322 4759 rium
2352 4721 2631 4761 numerum
2653 4746 2666 4771 ,
2718 4707 2820 4761 nisi
2849 4708 3035 4762 activa:
3067 4710 3189 4762 vita:
3235 4708 3495 4777 perfectio
3524 4710 3773 4780 designa-

2185 4797 2306 4850 tur?
2331 4796 2469 4863 Quid
2501 4813 2598 4867 per
2632 4798 2993 4866 septenarium
3047 4800 3147 4852 nisi
3209 4799 3626 4869 contemplativa
3678 4815 3773 4854 ev~

2182 4888 2465 4957 primitur?
2501 4888 2607 4942 Sex
2630 4904 2759 4942 vero
2786 4890 2941 4943 annis
2967 4881 3211 4952 servivit,
3262 4898 3313 4943 et
3356 4890 3585 4958 septimo
3617 4904 3770 4959 egro-

2184 4978 2330 5033 ditur
2361 4979 2515 5045 liber,
2549 4979 2636 5048 qui
2669 4995 2765 5049 per
2785 4980 3014 5033 activam
3046 4994 3208 5048 quam
3240 4978 3479 5048 perfecte
3504 4980 3769 5035 exhibue-

2186 5070 2256 5133 rit
2276 5070 2341 5123 ad
2366 5070 2789 5141 contemplativa:
2820 5071 2943 5125 vitae
2974 5068 3275 5123 libertatem
3309 5069 3522 5123 transit.
3555 5069 3769 5124 Etenim

2182 5176 2369 5216 servus
2394 5170 2478 5216 est
2510 5162 2600 5231 qui
2628 5177 2724 5231 per
2752 5162 2982 5216 activam
3008 5161 3175 5215 vitam
3204 5160 3513 5216 hominibus
3555 5161 3768 5217 servire

2182 5255 2463 5323 disposuit,
2496 5264 2555 5307 ut
2586 5264 2707 5323 post
2750 5268 2987 5322 prresens
3039 5254 3296 5307 saeculum
3342 5252 3409 5306 ad
3460 5250 3768 5306 libertatem

2185 5359 2367 5399 veram
2397 5344 2569 5398 valeat
2598 5342 2879 5412 pervenire
2905 5359 2918 5394 :
2948 5342 3013 5397 de
3034 5356 3139 5411 qua
3169 5356 3265 5411 per
3289 5340 3513 5395 Paulum
3535 5339 3765 5396 dicitur:

2188 5454 2206 5486 ι
2246 5434 2379 5502 Quia
2408 5444 2461 5490 et
2490 5436 2604 5505 ipsa
2628 5442 2873 5488 creatura
2925 5432 3240 5488 liberabitur
3268 5447 3296 5484 a
3331 5432 3594 5485 servitute
3640 5447 3762 5485 cor-

2183 5527 2470 5595 ruptionis,
2498 5526 2553 5579 in
2600 5526 2902 5581 libertatem
2945 5524 3127 5595 gloriae
3176 5523 3407 5578 filiorum
3451 5522 3543 5577 Dei
3575 5522 3763 5592 (Rom.

2182 5617 2323 5688 vni).
2362 5636 2381 5669 ι
2411 5617 2563 5671 Tunc.
2593 5617 2792 5671 etenim
2822 5630 2947 5669 vera
2974 5615 3023 5667 in
3051 5614 3208 5668 nobis
3240 5612 3460 5666 libertas
3489 5612 3615 5677 erit,
3642 5627 3766 5667 cum

2186 5708 2252 5760 ad
2273 5705 2496 5775 gloriam
2529 5705 2758 5758 filiorum
2799 5704 2894 5757 Dei
2937 5702 3154 5771 adoptio
3209 5710 3391 5755 nostra
3438 5700 3760 5769 pervenerit.

2188 5797 2339 5851 Nunc
2366 5811 2495 5867 ergo
2525 5812 2626 5851 non
2652 5794 2820 5849 solum
2845 5794 3019 5848 activa
3053 5794 3160 5847 vita
3191 5794 3244 5846 in
3270 5793 3530 5847 servitute
3552 5789 3761 5855 εει.ωά
