3948 6326
157 306 259 361 513

1107 312 1455 369 (ΖΟΜΪιῙΕΝΤ.
1499 315 1563 369 IN
1604 315 2063 373 EZECHIELEM.
2106 350 2174 359 -—
2212 320 2340 375 LIB.
2376 321 2414 375 ι.

3310 337 3408 394 5H

158 419 266 489 ipsa
295 435 508 489 quoque
550 422 928 490 contemplatio
968 440 1069 492 qua
1117 442 1275 494 super
1317 443 1414 482 nos
1463 428 1724 496 rapimur,
1757 434 1806 489 Α
1831 429 1931 481 sim
1961 430 2063 483 sibi
2097 431 2147 483 in
2190 431 2470 485 charitatis
2500 440 2657 500 atque
2695 436 2993 491 concordiae
3026 453 3155 506 pace
3201 445 3413 499 ευυίιιιιο

156 510 458 563 libertatem
487 512 681 565 tuentis
705 513 876 567 adhuc
920 514 1150 583 perfecte
1181 532 1286 570 non
1336 518 1539 571 obtinet
1567 557 1581 580 ,
1632 519 1727 572 sed

153 599 415 665 imitatur,
439 602 563 670 quia
592 602 679 655 illa
703 604 855 671 quies
883 606 1066 659 intima
1107 607 1157 659 in
1182 608 1465 676 mnigmate
1493 608 1724 661 videtur.

151 690 266 760 ipsa
291 701 469 746 tamen
501 694 553 746 in
582 694 919 762 quantalibet
963 696 1032 749 sit
1056 698 1527 766 contemplationis
1557 713 1726 766 angu-

150 783 270 839 stia.
306 781 483 835 activa
514 781 622 835 vita
676 782 787 851 jam
832 784 985 837 valde
1027 795 1108 839 est
1150 786 1310 840 latior
1358 796 1519 855 atque
1564 788 1729 841 subli-

151 869 311 932 mior,
338 884 459 937 quae
483 870 549 923 ad
596 872 881 939 quamdam
913 875 1108 926 mentis
1158 874 1461 929 libertatem
1514 877 1722 939 transit,

152 958 468 1027 temporalia
493 975 601 1013 non
653 961 915 1030 cogitans,
957 962 1049 1016 sed
1091 972 1312 1017 aeterna.
1366 963 1498 1031 Quia
1549 965 1727 1034 itaque

148 1046 564 1115 contemplativa
594 1046 701 1100 vita
717 1048 782 1100 ad
805 1050 1080 1118 superiora
1107 1052 1302 1115 evolat,
1327 1064 1380 1106 et
1402 1053 1589 1107 activa:
1606 1054 1726 1108 vita:

150 1133 305 1202 longe
339 1144 601 1204 superest,
641 1137 867 1204 quadam
897 1146 952 1191 ut
983 1139 1056 1192 ita
1080 1141 1252 1194 dicam
1290 1141 1546 1210 dignitate
1572 1156 1727 1197 secu-

147 1226 325 1279 ritatis
348 1240 478 1289 suae,
503 1235 624 1295 apte
650 1243 791 1281 nunc
808 1228 1030 1294 dicitur,
1052 1250 1069 1281 ι
1092 1240 1143 1285 et
1167 1249 1357 1286 manus
1378 1234 1611 1288 hominis
1630 1236 1728 1291 sub

146 1314 338 1381 pennis
364 1330 549 1369 eorum
580 1324 681 1369 est.
719 1336 736 1367 ι
774 1318 906 1383 Quia
941 1320 1043 1373 nisi
1077 1320 1216 1375 Deus
1244 1321 1405 1376 homo
1438 1322 1608 1389 fieret,
1636 1326 1727 1393 qui

148 1414 355 1459 mentes
396 1406 799 1474 praedicantinsu
835 1410 902 1463 ad
950 1410 1189 1465 caelestia
1218 1412 1589 1479 sublevasset,
1638 1416 1725 1471 illa

144 1508 265 1561 qua:
301 1503 563 1563 apparent
608 1496 855 1551 animalia
886 1512 991 1552 non
1019 1498 1281 1553 volarent.
1322 1498 1429 1555 Nec.
1457 1504 1725 1559 immerito

144 1600 338 1640 manus
377 1585 609 1639 hominis
636 1602 753 1641 esse
776 1590 876 1643 sub
907 1591 1098 1657 pennis
1143 1591 1355 1655 dicitur,
1383 1594 1506 1662 quia
1541 1595 1607 1647 de
1634 1610 1726 1650 eo-

143 1672 265 1727 dem
322 1674 679 1744 Redemptore
730 1685 917 1731 nostro
956 1679 1211 1748 scriptum
1276 1690 1357 1735 est
1417 1681 1602 1753 (Hebr.
1640 1683 1719 1755 l):

1830 526 1934 569 tur.
1995 517 2177 571 Penna
2243 529 2419 573 autem
2452 520 2673 575 alterius
2722 522 2790 575 ab
2844 523 3016 579 altero
3046 527 3214 583 divisa
3242 542 3407 599 esset,

1830 605 1953 658 siin
2005 606 2107 659 boc
2131 607 2272 674 quod
2326 609 2687 676 unusquisque
2744 611 2794 664 in
2846 613 3160 681 sapientiam
3210 620 3407 688 evolat,

1830 694 2030 749 habere
2054 710 2239 763 pacem
2265 710 2387 749 cum
2406 697 2577 751 altero
2599 711 2887 755 recusaret.
2907 703 3162 773 Sequitur
3186 726 3198 761 :
3238 728 3257 761 ι
3290 709 3410 768 Non

1830 784 2239 837 revertebantur
2259 799 2377 838 cum
2397 785 2722 851 incederent,
2740 792 2831 843 sed
2851 798 3265 868 unumquodque
3282 812 3408 855 ante

1830 868 2019 923 faciem
2048 886 2198 925 suam
2223 873 2614 942 gradiebatur.»
2645 874 2879 930 Pennata
2911 881 3179 947 animalia,
3221 888 3410 943 videli-

1829 970 1913 1014 cet
1937 961 2322 1029 priedicatores
2348 964 2559 1027 sancti,
2598 980 2719 1018 cum
2779 967 3027 1024 incedunt
3063 973 3281 1030 minime
3318 992 3407 1032 re—

1828 1060 2134 1118 vertuntur,
2162 1055 2284 1123 quia
2313 1054 2391 1109 sic
2416 1070 2445 1107 a
2482 1056 2711 1110 terrenis
2757 1058 2963 1113 actibus
3014 1062 3081 1115 ad
3145 1066 3407 1134 Spiritalia

1829 1152 2240 1211 pertranseunt,
2304 1151 2362 1197 ut
2396 1144 2462 1198 ad
2508 1160 2571 1199 ea
2606 1160 2724 1213 quae
2769 1146 3153 1217 dereliquerint
3182 1153 3407 1210 ulterius

1829 1231 2133 1285 nullatenus
2168 1230 2531 1286 reﬂectantur.
2578 1235 2739 1298 Quasi
2791 1236 2935 1289 enim
2976 1252 3071 1305 per
3114 1241 3401 1307 quamlam

1828 1321 1969 1374 viam
1993 1320 2072 1375 eis
2100 1321 2363 1383 incedere,
2386 1331 2469 1375 est
2506 1332 2683 1377 mente
2712 1323 2791 1377 ire
2820 1339 3032 1394 semper
3058 1329 3124 1381 ad
3156 1328 3401 1394 meliora,

1826 1426 1934 1479 quo
1957 1422 2141 1466 contra
2171 1414 2237 1467 de
2268 1416 2505 1484 reprobis
2540 1416 2770 1470 dicitur:
2800 1435 2820 1468 ι
2854 1416 3020 1473 Nemo
3042 1420 3263 1475 mittens
3286 1436 3407 1476 ma-

1825 1514 1954 1552 num
1980 1514 2133 1553 suam
2184 1500 2237 1553 in
2269 1510 2452 1556 aratro
2480 1510 2534 1556 et
2571 1503 2859 1572 respiciens
2907 1514 3083 1571 retro,
3141 1518 3294 1576 aptus
3324 1516 3410 1562 est

1828 1601 1993 1655 regno
2019 1588 2111 1641 Dei
2141 1588 2290 1659 (Luc.
2321 1595 2418 1657 ix).
2444 1610 2461 1641 ι
2493 1590 2703 1644 Manum
2730 1593 2924 1661 quippe
2945 1594 2998 1647 in
3021 1605 3261 1649 aratrum
3290 1597 3408 1653 mit-

1830 1682 1943 1728 tere
1969 1682 2069 1739 est,
2111 1682 2265 1746 quasi
2305 1693 2399 1746 per
2424 1678 2705 1747 quemdam
2753 1684 3183 1749 compnnctionis
3224 1701 3408 1739 vome-

148 1782 166 1813 ε
195 1762 298 1829 Qui
327 1780 449 1818 cum
482 1766 553 1818 sit
586 1766 839 1835 splendor
868 1768 1083 1836 8101-333,
1113 1778 1167 1823 ει
1200 1772 1367 1839 σθαι-ει
1415 1772 1729 1827 substantiae
1758 1777 1803 1833 Β
1834 1777 1945 1815 rem
1976 1764 2043 1816 ad
2070 1763 2420 1832 proferendos
2465 1767 2670 1821 fructus
2706 1779 2901 1822 terram
2952 1772 3033 1825 sui
3077 1775 3253 1828 cordis
3281 1790 3409 1843 ape-

144 1851 281 1920 ejus,
313 1862 643 1923 portansque
680 1857 859 1910 omnia
897 1858 1059 1911 verbo
1086 1859 1224 1912 vine.
1256 1878 1272 1909 ι
1300 1860 1427 1927 Ejus
1456 1876 1584 1929 ergo
1614 1876 1727 1915 ma-

144 1956 248 1996 nus
282 1942 445 2001 corda
469 1954 649 1998 nostra
665 1954 863 2013 portat.
913 1947 1043 2017 Ejus
1088 1964 1279 2003 manus
1307 1952 1361 2003 in
1392 1953 1725 2021 contempla-

144 2035 291 2089 tione
316 2051 417 2090 nos
444 2036 706 2092 sublevat.
741 2037 849 2094 Nisi
873 2040 1014 2093 enim
1048 2049 1107 2094 ut
1128 2041 1329 2096 dictum
1357 2052 1438 2097 est
1483 2046 1727 2115 omnipo-

142 2126 311 2180 tentis
330 2124 565 2179 Verbum
590 2137 810 2197 pr0pter
838 2130 1085 2185 homines
1111 2131 1269 2187 homo
1300 2132 1468 2198 fieret,
1491 2134 1724 2189 humana

141 2212 308 2267 corda
331 2212 399 2267 ad
427 2216 895 2285 contemplandam
920 2219 1076 2274 Verbi
1102 2221 1476 2276 excellentiam
1502 2239 1607 2277 non
1634 2239 1727 2280 vo.

140 2302 338 2359 larent.
370 2304 497 2359 lude
527 2321 653 2376 ergo
684 2307 911 2385 excelsa:
940 2308 1093 2366 factae
1118 2321 1245 2366 sunt
1271 2313 1549 2368 hominum
1577 2330 1726 2367 men-

140 2404 246 2459 tes,
288 2396 432 2450 unde
461 2397 605 2451 inter
638 2396 883 2453 homines
910 2400 1157 2470 apparuit
1195 2400 1412 2455 humilis
1442 2401 1602 2456 Deus.
1630 2402 1725 2456 Di-

138 2491 299 2538 catur
328 2484 509 2554 itaque
535 2486 601 2542 de
633 2489 834 2543 sanctis
861 2489 1206 2555 animalibus,
1236 2492 1465 2558 dicatur,
1485 2512 1503 2545 ι
1525 2502 1581 2547 et
1609 2508 1724 2547 ma-

138 2565 504 2630 uus1aominis
526 2577 624 2631 sub
651 2578 842 2647 pennis
873 2594 1079 2633 eorum.
1105 2599 1123 2631 ι
1478 2646 1481 2653 ἱ
1542 2644 1543 2647 η

214 2683 235 2715 ε
268 2664 338 2719 Et
359 2664 530 2723 facies
553 2676 608 2720 et
632 2682 835 2736 pennas
855 2683 952 2739 per
971 2679 1204 2738 quatuor
1223 2680 1401 2739 partes
1432 2673 1721 2741 habebant,

143 2770 163 2805 ι
192 2751 505 2825 junctaque
519 2766 673 2833 erant
702 2773 892 2828 penna:
914 2774 1101 2813 eorum
1123 2761 1344 2816 alterius
1372 2764 1437 2817 ad
1470 2764 1719 2817 alterum.

142 2860 163 2893 ι
199 2842 317 2898 Non
354 2846 769 2901 revertebantur
811 2862 932 2917 cum
985 2849 1334 2916 incederent,
1396 2853 1490 2907 sed
1534 2869 1724 2909 unum-

142 2950 160 2981 ι
190 2931 445 3002 quodque
506 2942 630 2989 ante
683 2935 872 2991 faciem
934 2953 1083 2992 suam
1140 2940 1508 3007 gradiebatur,
1545 2960 1564 2993 ι
1614 2951 1720 2997 etc.

136 3022 413 3092 (Βᾶθι-οη.)
440 3021 630 3078 Juncta
654 3025 754 3079 sibi
784 3036 911 3081 sunt
930 3027 1217 3098 Evangelia
1247 3030 1561 3101 hmrentque
1606 3048 1723 3086 mu-

1828 1854 1956 1918 rire,
1978 1854 2070 1907 sed
2096 1864 2240 1909 retro
2257 1862 2623 1922 postaratrum
2643 1861 2854 1927 aspicit,
2882 1863 2969 1930 qui
3018 1874 3139 1932 post
3184 1869 3407 1924 exordia

1826 1942 1951 1997 boni
1981 1944 2180 2013 Operis,
2211 1946 2295 1999 ad’
2326 1946 2465 1999 mala
2497 1947 2803 2015 revertitur,
2843 1965 2963 2019 quae
3010 1953 3247 2023 reliquit.
3298 1957 3406 2015 Sed

1826 2032 1951 2099 quia
1978 2034 2079 2087 hoc
2104 2033 2288 2088 electis
2305 2034 2396 2089 Dei
2426 2034 2645 2090 minime
2675 2040 2954 2108 contingit,
2982 2050 3124 2095 recte
3140 2059 3280 2099 nunc
3312 2061 3409 2116 per

1823 2121 2148 2192 Prophetam
2191 2124 2427 2178 dicitur:
2462 2124 2575 2179 Non
2620 2128 3027 2181 revertebantur
3053 2144 3174 2185 cum
3198 2133 3413 2189 incede-

1826 2224 1964 2283 rent.
2003 2213 2104 2281 Qui
2137 2231 2235 2270 cur
2280 2232 2389 2271 non
2431 2219 2833 2273 revertebantur
2860 2219 3080 2286 indicat,
3109 2238 3229 2276 cum
3284 2224 3411 2279 sub-

1818 2302 2033 2379 jungit:
2071 2324 2091 2356 ι
2127 2306 2552 2378 Unumquodque
2577 2318 2701 2362 ante
2730 2308 2920 2363 faciem
2963 2325 3113 2365 suam
3135 2312 3410 2382 gradieba-

1826 2404 1933 2448 tur.
1973 2413 1992 2446 ι
2030 2393 2170 2450 Ante
2192 2409 2294 2450 nos
2319 2397 2463 2451 enim
2486 2406 2684 2451 zeterna
2712 2407 2875 2463 sunt,
2915 2408 3036 2469 post
3074 2415 3172 2455 nos
3210 2411 3409 2472 tempo-

1826 2485 1981 2550 ralia,
2021 2486 2145 2555 quia
2182 2489 2250 2540 ad
2291 2487 2381 2540 illa
2416 2496 2703 2557 pergentes
2750 2489 3073 2554 invenimus,
3096 2499 3150 2544 et
3185 2491 3286 2543 ista
3322 2505 3406 2546 re-

1825 2575 2079 2630 cedentes
2125 2576 2281 2646 quasi
2312 2584 2434 2645 post
2469 2577 2685 2631 dorsum
2741 2576 3114 2647 relinquimus.
3172 2578 3321 2633 Unde
3354 2587 3411 2636 et

1782 2690 1786 2693 -
1824 2678 2077 2732 magnum
2110 2664 2236 2717 illud
2264 2672 2552 2733 pennatum
2576 2664 2773 2717 animal
2806 2665 3034 2729 dicebat,
3068 2666 3209 2735 quod
3239 2682 3409 2736 usque

1824 2755 1892 2808 ad
1924 2753 2046 2809 cceli
2080 2755 2220 2809 tertii
2245 2764 2452 2811 secreta
2490 2755 2765 2809 velaverat
2794 2774 2806 2808 :
2846 2774 2864 2806 ι
2908 2756 3079 2812 Unum
3112 2772 3257 2821 vero,
3288 2772 3410 2828 qua:

1824 2852 1971 2899 retro
1992 2853 2117 2899 sunt
2136 2844 2332 2899 oblitus
2350 2845 2445 2909 ;.in
2469 2859 2528 2897 ea
2552 2860 2669 2913 quae
2688 2854 2811 2899 sunt
2833 2853 2959 2900 ante
2984 2848 3277 2901 extendens
3302 2862 3408 2909 me,

1825 2950 2023 3004 sequor
2072 2936 2138 2989 ad
2197 2936 2429 3004 palmam
2496 2949 2740 3003 supernae
2784 2937 3082 2990 vocationis
3137 2934 3409 3006 (Philipp.

1826 3025 1933 3096 ιιι).
1974 3045 1993 3078 ι
2030 3025 2087 3079 1n
2119 3027 2390 3081 anteriora
2418 3026 2616 3080 etenim
2646 3035 2896 3080 extentus
2926 3041 3112 3080 eorum
3159 3042 3278 3096 qua:
3332 3040 3413 3081 re-

138 3125 254 3179 tno,
279 3126 335 3170 et
373 3114 428 3168 in
472 3123 584 3171 toto
607 3116 737 3171 orbe
766 3116 1039 3173 volitantia
1094 3119 1200 3174 huc
1245 3119 1475 3189 illucque
1517 3122 1722 3176 discur-

1829 3125 1913 3171 tro
1948 3125 2074 3172 sunt
2100 3116 2300 3171 oblitus
2328 3114 2529 3179 fuerat,
2566 3115 2690 3183 quia
2717 3115 3032 3185 temporalia
3082 3116 3407 3185 despiciens,

138 3214 289 3271 runt,
320 3222 422 3261 nec
450 3206 649 3261 habent
692 3206 851 3261 finem
876 3208 1103 3272 volatus,
1132 3224 1231 3265 nec
1257 3210 1546 3281 aliquando
1572 3227 1722 3282 supe-

135 3305 334 3350 rantur
359 3306 414 3351 et
449 3296 724 3362 recedunt,
768 3298 862 3352 sed
890 3314 1102 3367 semper
1152 3300 1219 3353 ad
1249 3300 1501 3356 ulteriora
1532 3318 1720 3374 proce-

134 3386 291 3439 dunt.
325 3384 478 3441 Unde
523 3395 577 3440 et
597 3385 793 3441 Paulus
818 3387 981 3442 dicit:
1018 3408 1036 3440 ι
1067 3388 1473 3445 Praeteritorum
1504 3393 1722 3450 oblivis-

133 3492 283 3538 cens,
313 3486 369 3531 et
418 3477 470 3530 in
523 3476 761 3531 futurum
811 3493 898 3534 ine
932 3480 1230 3536 extendens
1260 3478 1516 3553 (Philipp.
1550 3484 1653 3554 ιιι).
1696 3506 1714 3537 ι

134 3564 251 3619 Hoc
276 3574 457 3620 autem
486 3575 541 3619 et
559 3567 622 3621 de
650 3566 943 3621 virtutibus
969 3569 1163 3624 anima:
1210 3586 1497 3640 possumus
1517 3573 1718 3640 dicere,

132 3664 189 3708 et
237 3655 303 3708 de
352 3654 532 3709 volatu
565 3664 885 3724 temporum,
924 3660 1403 3729 commistioneque
1434 3663 1723 3719 elementov

135 3760 277 3807 rum,
313 3744 456 3814 quod
484 3745 756 3814 prieterita
792 3746 1156 3815 relinquentes
1186 3750 1397 3819 semper
1424 3752 1492 3805 ad
1538 3754 1720 3821 priora

132 3836 415 3890 festinent.
445 3836 597 3902 Quod
628 3846 809 3892 autem
836 3846 1074 3907 tempora
1117 3840 1364 3895 labantur
1405 3850 1458 3897 et
1490 3841 1719 3914 fugiant,

135 3929 287 3984 brevi
318 3928 587 3983 versiculo
623 3927 1026 3986 demonstratur
1051 3951 1064 3985 :

320 4032 419 4082 Sed
443 4033 565 4096 fugit
594 4037 803 4097 interea,
828 4036 950 4098 fugit
972 4038 1293 4098 irreparabile
1318 4046 1527 4100 tempus.

134 4114 341 4187 (στος.)
361 4115 467 4172 Per
492 4126 725 4187 quatuor
754 4129 932 4188 partes
959 4118 1124 4175 facies
1149 4130 1201 4174 et
1238 4136 1440 4189 pennas
1466 4123 1715 4177 animalia

134 4208 360 4271 habent,
381 4207 507 4277 quia
544 4208 597 4261 in
632 4209 840 4263 cunctis
865 4210 1047 4263 mundi
1078 4210 1386 4279 regionibus
1419 4213 1712 4281 praedican-

135 4308 217 4351 tes
233 4296 629 4361 demonstrant,
650 4296 904 4366 quidquid
922 4298 984 4352 de
1000 4300 1352 4362 humanitate,
1376 4302 1634 4369 quidquid
1656 4303 1721 4356 de

132 4384 421 4438 divinitate
443 4392 610 4439 nostri
639 4384 1009 4455 Redemptoris
1043 4388 1295 4441 sentiunt.
1325 4388 1459 4454 Quia
1480 4390 1606 4443 dum
1638 4390 1723 4442 in-

1823 3208 1937 3262 sola
1965 3222 2084 3277 quae
2112 3215 2237 3261 sunt
2268 3213 2465 3260 aeterna
2496 3206 2823 3274 requirebat.
2875 3205 3015 3260 Ante
3044 3203 3239 3259 faciem
3277 3220 3405 3276 ergo

1824 3314 1975 3354 suam
2009 3299 2325 3369 gradiuntur
2355 3305 2537 3351 saneta
2590 3296 2845 3349 animalia
2870 3335 2883 3359 ,
2938 3296 3064 3366 quia
3090 3306 3146 3351 et
3192 3312 3254 3351 ea
3286 3311 3406 3366 qua:

1826 3389 2179 3458 reliquerunt,
2202 3388 2345 3442 nullo
2357 3387 2468 3457 jam
2490 3388 2727 3456 appetitu
2749 3386 3061 3454 respiciunt,
3083 3395 3138 3441 et
3166 3388 3221 3440 in
3249 3396 3409 3441 aeter-

1824 3481 1909 3533 nis
1952 3494 2072 3547 quze
2116 3486 2391 3547 appetunt,
2428 3480 2527 3533 sub
2588 3478 3055 3547 contemplationis
3099 3493 3211 3533 sua:
3252 3478 3411 3534 oculo

1824 3567 1950 3621 boni
1985 3567 2165 3636 operis
2192 3566 2381 3635 pedem
2414 3574 2634 3634 ponunt.
2666 3565 2918 3635 Quisquis
2945 3566 3125 3635 itaque
3144 3564 3257 3635 jam
3280 3573 3408 3621 ante

1824 3658 2015 3712 faciem
2040 3674 2191 3712 suam
2214 3657 2487 3711 ambulare
2517 3658 2835 3722 decreverit,
2863 3671 3054 3728 magna
3083 3658 3133 3712 ei
3163 3658 3409 3713 conside-

1823 3751 2031 3804 ratione
2056 3750 2388 3818 pensandum
2410 3757 2520 3813 est;
2544 3749 2685 3817 quod
2702 3749 2857 3804 aliter
2878 3758 3025 3804 retro
3040 3750 3323 3818 respicitur
3338 3766 3407 3804 ex

1822 3854 2008 3908 opere,
2039 3848 2200 3909 atque
2232 3838 2387 3893 aliter
2413 3854 2477 3893 ex
2508 3839 2851 3907 cogitatione.
2884 3838 3022 3893 Sunt
3057 3841 3255 3895 etenim
3285 3841 3408 3910 qui-

1823 3933 1946 3985 dam
1981 3933 2071 4000 qui
2103 3946 2291 4002 magna
2339 3931 2662 3998 deliberant,
2709 3942 2765 3988 et
2808 3942 3152 4003 peccatorum
3186 3950 3405 3990 suorum

1824 4021 2025 4076 conscii
2080 4020 2245 4075 multa
2292 4037 2356 4075 ex
2399 4022 2484 4076 bis
2535 4038 2654 4091 quae
2688 4023 2963 4092 po.sident
3001 4025 3186 4093 egenis
3221 4025 3407 4080 distri-

1823 4114 2461 4182 bueiepcrtraetant,ut
2508 4114 2693 4182 culpas
2741 4126 2865 4169 suas
2910 4126 3036 4170 ante
3089 4117 3183 4172 Dei
3222 4118 3408 4176 oculos

1823 4201 2209 4255 misericordiae
2241 4202 2536 4256 visceribus
2562 4204 2845 4257 redimant.
2871 4202 3097 4274 Jamque
3131 4207 3245 4263 hzec
3279 4224 3408 4277 ope-

1823 4290 1931 4343 rari
1962 4290 2237 4354 inchoant,
2268 4300 2322 4345 et
2353 4291 2667 4361 plerumque
2694 4308 2813 4347 cum
2858 4303 3151 4363 aperantur
3174 4313 3408 4367 pauper-

1824 4380 1949 4433 tatis
1986 4379 2147 4434 timor
2172 4396 2355 4435 eornm
2398 4384 2636 4434 animum
2666 4383 2926 4447 concutit,
2949 4394 3109 4453 atque
3156 4386 3406 4443 timentes

130 4484 420 4531 carnatum
444 4476 614 4530 Deum
639 4475 834 4543 ubique
854 4477 1172 4545 praedicant,
1200 4478 1253 4530 in
1279 4488 1509 4546 quatuor
1536 4480 1717 4533 mundi
1746 4466 1797 4524 D
1824 4484 1890 4522 ηε
1918 4477 2127 4539 εὸωιιι,
2161 4484 2289 4539 erga
2327 4479 2549 4539 8880105
2580 4479 2799 4526 "303065
2848 4472 2981 4526 ῧυιιι
3006 4513 3020 4537 ν
3080 4489 3307 4543 seseque
3336 4476 3406 4532 ab

134 4567 385 4638 partibus
405 4565 573 4622 facies
597 4566 997 4632 demonstrant;
1023 4568 1256 4637 dumque
1277 4584 1398 4623 eum
1422 4584 1539 4623 esse
1554 4586 1717 4624 unum

133 4673 258 4712 cum
270 4656 434 4710 Patre
454 4664 507 4710 et
531 4655 733 4725 Spiritu
749 4664 933 4711 sancto
954 4658 1293 4716 annuntiant.
1314 4659 1510 4728 ubique
1532 4674 1720 4727 penna:

134 4743 608 4814 contemplationis
640 4744 840 4799 volant.
868 4744 1105 4811 Quorum
1139 4762 1329 4815 pennze
1358 4748 1558 4816 junctae
1595 4756 1719 4802 sunt

135 4838 365 4901 alterius
389 4837 457 4891 ad
485 4838 734 4891 alterum.
760 4835 895 4903 Quia
916 4838 1093 4891 omnis
1113 4853 1301 4892 eorum
1322 4838 1515 4902 virtus,
1543 4839 1721 4893 omnis

135 4929 403 4999 sapientia
424 4970 438 4992 ,
463 4944 566 4998 qua
590 4938 814 4983 cmteros
840 4929 1085 4984 homines
1111 4931 1583 5001 contemplationis
1610 4946 1720 4986 suae

135 5016 317 5072 volatu
348 5018 756 5082 transcendunt,
782 5019 1018 5073 vicissim
1043 5020 1143 5073 sibi
1171 5020 1223 5073 in
1246 5036 1375 5089 pace
1399 5030 1558 5089 atque
1595 5038 1723 5076 una-

137 5107 385 5161 nimitate
418 5105 779 5176 conjungitur.
818 5107 967 5163 Unde
1001 5117 1055 5161 et
1095 5110 1352 5178 scriptum
1380 5119 1498 5163 est:
1536 5130 1554 5161 ι
1594 5111 1721 5177 Quae

136 5198 425 5251 desursum
451 5205 535 5250 est
561 5198 819 5267 sapientia
841 5238 855 5262 ,
886 5198 1114 5267 primum
1148 5198 1361 5268 quidem
1387 5200 1580 5267 pudica
1612 5209 1715 5263 est,

134 5286 333 5342 deinde
384 5286 608 5355 pacifica
654 5288 859 5358 (Iacob.
893 5287 997 5358 ιιι).
1039 5308 1055 5339 ι
1103 5289 1171 5342 Et
1200 5289 1339 5344 unde
1369 5290 1570 5343 eisdem
1607 5292 1721 5345 suis

134 5377 587 5448 praedicatoribus
616 5380 825 5433 Veritas
869 5380 1032 5434 dicit:
1070 5398 1086 5429 ι
1122 5380 1323 5435 Habete
1354 5383 1403 5435 in
1437 5383 1587 5436 vobis
1618 5383 1716 5447 sal,

132 5479 189 5523 et
236 5484 430 5538 pacem
481 5468 670 5522 habete
701 5470 839 5522 inter
867 5485 960 5522 vos
992 5470 1184 5540 (Marc.
1238 5471 1336 5541 Ix).
1379 5471 1557 5524 Penna
1589 5486 1718 5539 ergo

133 5558 456 5611 animalium
497 5559 715 5613 alte.ius
741 5560 807 5614 ad
840 5561 1067 5614 alterum
1106 5560 1351 5629 jungitur
1382 5576 1395 5612 :
1426 5561 1548 5628 quia
1594 5576 1717 5613 san-

140 5659 348 5703 ctorum
380 5650 793 5717 prredicatorum
833 5651 1007 5707 virtus
1061 5660 1221 5720 atque
1264 5652 1521 5719 sapientia
1561 5650 1718 5705 vicis-

1824 4574 1886 4613 ea
1912 4574 2071 4628 quam
2099 4568 2373 4629 coeperant
2418 4560 2556 4614 bona
2586 4563 2895 4631 operatione
2952 4564 3299 4632 suspendunt.
3334 4566 3401 4621 lli

1824 4649 2078 4703 nimirum
2112 4648 2420 4703 incedentes
2450 4650 2647 4703 reversi
2692 4658 2838 4713 sunt,
2862 4652 2986 4721 quia
3035 4663 3159 4706 ante
3206 4653 3402 4710 faciem

1824 4756 1973 4795 suam
2008 4741 2285 4795 ambulare
2332 4741 2634 4797 noluerunt.
2688 4740 2825 4797 Sunt
2880 4759 3014 4799 vero
3040 4748 3279 4801 nonnulli
3311 4748 3401 4819 qui

1822 4830 1961 4883 bona
2010 4830 2225 4898 quidem
2263 4846 2382 4899 qua:
2419 4841 2683 4885 noverunt
2724 4842 3041 4901 operantur,
3083 4844 3240 4904 atque
3289 4839 3404 4893 [nec

1822 4928 2109 4987 operantes
2136 4921 2362 4974 meliora
2388 4921 2685 4976 deliberant
2709 4962 2723 4987 ,
2774 4924 2867 4977 sed
2907 4934 3260 4981 retractantes
3289 4942 3400 4983 me-

1824 5010 1955 5065 liora
2009 5012 2150 5081 quod
2201 5011 2503 5067 deliberant
2559 5014 2863 5069 immutant.
2900 5016 2962 5070 Et
2997 5017 3209 5085 quidem
3262 5019 3399 5074 bona

1825 5112 2009 5173 agunt,
2034 5119 2151 5173 quae
2178 5113 2477 5173 coeperant,
2501 5106 2594 5158 sed
2624 5106 2677 5158 in
2716 5106 3023 5161 melioribus
3050 5124 3168 5177 qua:
3198 5110 3403 5165 delibe-

1825 5207 2074 5250 raverant
2098 5196 2471 5251 succumbunt.
2520 5196 2584 5250 Hi
2620 5198 2872 5252 nimirum
2901 5209 3023 5253 ante
3052 5202 3283 5255 humana
3316 5202 3404 5271 ju-

1823 5286 1963 5339 dicia
1986 5294 2126 5339 stare
2149 5286 2399 5340 videntur
2439 5286 2491 5339 in
2520 5301 2699 5357 opere,
2734 5288 2825 5342 sed
2854 5296 2979 5343 ante
3022 5290 3405 5357 omnipotentis

1824 5374 1917 5429 Dei
1934 5376 2118 5430 oculos
2134 5378 2438 5433 ceciderunt
2455 5378 2506 5433 in
2520 5377 2923 5443 deliberatione,
2936 5381 3073 5435 unde
3095 5382 3153 5434 tit
3165 5382 3401 5449 plerum-

1825 5483 1929 5537 que
1957 5478 2010 5521 ut
2034 5478 2088 5523 et
2111 5468 2306 5523 bunum
2328 5485 2461 5539 opus
2490 5484 2673 5524 eorum
2699 5471 2874 5525 minus
2894 5472 3002 5525 Deo
3024 5472 3245 5539 placeat,
3275 5471 3400 5541 quia

1827 5576 1946 5613 cum
1975 5575 2067 5627 pes
2109 5561 2305 5614 mentis
2354 5561 2403 5613 in
2452 5560 2656 5615 meliori
2685 5562 2852 5631 gradu
2893 5562 3291 5617 deliberationis
3320 5563 3407 5616 in-

1825 5660 2133 5705 constanter
2163 5652 2398 5721 ponitur,
2421 5653 2524 5707 hoc
2560 5653 2670 5722 ipsa
2725 5654 3061 5724 cogitationis
3099 5656 3375 5709 ineonstau
