  <div class='ocr_page' id='page_1' title='image "/cluster/home/n/w/nwhite01/storage/ocr_20150623/110/uva.x000827066/265.png"; bbox 0 0 3948 6368; ppageno 0'>
   <div class='ocr_carea' id='block_1_1' title="bbox 501 362 606 419">
    <p class='ocr_par' dir='ltr' id='par_1_1' title="bbox 501 362 606 419">
     <span class='ocr_line' id='line_1_1' title="bbox 501 362 606 419; baseline -0.019 0"><span class='ocrx_word' id='word_1_1' title='bbox 501 362 606 419; x_wconf 71' lang='grc'><strong>515</strong></span> 
     </span>
    </p>
   </div>
   <div class='ocr_carea' id='block_1_2' title="bbox 1024 332 2089 406">
    <p class='ocr_par' dir='ltr' id='par_1_2' title="bbox 1024 332 2089 406">
     <span class='ocr_line' id='line_1_2' title="bbox 1024 332 2089 406; baseline -0.001 0"><span class='ocrx_word' id='word_1_2' title='bbox 1024 332 1041 343; x_wconf 77' lang='grc'><em>”</em></span> <span class='ocrx_word' id='word_1_3' title='bbox 1136 352 1196 406; x_wconf 83' lang='lat' dir='ltr'><strong>s.</strong></span> <span class='ocrx_word' id='word_1_4' title='bbox 1240 349 1491 405; x_wconf 59' lang='lat' dir='ltr'><strong>ninam</strong></span> <span class='ocrx_word' id='word_1_5' title='bbox 1533 348 1751 406; x_wconf 70' lang='lat' dir='ltr'><strong>munt</strong></span> <span class='ocrx_word' id='word_1_6' title='bbox 1791 347 2089 405; x_wconf 74' lang='lat' dir='ltr'><strong>ARCIIIEI&#39;</strong></span> 
     </span>
    </p>
   </div>
   <div class='ocr_carea' id='block_1_3' title="bbox 2190 332 3113 406">
    <p class='ocr_par' dir='ltr' id='par_1_3' title="bbox 2190 347 3113 406">
     <span class='ocr_line' id='line_1_3' title="bbox 2190 347 3113 406; baseline 0 -5"><span class='ocrx_word' id='word_1_7' title='bbox 2190 348 2467 405; x_wconf 59' lang='lat' dir='ltr'><strong>IUCL’NT.</strong></span> <span class='ocrx_word' id='word_1_8' title='bbox 2512 348 2794 406; x_wconf 64' lang='lat' dir='ltr'><strong>ornatu</strong></span> <span class='ocrx_word' id='word_1_9' title='bbox 2838 349 3013 405; x_wconf 74' lang='lat' dir='ltr'><strong>PARS</strong></span> <span class='ocrx_word' id='word_1_10' title='bbox 3054 347 3113 402; x_wconf 84' lang='lat' dir='ltr'><strong>ll.</strong></span> 
     </span>
    </p>
   </div>
   <div class='ocr_carea' id='block_1_4' title="bbox 3676 351 3777 405">
    <p class='ocr_par' dir='ltr' id='par_1_4' title="bbox 3676 351 3777 405">
     <span class='ocr_line' id='line_1_4' title="bbox 3676 351 3777 405; baseline 0 0"><span class='ocrx_word' id='word_1_11' title='bbox 3676 351 3777 405; x_wconf 78' lang='grc'><strong>516</strong></span> 
     </span>
    </p>
   </div>
   <div class='ocr_carea' id='block_1_5' title="bbox 495 454 3777 537">
    <p class='ocr_par' dir='ltr' id='par_1_5' title="bbox 495 454 3777 537">
     <span class='ocr_line' id='line_1_5' title="bbox 495 454 3777 537; baseline -0.002 -5"><span class='ocrx_word' id='word_1_12' title='bbox 495 478 570 532; x_wconf 89' lang='lat' dir='ltr'><strong>tia</strong></span> <span class='ocrx_word' id='word_1_13' title='bbox 601 480 836 528; x_wconf 85' lang='lat' dir='ltr'><strong>acettsat.</strong></span> <span class='ocrx_word' id='word_1_14' title='bbox 869 468 975 523; x_wconf 79' lang='lat' dir='ltr'><strong>Sed</strong></span> <span class='ocrx_word' id='word_1_15' title='bbox 996 469 1123 537; x_wconf 84' lang='lat' dir='ltr'><strong>quia</strong></span> <span class='ocrx_word' id='word_1_16' title='bbox 1152 467 1377 536; x_wconf 81' lang='lat' dir='ltr'><strong>perfecti</strong></span> <span class='ocrx_word' id='word_1_17' title='bbox 1405 466 1605 536; x_wconf 86' lang='lat' dir='ltr'><strong>quique</strong></span> <span class='ocrx_word' id='word_1_18' title='bbox 1637 480 1829 535; x_wconf 80' lang='lat' dir='ltr'><strong>magna</strong></span> <span class='ocrx_word' id='word_1_19' title='bbox 1870 480 1926 519; x_wconf 92' lang='lat' dir='ltr'><strong>se</strong></span> <span class='ocrx_word' id='word_1_20' title='bbox 1974 465 2088 518; x_wconf 88' lang='lat' dir='ltr'><strong>dis-</strong></span> <span class='ocrx_word' id='word_1_21' title='bbox 2121 473 2168 532; x_wconf 82' lang='grc' dir='ltr'><strong>Α</strong></span> <span class='ocrx_word' id='word_1_22' title='bbox 2199 464 2348 535; x_wconf 75' lang='lat' dir='ltr'><strong>xxx).</strong></span> <span class='ocrx_word' id='word_1_23' title='bbox 2391 486 2408 516; x_wconf 76' lang='grc' dir='ltr'><strong>ι</strong></span> <span class='ocrx_word' id='word_1_24' title='bbox 2449 454 2641 534; x_wconf 83' lang='lat' dir='ltr'><strong>Aquila</strong></span> <span class='ocrx_word' id='word_1_25' title='bbox 2674 469 2741 522; x_wconf 90' lang='lat' dir='ltr'><strong>ad</strong></span> <span class='ocrx_word' id='word_1_26' title='bbox 2772 466 3019 521; x_wconf 84' lang='lat' dir='ltr'><strong>sublimia</strong></span> <span class='ocrx_word' id='word_1_27' title='bbox 3052 466 3246 528; x_wconf 76' lang='lat' dir='ltr'><strong>evolat,</strong></span> <span class='ocrx_word' id='word_1_28' title='bbox 3281 475 3336 520; x_wconf 90' lang='lat' dir='ltr'><strong>et</strong></span> <span class='ocrx_word' id='word_1_29' title='bbox 3368 467 3777 525; x_wconf 73' lang='lat' dir='ltr'><strong>irrcvet-beratis</strong></span> 
     </span>
    </p>
   </div>
   <div class='ocr_carea' id='block_1_6' title="bbox 491 554 2090 625">
    <p class='ocr_par' dir='ltr' id='par_1_6' title="bbox 491 554 2090 625">
     <span class='ocr_line' id='line_1_6' title="bbox 491 554 2090 625; baseline -0.01 -3"><span class='ocrx_word' id='word_1_30' title='bbox 491 562 753 622; x_wconf 80' lang='lat' dir='ltr'><strong>cretionis</strong></span> <span class='ocrx_word' id='word_1_31' title='bbox 800 558 1097 615; x_wconf 80' lang='lat' dir='ltr'><strong>subtilitate</strong></span> <span class='ocrx_word' id='word_1_32' title='bbox 1158 555 1532 625; x_wconf 85' lang='lat' dir='ltr'><strong>conspiciunt,</strong></span> <span class='ocrx_word' id='word_1_33' title='bbox 1591 569 1658 607; x_wconf 86' lang='lat' dir='ltr'><strong>ne</strong></span> <span class='ocrx_word' id='word_1_34' title='bbox 1703 555 1769 608; x_wconf 90' lang='lat' dir='ltr'><strong>ad</strong></span> <span class='ocrx_word' id='word_1_35' title='bbox 1819 554 2090 608; x_wconf 85' lang='lat' dir='ltr'><strong>deteriora</strong></span> 
     </span>
    </p>
   </div>
   <div class='ocr_carea' id='block_1_7' title="bbox 493 643 2089 725">
    <p class='ocr_par' dir='ltr' id='par_1_7' title="bbox 493 643 2089 725">
     <span class='ocr_line' id='line_1_7' title="bbox 493 643 2089 725; baseline -0.008 -16"><span class='ocrx_word' id='word_1_36' title='bbox 493 668 732 725; x_wconf 78' lang='lat' dir='ltr'><strong>unquam</strong></span> <span class='ocrx_word' id='word_1_37' title='bbox 764 649 846 705; x_wconf 86' lang='lat' dir='ltr'><strong>vel</strong></span> <span class='ocrx_word' id='word_1_38' title='bbox 891 649 944 703; x_wconf 89' lang='lat' dir='ltr'><strong>in</strong></span> <span class='ocrx_word' id='word_1_39' title='bbox 990 662 1154 718; x_wconf 87' lang='lat' dir='ltr'><strong>opere</strong></span> <span class='ocrx_word' id='word_1_40' title='bbox 1183 645 1264 699; x_wconf 85' lang='lat' dir='ltr'><strong>vel</strong></span> <span class='ocrx_word' id='word_1_41' title='bbox 1297 646 1347 699; x_wconf 93' lang='lat' dir='ltr'><strong>in</strong></span> <span class='ocrx_word' id='word_1_42' title='bbox 1381 646 1709 715; x_wconf 75' lang='lat' dir='ltr'><strong>cogitatione</strong></span> <span class='ocrx_word' id='word_1_43' title='bbox 1747 643 2089 709; x_wconf 75' lang='lat' dir='ltr'><strong>delabantur,</strong></span> 
     </span>
    </p>
   </div>
   <div class='ocr_carea' id='block_1_8' title="bbox 495 737 2092 814">
    <p class='ocr_par' dir='ltr' id='par_1_8' title="bbox 495 737 2092 814">
     <span class='ocr_line' id='line_1_8' title="bbox 495 737 2092 814; baseline -0.008 -12"><span class='ocrx_word' id='word_1_44' title='bbox 495 753 754 814; x_wconf 85' lang='lat' dir='ltr'><strong>quantum</strong></span> <span class='ocrx_word' id='word_1_45' title='bbox 770 739 1010 809; x_wconf 87' lang='lat' dir='ltr'><strong>quotidie</strong></span> <span class='ocrx_word' id='word_1_46' title='bbox 1027 737 1314 808; x_wconf 86' lang='lat' dir='ltr'><strong>proficiant</strong></span> <span class='ocrx_word' id='word_1_47' title='bbox 1334 737 1665 790; x_wconf 89' lang='lat' dir='ltr'><strong>incessanter</strong></span> <span class='ocrx_word' id='word_1_48' title='bbox 1678 743 1929 804; x_wconf 80' lang='lat' dir='ltr'><strong>pensant,</strong></span> <span class='ocrx_word' id='word_1_49' title='bbox 1947 744 2092 789; x_wconf 91' lang='lat' dir='ltr'><strong>recte</strong></span> 
     </span>
    </p>
   </div>
   <div class='ocr_carea' id='block_1_9' title="bbox 493 823 2090 893">
    <p class='ocr_par' dir='ltr' id='par_1_9' title="bbox 493 823 2090 893">
     <span class='ocr_line' id='line_1_9' title="bbox 493 823 2090 893; baseline -0.008 -3"><span class='ocrx_word' id='word_1_50' title='bbox 493 834 561 891; x_wconf 87' lang='lat' dir='ltr'><strong>de</strong></span> <span class='ocrx_word' id='word_1_51' title='bbox 587 834 674 888; x_wconf 87' lang='lat' dir='ltr'><strong>his</strong></span> <span class='ocrx_word' id='word_1_52' title='bbox 704 830 922 893; x_wconf 88' lang='lat' dir='ltr'><strong>dicitur,</strong></span> <span class='ocrx_word' id='word_1_53' title='bbox 961 846 980 879; x_wconf 72' lang='grc' dir='ltr'><strong>ι</strong></span> <span class='ocrx_word' id='word_1_54' title='bbox 1016 843 1122 883; x_wconf 90' lang='lat' dir='ltr'><strong>non</strong></span> <span class='ocrx_word' id='word_1_55' title='bbox 1156 826 1568 881; x_wconf 89' lang='lat' dir='ltr'><strong>revertebantur</strong></span> <span class='ocrx_word' id='word_1_56' title='bbox 1593 839 1713 879; x_wconf 89' lang='lat' dir='ltr'><strong>cum</strong></span> <span class='ocrx_word' id='word_1_57' title='bbox 1755 823 2090 889; x_wconf 80' lang='lat' dir='ltr'><strong>incederent,</strong></span> 
     </span>
    </p>
   </div>
   <div class='ocr_carea' id='block_1_10' title="bbox 490 914 2086 991">
    <p class='ocr_par' dir='ltr' id='par_1_10' title="bbox 490 914 2086 991">
     <span class='ocr_line' id='line_1_10' title="bbox 490 914 2086 991; baseline -0.009 -12"><span class='ocrx_word' id='word_1_58' title='bbox 490 924 585 981; x_wconf 87' lang='lat' dir='ltr'><strong>sed</strong></span> <span class='ocrx_word' id='word_1_59' title='bbox 613 921 1036 991; x_wconf 85' lang='lat' dir='ltr'><strong>unumquodque</strong></span> <span class='ocrx_word' id='word_1_60' title='bbox 1079 927 1205 972; x_wconf 90' lang='lat' dir='ltr'><strong>ante</strong></span> <span class='ocrx_word' id='word_1_61' title='bbox 1248 916 1441 972; x_wconf 81' lang='lat' dir='ltr'><strong>faciem</strong></span> <span class='ocrx_word' id='word_1_62' title='bbox 1479 930 1630 970; x_wconf 87' lang='lat' dir='ltr'><strong>suam</strong></span> <span class='ocrx_word' id='word_1_63' title='bbox 1663 914 2029 985; x_wconf 86' lang='lat' dir='ltr'><strong>gradiebatur.</strong></span> <span class='ocrx_word' id='word_1_64' title='bbox 2069 933 2086 964; x_wconf 77' lang='grc' dir='ltr'><strong>ι</strong></span> 
     </span>
    </p>
   </div>
   <div class='ocr_carea' id='block_1_11' title="bbox 568 1002 2090 1068">
    <p class='ocr_par' dir='ltr' id='par_1_11' title="bbox 568 1002 2090 1068">
     <span class='ocr_line' id='line_1_11' title="bbox 568 1002 2090 1068; baseline -0.008 -2"><span class='ocrx_word' id='word_1_65' title='bbox 568 1034 588 1066; x_wconf 71' lang='grc' dir='ltr'><strong>ι</strong></span> <span class='ocrx_word' id='word_1_66' title='bbox 621 1010 933 1068; x_wconf 87' lang='lat' dir='ltr'><strong>Similitudo</strong></span> <span class='ocrx_word' id='word_1_67' title='bbox 956 1018 1137 1063; x_wconf 86' lang='lat' dir='ltr'><strong>autem</strong></span> <span class='ocrx_word' id='word_1_68' title='bbox 1165 1006 1342 1061; x_wconf 85' lang='lat' dir='ltr'><strong>vultus</strong></span> <span class='ocrx_word' id='word_1_69' title='bbox 1388 1021 1576 1061; x_wconf 89' lang='lat' dir='ltr'><strong>eorum</strong></span> <span class='ocrx_word' id='word_1_70' title='bbox 1624 1005 1794 1059; x_wconf 80' lang='lat' dir='ltr'><strong>facies</strong></span> <span class='ocrx_word' id='word_1_71' title='bbox 1826 1002 2090 1064; x_wconf 83' lang='lat' dir='ltr'><strong>hominis,</strong></span> 
     </span>
    </p>
   </div>
   <div class='ocr_carea' id='block_1_12' title="bbox 513 1092 2093 1167">
    <p class='ocr_par' dir='ltr' id='par_1_12' title="bbox 513 1092 2093 1167">
     <span class='ocr_line' id='line_1_12' title="bbox 513 1092 2093 1167; baseline -0.009 -9"><span class='ocrx_word' id='word_1_72' title='bbox 513 1112 604 1159; x_wconf 59' lang='lat' dir='ltr'><strong>«et</strong></span> <span class='ocrx_word' id='word_1_73' title='bbox 628 1100 797 1167; x_wconf 78' lang='lat' dir='ltr'><strong>facies</strong></span> <span class='ocrx_word' id='word_1_74' title='bbox 822 1100 996 1155; x_wconf 85' lang='lat' dir='ltr'><strong>leonis</strong></span> <span class='ocrx_word' id='word_1_75' title='bbox 1022 1114 1051 1152; x_wconf 89' lang='lat' dir='ltr'><strong>a</strong></span> <span class='ocrx_word' id='word_1_76' title='bbox 1096 1098 1304 1151; x_wconf 79' lang='lat' dir='ltr'><strong>dextris</strong></span> <span class='ocrx_word' id='word_1_77' title='bbox 1356 1096 1597 1164; x_wconf 88' lang='lat' dir='ltr'><strong>ipsorum</strong></span> <span class='ocrx_word' id='word_1_78' title='bbox 1637 1104 1891 1163; x_wconf 86' lang='lat' dir='ltr'><strong>quatuor,</strong></span> <span class='ocrx_word' id='word_1_79' title='bbox 1927 1092 2093 1145; x_wconf 78' lang='lat' dir='ltr'><strong>facies</strong></span> 
     </span>
    </p>
   </div>
   <div class='ocr_carea' id='block_1_13' title="bbox 494 1183 2092 1257">
    <p class='ocr_par' dir='ltr' id='par_1_13' title="bbox 494 1183 2092 1257">
     <span class='ocr_line' id='line_1_13' title="bbox 494 1183 2092 1257; baseline -0.006 -10"><span class='ocrx_word' id='word_1_80' title='bbox 494 1213 515 1247; x_wconf 77' lang='grc' dir='ltr'><strong>ι</strong></span> <span class='ocrx_word' id='word_1_81' title='bbox 549 1202 731 1249; x_wconf 88' lang='lat' dir='ltr'><strong>autem</strong></span> <span class='ocrx_word' id='word_1_82' title='bbox 760 1192 913 1247; x_wconf 84' lang='lat' dir='ltr'><strong>bovis</strong></span> <span class='ocrx_word' id='word_1_83' title='bbox 944 1206 973 1244; x_wconf 86' lang='lat' dir='ltr'><strong>a</strong></span> <span class='ocrx_word' id='word_1_84' title='bbox 1006 1189 1245 1245; x_wconf 86' lang='lat' dir='ltr'><strong>sinistris</strong></span> <span class='ocrx_word' id='word_1_85' title='bbox 1281 1189 1521 1257; x_wconf 87' lang='lat' dir='ltr'><strong>ipsorum</strong></span> <span class='ocrx_word' id='word_1_86' title='bbox 1553 1193 1806 1255; x_wconf 87' lang='lat' dir='ltr'><strong>quatuor,</strong></span> <span class='ocrx_word' id='word_1_87' title='bbox 1840 1195 1894 1237; x_wconf 91' lang='lat' dir='ltr'><strong>et</strong></span> <span class='ocrx_word' id='word_1_88' title='bbox 1924 1183 2092 1238; x_wconf 81' lang='lat' dir='ltr'><strong>facies</strong></span> 
     </span>
    </p>
   </div>
   <div class='ocr_carea' id='block_1_14' title="bbox 494 1272 2090 1353">
    <p class='ocr_par' dir='ltr' id='par_1_14' title="bbox 494 1272 2090 1353">
     <span class='ocr_line' id='line_1_14' title="bbox 494 1272 2090 1353; baseline -0.008 -16"><span class='ocrx_word' id='word_1_89' title='bbox 494 1303 514 1337; x_wconf 74' lang='grc' dir='ltr'><strong>ι</strong></span> <span class='ocrx_word' id='word_1_90' title='bbox 551 1283 746 1353; x_wconf 76' lang='lat' dir='ltr'><strong>aquilae</strong></span> <span class='ocrx_word' id='word_1_91' title='bbox 776 1283 1008 1351; x_wconf 88' lang='lat' dir='ltr'><strong>desuper</strong></span> <span class='ocrx_word' id='word_1_92' title='bbox 1058 1280 1299 1350; x_wconf 86' lang='lat' dir='ltr'><strong>ipsorum</strong></span> <span class='ocrx_word' id='word_1_93' title='bbox 1333 1285 1584 1347; x_wconf 82' lang='lat' dir='ltr'><strong>quatuor.</strong></span> <span class='ocrx_word' id='word_1_94' title='bbox 1619 1297 1637 1329; x_wconf 76' lang='grc' dir='ltr'><strong>ι</strong></span> <span class='ocrx_word' id='word_1_95' title='bbox 1681 1274 1907 1347; x_wconf 79' lang='lat' dir='ltr'><strong>(Hieron</strong></span> <span class='ocrx_word' id='word_1_96' title='bbox 1935 1272 1953 1345; x_wconf 95' lang='lat'>)</span> <span class='ocrx_word' id='word_1_97' title='bbox 1986 1272 2090 1325; x_wconf 83' lang='lat' dir='ltr'><strong>Fa-</strong></span> 
     </span>
    </p>
   </div>
   <div class='ocr_carea' id='block_1_15' title="bbox 489 1366 2091 1444">
    <p class='ocr_par' dir='ltr' id='par_1_15' title="bbox 489 1366 2091 1444">
     <span class='ocr_line' id='line_1_15' title="bbox 489 1366 2091 1444; baseline -0.007 -15"><span class='ocrx_word' id='word_1_98' title='bbox 489 1374 601 1429; x_wconf 83' lang='lat' dir='ltr'><strong>cies</strong></span> <span class='ocrx_word' id='word_1_99' title='bbox 629 1372 893 1444; x_wconf 88' lang='lat' dir='ltr'><strong>principia</strong></span> <span class='ocrx_word' id='word_1_100' title='bbox 921 1371 1053 1425; x_wconf 87' lang='lat' dir='ltr'><strong>dicit</strong></span> <span class='ocrx_word' id='word_1_101' title='bbox 1088 1368 1522 1437; x_wconf 79' lang='lat' dir='ltr'><strong>Evangeliorum,</strong></span> <span class='ocrx_word' id='word_1_102' title='bbox 1552 1383 1582 1421; x_wconf 91' lang='lat' dir='ltr'><strong>e</strong></span> <span class='ocrx_word' id='word_1_103' title='bbox 1620 1366 1817 1436; x_wconf 89' lang='lat' dir='ltr'><strong>quibus</strong></span> <span class='ocrx_word' id='word_1_104' title='bbox 1841 1366 2005 1420; x_wconf 89' lang='lat' dir='ltr'><strong>homo</strong></span> <span class='ocrx_word' id='word_1_105' title='bbox 2033 1372 2091 1418; x_wconf 86' lang='lat' dir='ltr'><strong>et</strong></span> 
     </span>
    </p>
   </div>
   <div class='ocr_carea' id='block_1_16' title="bbox 489 1456 2088 1528">
    <p class='ocr_par' dir='ltr' id='par_1_16' title="bbox 489 1456 2088 1528">
     <span class='ocr_line' id='line_1_16' title="bbox 489 1456 2088 1528; baseline -0.008 -10"><span class='ocrx_word' id='word_1_106' title='bbox 489 1463 593 1528; x_wconf 88' lang='lat' dir='ltr'><strong>leo,</strong></span> <span class='ocrx_word' id='word_1_107' title='bbox 622 1463 723 1518; x_wconf 86' lang='lat' dir='ltr'><strong>hoc</strong></span> <span class='ocrx_word' id='word_1_108' title='bbox 752 1469 838 1515; x_wconf 88' lang='lat' dir='ltr'><strong>est</strong></span> <span class='ocrx_word' id='word_1_109' title='bbox 886 1459 1142 1513; x_wconf 88' lang='lat' dir='ltr'><strong>nativitas</strong></span> <span class='ocrx_word' id='word_1_110' title='bbox 1188 1456 1391 1511; x_wconf 81' lang='lat' dir='ltr'><strong>Christi</strong></span> <span class='ocrx_word' id='word_1_111' title='bbox 1428 1464 1479 1511; x_wconf 90' lang='lat' dir='ltr'><strong>ct</strong></span> <span class='ocrx_word' id='word_1_112' title='bbox 1518 1456 1793 1524; x_wconf 74' lang='lat' dir='ltr'><strong>propheta:</strong></span> <span class='ocrx_word' id='word_1_113' title='bbox 1850 1469 1953 1507; x_wconf 90' lang='lat' dir='ltr'><strong>vox</strong></span> <span class='ocrx_word' id='word_1_114' title='bbox 2008 1460 2088 1506; x_wconf 86' lang='lat' dir='ltr'><strong>to-</strong></span> 
     </span>
    </p>
   </div>
   <div class='ocr_carea' id='block_1_17' title="bbox 491 1544 2093 1617">
    <p class='ocr_par' dir='ltr' id='par_1_17' title="bbox 491 1544 2093 1617">
     <span class='ocr_line' id='line_1_17' title="bbox 491 1544 2093 1617; baseline -0.007 -9"><span class='ocrx_word' id='word_1_115' title='bbox 491 1554 676 1608; x_wconf 86' lang='lat' dir='ltr'><strong>nantis</strong></span> <span class='ocrx_word' id='word_1_116' title='bbox 714 1551 768 1605; x_wconf 89' lang='lat' dir='ltr'><strong>in</strong></span> <span class='ocrx_word' id='word_1_117' title='bbox 805 1565 990 1605; x_wconf 85' lang='lat' dir='ltr'><strong>eremo</strong></span> <span class='ocrx_word' id='word_1_118' title='bbox 1017 1549 1237 1603; x_wconf 75' lang='lat' dir='ltr'><strong>dextras</strong></span> <span class='ocrx_word' id='word_1_119' title='bbox 1287 1556 1473 1617; x_wconf 88' lang='lat' dir='ltr'><strong>partes</strong></span> <span class='ocrx_word' id='word_1_120' title='bbox 1521 1554 1705 1600; x_wconf 85' lang='lat' dir='ltr'><strong>tenent</strong></span> <span class='ocrx_word' id='word_1_121' title='bbox 1736 1586 1750 1609; x_wconf 91' lang='lat'><strong>,</strong></span> <span class='ocrx_word' id='word_1_122' title='bbox 1808 1544 1957 1599; x_wconf 90' lang='lat' dir='ltr'><strong>vituli</strong></span> <span class='ocrx_word' id='word_1_123' title='bbox 2002 1560 2093 1598; x_wconf 88' lang='lat' dir='ltr'><strong>au-</strong></span> 
     </span>
    </p>
   </div>
   <div class='ocr_carea' id='block_1_18' title="bbox 487 1635 2089 1709">
    <p class='ocr_par' dir='ltr' id='par_1_18' title="bbox 487 1635 2089 1709">
     <span class='ocr_line' id='line_1_18' title="bbox 487 1635 2089 1709; baseline -0.005 -12"><span class='ocrx_word' id='word_1_124' title='bbox 487 1650 621 1709; x_wconf 88' lang='lat' dir='ltr'><strong>tem,</strong></span> <span class='ocrx_word' id='word_1_125' title='bbox 646 1642 697 1699; x_wconf 89' lang='lat' dir='ltr'><strong>id</strong></span> <span class='ocrx_word' id='word_1_126' title='bbox 726 1648 830 1702; x_wconf 84' lang='lat' dir='ltr'><strong>cst,</strong></span> <span class='ocrx_word' id='word_1_127' title='bbox 858 1641 1203 1695; x_wconf 87' lang='lat' dir='ltr'><strong>victimarum</strong></span> <span class='ocrx_word' id='word_1_128' title='bbox 1238 1646 1292 1692; x_wconf 88' lang='lat' dir='ltr'><strong>et</strong></span> <span class='ocrx_word' id='word_1_129' title='bbox 1339 1636 1624 1691; x_wconf 84' lang='lat' dir='ltr'><strong>sacerdotii</strong></span> <span class='ocrx_word' id='word_1_130' title='bbox 1665 1635 1972 1690; x_wconf 78' lang='lat' dir='ltr'><strong>Judzcorum</strong></span> <span class='ocrx_word' id='word_1_131' title='bbox 2032 1636 2089 1689; x_wconf 88' lang='lat' dir='ltr'><strong>in</strong></span> 
     </span>
    </p>
   </div>
   <div class='ocr_carea' id='block_1_19' title="bbox 488 1727 2085 1801">
    <p class='ocr_par' dir='ltr' id='par_1_19' title="bbox 488 1727 2085 1801">
     <span class='ocr_line' id='line_1_19' title="bbox 488 1727 2085 1801; baseline -0.006 -12"><span class='ocrx_word' id='word_1_132' title='bbox 488 1733 727 1789; x_wconf 89' lang='lat' dir='ltr'><strong>sinistris</strong></span> <span class='ocrx_word' id='word_1_133' title='bbox 753 1741 855 1798; x_wconf 90' lang='lat' dir='ltr'><strong>cst,</strong></span> <span class='ocrx_word' id='word_1_134' title='bbox 884 1731 1026 1801; x_wconf 89' lang='lat' dir='ltr'><strong>quod</strong></span> <span class='ocrx_word' id='word_1_135' title='bbox 1055 1729 1313 1784; x_wconf 87' lang='lat' dir='ltr'><strong>abolitum</strong></span> <span class='ocrx_word' id='word_1_136' title='bbox 1338 1728 1593 1782; x_wconf 85' lang='lat' dir='ltr'><strong>transivit</strong></span> <span class='ocrx_word' id='word_1_137' title='bbox 1626 1727 1693 1780; x_wconf 88' lang='lat' dir='ltr'><strong>ad</strong></span> <span class='ocrx_word' id='word_1_138' title='bbox 1723 1727 2085 1781; x_wconf 84' lang='lat' dir='ltr'><strong>sacerdotium</strong></span> 
     </span>
    </p>
   </div>
   <div class='ocr_carea' id='block_1_20' title="bbox 2194 552 3780 623">
    <p class='ocr_par' dir='ltr' id='par_1_20' title="bbox 2194 552 3780 623">
     <span class='ocr_line' id='line_1_20' title="bbox 2194 552 3780 623; baseline 0.003 -17"><span class='ocrx_word' id='word_1_139' title='bbox 2194 552 2526 607; x_wconf 76' lang='lat' dir='ltr'><strong>oculissolis</strong></span> <span class='ocrx_word' id='word_1_140' title='bbox 2557 556 2723 609; x_wconf 83' lang='lat' dir='ltr'><strong>radiis</strong></span> <span class='ocrx_word' id='word_1_141' title='bbox 2753 554 3003 609; x_wconf 80' lang='lat' dir='ltr'><strong>intendit.</strong></span> <span class='ocrx_word' id='word_1_142' title='bbox 3057 553 3246 609; x_wconf 80' lang='lat' dir='ltr'><strong>Omnis</strong></span> <span class='ocrx_word' id='word_1_143' title='bbox 3272 554 3451 623; x_wconf 87' lang='lat' dir='ltr'><strong>itaque</strong></span> <span class='ocrx_word' id='word_1_144' title='bbox 3481 556 3572 623; x_wconf 86' lang='lat' dir='ltr'><strong>qui</strong></span> <span class='ocrx_word' id='word_1_145' title='bbox 3606 558 3657 609; x_wconf 91' lang='lat' dir='ltr'><strong>in</strong></span> <span class='ocrx_word' id='word_1_146' title='bbox 3692 575 3780 611; x_wconf 85' lang='lat' dir='ltr'><strong>ra-</strong></span> 
     </span>
    </p>
   </div>
   <div class='ocr_carea' id='block_1_21' title="bbox 2193 640 3779 714">
    <p class='ocr_par' dir='ltr' id='par_1_21' title="bbox 2193 640 3779 714">
     <span class='ocr_line' id='line_1_21' title="bbox 2193 640 3779 714; baseline 0.003 -20"><span class='ocrx_word' id='word_1_147' title='bbox 2193 642 2339 695; x_wconf 90' lang='lat' dir='ltr'><strong>tione</strong></span> <span class='ocrx_word' id='word_1_148' title='bbox 2363 640 2634 711; x_wconf 89' lang='lat' dir='ltr'><strong>perfectus</strong></span> <span class='ocrx_word' id='word_1_149' title='bbox 2661 651 2744 696; x_wconf 91' lang='lat' dir='ltr'><strong>est</strong></span> <span class='ocrx_word' id='word_1_150' title='bbox 2770 642 2929 697; x_wconf 90' lang='lat' dir='ltr'><strong>homo</strong></span> <span class='ocrx_word' id='word_1_151' title='bbox 2960 652 3065 705; x_wconf 90' lang='lat' dir='ltr'><strong>est,</strong></span> <span class='ocrx_word' id='word_1_152' title='bbox 3101 651 3153 695; x_wconf 88' lang='lat' dir='ltr'><strong>et</strong></span> <span class='ocrx_word' id='word_1_153' title='bbox 3184 643 3399 710; x_wconf 84' lang='lat' dir='ltr'><strong>quando</strong></span> <span class='ocrx_word' id='word_1_154' title='bbox 3429 644 3779 714; x_wconf 75' lang='lat' dir='ltr'><strong>seziietipsutn</strong></span> 
     </span>
    </p>
   </div>
   <div class='ocr_carea' id='block_1_22' title="bbox 2194 732 3777 804">
    <p class='ocr_par' dir='ltr' id='par_1_22' title="bbox 2194 732 3777 804">
     <span class='ocr_line' id='line_1_22' title="bbox 2194 732 3777 804; baseline 0.003 -17"><span class='ocrx_word' id='word_1_155' title='bbox 2194 736 2262 789; x_wconf 88' lang='lat' dir='ltr'><strong>ab</strong></span> <span class='ocrx_word' id='word_1_156' title='bbox 2288 734 2447 804; x_wconf 84' lang='lat' dir='ltr'><strong>hujus</strong></span> <span class='ocrx_word' id='word_1_157' title='bbox 2476 734 2660 788; x_wconf 89' lang='lat' dir='ltr'><strong>mundi</strong></span> <span class='ocrx_word' id='word_1_158' title='bbox 2698 734 2971 803; x_wconf 87' lang='lat' dir='ltr'><strong>voluptate</strong></span> <span class='ocrx_word' id='word_1_159' title='bbox 3008 749 3067 787; x_wconf 91' lang='lat' dir='ltr'><strong>se</strong></span> <span class='ocrx_word' id='word_1_160' title='bbox 3096 732 3406 799; x_wconf 81' lang='lat' dir='ltr'><strong>mortificat,</strong></span> <span class='ocrx_word' id='word_1_161' title='bbox 3434 735 3638 789; x_wconf 73' lang='lat' dir='ltr'><strong>vitulus</strong></span> <span class='ocrx_word' id='word_1_162' title='bbox 3674 746 3777 793; x_wconf 81' lang='lat' dir='ltr'><strong>est.</strong></span> 
     </span>
    </p>
   </div>
   <div class='ocr_carea' id='block_1_23' title="bbox 2193 810 3777 894">
    <p class='ocr_par' dir='ltr' id='par_1_23' title="bbox 2193 810 3777 894">
     <span class='ocr_line' id='line_1_23' title="bbox 2193 810 3777 894; baseline 0.003 -19"><span class='ocrx_word' id='word_1_163' title='bbox 2193 810 2329 889; x_wconf 86' lang='lat' dir='ltr'><strong>Quia</strong></span> <span class='ocrx_word' id='word_1_164' title='bbox 2360 838 2491 877; x_wconf 82' lang='lat' dir='ltr'><strong>vero</strong></span> <span class='ocrx_word' id='word_1_165' title='bbox 2524 824 2640 893; x_wconf 86' lang='lat' dir='ltr'><strong>ipsa</strong></span> <span class='ocrx_word' id='word_1_166' title='bbox 2670 839 2767 878; x_wconf 90' lang='lat' dir='ltr'><strong>sua</strong></span> <span class='ocrx_word' id='word_1_167' title='bbox 2797 832 3093 894; x_wconf 87' lang='lat' dir='ltr'><strong>spontanea</strong></span> <span class='ocrx_word' id='word_1_168' title='bbox 3147 823 3564 877; x_wconf 83' lang='lat' dir='ltr'><strong>mortificatioue</strong></span> <span class='ocrx_word' id='word_1_169' title='bbox 3589 834 3777 880; x_wconf 82' lang='lat' dir='ltr'><strong>contra</strong></span> 
     </span>
    </p>
   </div>
   <div class='ocr_carea' id='block_1_24' title="bbox 2194 912 3779 985">
    <p class='ocr_par' dir='ltr' id='par_1_24' title="bbox 2194 912 3779 985">
     <span class='ocr_line' id='line_1_24' title="bbox 2194 912 3779 985; baseline 0.003 -20"><span class='ocrx_word' id='word_1_170' title='bbox 2194 912 2420 985; x_wconf 88' lang='lat' dir='ltr'><strong>adversa</strong></span> <span class='ocrx_word' id='word_1_171' title='bbox 2446 914 2623 967; x_wconf 83' lang='lat' dir='ltr'><strong>omnia</strong></span> <span class='ocrx_word' id='word_1_172' title='bbox 2672 912 3045 969; x_wconf 86' lang='lat' dir='ltr'><strong>fortitudinem</strong></span> <span class='ocrx_word' id='word_1_173' title='bbox 3083 915 3391 969; x_wconf 84' lang='lat' dir='ltr'><strong>securitatis</strong></span> <span class='ocrx_word' id='word_1_174' title='bbox 3424 914 3607 977; x_wconf 88' lang='lat' dir='ltr'><strong>habet,</strong></span> <span class='ocrx_word' id='word_1_175' title='bbox 3641 916 3779 971; x_wconf 78' lang='lat' dir='ltr'><strong>unde</strong></span> 
     </span>
    </p>
   </div>
   <div class='ocr_carea' id='block_1_25' title="bbox 2192 1002 3780 1073">
    <p class='ocr_par' dir='ltr' id='par_1_25' title="bbox 2192 1002 3780 1073">
     <span class='ocr_line' id='line_1_25' title="bbox 2192 1002 3780 1073; baseline 0.004 -18"><span class='ocrx_word' id='word_1_176' title='bbox 2192 1003 2454 1072; x_wconf 88' lang='lat' dir='ltr'><strong>scriptum</strong></span> <span class='ocrx_word' id='word_1_177' title='bbox 2489 1012 2611 1058; x_wconf 91' lang='lat' dir='ltr'><strong>est:</strong></span> <span class='ocrx_word' id='word_1_178' title='bbox 2652 1022 2668 1055; x_wconf 82' lang='grc' dir='ltr'><strong>ι</strong></span> <span class='ocrx_word' id='word_1_179' title='bbox 2714 1002 2900 1058; x_wconf 82' lang='lat' dir='ltr'><strong>Justus</strong></span> <span class='ocrx_word' id='word_1_180' title='bbox 2944 1012 3125 1058; x_wconf 89' lang='lat' dir='ltr'><strong>autem</strong></span> <span class='ocrx_word' id='word_1_181' title='bbox 3178 1004 3330 1073; x_wconf 86' lang='lat' dir='ltr'><strong>quasi</strong></span> <span class='ocrx_word' id='word_1_182' title='bbox 3387 1004 3472 1058; x_wconf 87' lang='lat' dir='ltr'><strong>leo</strong></span> <span class='ocrx_word' id='word_1_183' title='bbox 3501 1005 3780 1062; x_wconf 81' lang='lat' dir='ltr'><strong>confidens</strong></span> 
     </span>
    </p>
   </div>
   <div class='ocr_carea' id='block_1_26' title="bbox 2193 1092 3780 1164">
    <p class='ocr_par' dir='ltr' id='par_1_26' title="bbox 2193 1092 3780 1164">
     <span class='ocr_line' id='line_1_26' title="bbox 2193 1092 3780 1164; baseline 0.003 -18"><span class='ocrx_word' id='word_1_184' title='bbox 2193 1093 2397 1161; x_wconf 85' lang='lat' dir='ltr'><strong>absque</strong></span> <span class='ocrx_word' id='word_1_185' title='bbox 2429 1101 2637 1148; x_wconf 90' lang='lat' dir='ltr'><strong>terrore</strong></span> <span class='ocrx_word' id='word_1_186' title='bbox 2667 1094 2773 1147; x_wconf 88' lang='lat' dir='ltr'><strong>erit</strong></span> <span class='ocrx_word' id='word_1_187' title='bbox 2805 1092 2988 1164; x_wconf 85' lang='lat' dir='ltr'><strong>(Prov.</strong></span> <span class='ocrx_word' id='word_1_188' title='bbox 3030 1092 3246 1162; x_wconf 78' lang='lat' dir='ltr'><strong>xxvtu),</strong></span> <span class='ocrx_word' id='word_1_189' title='bbox 3275 1093 3357 1147; x_wconf 90' lang='lat' dir='ltr'><strong>leo</strong></span> <span class='ocrx_word' id='word_1_190' title='bbox 3383 1104 3485 1147; x_wconf 88' lang='lat' dir='ltr'><strong>est.</strong></span> <span class='ocrx_word' id='word_1_191' title='bbox 3518 1094 3620 1161; x_wconf 85' lang='lat' dir='ltr'><strong>Qui</strong></span> <span class='ocrx_word' id='word_1_192' title='bbox 3653 1111 3780 1151; x_wconf 88' lang='lat' dir='ltr'><strong>vero</strong></span> 
     </span>
    </p>
   </div>
   <div class='ocr_carea' id='block_1_27' title="bbox 2192 1185 3781 1260">
    <p class='ocr_par' dir='ltr' id='par_1_27' title="bbox 2192 1185 3781 1260">
     <span class='ocr_line' id='line_1_27' title="bbox 2192 1185 3781 1260; baseline 0.003 -21"><span class='ocrx_word' id='word_1_193' title='bbox 2192 1185 2497 1241; x_wconf 84' lang='lat' dir='ltr'><strong>sublimiter</strong></span> <span class='ocrx_word' id='word_1_194' title='bbox 2549 1186 2949 1255; x_wconf 88' lang='lat' dir='ltr'><strong>contemplatur</strong></span> <span class='ocrx_word' id='word_1_195' title='bbox 3017 1202 3080 1242; x_wconf 88' lang='lat' dir='ltr'><strong>ea</strong></span> <span class='ocrx_word' id='word_1_196' title='bbox 3140 1202 3261 1257; x_wconf 81' lang='lat' dir='ltr'><strong>quae</strong></span> <span class='ocrx_word' id='word_1_197' title='bbox 3322 1188 3563 1242; x_wconf 66' lang='lat' dir='ltr'><strong>caelestia</strong></span> <span class='ocrx_word' id='word_1_198' title='bbox 3620 1198 3781 1260; x_wconf 86' lang='lat' dir='ltr'><strong>atque</strong></span> 
     </span>
    </p>
   </div>
   <div class='ocr_carea' id='block_1_28' title="bbox 2190 1276 3777 1353">
    <p class='ocr_par' dir='ltr' id='par_1_28' title="bbox 2190 1276 3777 1353">
     <span class='ocr_line' id='line_1_28' title="bbox 2190 1276 3777 1353; baseline 0.003 -22"><span class='ocrx_word' id='word_1_199' title='bbox 2190 1284 2395 1331; x_wconf 62' lang='lat' dir='ltr'><strong>aeterna</strong></span> <span class='ocrx_word' id='word_1_200' title='bbox 2426 1285 2573 1341; x_wconf 88' lang='lat' dir='ltr'><strong>sunt,</strong></span> <span class='ocrx_word' id='word_1_201' title='bbox 2628 1276 2808 1346; x_wconf 89' lang='lat' dir='ltr'><strong>aquila</strong></span> <span class='ocrx_word' id='word_1_202' title='bbox 2846 1286 2947 1332; x_wconf 89' lang='lat' dir='ltr'><strong>est.</strong></span> <span class='ocrx_word' id='word_1_203' title='bbox 2978 1277 3145 1347; x_wconf 82' lang='lat' dir='ltr'><strong>Igitur</strong></span> <span class='ocrx_word' id='word_1_204' title='bbox 3174 1280 3445 1348; x_wconf 88' lang='lat' dir='ltr'><strong>quomodo</strong></span> <span class='ocrx_word' id='word_1_205' title='bbox 3474 1277 3777 1353; x_wconf 88' lang='lat' dir='ltr'><strong>[quoniam]</strong></span> 
     </span>
    </p>
   </div>
   <div class='ocr_carea' id='block_1_29' title="bbox 2186 1364 3780 1440">
    <p class='ocr_par' dir='ltr' id='par_1_29' title="bbox 2186 1364 3780 1440">
     <span class='ocr_line' id='line_1_29' title="bbox 2186 1364 3780 1440; baseline 0.003 -20"><span class='ocrx_word' id='word_1_206' title='bbox 2186 1364 2367 1435; x_wconf 90' lang='lat' dir='ltr'><strong>justus</strong></span> <span class='ocrx_word' id='word_1_207' title='bbox 2393 1367 2621 1437; x_wconf 89' lang='lat' dir='ltr'><strong>quisque</strong></span> <span class='ocrx_word' id='word_1_208' title='bbox 2648 1382 2746 1436; x_wconf 86' lang='lat' dir='ltr'><strong>per</strong></span> <span class='ocrx_word' id='word_1_209' title='bbox 2798 1368 3063 1440; x_wconf 82' lang='lat' dir='ltr'><strong>rationem</strong></span> <span class='ocrx_word' id='word_1_210' title='bbox 3114 1368 3298 1435; x_wconf 89' lang='lat' dir='ltr'><strong>homo,</strong></span> <span class='ocrx_word' id='word_1_211' title='bbox 3324 1385 3420 1439; x_wconf 91' lang='lat' dir='ltr'><strong>per</strong></span> <span class='ocrx_word' id='word_1_212' title='bbox 3452 1371 3780 1426; x_wconf 77' lang='lat' dir='ltr'><strong>sacrificium</strong></span> 
     </span>
    </p>
   </div>
   <div class='ocr_carea' id='block_1_30' title="bbox 2193 1457 3774 1531">
    <p class='ocr_par' dir='ltr' id='par_1_30' title="bbox 2193 1457 3774 1531">
     <span class='ocr_line' id='line_1_30' title="bbox 2193 1457 3774 1531; baseline 0.003 -19"><span class='ocrx_word' id='word_1_213' title='bbox 2193 1457 2625 1513; x_wconf 81' lang='lat' dir='ltr'><strong>mortificatiouis</strong></span> <span class='ocrx_word' id='word_1_214' title='bbox 2650 1472 2762 1513; x_wconf 74' lang='lat' dir='ltr'><strong>sua:</strong></span> <span class='ocrx_word' id='word_1_215' title='bbox 2788 1458 3013 1523; x_wconf 88' lang='lat' dir='ltr'><strong>vitulus,</strong></span> <span class='ocrx_word' id='word_1_216' title='bbox 3044 1475 3141 1531; x_wconf 89' lang='lat' dir='ltr'><strong>per</strong></span> <span class='ocrx_word' id='word_1_217' title='bbox 3165 1460 3539 1516; x_wconf 82' lang='lat' dir='ltr'><strong>fortitudinem</strong></span> <span class='ocrx_word' id='word_1_218' title='bbox 3573 1462 3774 1517; x_wconf 89' lang='lat' dir='ltr'><strong>securi-</strong></span> 
     </span>
    </p>
   </div>
   <div class='ocr_carea' id='block_1_31' title="bbox 2194 1548 3777 1624">
    <p class='ocr_par' dir='ltr' id='par_1_31' title="bbox 2194 1548 3777 1624">
     <span class='ocr_line' id='line_1_31' title="bbox 2194 1548 3777 1624; baseline 0.004 -22"><span class='ocrx_word' id='word_1_219' title='bbox 2194 1550 2321 1604; x_wconf 82' lang='lat' dir='ltr'><strong>tatis</strong></span> <span class='ocrx_word' id='word_1_220' title='bbox 2346 1548 2450 1614; x_wconf 89' lang='lat' dir='ltr'><strong>leo,</strong></span> <span class='ocrx_word' id='word_1_221' title='bbox 2484 1565 2581 1620; x_wconf 87' lang='lat' dir='ltr'><strong>per</strong></span> <span class='ocrx_word' id='word_1_222' title='bbox 2608 1550 3116 1620; x_wconf 83' lang='lat' dir='ltr'><strong>contemplationem</strong></span> <span class='ocrx_word' id='word_1_223' title='bbox 3146 1567 3275 1607; x_wconf 91' lang='lat' dir='ltr'><strong>vero</strong></span> <span class='ocrx_word' id='word_1_224' title='bbox 3301 1552 3533 1608; x_wconf 71' lang='lat' dir='ltr'><strong>edicitur</strong></span> <span class='ocrx_word' id='word_1_225' title='bbox 3557 1556 3737 1624; x_wconf 88' lang='lat' dir='ltr'><strong>aquila</strong></span> <span class='ocrx_word' id='word_1_226' title='bbox 3763 1572 3777 1609; x_wconf 90' lang='lat'><strong>:</strong></span> 
     </span>
    </p>
   </div>
   <div class='ocr_carea' id='block_1_32' title="bbox 2193 1641 3779 1715">
    <p class='ocr_par' dir='ltr' id='par_1_32' title="bbox 2193 1641 3779 1715">
     <span class='ocr_line' id='line_1_32' title="bbox 2193 1641 3779 1715; baseline 0.005 -23"><span class='ocrx_word' id='word_1_227' title='bbox 2193 1648 2338 1694; x_wconf 88' lang='lat' dir='ltr'><strong>recte</strong></span> <span class='ocrx_word' id='word_1_228' title='bbox 2377 1656 2473 1709; x_wconf 88' lang='lat' dir='ltr'><strong>per</strong></span> <span class='ocrx_word' id='word_1_229' title='bbox 2508 1641 2621 1695; x_wconf 65' lang='lat' dir='ltr'><strong>haec</strong></span> <span class='ocrx_word' id='word_1_230' title='bbox 2647 1648 2832 1695; x_wconf 76' lang='lat' dir='ltr'><strong>salicta</strong></span> <span class='ocrx_word' id='word_1_231' title='bbox 2883 1641 3136 1695; x_wconf 87' lang='lat' dir='ltr'><strong>animalia</strong></span> <span class='ocrx_word' id='word_1_232' title='bbox 3170 1643 3372 1712; x_wconf 89' lang='lat' dir='ltr'><strong>signari</strong></span> <span class='ocrx_word' id='word_1_233' title='bbox 3405 1646 3779 1715; x_wconf 85' lang='lat' dir='ltr'><strong>unusquisque</strong></span> 
     </span>
    </p>
   </div>
   <div class='ocr_carea' id='block_1_33' title="bbox 2191 1728 3780 1804">
    <p class='ocr_par' dir='ltr' id='par_1_33' title="bbox 2191 1728 3780 1804">
     <span class='ocr_line' id='line_1_33' title="bbox 2191 1728 3780 1804; baseline 0.005 -22"><span class='ocrx_word' id='word_1_234' title='bbox 2191 1728 2469 1799; x_wconf 84' lang='lat' dir='ltr'><strong>perfectus</strong></span> <span class='ocrx_word' id='word_1_235' title='bbox 2512 1739 2711 1799; x_wconf 86' lang='lat' dir='ltr'><strong>potest.</strong></span> <span class='ocrx_word' id='word_1_236' title='bbox 2744 1730 2896 1796; x_wconf 84' lang='lat' dir='ltr'><strong>Quod</strong></span> <span class='ocrx_word' id='word_1_237' title='bbox 2946 1731 3145 1785; x_wconf 88' lang='lat' dir='ltr'><strong>idcirco</strong></span> <span class='ocrx_word' id='word_1_238' title='bbox 3186 1732 3434 1797; x_wconf 84' lang='lat' dir='ltr'><strong>dicimus,</strong></span> <span class='ocrx_word' id='word_1_239' title='bbox 3463 1745 3521 1788; x_wconf 92' lang='lat' dir='ltr'><strong>ut</strong></span> <span class='ocrx_word' id='word_1_240' title='bbox 3551 1748 3636 1799; x_wconf 86' lang='lat' dir='ltr'><strong>ea,</strong></span> <span class='ocrx_word' id='word_1_241' title='bbox 3663 1750 3780 1804; x_wconf 77' lang='lat' dir='ltr'><strong>qua:</strong></span> 
     </span>
    </p>
   </div>
   <div class='ocr_carea' id='block_1_34' title="bbox 484 1816 3778 1898">
    <p class='ocr_par' dir='ltr' id='par_1_34' title="bbox 484 1816 3778 1898">
     <span class='ocr_line' id='line_1_34' title="bbox 484 1816 3778 1898; baseline 0.002 -20"><span class='ocrx_word' id='word_1_242' title='bbox 484 1824 744 1894; x_wconf 82' lang='lat' dir='ltr'><strong>spiritale,</strong></span> <span class='ocrx_word' id='word_1_243' title='bbox 776 1824 843 1879; x_wconf 89' lang='lat' dir='ltr'><strong>de</strong></span> <span class='ocrx_word' id='word_1_244' title='bbox 884 1836 991 1892; x_wconf 90' lang='lat' dir='ltr'><strong>quo</strong></span> <span class='ocrx_word' id='word_1_245' title='bbox 1036 1819 1238 1874; x_wconf 90' lang='lat' dir='ltr'><strong>dictum</strong></span> <span class='ocrx_word' id='word_1_246' title='bbox 1266 1826 1392 1873; x_wconf 87' lang='lat' dir='ltr'><strong>est:</strong></span> <span class='ocrx_word' id='word_1_247' title='bbox 1430 1836 1448 1869; x_wconf 73' lang='grc' dir='ltr'><strong>ι</strong></span> <span class='ocrx_word' id='word_1_248' title='bbox 1484 1817 1563 1871; x_wconf 86' lang='lat' dir='ltr'><strong>Tu</strong></span> <span class='ocrx_word' id='word_1_249' title='bbox 1615 1832 1676 1871; x_wconf 90' lang='lat' dir='ltr'><strong>es</strong></span> <span class='ocrx_word' id='word_1_250' title='bbox 1730 1816 1984 1872; x_wconf 86' lang='lat' dir='ltr'><strong>sacerdos</strong></span> <span class='ocrx_word' id='word_1_251' title='bbox 2034 1817 2088 1871; x_wconf 73' lang='lat' dir='ltr'><strong>in</strong></span> <span class='ocrx_word' id='word_1_252' title='bbox 2120 1821 2163 1880; x_wconf 85' lang='grc' dir='ltr'><strong>Β</strong></span> <span class='ocrx_word' id='word_1_253' title='bbox 2192 1820 2259 1877; x_wconf 87' lang='lat' dir='ltr'><strong>de</strong></span> <span class='ocrx_word' id='word_1_254' title='bbox 2281 1830 2516 1889; x_wconf 89' lang='lat' dir='ltr'><strong>quatuor</strong></span> <span class='ocrx_word' id='word_1_255' title='bbox 2545 1822 2868 1877; x_wconf 87' lang='lat' dir='ltr'><strong>animalibus</strong></span> <span class='ocrx_word' id='word_1_256' title='bbox 2891 1822 3033 1878; x_wconf 91' lang='lat' dir='ltr'><strong>dicta</strong></span> <span class='ocrx_word' id='word_1_257' title='bbox 3084 1832 3209 1878; x_wconf 89' lang='lat' dir='ltr'><strong>sunt</strong></span> <span class='ocrx_word' id='word_1_258' title='bbox 3241 1826 3517 1893; x_wconf 86' lang='lat' dir='ltr'><strong>pertinere</strong></span> <span class='ocrx_word' id='word_1_259' title='bbox 3564 1844 3778 1898; x_wconf 89' lang='lat' dir='ltr'><strong>quoque</strong></span> 
     </span>
    </p>
   </div>
   <div class='ocr_carea' id='block_1_35' title="bbox 482 1906 2084 1981">
    <p class='ocr_par' dir='ltr' id='par_1_35' title="bbox 482 1906 2084 1981">
     <span class='ocr_line' id='line_1_35' title="bbox 482 1906 2084 1981; baseline -0.006 -8"><span class='ocrx_word' id='word_1_260' title='bbox 482 1923 747 1973; x_wconf 70' lang='lat' dir='ltr'><strong>aeternum</strong></span> <span class='ocrx_word' id='word_1_261' title='bbox 803 1913 1099 1971; x_wconf 88' lang='lat' dir='ltr'><strong>secundum</strong></span> <span class='ocrx_word' id='word_1_262' title='bbox 1146 1910 1392 1965; x_wconf 88' lang='lat' dir='ltr'><strong>ordinem</strong></span> <span class='ocrx_word' id='word_1_263' title='bbox 1456 1908 1848 1964; x_wconf 75' lang='lat' dir='ltr'><strong>Melchisedech</strong></span> <span class='ocrx_word' id='word_1_264' title='bbox 1903 1906 2084 1981; x_wconf 79' lang='lat' dir='ltr'><strong>(Psal.</strong></span> 
     </span>
    </p>
   </div>
   <div class='ocr_carea' id='block_1_36' title="bbox 482 1997 2081 2077">
    <p class='ocr_par' dir='ltr' id='par_1_36' title="bbox 482 1997 2081 2077">
     <span class='ocr_line' id='line_1_36' title="bbox 482 1997 2081 2077; baseline -0.006 -15"><span class='ocrx_word' id='word_1_265' title='bbox 482 2005 617 2077; x_wconf 70' lang='grc' dir='ltr'>(ιιι).</span> <span class='ocrx_word' id='word_1_266' title='bbox 652 2024 669 2057; x_wconf 79' lang='grc' dir='ltr'><strong>ι</strong></span> <span class='ocrx_word' id='word_1_267' title='bbox 712 2004 791 2059; x_wconf 89' lang='lat' dir='ltr'><strong>Ita</strong></span> <span class='ocrx_word' id='word_1_268' title='bbox 819 2004 1081 2059; x_wconf 74' lang='lat' dir='ltr'><strong>duntaxat</strong></span> <span class='ocrx_word' id='word_1_269' title='bbox 1126 2007 1184 2055; x_wconf 85' lang='lat' dir='ltr'><strong>ut</strong></span> <span class='ocrx_word' id='word_1_270' title='bbox 1212 2000 1391 2055; x_wconf 84' lang='lat' dir='ltr'><strong>omnia</strong></span> <span class='ocrx_word' id='word_1_271' title='bbox 1430 1997 1531 2053; x_wconf 88' lang='lat' dir='ltr'><strong>sibi</strong></span> <span class='ocrx_word' id='word_1_272' title='bbox 1585 2000 1829 2053; x_wconf 66' lang='lat' dir='ltr'><strong>haereant</strong></span> <span class='ocrx_word' id='word_1_273' title='bbox 1862 2010 2081 2068; x_wconf 89' lang='lat' dir='ltr'><strong>unoque</strong></span> 
     </span>
    </p>
   </div>
   <div class='ocr_carea' id='block_1_37' title="bbox 485 2088 2088 2165">
    <p class='ocr_par' dir='ltr' id='par_1_37' title="bbox 485 2088 2088 2165">
     <span class='ocr_line' id='line_1_37' title="bbox 485 2088 2088 2165; baseline -0.007 -13"><span class='ocrx_word' id='word_1_274' title='bbox 485 2109 714 2165; x_wconf 87' lang='lat' dir='ltr'><strong>corpore</strong></span> <span class='ocrx_word' id='word_1_275' title='bbox 740 2101 1083 2151; x_wconf 87' lang='lat' dir='ltr'><strong>censeantur.</strong></span> <span class='ocrx_word' id='word_1_276' title='bbox 1118 2088 1308 2158; x_wconf 77' lang='lat' dir='ltr'><strong>Aquila</strong></span> <span class='ocrx_word' id='word_1_277' title='bbox 1351 2096 1534 2143; x_wconf 86' lang='lat' dir='ltr'><strong>autem</strong></span> <span class='ocrx_word' id='word_1_278' title='bbox 1571 2103 1691 2157; x_wconf 76' lang='lat' dir='ltr'><strong>qua:</strong></span> <span class='ocrx_word' id='word_1_279' title='bbox 1721 2095 1776 2142; x_wconf 90' lang='lat' dir='ltr'><strong>et</strong></span> <span class='ocrx_word' id='word_1_280' title='bbox 1802 2102 1965 2157; x_wconf 85' lang='lat' dir='ltr'><strong>super</strong></span> <span class='ocrx_word' id='word_1_281' title='bbox 1994 2104 2088 2141; x_wconf 89' lang='lat' dir='ltr'><strong>na-</strong></span> 
     </span>
    </p>
   </div>
   <div class='ocr_carea' id='block_1_38' title="bbox 486 2179 2089 2251">
    <p class='ocr_par' dir='ltr' id='par_1_38' title="bbox 486 2179 2089 2251">
     <span class='ocr_line' id='line_1_38' title="bbox 486 2179 2089 2251; baseline -0.004 -11"><span class='ocrx_word' id='word_1_282' title='bbox 486 2185 774 2249; x_wconf 88' lang='lat' dir='ltr'><strong>tivitatem,</strong></span> <span class='ocrx_word' id='word_1_283' title='bbox 811 2190 867 2238; x_wconf 88' lang='lat' dir='ltr'><strong>et</strong></span> <span class='ocrx_word' id='word_1_284' title='bbox 894 2194 1055 2251; x_wconf 81' lang='lat' dir='ltr'><strong>super</strong></span> <span class='ocrx_word' id='word_1_285' title='bbox 1098 2180 1435 2250; x_wconf 86' lang='lat' dir='ltr'><strong>prophetiam</strong></span> <span class='ocrx_word' id='word_1_286' title='bbox 1460 2187 1563 2244; x_wconf 86' lang='lat' dir='ltr'><strong>est,</strong></span> <span class='ocrx_word' id='word_1_287' title='bbox 1588 2194 1707 2249; x_wconf 71' lang='lat' dir='ltr'><strong>qua:</strong></span> <span class='ocrx_word' id='word_1_288' title='bbox 1734 2179 1948 2234; x_wconf 87' lang='lat' dir='ltr'><strong>Domini</strong></span> <span class='ocrx_word' id='word_1_289' title='bbox 1992 2194 2089 2234; x_wconf 81' lang='lat' dir='ltr'><strong>ex-</strong></span> 
     </span>
    </p>
   </div>
   <div class='ocr_carea' id='block_1_39' title="bbox 483 2270 2086 2348">
    <p class='ocr_par' dir='ltr' id='par_1_39' title="bbox 483 2270 2086 2348">
     <span class='ocr_line' id='line_1_39' title="bbox 483 2270 2086 2348; baseline -0.003 -18"><span class='ocrx_word' id='word_1_290' title='bbox 483 2276 662 2348; x_wconf 87' lang='lat' dir='ltr'><strong>pietur</strong></span> <span class='ocrx_word' id='word_1_291' title='bbox 676 2275 933 2339; x_wconf 87' lang='lat' dir='ltr'><strong>adventu,</strong></span> <span class='ocrx_word' id='word_1_292' title='bbox 966 2281 1023 2329; x_wconf 91' lang='lat' dir='ltr'><strong>et</strong></span> <span class='ocrx_word' id='word_1_293' title='bbox 1051 2286 1213 2342; x_wconf 86' lang='lat' dir='ltr'><strong>super</strong></span> <span class='ocrx_word' id='word_1_294' title='bbox 1236 2270 1598 2327; x_wconf 87' lang='lat' dir='ltr'><strong>sacerdotium</strong></span> <span class='ocrx_word' id='word_1_295' title='bbox 1617 2271 1759 2341; x_wconf 91' lang='lat' dir='ltr'><strong>quod</strong></span> <span class='ocrx_word' id='word_1_296' title='bbox 1791 2272 2086 2342; x_wconf 83' lang='lat' dir='ltr'><strong>praeteriit,</strong></span> 
     </span>
    </p>
   </div>
   <div class='ocr_carea' id='block_1_40' title="bbox 485 2360 2085 2433">
    <p class='ocr_par' dir='ltr' id='par_1_40' title="bbox 485 2360 2085 2433">
     <span class='ocr_line' id='line_1_40' title="bbox 485 2360 2085 2433; baseline -0.004 -12"><span class='ocrx_word' id='word_1_297' title='bbox 485 2376 639 2422; x_wconf 82' lang='lat' dir='ltr'><strong>extra</strong></span> <span class='ocrx_word' id='word_1_298' title='bbox 660 2365 778 2420; x_wconf 58' lang='lat' dir='ltr'><strong>hac</strong></span> <span class='ocrx_word' id='word_1_299' title='bbox 800 2364 982 2419; x_wconf 87' lang='lat' dir='ltr'><strong>omnia</strong></span> <span class='ocrx_word' id='word_1_300' title='bbox 1008 2371 1124 2427; x_wconf 90' lang='lat' dir='ltr'><strong>est,</strong></span> <span class='ocrx_word' id='word_1_301' title='bbox 1154 2362 1221 2417; x_wconf 91' lang='lat' dir='ltr'><strong>de</strong></span> <span class='ocrx_word' id='word_1_302' title='bbox 1254 2361 1537 2415; x_wconf 88' lang='lat' dir='ltr'><strong>nativitate</strong></span> <span class='ocrx_word' id='word_1_303' title='bbox 1556 2360 1803 2417; x_wconf 88' lang='lat' dir='ltr'><strong>referens</strong></span> <span class='ocrx_word' id='word_1_304' title='bbox 1836 2360 2085 2433; x_wconf 77' lang='lat' dir='ltr'><strong>apiritali,</strong></span> 
     </span>
    </p>
   </div>
   <div class='ocr_carea' id='block_1_41' title="bbox 485 2448 2088 2526">
    <p class='ocr_par' dir='ltr' id='par_1_41' title="bbox 485 2448 2088 2526">
     <span class='ocr_line' id='line_1_41' title="bbox 485 2448 2088 2526; baseline -0.003 -16"><span class='ocrx_word' id='word_1_305' title='bbox 485 2454 757 2526; x_wconf 89' lang='lat' dir='ltr'><strong>quomodo</strong></span> <span class='ocrx_word' id='word_1_306' title='bbox 784 2454 945 2509; x_wconf 87' lang='lat' dir='ltr'><strong>Pater</strong></span> <span class='ocrx_word' id='word_1_307' title='bbox 974 2453 1028 2507; x_wconf 89' lang='lat' dir='ltr'><strong>in</strong></span> <span class='ocrx_word' id='word_1_308' title='bbox 1056 2450 1194 2507; x_wconf 88' lang='lat' dir='ltr'><strong>Filio</strong></span> <span class='ocrx_word' id='word_1_309' title='bbox 1222 2457 1278 2505; x_wconf 88' lang='lat' dir='ltr'><strong>et</strong></span> <span class='ocrx_word' id='word_1_310' title='bbox 1302 2449 1470 2505; x_wconf 87' lang='lat' dir='ltr'><strong>Filius</strong></span> <span class='ocrx_word' id='word_1_311' title='bbox 1496 2449 1550 2504; x_wconf 90' lang='lat' dir='ltr'><strong>in</strong></span> <span class='ocrx_word' id='word_1_312' title='bbox 1576 2449 1736 2505; x_wconf 89' lang='lat' dir='ltr'><strong>Patre</strong></span> <span class='ocrx_word' id='word_1_313' title='bbox 1762 2450 1852 2513; x_wconf 90' lang='lat' dir='ltr'><strong>sit,</strong></span> <span class='ocrx_word' id='word_1_314' title='bbox 1886 2448 1955 2505; x_wconf 88' lang='lat' dir='ltr'><strong>de</strong></span> <span class='ocrx_word' id='word_1_315' title='bbox 1981 2465 2088 2520; x_wconf 89' lang='lat' dir='ltr'><strong>qua</strong></span> 
     </span>
    </p>
   </div>
   <div class='ocr_carea' id='block_1_42' title="bbox 484 2541 2089 2611">
    <p class='ocr_par' dir='ltr' id='par_1_42' title="bbox 484 2541 2089 2611">
     <span class='ocr_line' id='line_1_42' title="bbox 484 2541 2089 2611; baseline -0.002 -10"><span class='ocrx_word' id='word_1_316' title='bbox 484 2546 787 2603; x_wconf 86' lang='lat' dir='ltr'><strong>rectissime</strong></span> <span class='ocrx_word' id='word_1_317' title='bbox 815 2544 1011 2599; x_wconf 89' lang='lat' dir='ltr'><strong>dicitur</strong></span> <span class='ocrx_word' id='word_1_318' title='bbox 1039 2562 1053 2597; x_wconf 91' lang='lat'>:</span> <span class='ocrx_word' id='word_1_319' title='bbox 1087 2561 1106 2594; x_wconf 69' lang='grc' dir='ltr'><strong>ι</strong></span> <span class='ocrx_word' id='word_1_320' title='bbox 1141 2542 1560 2598; x_wconf 86' lang='lat' dir='ltr'><strong>Generationem</strong></span> <span class='ocrx_word' id='word_1_321' title='bbox 1610 2541 1727 2609; x_wconf 85' lang='lat' dir='ltr'><strong>ejus</strong></span> <span class='ocrx_word' id='word_1_322' title='bbox 1777 2543 1901 2611; x_wconf 89' lang='lat' dir='ltr'><strong>quis</strong></span> <span class='ocrx_word' id='word_1_323' title='bbox 1925 2556 2089 2598; x_wconf 88' lang='lat' dir='ltr'><strong>enar-</strong></span> 
     </span>
    </p>
   </div>
   <div class='ocr_carea' id='block_1_43' title="bbox 487 2632 2090 2708">
    <p class='ocr_par' dir='ltr' id='par_1_43' title="bbox 487 2632 2090 2708">
     <span class='ocr_line' id='line_1_43' title="bbox 487 2632 2090 2708; baseline -0.002 -17"><span class='ocrx_word' id='word_1_324' title='bbox 487 2637 662 2691; x_wconf 81' lang='lat' dir='ltr'><strong>rabit?</strong></span> <span class='ocrx_word' id='word_1_325' title='bbox 704 2656 723 2688; x_wconf 74' lang='grc' dir='ltr'><strong>ι</strong></span> <span class='ocrx_word' id='word_1_326' title='bbox 763 2634 900 2708; x_wconf 80' lang='lat' dir='ltr'><strong>(Isa.</strong></span> <span class='ocrx_word' id='word_1_327' title='bbox 954 2634 1096 2705; x_wconf 84' lang='lat' dir='ltr'><strong>un.)</strong></span> <span class='ocrx_word' id='word_1_328' title='bbox 1125 2634 1232 2687; x_wconf 89' lang='lat' dir='ltr'><strong>Ista</strong></span> <span class='ocrx_word' id='word_1_329' title='bbox 1276 2641 1403 2688; x_wconf 89' lang='lat' dir='ltr'><strong>sunt</strong></span> <span class='ocrx_word' id='word_1_330' title='bbox 1428 2632 1585 2702; x_wconf 83' lang='lat' dir='ltr'><strong>juxta</strong></span> <span class='ocrx_word' id='word_1_331' title='bbox 1616 2632 1997 2704; x_wconf 84' lang='lat' dir='ltr'><strong>Apocalypsin,</strong></span> <span class='ocrx_word' id='word_1_332' title='bbox 2030 2642 2090 2688; x_wconf 85' lang='lat' dir='ltr'><strong>ut</strong></span> 
     </span>
    </p>
   </div>
   <div class='ocr_carea' id='block_1_44' title="bbox 486 2724 2087 2797">
    <p class='ocr_par' dir='ltr' id='par_1_44' title="bbox 486 2724 2087 2797">
     <span class='ocr_line' id='line_1_44' title="bbox 486 2724 2087 2797; baseline -0.001 -14"><span class='ocrx_word' id='word_1_333' title='bbox 486 2737 614 2783; x_wconf 84' lang='lat' dir='ltr'><strong>ante</strong></span> <span class='ocrx_word' id='word_1_334' title='bbox 668 2725 781 2797; x_wconf 90' lang='lat' dir='ltr'><strong>jam</strong></span> <span class='ocrx_word' id='word_1_335' title='bbox 841 2726 1100 2790; x_wconf 89' lang='lat' dir='ltr'><strong>diximus,</strong></span> <span class='ocrx_word' id='word_1_336' title='bbox 1128 2734 1362 2795; x_wconf 90' lang='lat' dir='ltr'><strong>quatuor</strong></span> <span class='ocrx_word' id='word_1_337' title='bbox 1406 2724 1656 2779; x_wconf 85' lang='lat' dir='ltr'><strong>animalia</strong></span> <span class='ocrx_word' id='word_1_338' title='bbox 1712 2725 1866 2796; x_wconf 89' lang='lat' dir='ltr'><strong>plena</strong></span> <span class='ocrx_word' id='word_1_339' title='bbox 1916 2726 2087 2781; x_wconf 89' lang='lat' dir='ltr'><strong>oculis</strong></span> 
     </span>
    </p>
   </div>
   <div class='ocr_carea' id='block_1_45' title="bbox 486 2816 2089 2885">
    <p class='ocr_par' dir='ltr' id='par_1_45' title="bbox 486 2816 2089 2885">
     <span class='ocr_line' id='line_1_45' title="bbox 486 2816 2089 2885; baseline -0.001 -11"><span class='ocrx_word' id='word_1_340' title='bbox 486 2827 613 2874; x_wconf 89' lang='lat' dir='ltr'><strong>ante</strong></span> <span class='ocrx_word' id='word_1_341' title='bbox 634 2828 688 2874; x_wconf 91' lang='lat' dir='ltr'><strong>et</strong></span> <span class='ocrx_word' id='word_1_342' title='bbox 715 2826 884 2883; x_wconf 87' lang='lat' dir='ltr'><strong>retro,</strong></span> <span class='ocrx_word' id='word_1_343' title='bbox 916 2831 1145 2885; x_wconf 91' lang='lat' dir='ltr'><strong>quorum</strong></span> <span class='ocrx_word' id='word_1_344' title='bbox 1166 2832 1333 2871; x_wconf 90' lang='lat' dir='ltr'><strong>unum</strong></span> <span class='ocrx_word' id='word_1_345' title='bbox 1362 2816 1565 2871; x_wconf 88' lang='lat' dir='ltr'><strong>animal</strong></span> <span class='ocrx_word' id='word_1_346' title='bbox 1590 2817 1769 2873; x_wconf 87' lang='lat' dir='ltr'><strong>simile</strong></span> <span class='ocrx_word' id='word_1_347' title='bbox 1810 2818 2004 2883; x_wconf 88' lang='lat' dir='ltr'><strong>leonis,</strong></span> <span class='ocrx_word' id='word_1_348' title='bbox 2032 2826 2089 2873; x_wconf 91' lang='lat' dir='ltr'><strong>et</strong></span> 
     </span>
    </p>
   </div>
   <div class='ocr_carea' id='block_1_46' title="bbox 485 2906 2087 2973">
    <p class='ocr_par' dir='ltr' id='par_1_46' title="bbox 485 2906 2087 2973">
     <span class='ocr_line' id='line_1_46' title="bbox 485 2906 2087 2973; baseline -0.003 -7"><span class='ocrx_word' id='word_1_349' title='bbox 485 2908 783 2966; x_wconf 87' lang='lat' dir='ltr'><strong>secundum</strong></span> <span class='ocrx_word' id='word_1_350' title='bbox 806 2907 983 2964; x_wconf 84' lang='lat' dir='ltr'><strong>simile</strong></span> <span class='ocrx_word' id='word_1_351' title='bbox 1003 2906 1175 2973; x_wconf 91' lang='lat' dir='ltr'><strong>vituli,</strong></span> <span class='ocrx_word' id='word_1_352' title='bbox 1200 2916 1257 2962; x_wconf 92' lang='lat' dir='ltr'><strong>et</strong></span> <span class='ocrx_word' id='word_1_353' title='bbox 1282 2907 1500 2961; x_wconf 91' lang='lat' dir='ltr'><strong>tertium</strong></span> <span class='ocrx_word' id='word_1_354' title='bbox 1532 2906 1733 2961; x_wconf 84' lang='lat' dir='ltr'><strong>habens</strong></span> <span class='ocrx_word' id='word_1_355' title='bbox 1764 2907 1956 2961; x_wconf 87' lang='lat' dir='ltr'><strong>faciem</strong></span> <span class='ocrx_word' id='word_1_356' title='bbox 1990 2907 2087 2961; x_wconf 90' lang='lat' dir='ltr'><strong>ho-</strong></span> 
     </span>
    </p>
   </div>
   <div class='ocr_carea' id='block_1_47' title="bbox 486 2997 2081 3071">
    <p class='ocr_par' dir='ltr' id='par_1_47' title="bbox 486 2997 2081 3071">
     <span class='ocr_line' id='line_1_47' title="bbox 486 2997 2081 3071; baseline -0.003 -14"><span class='ocrx_word' id='word_1_357' title='bbox 486 3002 669 3067; x_wconf 88' lang='lat' dir='ltr'><strong>minis,</strong></span> <span class='ocrx_word' id='word_1_358' title='bbox 701 3012 757 3057; x_wconf 88' lang='lat' dir='ltr'><strong>et</strong></span> <span class='ocrx_word' id='word_1_359' title='bbox 782 3007 1034 3071; x_wconf 82' lang='lat' dir='ltr'><strong>quartum</strong></span> <span class='ocrx_word' id='word_1_360' title='bbox 1065 2998 1239 3054; x_wconf 89' lang='lat' dir='ltr'><strong>simile</strong></span> <span class='ocrx_word' id='word_1_361' title='bbox 1285 2998 1480 3068; x_wconf 81' lang='lat' dir='ltr'><strong>aquilae</strong></span> <span class='ocrx_word' id='word_1_362' title='bbox 1506 2997 1738 3052; x_wconf 87' lang='lat' dir='ltr'><strong>volantis</strong></span> <span class='ocrx_word' id='word_1_363' title='bbox 1770 2997 1959 3070; x_wconf 74' lang='lat' dir='ltr'><strong>(Apoc.</strong></span> <span class='ocrx_word' id='word_1_364' title='bbox 1979 2997 2081 3070; x_wconf 80' lang='lat' dir='ltr'><strong>tv).</strong></span> 
     </span>
    </p>
   </div>
   <div class='ocr_carea' id='block_1_48' title="bbox 485 3088 2082 3162">
    <p class='ocr_par' dir='ltr' id='par_1_48' title="bbox 485 3088 2082 3162">
     <span class='ocr_line' id='line_1_48' title="bbox 485 3088 2082 3162; baseline -0.002 -16"><span class='ocrx_word' id='word_1_365' title='bbox 485 3092 672 3162; x_wconf 88' lang='lat' dir='ltr'><strong>Ibique</strong></span> <span class='ocrx_word' id='word_1_366' title='bbox 708 3091 963 3147; x_wconf 86' lang='lat' dir='ltr'><strong>dicuntur</strong></span> <span class='ocrx_word' id='word_1_367' title='bbox 985 3090 1039 3144; x_wconf 90' lang='lat' dir='ltr'><strong>in</strong></span> <span class='ocrx_word' id='word_1_368' title='bbox 1066 3089 1284 3143; x_wconf 80' lang='lat' dir='ltr'><strong>modum</strong></span> <span class='ocrx_word' id='word_1_369' title='bbox 1331 3088 1619 3158; x_wconf 86' lang='lat' dir='ltr'><strong>Seraphim</strong></span> <span class='ocrx_word' id='word_1_370' title='bbox 1667 3103 1828 3143; x_wconf 88' lang='lat' dir='ltr'><strong>senas</strong></span> <span class='ocrx_word' id='word_1_371' title='bbox 1882 3090 2082 3146; x_wconf 89' lang='lat' dir='ltr'><strong>habere</strong></span> 
     </span>
    </p>
   </div>
   <div class='ocr_carea' id='block_1_49' title="bbox 2188 1912 3776 1984">
    <p class='ocr_par' dir='ltr' id='par_1_49' title="bbox 2188 1912 3776 1984">
     <span class='ocr_line' id='line_1_49' title="bbox 2188 1912 3776 1984; baseline 0.004 -20"><span class='ocrx_word' id='word_1_372' title='bbox 2188 1912 2352 1965; x_wconf 84' lang='lat' dir='ltr'><strong>etiam</strong></span> <span class='ocrx_word' id='word_1_373' title='bbox 2380 1912 2443 1966; x_wconf 84' lang='lat' dir='ltr'><strong>ad</strong></span> <span class='ocrx_word' id='word_1_374' title='bbox 2473 1912 2839 1982; x_wconf 87' lang='lat' dir='ltr'><strong>perfectorum</strong></span> <span class='ocrx_word' id='word_1_375' title='bbox 2892 1913 3131 1984; x_wconf 87' lang='lat' dir='ltr'><strong>singulos</strong></span> <span class='ocrx_word' id='word_1_376' title='bbox 3180 1915 3635 1974; x_wconf 85' lang='lat' dir='ltr'><strong>demonstremus.</strong></span> <span class='ocrx_word' id='word_1_377' title='bbox 3672 1918 3776 1974; x_wconf 88' lang='lat' dir='ltr'><strong>Sed</strong></span> 
     </span>
    </p>
   </div>
   <div class='ocr_carea' id='block_1_50' title="bbox 2188 2002 3779 2079">
    <p class='ocr_par' dir='ltr' id='par_1_50' title="bbox 2188 2002 3779 2079">
     <span class='ocr_line' id='line_1_50' title="bbox 2188 2002 3779 2079; baseline 0.006 -24"><span class='ocrx_word' id='word_1_378' title='bbox 2188 2016 2383 2073; x_wconf 85' lang='lat' dir='ltr'><strong>magna</strong></span> <span class='ocrx_word' id='word_1_379' title='bbox 2416 2002 2573 2057; x_wconf 89' lang='lat' dir='ltr'><strong>nobis</strong></span> <span class='ocrx_word' id='word_1_380' title='bbox 2602 2002 2667 2056; x_wconf 88' lang='lat' dir='ltr'><strong>de</strong></span> <span class='ocrx_word' id='word_1_381' title='bbox 2713 2002 2916 2057; x_wconf 87' lang='lat' dir='ltr'><strong>eisdem</strong></span> <span class='ocrx_word' id='word_1_382' title='bbox 2946 2004 3295 2075; x_wconf 84' lang='lat' dir='ltr'><strong>evangelistis</strong></span> <span class='ocrx_word' id='word_1_383' title='bbox 3323 2014 3376 2059; x_wconf 81' lang='lat' dir='ltr'><strong>et</strong></span> <span class='ocrx_word' id='word_1_384' title='bbox 3399 2008 3607 2063; x_wconf 89' lang='lat' dir='ltr'><strong>sanctis</strong></span> <span class='ocrx_word' id='word_1_385' title='bbox 3642 2024 3779 2079; x_wconf 78' lang='lat' dir='ltr'><strong>pra:-</strong></span> 
     </span>
    </p>
   </div>
   <div class='ocr_carea' id='block_1_51' title="bbox 2189 2092 3776 2161">
    <p class='ocr_par' dir='ltr' id='par_1_51' title="bbox 2189 2092 3776 2161">
     <span class='ocr_line' id='line_1_51' title="bbox 2189 2092 3776 2161; baseline 0.003 -14"><span class='ocrx_word' id='word_1_386' title='bbox 2189 2092 2520 2147; x_wconf 86' lang='lat' dir='ltr'><strong>dicatoribus</strong></span> <span class='ocrx_word' id='word_1_387' title='bbox 2566 2094 2793 2161; x_wconf 63' lang='lat' dir='ltr'><strong>quaestio</strong></span> <span class='ocrx_word' id='word_1_388' title='bbox 2843 2093 3057 2157; x_wconf 91' lang='lat' dir='ltr'><strong>oritur,</strong></span> <span class='ocrx_word' id='word_1_389' title='bbox 3113 2109 3210 2147; x_wconf 90' lang='lat' dir='ltr'><strong>cur</strong></span> <span class='ocrx_word' id='word_1_390' title='bbox 3264 2094 3350 2148; x_wconf 91' lang='lat' dir='ltr'><strong>leo</strong></span> <span class='ocrx_word' id='word_1_391' title='bbox 3406 2104 3463 2148; x_wconf 89' lang='lat' dir='ltr'><strong>et</strong></span> <span class='ocrx_word' id='word_1_392' title='bbox 3519 2096 3687 2150; x_wconf 89' lang='lat' dir='ltr'><strong>homo</strong></span> <span class='ocrx_word' id='word_1_393' title='bbox 3748 2113 3776 2151; x_wconf 89' lang='lat' dir='ltr'><strong>a</strong></span> 
     </span>
    </p>
   </div>
   <div class='ocr_carea' id='block_1_52' title="bbox 2189 2183 3778 2253">
    <p class='ocr_par' dir='ltr' id='par_1_52' title="bbox 2189 2183 3778 2253">
     <span class='ocr_line' id='line_1_52' title="bbox 2189 2183 3778 2253; baseline 0.003 -15"><span class='ocrx_word' id='word_1_394' title='bbox 2189 2183 2393 2238; x_wconf 84' lang='lat' dir='ltr'><strong>dextris</strong></span> <span class='ocrx_word' id='word_1_395' title='bbox 2443 2184 2682 2253; x_wconf 84' lang='lat' dir='ltr'><strong>ipsorum</strong></span> <span class='ocrx_word' id='word_1_396' title='bbox 2734 2198 2984 2253; x_wconf 87' lang='lat' dir='ltr'><strong>quatuor,</strong></span> <span class='ocrx_word' id='word_1_397' title='bbox 3033 2184 3234 2238; x_wconf 88' lang='lat' dir='ltr'><strong>vitulus</strong></span> <span class='ocrx_word' id='word_1_398' title='bbox 3284 2200 3409 2241; x_wconf 87' lang='lat' dir='ltr'><strong>vero</strong></span> <span class='ocrx_word' id='word_1_399' title='bbox 3457 2201 3487 2239; x_wconf 70' lang='grc' dir='ltr'>ει</span> <span class='ocrx_word' id='word_1_400' title='bbox 3539 2186 3778 2243; x_wconf 83' lang='lat' dir='ltr'><strong>sinistris</strong></span> 
     </span>
    </p>
   </div>
   <div class='ocr_carea' id='block_1_53' title="bbox 2188 2273 3776 2347">
    <p class='ocr_par' dir='ltr' id='par_1_53' title="bbox 2188 2273 3776 2347">
     <span class='ocr_line' id='line_1_53' title="bbox 2188 2273 3776 2347; baseline 0.004 -20"><span class='ocrx_word' id='word_1_401' title='bbox 2188 2273 2427 2343; x_wconf 89' lang='lat' dir='ltr'><strong>ipsorum</strong></span> <span class='ocrx_word' id='word_1_402' title='bbox 2500 2282 2733 2343; x_wconf 89' lang='lat' dir='ltr'><strong>quatuor</strong></span> <span class='ocrx_word' id='word_1_403' title='bbox 2788 2288 2912 2329; x_wconf 84' lang='lat' dir='ltr'><strong>esse</strong></span> <span class='ocrx_word' id='word_1_404' title='bbox 2975 2274 3341 2344; x_wconf 88' lang='lat' dir='ltr'><strong>perhibetur:</strong></span> <span class='ocrx_word' id='word_1_405' title='bbox 3399 2292 3579 2347; x_wconf 89' lang='lat' dir='ltr'><strong>neque</strong></span> <span class='ocrx_word' id='word_1_406' title='bbox 3634 2280 3776 2333; x_wconf 88' lang='lat' dir='ltr'><strong>enim</strong></span> 
     </span>
    </p>
   </div>
   <div class='ocr_carea' id='block_1_54' title="bbox 2187 2363 3775 2429">
    <p class='ocr_par' dir='ltr' id='par_1_54' title="bbox 2187 2363 3775 2429">
     <span class='ocr_line' id='line_1_54' title="bbox 2187 2363 3775 2429; baseline 0.004 -12"><span class='ocrx_word' id='word_1_407' title='bbox 2187 2363 2303 2419; x_wconf 90' lang='lat' dir='ltr'><strong>sine</strong></span> <span class='ocrx_word' id='word_1_408' title='bbox 2335 2363 2695 2419; x_wconf 87' lang='lat' dir='ltr'><strong>admiratione</strong></span> <span class='ocrx_word' id='word_1_409' title='bbox 2729 2372 2831 2429; x_wconf 92' lang='lat' dir='ltr'><strong>est,</strong></span> <span class='ocrx_word' id='word_1_410' title='bbox 2864 2379 2965 2419; x_wconf 91' lang='lat' dir='ltr'><strong>cur</strong></span> <span class='ocrx_word' id='word_1_411' title='bbox 2990 2366 3093 2419; x_wconf 89' lang='lat' dir='ltr'><strong>duo</strong></span> <span class='ocrx_word' id='word_1_412' title='bbox 3116 2366 3204 2419; x_wconf 85' lang='lat' dir='ltr'><strong>illa</strong></span> <span class='ocrx_word' id='word_1_413' title='bbox 3232 2382 3263 2420; x_wconf 91' lang='lat' dir='ltr'><strong>a</strong></span> <span class='ocrx_word' id='word_1_414' title='bbox 3291 2366 3498 2422; x_wconf 78' lang='lat' dir='ltr'><strong>dextris</strong></span> <span class='ocrx_word' id='word_1_415' title='bbox 3521 2378 3576 2423; x_wconf 91' lang='lat' dir='ltr'><strong>et</strong></span> <span class='ocrx_word' id='word_1_416' title='bbox 3613 2385 3775 2424; x_wconf 81' lang='lat' dir='ltr'><strong>unum</strong></span> 
     </span>
    </p>
   </div>
   <div class='ocr_carea' id='block_1_55' title="bbox 2188 2456 3775 2531">
    <p class='ocr_par' dir='ltr' id='par_1_55' title="bbox 2188 2456 3775 2531">
     <span class='ocr_line' id='line_1_55' title="bbox 2188 2456 3775 2531; baseline 0.004 -21"><span class='ocrx_word' id='word_1_417' title='bbox 2188 2456 2291 2511; x_wconf 89' lang='lat' dir='ltr'><strong>hoc</strong></span> <span class='ocrx_word' id='word_1_418' title='bbox 2327 2469 2444 2511; x_wconf 82' lang='lat' dir='ltr'><strong>esse</strong></span> <span class='ocrx_word' id='word_1_419' title='bbox 2470 2456 2757 2514; x_wconf 86' lang='lat' dir='ltr'><strong>asinistris</strong></span> <span class='ocrx_word' id='word_1_420' title='bbox 2814 2456 3032 2511; x_wconf 91' lang='lat' dir='ltr'><strong>dicitur.</strong></span> <span class='ocrx_word' id='word_1_421' title='bbox 3075 2458 3142 2513; x_wconf 86' lang='lat' dir='ltr'><strong>Et</strong></span> <span class='ocrx_word' id='word_1_422' title='bbox 3183 2475 3370 2514; x_wconf 87' lang='lat' dir='ltr'><strong>rursus</strong></span> <span class='ocrx_word' id='word_1_423' title='bbox 3426 2464 3775 2531; x_wconf 71' lang='lat' dir='ltr'><strong>qumrendum</strong></span> 
     </span>
    </p>
   </div>
   <div class='ocr_carea' id='block_1_56' title="bbox 2186 2546 3777 2624">
    <p class='ocr_par' dir='ltr' id='par_1_56' title="bbox 2186 2546 3777 2624">
     <span class='ocr_line' id='line_1_56' title="bbox 2186 2546 3777 2624; baseline 0.004 -22"><span class='ocrx_word' id='word_1_424' title='bbox 2186 2562 2286 2602; x_wconf 84' lang='lat' dir='ltr'><strong>cur</strong></span> <span class='ocrx_word' id='word_1_425' title='bbox 2319 2546 2497 2617; x_wconf 89' lang='lat' dir='ltr'><strong>aquila</strong></span> <span class='ocrx_word' id='word_1_426' title='bbox 2530 2561 2637 2600; x_wconf 91' lang='lat' dir='ltr'><strong>non</strong></span> <span class='ocrx_word' id='word_1_427' title='bbox 2668 2562 2698 2600; x_wconf 90' lang='lat' dir='ltr'><strong>a</strong></span> <span class='ocrx_word' id='word_1_428' title='bbox 2728 2546 2934 2602; x_wconf 82' lang='lat' dir='ltr'><strong>dextris</strong></span> <span class='ocrx_word' id='word_1_429' title='bbox 2960 2549 3042 2601; x_wconf 91' lang='lat' dir='ltr'><strong>vel</strong></span> <span class='ocrx_word' id='word_1_430' title='bbox 3071 2564 3100 2602; x_wconf 90' lang='lat' dir='ltr'><strong>a</strong></span> <span class='ocrx_word' id='word_1_431' title='bbox 3127 2550 3386 2616; x_wconf 72' lang='lat' dir='ltr'><strong>sinistris,</strong></span> <span class='ocrx_word' id='word_1_432' title='bbox 3417 2552 3512 2606; x_wconf 90' lang='lat' dir='ltr'><strong>sed</strong></span> <span class='ocrx_word' id='word_1_433' title='bbox 3543 2554 3777 2624; x_wconf 85' lang='lat' dir='ltr'><strong>desuper</strong></span> 
     </span>
    </p>
   </div>
   <div class='ocr_carea' id='block_1_57' title="bbox 2187 2638 3776 2714">
    <p class='ocr_par' dir='ltr' id='par_1_57' title="bbox 2187 2638 3776 2714">
     <span class='ocr_line' id='line_1_57' title="bbox 2187 2638 3776 2714; baseline 0.005 -23"><span class='ocrx_word' id='word_1_434' title='bbox 2187 2638 2426 2706; x_wconf 89' lang='lat' dir='ltr'><strong>ipsorum</strong></span> <span class='ocrx_word' id='word_1_435' title='bbox 2448 2648 2680 2707; x_wconf 89' lang='lat' dir='ltr'><strong>quatuor</strong></span> <span class='ocrx_word' id='word_1_436' title='bbox 2709 2652 2829 2692; x_wconf 87' lang='lat' dir='ltr'><strong>esse</strong></span> <span class='ocrx_word' id='word_1_437' title='bbox 2869 2649 3221 2693; x_wconf 84' lang='lat' dir='ltr'><strong>memoratur.</strong></span> <span class='ocrx_word' id='word_1_438' title='bbox 3257 2642 3398 2696; x_wconf 86' lang='lat' dir='ltr'><strong>Duas</strong></span> <span class='ocrx_word' id='word_1_439' title='bbox 3425 2643 3611 2711; x_wconf 86' lang='lat' dir='ltr'><strong>itaque</strong></span> <span class='ocrx_word' id='word_1_440' title='bbox 3632 2659 3776 2714; x_wconf 68' lang='lat' dir='ltr'><strong>qua:-</strong></span> 
     </span>
    </p>
   </div>
   <div class='ocr_carea' id='block_1_58' title="bbox 2186 2728 3777 2803">
    <p class='ocr_par' dir='ltr' id='par_1_58' title="bbox 2186 2728 3777 2803">
     <span class='ocr_line' id='line_1_58' title="bbox 2186 2728 3777 2803; baseline 0.006 -21"><span class='ocrx_word' id='word_1_441' title='bbox 2186 2728 2390 2783; x_wconf 89' lang='lat' dir='ltr'><strong>stiones</strong></span> <span class='ocrx_word' id='word_1_442' title='bbox 2416 2728 2572 2783; x_wconf 83' lang='lat' dir='ltr'><strong>nobis</strong></span> <span class='ocrx_word' id='word_1_443' title='bbox 2608 2729 2929 2800; x_wconf 84' lang='lat' dir='ltr'><strong>objecimus,</strong></span> <span class='ocrx_word' id='word_1_444' title='bbox 2983 2745 3117 2799; x_wconf 86' lang='lat' dir='ltr'><strong>quas</strong></span> <span class='ocrx_word' id='word_1_445' title='bbox 3163 2739 3377 2801; x_wconf 91' lang='lat' dir='ltr'><strong>oportet</strong></span> <span class='ocrx_word' id='word_1_446' title='bbox 3405 2741 3461 2785; x_wconf 85' lang='lat' dir='ltr'><strong>ut</strong></span> <span class='ocrx_word' id='word_1_447' title='bbox 3495 2735 3777 2803; x_wconf 82' lang='lat' dir='ltr'><strong>aperiente</strong></span> 
     </span>
    </p>
   </div>
   <div class='ocr_carea' id='block_1_59' title="bbox 2185 2817 3775 2890">
    <p class='ocr_par' dir='ltr' id='par_1_59' title="bbox 2185 2817 3775 2890">
     <span class='ocr_line' id='line_1_59' title="bbox 2185 2817 3775 2890; baseline 0.003 -17"><span class='ocrx_word' id='word_1_448' title='bbox 2185 2817 2413 2873; x_wconf 88' lang='lat' dir='ltr'><strong>Domino</strong></span> <span class='ocrx_word' id='word_1_449' title='bbox 2464 2818 2840 2873; x_wconf 84' lang='lat' dir='ltr'><strong>dissolvamus.</strong></span> <span class='ocrx_word' id='word_1_450' title='bbox 2871 2818 3043 2873; x_wconf 86' lang='lat' dir='ltr'><strong>Ilomo</strong></span> <span class='ocrx_word' id='word_1_451' title='bbox 3098 2820 3263 2890; x_wconf 85' lang='lat' dir='ltr'><strong>igitur</strong></span> <span class='ocrx_word' id='word_1_452' title='bbox 3298 2830 3353 2874; x_wconf 91' lang='lat' dir='ltr'><strong>et</strong></span> <span class='ocrx_word' id='word_1_453' title='bbox 3377 2821 3463 2875; x_wconf 90' lang='lat' dir='ltr'><strong>leo</strong></span> <span class='ocrx_word' id='word_1_454' title='bbox 3490 2837 3521 2875; x_wconf 88' lang='lat' dir='ltr'><strong>a</strong></span> <span class='ocrx_word' id='word_1_455' title='bbox 3545 2822 3775 2889; x_wconf 81' lang='lat' dir='ltr'><strong>dextris,</strong></span> 
     </span>
    </p>
   </div>
   <div class='ocr_carea' id='block_1_60' title="bbox 2184 2909 3778 2982">
    <p class='ocr_par' dir='ltr' id='par_1_60' title="bbox 2184 2909 3778 2982">
     <span class='ocr_line' id='line_1_60' title="bbox 2184 2909 3778 2982; baseline 0.005 -19"><span class='ocrx_word' id='word_1_456' title='bbox 2184 2909 2387 2965; x_wconf 83' lang='lat' dir='ltr'><strong>vitulus</strong></span> <span class='ocrx_word' id='word_1_457' title='bbox 2414 2926 2544 2966; x_wconf 90' lang='lat' dir='ltr'><strong>vero</strong></span> <span class='ocrx_word' id='word_1_458' title='bbox 2580 2927 2611 2965; x_wconf 90' lang='lat' dir='ltr'><strong>a</strong></span> <span class='ocrx_word' id='word_1_459' title='bbox 2662 2912 2901 2967; x_wconf 88' lang='lat' dir='ltr'><strong>sinistris</strong></span> <span class='ocrx_word' id='word_1_460' title='bbox 2952 2926 3073 2966; x_wconf 89' lang='lat' dir='ltr'><strong>esse</strong></span> <span class='ocrx_word' id='word_1_461' title='bbox 3104 2912 3461 2982; x_wconf 86' lang='lat' dir='ltr'><strong>perhibetur;</strong></span> <span class='ocrx_word' id='word_1_462' title='bbox 3505 2928 3536 2967; x_wconf 91' lang='lat' dir='ltr'><strong>a</strong></span> <span class='ocrx_word' id='word_1_463' title='bbox 3568 2913 3778 2972; x_wconf 78' lang='lat' dir='ltr'><strong>dextris</strong></span> 
     </span>
    </p>
   </div>
   <div class='ocr_carea' id='block_1_61' title="bbox 2186 3004 3776 3070">
    <p class='ocr_par' dir='ltr' id='par_1_61' title="bbox 2186 3004 3776 3070">
     <span class='ocr_line' id='line_1_61' title="bbox 2186 3004 3776 3070; baseline 0.002 -9"><span class='ocrx_word' id='word_1_464' title='bbox 2186 3005 2331 3061; x_wconf 88' lang='lat' dir='ltr'><strong>enim</strong></span> <span class='ocrx_word' id='word_1_465' title='bbox 2382 3004 2523 3070; x_wconf 75' lang='lat' dir='ltr'><strong>lzeta,</strong></span> <span class='ocrx_word' id='word_1_466' title='bbox 2552 3021 2581 3059; x_wconf 91' lang='lat' dir='ltr'><strong>a</strong></span> <span class='ocrx_word' id='word_1_467' title='bbox 2611 3006 2849 3060; x_wconf 88' lang='lat' dir='ltr'><strong>sinistris</strong></span> <span class='ocrx_word' id='word_1_468' title='bbox 2904 3023 3032 3061; x_wconf 84' lang='lat' dir='ltr'><strong>vero</strong></span> <span class='ocrx_word' id='word_1_469' title='bbox 3084 3010 3259 3063; x_wconf 84' lang='lat' dir='ltr'><strong>tristia</strong></span> <span class='ocrx_word' id='word_1_470' title='bbox 3300 3010 3582 3065; x_wconf 86' lang='lat' dir='ltr'><strong>habemus.</strong></span> <span class='ocrx_word' id='word_1_471' title='bbox 3622 3010 3776 3065; x_wconf 68' lang='lat' dir='ltr'><strong>Unde</strong></span> 
     </span>
    </p>
   </div>
   <div class='ocr_carea' id='block_1_62' title="bbox 2188 3096 3778 3169">
    <p class='ocr_par' dir='ltr' id='par_1_62' title="bbox 2188 3096 3778 3169">
     <span class='ocr_line' id='line_1_62' title="bbox 2188 3096 3778 3169; baseline 0.003 -18"><span class='ocrx_word' id='word_1_472' title='bbox 2188 3106 2244 3151; x_wconf 90' lang='lat' dir='ltr'><strong>et</strong></span> <span class='ocrx_word' id='word_1_473' title='bbox 2274 3096 2554 3152; x_wconf 89' lang='lat' dir='ltr'><strong>sinistrum</strong></span> <span class='ocrx_word' id='word_1_474' title='bbox 2585 3097 2742 3153; x_wconf 85' lang='lat' dir='ltr'><strong>nobis</strong></span> <span class='ocrx_word' id='word_1_475' title='bbox 2788 3112 2911 3153; x_wconf 89' lang='lat' dir='ltr'><strong>esse</strong></span> <span class='ocrx_word' id='word_1_476' title='bbox 2965 3099 3193 3154; x_wconf 86' lang='lat' dir='ltr'><strong>dicimus</strong></span> <span class='ocrx_word' id='word_1_477' title='bbox 3236 3101 3357 3165; x_wconf 64' lang='lat' dir='ltr'><strong>hoc,</strong></span> <span class='ocrx_word' id='word_1_478' title='bbox 3410 3102 3555 3169; x_wconf 83' lang='lat' dir='ltr'><strong>quod</strong></span> <span class='ocrx_word' id='word_1_479' title='bbox 3586 3100 3778 3155; x_wconf 87' lang='lat' dir='ltr'><strong>adver-</strong></span> 
     </span>
    </p>
   </div>
   <div class='ocr_carea' id='block_1_63' title="bbox 489 3166 2089 3261">
    <p class='ocr_par' dir='ltr' id='par_1_63' title="bbox 489 3179 2082 3248">
     <span class='ocr_line' id='line_1_63' title="bbox 489 3179 2082 3248; baseline -0.003 -11"><span class='ocrx_word' id='word_1_480' title='bbox 489 3182 624 3247; x_wconf 87' lang='lat' dir='ltr'><strong>alas,</strong></span> <span class='ocrx_word' id='word_1_481' title='bbox 653 3182 865 3237; x_wconf 88' lang='lat' dir='ltr'><strong>duabus</strong></span> <span class='ocrx_word' id='word_1_482' title='bbox 915 3180 1146 3245; x_wconf 88' lang='lat' dir='ltr'><strong>faciem,</strong></span> <span class='ocrx_word' id='word_1_483' title='bbox 1189 3188 1245 3234; x_wconf 90' lang='lat' dir='ltr'><strong>et</strong></span> <span class='ocrx_word' id='word_1_484' title='bbox 1277 3179 1486 3234; x_wconf 89' lang='lat' dir='ltr'><strong>duabus</strong></span> <span class='ocrx_word' id='word_1_485' title='bbox 1547 3179 1714 3248; x_wconf 89' lang='lat' dir='ltr'><strong>pedes</strong></span> <span class='ocrx_word' id='word_1_486' title='bbox 1758 3180 2082 3248; x_wconf 80' lang='lat' dir='ltr'><strong>Operientia,</strong></span> 
     </span>
    </p>
   </div>
   <div class='ocr_carea' id='block_1_64' title="bbox 2190 3166 3778 3261">
    <p class='ocr_par' dir='ltr' id='par_1_64' title="bbox 2190 3166 3778 3261">
     <span class='ocr_line' id='line_1_64' title="bbox 2190 3166 3778 3261; baseline 0.001 -19"><span class='ocrx_word' id='word_1_487' title='bbox 2190 3203 2311 3243; x_wconf 87' lang='lat' dir='ltr'><strong>sum</strong></span> <span class='ocrx_word' id='word_1_488' title='bbox 2364 3203 2486 3243; x_wconf 90' lang='lat' dir='ltr'><strong>esse</strong></span> <span class='ocrx_word' id='word_1_489' title='bbox 2530 3189 2887 3257; x_wconf 84' lang='lat' dir='ltr'><strong>deputamus:</strong></span> <span class='ocrx_word' id='word_1_490' title='bbox 2921 3198 2977 3243; x_wconf 91' lang='lat' dir='ltr'><strong>et</strong></span> <span class='ocrx_word' id='word_1_491' title='bbox 3020 3189 3161 3244; x_wconf 83' lang='lat' dir='ltr'><strong>sicut</strong></span> <span class='ocrx_word' id='word_1_492' title='bbox 3200 3166 3653 3260; x_wconf 43' lang='lat' dir='ltr'><strong>pratuli—sumus</strong></span> <span class='ocrx_word' id='word_1_493' title='bbox 3684 3206 3778 3261; x_wconf 89' lang='lat' dir='ltr'><strong>per</strong></span> 
     </span>
    </p>
   </div>
   <div class='ocr_carea' id='block_1_65' title="bbox 490 3268 2087 3334">
    <p class='ocr_par' dir='ltr' id='par_1_65' title="bbox 490 3268 2087 3334">
     <span class='ocr_line' id='line_1_65' title="bbox 490 3268 2087 3334; baseline -0.003 -7"><span class='ocrx_word' id='word_1_494' title='bbox 490 3272 698 3328; x_wconf 85' lang='lat' dir='ltr'><strong>duabus</strong></span> <span class='ocrx_word' id='word_1_495' title='bbox 741 3281 921 3326; x_wconf 88' lang='lat' dir='ltr'><strong>autem</strong></span> <span class='ocrx_word' id='word_1_496' title='bbox 962 3269 1221 3334; x_wconf 87' lang='lat' dir='ltr'><strong>volantia,</strong></span> <span class='ocrx_word' id='word_1_497' title='bbox 1251 3276 1432 3323; x_wconf 88' lang='lat' dir='ltr'><strong>etnec</strong></span> <span class='ocrx_word' id='word_1_498' title='bbox 1466 3268 1519 3322; x_wconf 90' lang='lat' dir='ltr'><strong>in</strong></span> <span class='ocrx_word' id='word_1_499' title='bbox 1548 3269 1636 3323; x_wconf 89' lang='lat' dir='ltr'><strong>die</strong></span> <span class='ocrx_word' id='word_1_500' title='bbox 1691 3284 1791 3324; x_wconf 87' lang='lat' dir='ltr'><strong>nec</strong></span> <span class='ocrx_word' id='word_1_501' title='bbox 1820 3270 1872 3323; x_wconf 90' lang='lat' dir='ltr'><strong>in</strong></span> <span class='ocrx_word' id='word_1_502' title='bbox 1927 3278 2087 3324; x_wconf 89' lang='lat' dir='ltr'><strong>nocte</strong></span> 
     </span>
    </p>
   </div>
   <div class='ocr_carea' id='block_1_66' title="bbox 489 3355 2088 3428">
    <p class='ocr_par' dir='ltr' id='par_1_66' title="bbox 489 3355 2088 3428">
     <span class='ocr_line' id='line_1_66' title="bbox 489 3355 2088 3428; baseline -0.003 -12"><span class='ocrx_word' id='word_1_503' title='bbox 489 3360 783 3425; x_wconf 87' lang='lat' dir='ltr'><strong>cessantia,</strong></span> <span class='ocrx_word' id='word_1_504' title='bbox 807 3371 971 3428; x_wconf 89' lang='lat' dir='ltr'><strong>atque</strong></span> <span class='ocrx_word' id='word_1_505' title='bbox 998 3358 1252 3423; x_wconf 90' lang='lat' dir='ltr'><strong>dicentia,</strong></span> <span class='ocrx_word' id='word_1_506' title='bbox 1282 3376 1301 3408; x_wconf 75' lang='grc' dir='ltr'><strong>ι</strong></span> <span class='ocrx_word' id='word_1_507' title='bbox 1332 3355 1585 3421; x_wconf 89' lang='lat' dir='ltr'><strong>Sanctus,</strong></span> <span class='ocrx_word' id='word_1_508' title='bbox 1608 3366 1843 3422; x_wconf 89' lang='lat' dir='ltr'><strong>sanctus,</strong></span> <span class='ocrx_word' id='word_1_509' title='bbox 1869 3366 2088 3412; x_wconf 88' lang='lat' dir='ltr'><strong>sanctus</strong></span> 
     </span>
    </p>
   </div>
   <div class='ocr_carea' id='block_1_67' title="bbox 490 3446 2084 3520">
    <p class='ocr_par' dir='ltr' id='par_1_67' title="bbox 490 3446 2084 3520">
     <span class='ocr_line' id='line_1_67' title="bbox 490 3446 2084 3520; baseline -0.004 -13"><span class='ocrx_word' id='word_1_510' title='bbox 490 3452 752 3507; x_wconf 88' lang='lat' dir='ltr'><strong>Dominus</strong></span> <span class='ocrx_word' id='word_1_511' title='bbox 776 3449 919 3506; x_wconf 88' lang='lat' dir='ltr'><strong>Deus</strong></span> <span class='ocrx_word' id='word_1_512' title='bbox 944 3449 1307 3520; x_wconf 89' lang='lat' dir='ltr'><strong>omnipotens,</strong></span> <span class='ocrx_word' id='word_1_513' title='bbox 1332 3448 1423 3518; x_wconf 91' lang='lat' dir='ltr'><strong>qui</strong></span> <span class='ocrx_word' id='word_1_514' title='bbox 1453 3456 1572 3502; x_wconf 89' lang='lat' dir='ltr'><strong>erat</strong></span> <span class='ocrx_word' id='word_1_515' title='bbox 1599 3455 1653 3501; x_wconf 93' lang='lat' dir='ltr'><strong>et</strong></span> <span class='ocrx_word' id='word_1_516' title='bbox 1684 3447 1776 3518; x_wconf 88' lang='lat' dir='ltr'><strong>qui</strong></span> <span class='ocrx_word' id='word_1_517' title='bbox 1802 3454 1887 3501; x_wconf 88' lang='lat' dir='ltr'><strong>est</strong></span> <span class='ocrx_word' id='word_1_518' title='bbox 1906 3455 1961 3502; x_wconf 88' lang='lat' dir='ltr'><strong>et</strong></span> <span class='ocrx_word' id='word_1_519' title='bbox 1991 3446 2084 3516; x_wconf 88' lang='lat' dir='ltr'><strong>qui</strong></span> 
     </span>
    </p>
   </div>
   <div class='ocr_carea' id='block_1_68' title="bbox 493 3539 2087 3614">
    <p class='ocr_par' dir='ltr' id='par_1_68' title="bbox 493 3539 2087 3614">
     <span class='ocr_line' id='line_1_68' title="bbox 493 3539 2087 3614; baseline -0.003 -17"><span class='ocrx_word' id='word_1_520' title='bbox 493 3553 754 3599; x_wconf 90' lang='lat' dir='ltr'><strong>venturus</strong></span> <span class='ocrx_word' id='word_1_521' title='bbox 773 3550 877 3598; x_wconf 90' lang='lat' dir='ltr'><strong>est.</strong></span> <span class='ocrx_word' id='word_1_522' title='bbox 902 3561 920 3594; x_wconf 75' lang='grc' dir='ltr'><strong>ι</strong></span> <span class='ocrx_word' id='word_1_523' title='bbox 940 3540 1143 3614; x_wconf 81' lang='lat' dir='ltr'><strong>(Greg.)</strong></span> <span class='ocrx_word' id='word_1_524' title='bbox 1167 3539 1276 3596; x_wconf 88' lang='lat' dir='ltr'><strong>Sed</strong></span> <span class='ocrx_word' id='word_1_525' title='bbox 1302 3540 1430 3610; x_wconf 88' lang='lat' dir='ltr'><strong>quia</strong></span> <span class='ocrx_word' id='word_1_526' title='bbox 1454 3540 1611 3595; x_wconf 90' lang='lat' dir='ltr'><strong>electi</strong></span> <span class='ocrx_word' id='word_1_527' title='bbox 1634 3554 1823 3595; x_wconf 91' lang='lat' dir='ltr'><strong>omnes</strong></span> <span class='ocrx_word' id='word_1_528' title='bbox 1846 3539 2087 3593; x_wconf 88' lang='lat' dir='ltr'><strong>membra</strong></span> 
     </span>
    </p>
   </div>
   <div class='ocr_carea' id='block_1_69' title="bbox 492 3627 2091 3703">
    <p class='ocr_par' dir='ltr' id='par_1_69' title="bbox 492 3627 2091 3703">
     <span class='ocr_line' id='line_1_69' title="bbox 492 3627 2091 3703; baseline -0.004 -14"><span class='ocrx_word' id='word_1_529' title='bbox 492 3643 620 3689; x_wconf 89' lang='lat' dir='ltr'><strong>sunt</strong></span> <span class='ocrx_word' id='word_1_530' title='bbox 646 3632 1002 3703; x_wconf 89' lang='lat' dir='ltr'><strong>redemptoris</strong></span> <span class='ocrx_word' id='word_1_531' title='bbox 1054 3632 1244 3696; x_wconf 88' lang='lat' dir='ltr'><strong>nostri,</strong></span> <span class='ocrx_word' id='word_1_532' title='bbox 1292 3632 1408 3701; x_wconf 89' lang='lat' dir='ltr'><strong>ipse</strong></span> <span class='ocrx_word' id='word_1_533' title='bbox 1439 3639 1619 3686; x_wconf 89' lang='lat' dir='ltr'><strong>autem</strong></span> <span class='ocrx_word' id='word_1_534' title='bbox 1664 3627 1973 3700; x_wconf 83' lang='lat' dir='ltr'><strong>redemptor</strong></span> <span class='ocrx_word' id='word_1_535' title='bbox 1996 3643 2091 3683; x_wconf 88' lang='lat' dir='ltr'><strong>no-</strong></span> 
     </span>
    </p>
   </div>
   <div class='ocr_carea' id='block_1_70' title="bbox 491 3721 2090 3794">
    <p class='ocr_par' dir='ltr' id='par_1_70' title="bbox 491 3721 2090 3794">
     <span class='ocr_line' id='line_1_70' title="bbox 491 3721 2090 3794; baseline -0.004 -15"><span class='ocrx_word' id='word_1_536' title='bbox 491 3734 603 3779; x_wconf 87' lang='lat' dir='ltr'><strong>ster</strong></span> <span class='ocrx_word' id='word_1_537' title='bbox 629 3731 793 3794; x_wconf 88' lang='lat' dir='ltr'><strong>caput</strong></span> <span class='ocrx_word' id='word_1_538' title='bbox 814 3732 900 3779; x_wconf 89' lang='lat' dir='ltr'><strong>est</strong></span> <span class='ocrx_word' id='word_1_539' title='bbox 926 3724 1169 3778; x_wconf 90' lang='lat' dir='ltr'><strong>omnium</strong></span> <span class='ocrx_word' id='word_1_540' title='bbox 1189 3723 1485 3778; x_wconf 88' lang='lat' dir='ltr'><strong>electorum</strong></span> <span class='ocrx_word' id='word_1_541' title='bbox 1510 3736 1606 3792; x_wconf 89' lang='lat' dir='ltr'><strong>per</strong></span> <span class='ocrx_word' id='word_1_542' title='bbox 1632 3722 1737 3776; x_wconf 88' lang='lat' dir='ltr'><strong>hoc</strong></span> <span class='ocrx_word' id='word_1_543' title='bbox 1753 3721 1897 3790; x_wconf 92' lang='lat' dir='ltr'><strong>quod</strong></span> <span class='ocrx_word' id='word_1_544' title='bbox 1920 3734 2090 3774; x_wconf 85' lang='lat' dir='ltr'><strong>mem-</strong></span> 
     </span>
    </p>
   </div>
   <div class='ocr_carea' id='block_1_71' title="bbox 492 3809 2089 3885">
    <p class='ocr_par' dir='ltr' id='par_1_71' title="bbox 492 3809 2089 3885">
     <span class='ocr_line' id='line_1_71' title="bbox 492 3809 2089 3885; baseline -0.005 -15"><span class='ocrx_word' id='word_1_545' title='bbox 492 3816 587 3870; x_wconf 88' lang='lat' dir='ltr'><strong>bra</strong></span> <span class='ocrx_word' id='word_1_546' title='bbox 618 3814 734 3883; x_wconf 86' lang='lat' dir='ltr'><strong>ejus</strong></span> <span class='ocrx_word' id='word_1_547' title='bbox 764 3816 991 3885; x_wconf 74' lang='lat' dir='ltr'><strong>tigurata</strong></span> <span class='ocrx_word' id='word_1_548' title='bbox 1021 3821 1166 3879; x_wconf 88' lang='lat' dir='ltr'><strong>sunt,</strong></span> <span class='ocrx_word' id='word_1_549' title='bbox 1195 3812 1271 3866; x_wconf 90' lang='lat' dir='ltr'><strong>nil</strong></span> <span class='ocrx_word' id='word_1_550' title='bbox 1304 3813 1486 3867; x_wconf 87' lang='lat' dir='ltr'><strong>obstat</strong></span> <span class='ocrx_word' id='word_1_551' title='bbox 1513 3810 1560 3866; x_wconf 90' lang='lat' dir='ltr'><strong>si</strong></span> <span class='ocrx_word' id='word_1_552' title='bbox 1589 3811 1754 3866; x_wconf 89' lang='lat' dir='ltr'><strong>etiam</strong></span> <span class='ocrx_word' id='word_1_553' title='bbox 1780 3811 1837 3864; x_wconf 92' lang='lat' dir='ltr'><strong>in</strong></span> <span class='ocrx_word' id='word_1_554' title='bbox 1862 3809 1948 3864; x_wconf 89' lang='lat' dir='ltr'><strong>his</strong></span> <span class='ocrx_word' id='word_1_555' title='bbox 1971 3824 2089 3863; x_wconf 87' lang='lat' dir='ltr'><strong>om-</strong></span> 
     </span>
    </p>
   </div>
   <div class='ocr_carea' id='block_1_72' title="bbox 492 3897 2090 3975">
    <p class='ocr_par' dir='ltr' id='par_1_72' title="bbox 492 3897 2090 3975">
     <span class='ocr_line' id='line_1_72' title="bbox 492 3897 2090 3975; baseline -0.004 -15"><span class='ocrx_word' id='word_1_556' title='bbox 492 3904 651 3960; x_wconf 85' lang='lat' dir='ltr'><strong>nibus</strong></span> <span class='ocrx_word' id='word_1_557' title='bbox 681 3913 735 3958; x_wconf 88' lang='lat' dir='ltr'><strong>et</strong></span> <span class='ocrx_word' id='word_1_558' title='bbox 751 3903 865 3975; x_wconf 89' lang='lat' dir='ltr'><strong>ipse</strong></span> <span class='ocrx_word' id='word_1_559' title='bbox 891 3902 1158 3974; x_wconf 85' lang='lat' dir='ltr'><strong>signetur,</strong></span> <span class='ocrx_word' id='word_1_560' title='bbox 1181 3902 1295 3973; x_wconf 88' lang='lat' dir='ltr'><strong>ipse</strong></span> <span class='ocrx_word' id='word_1_561' title='bbox 1315 3901 1459 3962; x_wconf 88' lang='lat' dir='ltr'><strong>enim</strong></span> <span class='ocrx_word' id='word_1_562' title='bbox 1481 3900 1792 3972; x_wconf 89' lang='lat' dir='ltr'><strong>unigenitus</strong></span> <span class='ocrx_word' id='word_1_563' title='bbox 1814 3899 1910 3953; x_wconf 92' lang='lat' dir='ltr'><strong>Dei</strong></span> <span class='ocrx_word' id='word_1_564' title='bbox 1941 3897 2090 3953; x_wconf 81' lang='lat' dir='ltr'><strong>ﬁlius</strong></span> 
     </span>
    </p>
   </div>
   <div class='ocr_carea' id='block_1_73' title="bbox 494 3985 2093 4063">
    <p class='ocr_par' dir='ltr' id='par_1_73' title="bbox 494 3985 2093 4063">
     <span class='ocr_line' id='line_1_73' title="bbox 494 3985 2093 4063; baseline -0.006 -11"><span class='ocrx_word' id='word_1_565' title='bbox 494 3997 761 4054; x_wconf 89' lang='lat' dir='ltr'><strong>veraciter</strong></span> <span class='ocrx_word' id='word_1_566' title='bbox 792 3994 968 4051; x_wconf 88' lang='lat' dir='ltr'><strong>factus</strong></span> <span class='ocrx_word' id='word_1_567' title='bbox 998 4004 1083 4049; x_wconf 89' lang='lat' dir='ltr'><strong>est</strong></span> <span class='ocrx_word' id='word_1_568' title='bbox 1108 3995 1292 4057; x_wconf 88' lang='lat' dir='ltr'><strong>homo,</strong></span> <span class='ocrx_word' id='word_1_569' title='bbox 1326 3993 1438 4063; x_wconf 89' lang='lat' dir='ltr'><strong>ipse</strong></span> <span class='ocrx_word' id='word_1_570' title='bbox 1476 3992 1530 4046; x_wconf 90' lang='lat' dir='ltr'><strong>in</strong></span> <span class='ocrx_word' id='word_1_571' title='bbox 1583 3990 1854 4046; x_wconf 84' lang='lat' dir='ltr'><strong>sacriﬁcio</strong></span> <span class='ocrx_word' id='word_1_572' title='bbox 1884 3985 2093 4046; x_wconf 58' lang='lat' dir='ltr'><strong>nostra:</strong></span> 
     </span>
    </p>
   </div>
   <div class='ocr_carea' id='block_1_74' title="bbox 498 4082 2091 4159">
    <p class='ocr_par' dir='ltr' id='par_1_74' title="bbox 498 4082 2091 4159">
     <span class='ocr_line' id='line_1_74' title="bbox 498 4082 2091 4159; baseline -0.004 -16"><span class='ocrx_word' id='word_1_573' title='bbox 498 4088 884 4159; x_wconf 86' lang='lat' dir='ltr'><strong>redemptionis</strong></span> <span class='ocrx_word' id='word_1_574' title='bbox 915 4087 1170 4158; x_wconf 89' lang='lat' dir='ltr'><strong>dignatus</strong></span> <span class='ocrx_word' id='word_1_575' title='bbox 1198 4092 1282 4141; x_wconf 89' lang='lat' dir='ltr'><strong>est</strong></span> <span class='ocrx_word' id='word_1_576' title='bbox 1310 4084 1447 4139; x_wconf 91' lang='lat' dir='ltr'><strong>mori</strong></span> <span class='ocrx_word' id='word_1_577' title='bbox 1498 4092 1556 4138; x_wconf 90' lang='lat' dir='ltr'><strong>ut</strong></span> <span class='ocrx_word' id='word_1_578' title='bbox 1580 4084 1800 4138; x_wconf 89' lang='lat' dir='ltr'><strong>vitulus.</strong></span> <span class='ocrx_word' id='word_1_579' title='bbox 1848 4082 1969 4153; x_wconf 89' lang='lat' dir='ltr'><strong>Ipse</strong></span> <span class='ocrx_word' id='word_1_580' title='bbox 1993 4096 2091 4153; x_wconf 86' lang='lat' dir='ltr'><strong>per</strong></span> 
     </span>
    </p>
   </div>
   <div class='ocr_carea' id='block_1_75' title="bbox 499 4174 2091 4237">
    <p class='ocr_par' dir='ltr' id='par_1_75' title="bbox 499 4174 2091 4237">
     <span class='ocr_line' id='line_1_75' title="bbox 499 4174 2091 4237; baseline -0.004 -2"><span class='ocrx_word' id='word_1_581' title='bbox 499 4183 753 4237; x_wconf 89' lang='lat' dir='ltr'><strong>virtutem</strong></span> <span class='ocrx_word' id='word_1_582' title='bbox 782 4195 895 4235; x_wconf 85' lang='lat' dir='ltr'><strong>suae</strong></span> <span class='ocrx_word' id='word_1_583' title='bbox 922 4178 1255 4233; x_wconf 87' lang='lat' dir='ltr'><strong>fortitudinis</strong></span> <span class='ocrx_word' id='word_1_584' title='bbox 1298 4176 1535 4232; x_wconf 76' lang='lat' dir='ltr'><strong>surrexit</strong></span> <span class='ocrx_word' id='word_1_585' title='bbox 1563 4184 1624 4229; x_wconf 92' lang='lat' dir='ltr'><strong>ut</strong></span> <span class='ocrx_word' id='word_1_586' title='bbox 1642 4175 1746 4229; x_wconf 91' lang='lat' dir='ltr'><strong>leo.</strong></span> <span class='ocrx_word' id='word_1_587' title='bbox 1778 4174 1890 4230; x_wconf 86' lang='lat' dir='ltr'><strong>Leo</strong></span> <span class='ocrx_word' id='word_1_588' title='bbox 1927 4174 2091 4229; x_wconf 89' lang='lat' dir='ltr'><strong>etiam</strong></span> 
     </span>
    </p>
   </div>
   <div class='ocr_carea' id='block_1_76' title="bbox 500 4264 2093 4343">
    <p class='ocr_par' dir='ltr' id='par_1_76' title="bbox 500 4264 2093 4343">
     <span class='ocr_line' id='line_1_76' title="bbox 500 4264 2093 4343; baseline -0.007 -15"><span class='ocrx_word' id='word_1_589' title='bbox 500 4273 702 4343; x_wconf 85' lang='lat' dir='ltr'><strong>apertis</strong></span> <span class='ocrx_word' id='word_1_590' title='bbox 750 4269 925 4326; x_wconf 86' lang='lat' dir='ltr'><strong>oculis</strong></span> <span class='ocrx_word' id='word_1_591' title='bbox 978 4268 1215 4324; x_wconf 87' lang='lat' dir='ltr'><strong>dormire</strong></span> <span class='ocrx_word' id='word_1_592' title='bbox 1266 4265 1613 4337; x_wconf 84' lang='lat' dir='ltr'><strong>perhibetur,</strong></span> <span class='ocrx_word' id='word_1_593' title='bbox 1677 4264 1803 4334; x_wconf 87' lang='lat' dir='ltr'><strong>quia</strong></span> <span class='ocrx_word' id='word_1_594' title='bbox 1861 4265 1915 4319; x_wconf 89' lang='lat' dir='ltr'><strong>in</strong></span> <span class='ocrx_word' id='word_1_595' title='bbox 1975 4264 2093 4333; x_wconf 89' lang='lat' dir='ltr'><strong>ipsa</strong></span> 
     </span>
    </p>
   </div>
   <div class='ocr_carea' id='block_1_77' title="bbox 498 4355 2093 4432">
    <p class='ocr_par' dir='ltr' id='par_1_77' title="bbox 498 4355 2093 4432">
     <span class='ocr_line' id='line_1_77' title="bbox 498 4355 2093 4432; baseline -0.006 -14"><span class='ocrx_word' id='word_1_596' title='bbox 498 4372 677 4418; x_wconf 87' lang='lat' dir='ltr'><strong>morte</strong></span> <span class='ocrx_word' id='word_1_597' title='bbox 701 4361 755 4417; x_wconf 82' lang='lat' dir='ltr'><strong>in</strong></span> <span class='ocrx_word' id='word_1_598' title='bbox 780 4377 887 4432; x_wconf 89' lang='lat' dir='ltr'><strong>qua</strong></span> <span class='ocrx_word' id='word_1_599' title='bbox 925 4375 993 4416; x_wconf 89' lang='lat' dir='ltr'><strong>ex</strong></span> <span class='ocrx_word' id='word_1_600' title='bbox 1023 4359 1359 4415; x_wconf 88' lang='lat' dir='ltr'><strong>humanitate</strong></span> <span class='ocrx_word' id='word_1_601' title='bbox 1390 4357 1699 4426; x_wconf 89' lang='lat' dir='ltr'><strong>redemptor</strong></span> <span class='ocrx_word' id='word_1_602' title='bbox 1736 4363 1922 4411; x_wconf 87' lang='lat' dir='ltr'><strong>noster</strong></span> <span class='ocrx_word' id='word_1_603' title='bbox 1968 4355 2093 4410; x_wconf 88' lang='lat' dir='ltr'><strong>dor-</strong></span> 
     </span>
    </p>
   </div>
   <div class='ocr_carea' id='block_1_78' title="bbox 503 4446 2089 4523">
    <p class='ocr_par' dir='ltr' id='par_1_78' title="bbox 503 4446 2089 4523">
     <span class='ocr_line' id='line_1_78' title="bbox 503 4446 2089 4523; baseline -0.006 -15"><span class='ocrx_word' id='word_1_604' title='bbox 503 4453 638 4509; x_wconf 88' lang='lat' dir='ltr'><strong>mire</strong></span> <span class='ocrx_word' id='word_1_605' title='bbox 662 4451 854 4521; x_wconf 88' lang='lat' dir='ltr'><strong>potuit,</strong></span> <span class='ocrx_word' id='word_1_606' title='bbox 887 4464 957 4504; x_wconf 90' lang='lat' dir='ltr'><strong>ex</strong></span> <span class='ocrx_word' id='word_1_607' title='bbox 981 4449 1259 4504; x_wconf 81' lang='lat' dir='ltr'><strong>divinitate</strong></span> <span class='ocrx_word' id='word_1_608' title='bbox 1289 4462 1385 4501; x_wconf 90' lang='lat' dir='ltr'><strong>sua</strong></span> <span class='ocrx_word' id='word_1_609' title='bbox 1411 4446 1737 4523; x_wconf 87' lang='lat' dir='ltr'><strong>immortalis</strong></span> <span class='ocrx_word' id='word_1_610' title='bbox 1761 4460 2089 4516; x_wconf 88' lang='lat' dir='ltr'><strong>permanen-</strong></span> 
     </span>
    </p>
   </div>
   <div class='ocr_carea' id='block_1_79' title="bbox 502 4530 2089 4615">
    <p class='ocr_par' dir='ltr' id='par_1_79' title="bbox 502 4530 2089 4615">
     <span class='ocr_line' id='line_1_79' title="bbox 502 4530 2089 4615; baseline -0.006 -17"><span class='ocrx_word' id='word_1_611' title='bbox 502 4546 572 4611; x_wconf 82' lang='lat' dir='ltr'><strong>do</strong></span> <span class='ocrx_word' id='word_1_612' title='bbox 602 4541 858 4615; x_wconf 81' lang='lat' dir='ltr'><strong>vigilavit.</strong></span> <span class='ocrx_word' id='word_1_613' title='bbox 916 4530 1034 4610; x_wconf 88' lang='lat' dir='ltr'><strong>Ipse</strong></span> <span class='ocrx_word' id='word_1_614' title='bbox 1070 4539 1236 4594; x_wconf 88' lang='lat' dir='ltr'><strong>etiam</strong></span> <span class='ocrx_word' id='word_1_615' title='bbox 1276 4548 1399 4609; x_wconf 90' lang='lat' dir='ltr'><strong>post</strong></span> <span class='ocrx_word' id='word_1_616' title='bbox 1442 4537 1898 4593; x_wconf 90' lang='lat' dir='ltr'><strong>resurrectionem</strong></span> <span class='ocrx_word' id='word_1_617' title='bbox 1934 4550 2089 4591; x_wconf 86' lang='lat' dir='ltr'><strong>suam</strong></span> 
     </span>
    </p>
   </div>
   <div class='ocr_carea' id='block_1_80' title="bbox 504 4626 2095 4699">
    <p class='ocr_par' dir='ltr' id='par_1_80' title="bbox 504 4626 2095 4699">
     <span class='ocr_line' id='line_1_80' title="bbox 504 4626 2095 4699; baseline -0.006 -9"><span class='ocrx_word' id='word_1_618' title='bbox 504 4633 804 4691; x_wconf 79' lang='lat' dir='ltr'><strong>ascendens</strong></span> <span class='ocrx_word' id='word_1_619' title='bbox 837 4632 891 4686; x_wconf 89' lang='lat' dir='ltr'><strong>in</strong></span> <span class='ocrx_word' id='word_1_620' title='bbox 940 4629 1130 4695; x_wconf 66' lang='lat' dir='ltr'><strong>caelos,</strong></span> <span class='ocrx_word' id='word_1_621' title='bbox 1169 4628 1223 4682; x_wconf 92' lang='lat' dir='ltr'><strong>in</strong></span> <span class='ocrx_word' id='word_1_622' title='bbox 1255 4626 1627 4699; x_wconf 88' lang='lat' dir='ltr'><strong>superioribus</strong></span> <span class='ocrx_word' id='word_1_623' title='bbox 1662 4635 1747 4682; x_wconf 91' lang='lat' dir='ltr'><strong>est</strong></span> <span class='ocrx_word' id='word_1_624' title='bbox 1772 4626 2013 4681; x_wconf 89' lang='lat' dir='ltr'><strong>elevatus</strong></span> <span class='ocrx_word' id='word_1_625' title='bbox 2035 4633 2095 4682; x_wconf 90' lang='lat' dir='ltr'><strong>ut</strong></span> 
     </span>
    </p>
   </div>
   <div class='ocr_carea' id='block_1_81' title="bbox 505 4714 2093 4796">
    <p class='ocr_par' dir='ltr' id='par_1_81' title="bbox 505 4714 2093 4796">
     <span class='ocr_line' id='line_1_81' title="bbox 505 4714 2093 4796; baseline -0.007 -16"><span class='ocrx_word' id='word_1_626' title='bbox 505 4723 706 4796; x_wconf 87' lang='lat' dir='ltr'><strong>aquila.</strong></span> <span class='ocrx_word' id='word_1_627' title='bbox 732 4720 926 4777; x_wconf 88' lang='lat' dir='ltr'><strong>Totum</strong></span> <span class='ocrx_word' id='word_1_628' title='bbox 956 4732 1090 4787; x_wconf 79' lang='lat' dir='ltr'><strong>ergo</strong></span> <span class='ocrx_word' id='word_1_629' title='bbox 1118 4716 1280 4773; x_wconf 88' lang='lat' dir='ltr'><strong>simul</strong></span> <span class='ocrx_word' id='word_1_630' title='bbox 1311 4716 1466 4772; x_wconf 87' lang='lat' dir='ltr'><strong>nobis</strong></span> <span class='ocrx_word' id='word_1_631' title='bbox 1497 4722 1603 4780; x_wconf 89' lang='lat' dir='ltr'><strong>est,</strong></span> <span class='ocrx_word' id='word_1_632' title='bbox 1625 4715 1716 4784; x_wconf 88' lang='lat' dir='ltr'><strong>qui</strong></span> <span class='ocrx_word' id='word_1_633' title='bbox 1743 4722 1797 4769; x_wconf 87' lang='lat' dir='ltr'><strong>et</strong></span> <span class='ocrx_word' id='word_1_634' title='bbox 1824 4714 2093 4771; x_wconf 86' lang='lat' dir='ltr'><strong>nascendo</strong></span> 
     </span>
    </p>
   </div>
   <div class='ocr_carea' id='block_1_82' title="bbox 507 4804 2094 4877">
    <p class='ocr_par' dir='ltr' id='par_1_82' title="bbox 507 4804 2094 4877">
     <span class='ocr_line' id='line_1_82' title="bbox 507 4804 2094 4877; baseline -0.009 -6"><span class='ocrx_word' id='word_1_635' title='bbox 507 4816 692 4877; x_wconf 89' lang='lat' dir='ltr'><strong>homo,</strong></span> <span class='ocrx_word' id='word_1_636' title='bbox 720 4819 775 4866; x_wconf 88' lang='lat' dir='ltr'><strong>et</strong></span> <span class='ocrx_word' id='word_1_637' title='bbox 814 4808 1093 4865; x_wconf 89' lang='lat' dir='ltr'><strong>moriendo</strong></span> <span class='ocrx_word' id='word_1_638' title='bbox 1131 4805 1354 4871; x_wconf 90' lang='lat' dir='ltr'><strong>vitulus,</strong></span> <span class='ocrx_word' id='word_1_639' title='bbox 1385 4813 1441 4861; x_wconf 89' lang='lat' dir='ltr'><strong>et</strong></span> <span class='ocrx_word' id='word_1_640' title='bbox 1488 4804 1819 4875; x_wconf 84' lang='lat' dir='ltr'><strong>resurgendo</strong></span> <span class='ocrx_word' id='word_1_641' title='bbox 1872 4804 1954 4859; x_wconf 91' lang='lat' dir='ltr'><strong>leo</strong></span> <span class='ocrx_word' id='word_1_642' title='bbox 1982 4844 1997 4869; x_wconf 92' lang='lat'><strong>,</strong></span> <span class='ocrx_word' id='word_1_643' title='bbox 2038 4811 2094 4858; x_wconf 89' lang='lat' dir='ltr'><strong>et</strong></span> 
     </span>
    </p>
   </div>
   <div class='ocr_carea' id='block_1_83' title="bbox 507 4895 2095 4969">
    <p class='ocr_par' dir='ltr' id='par_1_83' title="bbox 507 4895 2095 4969">
     <span class='ocr_line' id='line_1_83' title="bbox 507 4895 2095 4969; baseline -0.008 -7"><span class='ocrx_word' id='word_1_644' title='bbox 507 4907 574 4962; x_wconf 87' lang='lat' dir='ltr'><strong>ad</strong></span> <span class='ocrx_word' id='word_1_645' title='bbox 597 4904 765 4961; x_wconf 73' lang='lat' dir='ltr'><strong>ctelos</strong></span> <span class='ocrx_word' id='word_1_646' title='bbox 790 4899 1129 4957; x_wconf 87' lang='lat' dir='ltr'><strong>ascendendo</strong></span> <span class='ocrx_word' id='word_1_647' title='bbox 1157 4898 1333 4969; x_wconf 89' lang='lat' dir='ltr'><strong>aquila</strong></span> <span class='ocrx_word' id='word_1_648' title='bbox 1357 4896 1533 4951; x_wconf 83' lang='lat' dir='ltr'><strong>factus</strong></span> <span class='ocrx_word' id='word_1_649' title='bbox 1559 4905 1660 4952; x_wconf 88' lang='lat' dir='ltr'><strong>est.</strong></span> <span class='ocrx_word' id='word_1_650' title='bbox 1694 4895 1802 4952; x_wconf 86' lang='lat' dir='ltr'><strong>Sed</strong></span> <span class='ocrx_word' id='word_1_651' title='bbox 1842 4896 1970 4965; x_wconf 87' lang='lat' dir='ltr'><strong>quia</strong></span> <span class='ocrx_word' id='word_1_652' title='bbox 1998 4912 2095 4966; x_wconf 87' lang='lat' dir='ltr'><strong>per</strong></span> 
     </span>
    </p>
   </div>
   <div class='ocr_carea' id='block_1_84' title="bbox 510 4988 2093 5062">
    <p class='ocr_par' dir='ltr' id='par_1_84' title="bbox 510 4988 2093 5062">
     <span class='ocr_line' id='line_1_84' title="bbox 510 4988 2093 5062; baseline -0.007 -9"><span class='ocrx_word' id='word_1_653' title='bbox 510 4998 627 5053; x_wconf 69' lang='lat' dir='ltr'><strong>haec</strong></span> <span class='ocrx_word' id='word_1_654' title='bbox 654 4994 911 5051; x_wconf 87' lang='lat' dir='ltr'><strong>animalia</strong></span> <span class='ocrx_word' id='word_1_655' title='bbox 942 4989 1313 5062; x_wconf 85' lang='lat' dir='ltr'><strong>Evangelistas</strong></span> <span class='ocrx_word' id='word_1_656' title='bbox 1346 4996 1580 5059; x_wconf 88' lang='lat' dir='ltr'><strong>quatuor</strong></span> <span class='ocrx_word' id='word_1_657' title='bbox 1607 5028 1622 5053; x_wconf 90' lang='lat'><strong>,</strong></span> <span class='ocrx_word' id='word_1_658' title='bbox 1650 4998 1706 5043; x_wconf 89' lang='lat' dir='ltr'><strong>et</strong></span> <span class='ocrx_word' id='word_1_659' title='bbox 1746 4988 1848 5043; x_wconf 88' lang='lat' dir='ltr'><strong>sub</strong></span> <span class='ocrx_word' id='word_1_660' title='bbox 1903 5003 2093 5043; x_wconf 87' lang='lat' dir='ltr'><strong>eorum</strong></span> 
     </span>
    </p>
   </div>
   <div class='ocr_carea' id='block_1_85' title="bbox 507 5077 2094 5155">
    <p class='ocr_par' dir='ltr' id='par_1_85' title="bbox 507 5077 2094 5155">
     <span class='ocr_line' id='line_1_85' title="bbox 507 5077 2094 5155; baseline -0.007 -13"><span class='ocrx_word' id='word_1_661' title='bbox 507 5086 687 5155; x_wconf 85' lang='lat' dir='ltr'><strong>specie</strong></span> <span class='ocrx_word' id='word_1_662' title='bbox 730 5082 891 5138; x_wconf 89' lang='lat' dir='ltr'><strong>simul</strong></span> <span class='ocrx_word' id='word_1_663' title='bbox 934 5079 1202 5151; x_wconf 88' lang='lat' dir='ltr'><strong>perfectos</strong></span> <span class='ocrx_word' id='word_1_664' title='bbox 1234 5095 1423 5135; x_wconf 88' lang='lat' dir='ltr'><strong>omnes</strong></span> <span class='ocrx_word' id='word_1_665' title='bbox 1459 5079 1573 5148; x_wconf 88' lang='lat' dir='ltr'><strong>jam</strong></span> <span class='ocrx_word' id='word_1_666' title='bbox 1616 5080 1866 5149; x_wconf 88' lang='lat' dir='ltr'><strong>superius</strong></span> <span class='ocrx_word' id='word_1_667' title='bbox 1890 5077 2094 5149; x_wconf 74' lang='lat' dir='ltr'><strong>signifl~</strong></span> 
     </span>
    </p>
   </div>
   <div class='ocr_carea' id='block_1_86' title="bbox 511 5170 2094 5241">
    <p class='ocr_par' dir='ltr' id='par_1_86' title="bbox 511 5170 2094 5241">
     <span class='ocr_line' id='line_1_86' title="bbox 511 5170 2094 5241; baseline -0.004 -10"><span class='ocrx_word' id='word_1_668' title='bbox 511 5190 639 5232; x_wconf 89' lang='lat' dir='ltr'><strong>care</strong></span> <span class='ocrx_word' id='word_1_669' title='bbox 690 5174 947 5238; x_wconf 85' lang='lat' dir='ltr'><strong>diximus,</strong></span> <span class='ocrx_word' id='word_1_670' title='bbox 994 5180 1164 5227; x_wconf 86' lang='lat' dir='ltr'><strong>restat</strong></span> <span class='ocrx_word' id='word_1_671' title='bbox 1191 5180 1250 5225; x_wconf 92' lang='lat' dir='ltr'><strong>ut</strong></span> <span class='ocrx_word' id='word_1_672' title='bbox 1282 5174 1551 5241; x_wconf 91' lang='lat' dir='ltr'><strong>quomodo</strong></span> <span class='ocrx_word' id='word_1_673' title='bbox 1582 5171 1952 5241; x_wconf 83' lang='lat' dir='ltr'><strong>unusquisque</strong></span> <span class='ocrx_word' id='word_1_674' title='bbox 1983 5170 2094 5225; x_wconf 82' lang='lat' dir='ltr'><strong>ele-</strong></span> 
     </span>
    </p>
   </div>
   <div class='ocr_carea' id='block_1_87' title="bbox 512 5261 2093 5331">
    <p class='ocr_par' dir='ltr' id='par_1_87' title="bbox 512 5261 2093 5331">
     <span class='ocr_line' id='line_1_87' title="bbox 512 5261 2093 5331; baseline -0.003 -10"><span class='ocrx_word' id='word_1_675' title='bbox 512 5277 722 5322; x_wconf 88' lang='lat' dir='ltr'><strong>ctorum</strong></span> <span class='ocrx_word' id='word_1_676' title='bbox 748 5263 869 5319; x_wconf 91' lang='lat' dir='ltr'><strong>istis</strong></span> <span class='ocrx_word' id='word_1_677' title='bbox 895 5261 1210 5318; x_wconf 88' lang='lat' dir='ltr'><strong>animalium</strong></span> <span class='ocrx_word' id='word_1_678' title='bbox 1238 5262 1536 5317; x_wconf 89' lang='lat' dir='ltr'><strong>visionibus</strong></span> <span class='ocrx_word' id='word_1_679' title='bbox 1560 5261 1885 5331; x_wconf 78' lang='lat' dir='ltr'><strong>exprimitur</strong></span> <span class='ocrx_word' id='word_1_680' title='bbox 1911 5272 2093 5317; x_wconf 86' lang='lat' dir='ltr'><strong>osten-</strong></span> 
     </span>
    </p>
   </div>
   <div class='ocr_carea' id='block_1_88' title="bbox 512 5352 2092 5422">
    <p class='ocr_par' dir='ltr' id='par_1_88' title="bbox 512 5352 2092 5422">
     <span class='ocr_line' id='line_1_88' title="bbox 512 5352 2092 5422; baseline -0.003 -9"><span class='ocrx_word' id='word_1_681' title='bbox 512 5359 721 5413; x_wconf 84' lang='lat' dir='ltr'><strong>damus.</strong></span> <span class='ocrx_word' id='word_1_682' title='bbox 752 5352 941 5409; x_wconf 86' lang='lat' dir='ltr'><strong>Omnis</strong></span> <span class='ocrx_word' id='word_1_683' title='bbox 979 5353 1179 5408; x_wconf 87' lang='lat' dir='ltr'><strong>etenitu</strong></span> <span class='ocrx_word' id='word_1_684' title='bbox 1232 5352 1436 5407; x_wconf 89' lang='lat' dir='ltr'><strong>electus</strong></span> <span class='ocrx_word' id='word_1_685' title='bbox 1485 5361 1647 5422; x_wconf 88' lang='lat' dir='ltr'><strong>atque</strong></span> <span class='ocrx_word' id='word_1_686' title='bbox 1672 5354 1725 5406; x_wconf 90' lang='lat' dir='ltr'><strong>in</strong></span> <span class='ocrx_word' id='word_1_687' title='bbox 1762 5354 1847 5407; x_wconf 89' lang='lat' dir='ltr'><strong>via</strong></span> <span class='ocrx_word' id='word_1_688' title='bbox 1879 5354 2092 5409; x_wconf 90' lang='lat' dir='ltr'><strong>Domini</strong></span> 
     </span>
    </p>
   </div>
   <div class='ocr_carea' id='block_1_89' title="bbox 514 5440 2093 5518">
    <p class='ocr_par' dir='ltr' id='par_1_89' title="bbox 514 5440 2093 5518">
     <span class='ocr_line' id='line_1_89' title="bbox 514 5440 2093 5518; baseline -0.002 -18"><span class='ocrx_word' id='word_1_689' title='bbox 514 5446 803 5518; x_wconf 86' lang='lat' dir='ltr'><strong>perfectus,</strong></span> <span class='ocrx_word' id='word_1_690' title='bbox 832 5450 887 5498; x_wconf 90' lang='lat' dir='ltr'><strong>et</strong></span> <span class='ocrx_word' id='word_1_691' title='bbox 915 5443 1075 5497; x_wconf 88' lang='lat' dir='ltr'><strong>homo</strong></span> <span class='ocrx_word' id='word_1_692' title='bbox 1112 5450 1168 5497; x_wconf 92' lang='lat' dir='ltr'><strong>et</strong></span> <span class='ocrx_word' id='word_1_693' title='bbox 1197 5441 1418 5507; x_wconf 87' lang='lat' dir='ltr'><strong>vitulus,</strong></span> <span class='ocrx_word' id='word_1_694' title='bbox 1445 5449 1500 5495; x_wconf 89' lang='lat' dir='ltr'><strong>et</strong></span> <span class='ocrx_word' id='word_1_695' title='bbox 1526 5440 1609 5496; x_wconf 89' lang='lat' dir='ltr'><strong>leo</strong></span> <span class='ocrx_word' id='word_1_696' title='bbox 1646 5442 1805 5497; x_wconf 89' lang='lat' dir='ltr'><strong>simul</strong></span> <span class='ocrx_word' id='word_1_697' title='bbox 1830 5451 1885 5497; x_wconf 89' lang='lat' dir='ltr'><strong>et</strong></span> <span class='ocrx_word' id='word_1_698' title='bbox 1911 5444 2093 5512; x_wconf 88' lang='lat' dir='ltr'><strong>aquila</strong></span> 
     </span>
    </p>
   </div>
   <div class='ocr_carea' id='block_1_90' title="bbox 513 5531 2093 5592">
    <p class='ocr_par' dir='ltr' id='par_1_90' title="bbox 513 5531 2093 5592">
     <span class='ocr_line' id='line_1_90' title="bbox 513 5531 2093 5592; baseline -0.003 -1"><span class='ocrx_word' id='word_1_699' title='bbox 513 5547 616 5592; x_wconf 88' lang='lat' dir='ltr'><strong>est.</strong></span> <span class='ocrx_word' id='word_1_700' title='bbox 663 5534 837 5591; x_wconf 87' lang='lat' dir='ltr'><strong>llomo</strong></span> <span class='ocrx_word' id='word_1_701' title='bbox 880 5532 1022 5587; x_wconf 87' lang='lat' dir='ltr'><strong>enim</strong></span> <span class='ocrx_word' id='word_1_702' title='bbox 1076 5533 1337 5589; x_wconf 86' lang='lat' dir='ltr'><strong>rationale</strong></span> <span class='ocrx_word' id='word_1_703' title='bbox 1386 5540 1471 5587; x_wconf 91' lang='lat' dir='ltr'><strong>est</strong></span> <span class='ocrx_word' id='word_1_704' title='bbox 1497 5531 1713 5586; x_wconf 88' lang='lat' dir='ltr'><strong>animal.</strong></span> <span class='ocrx_word' id='word_1_705' title='bbox 1744 5531 1955 5587; x_wconf 83' lang='lat' dir='ltr'><strong>Vitulus</strong></span> <span class='ocrx_word' id='word_1_706' title='bbox 1993 5550 2093 5588; x_wconf 89' lang='lat' dir='ltr'><strong>au-</strong></span> 
     </span>
    </p>
   </div>
   <div class='ocr_carea' id='block_1_91' title="bbox 515 5621 2096 5688">
    <p class='ocr_par' dir='ltr' id='par_1_91' title="bbox 515 5621 2096 5688">
     <span class='ocr_line' id='line_1_91' title="bbox 515 5621 2096 5688; baseline -0.004 -5"><span class='ocrx_word' id='word_1_707' title='bbox 515 5639 624 5685; x_wconf 85' lang='lat' dir='ltr'><strong>tem</strong></span> <span class='ocrx_word' id='word_1_708' title='bbox 652 5629 705 5682; x_wconf 82' lang='lat' dir='ltr'><strong>in</strong></span> <span class='ocrx_word' id='word_1_709' title='bbox 737 5625 1004 5681; x_wconf 77' lang='lat' dir='ltr'><strong>sacriﬁcio</strong></span> <span class='ocrx_word' id='word_1_710' title='bbox 1040 5625 1265 5678; x_wconf 85' lang='lat' dir='ltr'><strong>mactari</strong></span> <span class='ocrx_word' id='word_1_711' title='bbox 1307 5623 1481 5688; x_wconf 89' lang='lat' dir='ltr'><strong>solet;</strong></span> <span class='ocrx_word' id='word_1_712' title='bbox 1520 5640 1539 5674; x_wconf 79' lang='grc' dir='ltr'>σ</span> <span class='ocrx_word' id='word_1_713' title='bbox 1576 5623 1659 5677; x_wconf 90' lang='lat' dir='ltr'><strong>leo</strong></span> <span class='ocrx_word' id='word_1_714' title='bbox 1686 5636 1815 5677; x_wconf 89' lang='lat' dir='ltr'><strong>vero</strong></span> <span class='ocrx_word' id='word_1_715' title='bbox 1865 5621 2096 5677; x_wconf 83' lang='lat' dir='ltr'><strong>fortissi—</strong></span> 
     </span>
    </p>
   </div>
   <div class='ocr_carea' id='block_1_92' title="bbox 519 5711 2091 5787">
    <p class='ocr_par' dir='ltr' id='par_1_92' title="bbox 519 5711 2091 5787">
     <span class='ocr_line' id='line_1_92' title="bbox 519 5711 2091 5787; baseline -0.003 -13"><span class='ocrx_word' id='word_1_716' title='bbox 519 5735 637 5775; x_wconf 83' lang='lat' dir='ltr'><strong>mus</strong></span> <span class='ocrx_word' id='word_1_717' title='bbox 660 5720 977 5785; x_wconf 80' lang='lat' dir='ltr'><strong>bestiartun,</strong></span> <span class='ocrx_word' id='word_1_718' title='bbox 1023 5718 1091 5772; x_wconf 87' lang='lat' dir='ltr'><strong>ad</strong></span> <span class='ocrx_word' id='word_1_719' title='bbox 1115 5716 1311 5770; x_wconf 89' lang='lat' dir='ltr'><strong>nullius</strong></span> <span class='ocrx_word' id='word_1_720' title='bbox 1335 5714 1550 5785; x_wconf 81' lang='lat' dir='ltr'><strong>pavebit</strong></span> <span class='ocrx_word' id='word_1_721' title='bbox 1592 5730 1878 5769; x_wconf 85' lang='lat' dir='ltr'><strong>occursum</strong></span> <span class='ocrx_word' id='word_1_722' title='bbox 1910 5711 2091 5787; x_wconf 81' lang='lat' dir='ltr'><strong>(Prov.</strong></span> 
     </span>
    </p>
   </div>
   <div class='ocr_carea' id='block_1_93' title="bbox 2189 3279 3778 3352">
    <p class='ocr_par' dir='ltr' id='par_1_93' title="bbox 2189 3279 3778 3352">
     <span class='ocr_line' id='line_1_93' title="bbox 2189 3279 3778 3352; baseline 0 -17"><span class='ocrx_word' id='word_1_723' title='bbox 2189 3279 2465 3335; x_wconf 88' lang='lat' dir='ltr'><strong>hominem</strong></span> <span class='ocrx_word' id='word_1_724' title='bbox 2507 3281 2829 3345; x_wconf 89' lang='lat' dir='ltr'><strong>inearnatio,</strong></span> <span class='ocrx_word' id='word_1_725' title='bbox 2888 3296 2985 3349; x_wconf 90' lang='lat' dir='ltr'><strong>per</strong></span> <span class='ocrx_word' id='word_1_726' title='bbox 3016 3281 3238 3335; x_wconf 89' lang='lat' dir='ltr'><strong>vitulum</strong></span> <span class='ocrx_word' id='word_1_727' title='bbox 3269 3282 3473 3350; x_wconf 90' lang='lat' dir='ltr'><strong>passio,</strong></span> <span class='ocrx_word' id='word_1_728' title='bbox 3527 3299 3625 3352; x_wconf 90' lang='lat' dir='ltr'><strong>per</strong></span> <span class='ocrx_word' id='word_1_729' title='bbox 3664 3283 3778 3336; x_wconf 80' lang='lat' dir='ltr'><strong>leo-</strong></span> 
     </span>
    </p>
   </div>
   <div class='ocr_carea' id='block_1_94' title="bbox 2187 3371 3779 3445">
    <p class='ocr_par' dir='ltr' id='par_1_94' title="bbox 2187 3371 3779 3445">
     <span class='ocr_line' id='line_1_94' title="bbox 2187 3371 3779 3445; baseline 0.002 -20"><span class='ocrx_word' id='word_1_730' title='bbox 2187 3384 2315 3425; x_wconf 91' lang='lat' dir='ltr'><strong>nem</strong></span> <span class='ocrx_word' id='word_1_731' title='bbox 2344 3385 2474 3425; x_wconf 89' lang='lat' dir='ltr'><strong>vero</strong></span> <span class='ocrx_word' id='word_1_732' title='bbox 2504 3371 2744 3425; x_wconf 89' lang='lat' dir='ltr'><strong>auctoris</strong></span> <span class='ocrx_word' id='word_1_733' title='bbox 2773 3372 2941 3425; x_wconf 88' lang='lat' dir='ltr'><strong>nostri</strong></span> <span class='ocrx_word' id='word_1_734' title='bbox 2970 3373 3298 3428; x_wconf 80' lang='lat' dir='ltr'><strong>resurrectio</strong></span> <span class='ocrx_word' id='word_1_735' title='bbox 3325 3375 3662 3445; x_wconf 79' lang='lat' dir='ltr'><strong>designatur.</strong></span> <span class='ocrx_word' id='word_1_736' title='bbox 3704 3374 3779 3429; x_wconf 87' lang='lat' dir='ltr'><strong>De</strong></span> 
     </span>
    </p>
   </div>
   <div class='ocr_carea' id='block_1_95' title="bbox 2189 3461 3778 3536">
    <p class='ocr_par' dir='ltr' id='par_1_95' title="bbox 2189 3461 3778 3536">
     <span class='ocr_line' id='line_1_95' title="bbox 2189 3461 3778 3536; baseline 0.002 -21"><span class='ocrx_word' id='word_1_737' title='bbox 2189 3461 2562 3516; x_wconf 88' lang='lat' dir='ltr'><strong>incarnatione</strong></span> <span class='ocrx_word' id='word_1_738' title='bbox 2614 3469 2797 3516; x_wconf 87' lang='lat' dir='ltr'><strong>autem</strong></span> <span class='ocrx_word' id='word_1_739' title='bbox 2834 3463 3092 3531; x_wconf 85' lang='lat' dir='ltr'><strong>unigeniti</strong></span> <span class='ocrx_word' id='word_1_740' title='bbox 3147 3462 3290 3528; x_wconf 87' lang='lat' dir='ltr'><strong>Filii,</strong></span> <span class='ocrx_word' id='word_1_741' title='bbox 3348 3479 3455 3534; x_wconf 86' lang='lat' dir='ltr'><strong>qua</strong></span> <span class='ocrx_word' id='word_1_742' title='bbox 3512 3466 3778 3536; x_wconf 89' lang='lat' dir='ltr'><strong>redempti</strong></span> 
     </span>
    </p>
   </div>
   <div class='ocr_carea' id='block_1_96' title="bbox 2189 3552 3772 3618">
    <p class='ocr_par' dir='ltr' id='par_1_96' title="bbox 2189 3552 3772 3618">
     <span class='ocr_line' id='line_1_96' title="bbox 2189 3552 3772 3618; baseline 0.001 -11"><span class='ocrx_word' id='word_1_743' title='bbox 2189 3568 2394 3618; x_wconf 89' lang='lat' dir='ltr'><strong>sumus,</strong></span> <span class='ocrx_word' id='word_1_744' title='bbox 2427 3567 2616 3608; x_wconf 87' lang='lat' dir='ltr'><strong>omnes</strong></span> <span class='ocrx_word' id='word_1_745' title='bbox 2643 3552 2801 3607; x_wconf 86' lang='lat' dir='ltr'><strong>electi</strong></span> <span class='ocrx_word' id='word_1_746' title='bbox 2857 3552 3024 3606; x_wconf 66' lang='lat' dir='ltr'><strong>Iretati</strong></span> <span class='ocrx_word' id='word_1_747' title='bbox 3072 3564 3223 3608; x_wconf 69' lang='lat' dir='ltr'><strong>sunt.</strong></span> <span class='ocrx_word' id='word_1_748' title='bbox 3251 3553 3327 3607; x_wconf 86' lang='lat' dir='ltr'><strong>De</strong></span> <span class='ocrx_word' id='word_1_749' title='bbox 3359 3564 3534 3609; x_wconf 85' lang='lat' dir='ltr'><strong>morte</strong></span> <span class='ocrx_word' id='word_1_750' title='bbox 3558 3570 3688 3610; x_wconf 87' lang='lat' dir='ltr'><strong>vero</strong></span> <span class='ocrx_word' id='word_1_751' title='bbox 3720 3557 3772 3610; x_wconf 86' lang='lat' dir='ltr'><strong>il-</strong></span> 
     </span>
    </p>
   </div>
   <div class='ocr_carea' id='block_1_97' title="bbox 2187 3640 3780 3711">
    <p class='ocr_par' dir='ltr' id='par_1_97' title="bbox 2187 3640 3780 3711">
     <span class='ocr_line' id='line_1_97' title="bbox 2187 3640 3780 3711; baseline 0.001 -16"><span class='ocrx_word' id='word_1_752' title='bbox 2187 3642 2293 3697; x_wconf 88' lang='lat' dir='ltr'><strong>lius</strong></span> <span class='ocrx_word' id='word_1_753' title='bbox 2316 3642 2417 3711; x_wconf 89' lang='lat' dir='ltr'><strong>ipsi</strong></span> <span class='ocrx_word' id='word_1_754' title='bbox 2446 3641 2739 3697; x_wconf 72' lang='lat' dir='ltr'><strong>electorum</strong></span> <span class='ocrx_word' id='word_1_755' title='bbox 2767 3641 2925 3709; x_wconf 90' lang='lat' dir='ltr'><strong>primi</strong></span> <span class='ocrx_word' id='word_1_756' title='bbox 2958 3641 3131 3695; x_wconf 86' lang='lat' dir='ltr'><strong>sancti</strong></span> <span class='ocrx_word' id='word_1_757' title='bbox 3162 3640 3405 3711; x_wconf 85' lang='lat' dir='ltr'><strong>Apostoli</strong></span> <span class='ocrx_word' id='word_1_758' title='bbox 3447 3644 3780 3708; x_wconf 86' lang='lat' dir='ltr'><strong>contristati,</strong></span> 
     </span>
    </p>
   </div>
   <div class='ocr_carea' id='block_1_98' title="bbox 2188 3730 3780 3804">
    <p class='ocr_par' dir='ltr' id='par_1_98' title="bbox 2188 3730 3780 3804">
     <span class='ocr_line' id='line_1_98' title="bbox 2188 3730 3780 3804; baseline 0 -17"><span class='ocrx_word' id='word_1_759' title='bbox 2188 3733 2281 3804; x_wconf 91' lang='lat' dir='ltr'><strong>qui</strong></span> <span class='ocrx_word' id='word_1_760' title='bbox 2312 3734 2505 3787; x_wconf 90' lang='lat' dir='ltr'><strong>iterum</strong></span> <span class='ocrx_word' id='word_1_761' title='bbox 2534 3734 2599 3787; x_wconf 89' lang='lat' dir='ltr'><strong>de</strong></span> <span class='ocrx_word' id='word_1_762' title='bbox 2627 3730 2743 3800; x_wconf 90' lang='lat' dir='ltr'><strong>ejus</strong></span> <span class='ocrx_word' id='word_1_763' title='bbox 2793 3732 3190 3788; x_wconf 86' lang='lat' dir='ltr'><strong>resurrectione</strong></span> <span class='ocrx_word' id='word_1_764' title='bbox 3246 3733 3416 3801; x_wconf 80' lang='lat' dir='ltr'><strong>gavisi</strong></span> <span class='ocrx_word' id='word_1_765' title='bbox 3464 3742 3610 3787; x_wconf 90' lang='lat' dir='ltr'><strong>sunt.</strong></span> <span class='ocrx_word' id='word_1_766' title='bbox 3644 3734 3780 3800; x_wconf 87' lang='lat' dir='ltr'><strong>Quia</strong></span> 
     </span>
    </p>
   </div>
   <div class='ocr_carea' id='block_1_99' title="bbox 2189 3824 3781 3899">
    <p class='ocr_par' dir='ltr' id='par_1_99' title="bbox 2189 3824 3781 3899">
     <span class='ocr_line' id='line_1_99' title="bbox 2189 3824 3781 3899; baseline -0.001 -16"><span class='ocrx_word' id='word_1_767' title='bbox 2189 3843 2322 3899; x_wconf 82' lang='lat' dir='ltr'><strong>ergo</strong></span> <span class='ocrx_word' id='word_1_768' title='bbox 2350 3824 2466 3896; x_wconf 88' lang='lat' dir='ltr'><strong>ejus</strong></span> <span class='ocrx_word' id='word_1_769' title='bbox 2505 3836 2560 3882; x_wconf 90' lang='lat' dir='ltr'><strong>et</strong></span> <span class='ocrx_word' id='word_1_770' title='bbox 2605 3828 2859 3881; x_wconf 86' lang='lat' dir='ltr'><strong>nativitas</strong></span> <span class='ocrx_word' id='word_1_771' title='bbox 2890 3836 2944 3882; x_wconf 93' lang='lat' dir='ltr'><strong>et</strong></span> <span class='ocrx_word' id='word_1_772' title='bbox 2982 3842 3232 3881; x_wconf 90' lang='lat' dir='ltr'><strong>resurrec</strong></span> <span class='ocrx_word' id='word_1_773' title='bbox 3260 3827 3310 3881; x_wconf 92' lang='lat' dir='ltr'><strong>io</strong></span> <span class='ocrx_word' id='word_1_774' title='bbox 3346 3826 3589 3882; x_wconf 66' lang='lat' dir='ltr'><strong>ltetitiam</strong></span> <span class='ocrx_word' id='word_1_775' title='bbox 3615 3829 3781 3885; x_wconf 78' lang='lat' dir='ltr'><strong>disci-</strong></span> 
     </span>
    </p>
   </div>
   <div class='ocr_carea' id='block_1_100' title="bbox 2188 3916 3782 3986">
    <p class='ocr_par' dir='ltr' id='par_1_100' title="bbox 2188 3916 3782 3986">
     <span class='ocr_line' id='line_1_100' title="bbox 2188 3916 3782 3986; baseline 0.001 -14"><span class='ocrx_word' id='word_1_776' title='bbox 2188 3917 2331 3985; x_wconf 90' lang='lat' dir='ltr'><strong>pulis</strong></span> <span class='ocrx_word' id='word_1_777' title='bbox 2353 3918 2583 3986; x_wconf 62' lang='lat' dir='ltr'><strong>praebuit</strong></span> <span class='ocrx_word' id='word_1_778' title='bbox 2608 3932 2745 3986; x_wconf 91' lang='lat' dir='ltr'><strong>quos</strong></span> <span class='ocrx_word' id='word_1_779' title='bbox 2772 3918 2888 3986; x_wconf 88' lang='lat' dir='ltr'><strong>ejus</strong></span> <span class='ocrx_word' id='word_1_780' title='bbox 2919 3916 3100 3986; x_wconf 89' lang='lat' dir='ltr'><strong>passio</strong></span> <span class='ocrx_word' id='word_1_781' title='bbox 3146 3917 3509 3982; x_wconf 88' lang='lat' dir='ltr'><strong>contristavit,</strong></span> <span class='ocrx_word' id='word_1_782' title='bbox 3542 3919 3707 3974; x_wconf 86' lang='lat' dir='ltr'><strong>homo</strong></span> <span class='ocrx_word' id='word_1_783' title='bbox 3729 3928 3782 3973; x_wconf 85' lang='lat' dir='ltr'><strong>et</strong></span> 
     </span>
    </p>
   </div>
   <div class='ocr_carea' id='block_1_101' title="bbox 2189 4004 3782 4069">
    <p class='ocr_par' dir='ltr' id='par_1_101' title="bbox 2189 4004 3782 4069">
     <span class='ocr_line' id='line_1_101' title="bbox 2189 4004 3782 4069; baseline 0.003 -12"><span class='ocrx_word' id='word_1_784' title='bbox 2189 4004 2275 4059; x_wconf 88' lang='lat' dir='ltr'><strong>leo</strong></span> <span class='ocrx_word' id='word_1_785' title='bbox 2304 4020 2335 4058; x_wconf 87' lang='lat' dir='ltr'><strong>a</strong></span> <span class='ocrx_word' id='word_1_786' title='bbox 2360 4004 2585 4069; x_wconf 88' lang='lat' dir='ltr'><strong>dextris,</strong></span> <span class='ocrx_word' id='word_1_787' title='bbox 2618 4004 2818 4058; x_wconf 91' lang='lat' dir='ltr'><strong>vitulus</strong></span> <span class='ocrx_word' id='word_1_788' title='bbox 2847 4019 2974 4058; x_wconf 88' lang='lat' dir='ltr'><strong>vero</strong></span> <span class='ocrx_word' id='word_1_789' title='bbox 3008 4019 3037 4057; x_wconf 90' lang='lat' dir='ltr'><strong>a</strong></span> <span class='ocrx_word' id='word_1_790' title='bbox 3067 4004 3303 4059; x_wconf 90' lang='lat' dir='ltr'><strong>sinistris</strong></span> <span class='ocrx_word' id='word_1_791' title='bbox 3348 4005 3429 4059; x_wconf 87' lang='lat' dir='ltr'><strong>eis</strong></span> <span class='ocrx_word' id='word_1_792' title='bbox 3481 4004 3652 4060; x_wconf 89' lang='lat' dir='ltr'><strong>fuisse</strong></span> <span class='ocrx_word' id='word_1_793' title='bbox 3691 4008 3782 4061; x_wconf 81' lang='lat' dir='ltr'><strong>de-</strong></span> 
     </span>
    </p>
   </div>
   <div class='ocr_carea' id='block_1_102' title="bbox 2190 4093 3781 4165">
    <p class='ocr_par' dir='ltr' id='par_1_102' title="bbox 2190 4093 3781 4165">
     <span class='ocr_line' id='line_1_102' title="bbox 2190 4093 3781 4165; baseline 0.002 -16"><span class='ocrx_word' id='word_1_794' title='bbox 2190 4093 2466 4149; x_wconf 86' lang='lat' dir='ltr'><strong>scribitur.</strong></span> <span class='ocrx_word' id='word_1_795' title='bbox 2510 4093 2615 4163; x_wconf 90' lang='lat' dir='ltr'><strong>Ipsi</strong></span> <span class='ocrx_word' id='word_1_796' title='bbox 2672 4109 2905 4163; x_wconf 88' lang='lat' dir='ltr'><strong>namque</strong></span> <span class='ocrx_word' id='word_1_797' title='bbox 2961 4093 3305 4162; x_wconf 72' lang='lat' dir='ltr'><strong>evangelista:</strong></span> <span class='ocrx_word' id='word_1_798' title='bbox 3356 4096 3531 4149; x_wconf 88' lang='lat' dir='ltr'><strong>sancti</strong></span> <span class='ocrx_word' id='word_1_799' title='bbox 3572 4097 3641 4151; x_wconf 89' lang='lat' dir='ltr'><strong>de</strong></span> <span class='ocrx_word' id='word_1_800' title='bbox 3664 4097 3781 4165; x_wconf 87' lang='lat' dir='ltr'><strong>ejus</strong></span> 
     </span>
    </p>
   </div>
   <div class='ocr_carea' id='block_1_103' title="bbox 2191 4181 3778 4252">
    <p class='ocr_par' dir='ltr' id='par_1_103' title="bbox 2191 4181 3778 4252">
     <span class='ocr_line' id='line_1_103' title="bbox 2191 4181 3778 4252; baseline 0.003 -17"><span class='ocrx_word' id='word_1_801' title='bbox 2191 4181 2531 4237; x_wconf 86' lang='lat' dir='ltr'><strong>humanitate</strong></span> <span class='ocrx_word' id='word_1_802' title='bbox 2564 4181 2733 4252; x_wconf 83' lang='lat' dir='ltr'><strong>gavisi</strong></span> <span class='ocrx_word' id='word_1_803' title='bbox 2784 4191 2927 4245; x_wconf 89' lang='lat' dir='ltr'><strong>sunt,</strong></span> <span class='ocrx_word' id='word_1_804' title='bbox 2960 4183 3026 4236; x_wconf 91' lang='lat' dir='ltr'><strong>de</strong></span> <span class='ocrx_word' id='word_1_805' title='bbox 3072 4182 3188 4252; x_wconf 87' lang='lat' dir='ltr'><strong>ejus</strong></span> <span class='ocrx_word' id='word_1_806' title='bbox 3214 4185 3617 4239; x_wconf 88' lang='lat' dir='ltr'><strong>resurrectione</strong></span> <span class='ocrx_word' id='word_1_807' title='bbox 3646 4200 3778 4240; x_wconf 86' lang='lat' dir='ltr'><strong>con-</strong></span> 
     </span>
    </p>
   </div>
   <div class='ocr_carea' id='block_1_104' title="bbox 2192 4270 3777 4341">
    <p class='ocr_par' dir='ltr' id='par_1_104' title="bbox 2192 4270 3777 4341">
     <span class='ocr_line' id='line_1_104' title="bbox 2192 4270 3777 4341; baseline 0.003 -16"><span class='ocrx_word' id='word_1_808' title='bbox 2192 4270 2413 4337; x_wconf 80' lang='lat' dir='ltr'><strong>ﬁrmati,</strong></span> <span class='ocrx_word' id='word_1_809' title='bbox 2464 4272 2555 4341; x_wconf 92' lang='lat' dir='ltr'><strong>qui</strong></span> <span class='ocrx_word' id='word_1_810' title='bbox 2607 4270 2674 4325; x_wconf 90' lang='lat' dir='ltr'><strong>de</strong></span> <span class='ocrx_word' id='word_1_811' title='bbox 2709 4270 2827 4339; x_wconf 86' lang='lat' dir='ltr'><strong>ejus</strong></span> <span class='ocrx_word' id='word_1_812' title='bbox 2880 4271 3129 4341; x_wconf 88' lang='lat' dir='ltr'><strong>passione</strong></span> <span class='ocrx_word' id='word_1_813' title='bbox 3182 4271 3397 4326; x_wconf 88' lang='lat' dir='ltr'><strong>fuerant</strong></span> <span class='ocrx_word' id='word_1_814' title='bbox 3445 4276 3777 4329; x_wconf 86' lang='lat' dir='ltr'><strong>contristati.</strong></span> 
     </span>
    </p>
   </div>
   <div class='ocr_carea' id='block_1_105' title="bbox 2192 4360 3783 4433">
    <p class='ocr_par' dir='ltr' id='par_1_105' title="bbox 2192 4360 3783 4433">
     <span class='ocr_line' id='line_1_105' title="bbox 2192 4360 3783 4433; baseline 0.001 -16"><span class='ocrx_word' id='word_1_815' title='bbox 2192 4362 2364 4419; x_wconf 82' lang='lat' dir='ltr'><strong>Homo</strong></span> <span class='ocrx_word' id='word_1_816' title='bbox 2384 4377 2514 4433; x_wconf 83' lang='lat' dir='ltr'><strong>ergo</strong></span> <span class='ocrx_word' id='word_1_817' title='bbox 2542 4370 2597 4417; x_wconf 88' lang='lat' dir='ltr'><strong>et</strong></span> <span class='ocrx_word' id='word_1_818' title='bbox 2620 4362 2703 4416; x_wconf 89' lang='lat' dir='ltr'><strong>leo</strong></span> <span class='ocrx_word' id='word_1_819' title='bbox 2722 4362 2802 4415; x_wconf 88' lang='lat' dir='ltr'><strong>eis</strong></span> <span class='ocrx_word' id='word_1_820' title='bbox 2824 4376 2853 4414; x_wconf 94' lang='lat' dir='ltr'><strong>a</strong></span> <span class='ocrx_word' id='word_1_821' title='bbox 2881 4360 3086 4416; x_wconf 79' lang='lat' dir='ltr'><strong>dextris</strong></span> <span class='ocrx_word' id='word_1_822' title='bbox 3115 4370 3219 4426; x_wconf 90' lang='lat' dir='ltr'><strong>est,</strong></span> <span class='ocrx_word' id='word_1_823' title='bbox 3246 4362 3369 4430; x_wconf 88' lang='lat' dir='ltr'><strong>quia</strong></span> <span class='ocrx_word' id='word_1_824' title='bbox 3401 4360 3783 4433; x_wconf 76' lang='lat' dir='ltr'><strong>Redemptoris</strong></span> 
     </span>
    </p>
   </div>
   <div class='ocr_carea' id='block_1_106' title="bbox 2194 4449 3780 4515">
    <p class='ocr_par' dir='ltr' id='par_1_106' title="bbox 2194 4449 3780 4515">
     <span class='ocr_line' id='line_1_106' title="bbox 2194 4449 3780 4515; baseline 0.002 -10"><span class='ocrx_word' id='word_1_825' title='bbox 2194 4452 2365 4507; x_wconf 82' lang='lat' dir='ltr'><strong>nostri</strong></span> <span class='ocrx_word' id='word_1_826' title='bbox 2391 4466 2485 4506; x_wconf 91' lang='lat' dir='ltr'><strong>eos</strong></span> <span class='ocrx_word' id='word_1_827' title='bbox 2511 4451 2811 4505; x_wconf 90' lang='lat' dir='ltr'><strong>incarnatio</strong></span> <span class='ocrx_word' id='word_1_828' title='bbox 2837 4449 3153 4515; x_wconf 82' lang='lat' dir='ltr'><strong>viviﬁcavit,</strong></span> <span class='ocrx_word' id='word_1_829' title='bbox 3205 4453 3537 4506; x_wconf 86' lang='lat' dir='ltr'><strong>resurrectio</strong></span> <span class='ocrx_word' id='word_1_830' title='bbox 3574 4453 3780 4508; x_wconf 80' lang='lat' dir='ltr'><strong>conﬁr-</strong></span> 
     </span>
    </p>
   </div>
   <div class='ocr_carea' id='block_1_107' title="bbox 2196 4539 3783 4609">
    <p class='ocr_par' dir='ltr' id='par_1_107' title="bbox 2196 4539 3783 4609">
     <span class='ocr_line' id='line_1_107' title="bbox 2196 4539 3783 4609; baseline 0.002 -13"><span class='ocrx_word' id='word_1_831' title='bbox 2196 4542 2380 4596; x_wconf 83' lang='lat' dir='ltr'><strong>mavit.</strong></span> <span class='ocrx_word' id='word_1_832' title='bbox 2434 4540 2539 4596; x_wconf 85' lang='lat' dir='ltr'><strong>Sed</strong></span> <span class='ocrx_word' id='word_1_833' title='bbox 2566 4539 2767 4594; x_wconf 89' lang='lat' dir='ltr'><strong>vitulus</strong></span> <span class='ocrx_word' id='word_1_834' title='bbox 2792 4556 2822 4594; x_wconf 88' lang='lat' dir='ltr'><strong>a</strong></span> <span class='ocrx_word' id='word_1_835' title='bbox 2849 4540 3087 4594; x_wconf 86' lang='lat' dir='ltr'><strong>sinistris</strong></span> <span class='ocrx_word' id='word_1_836' title='bbox 3114 4558 3125 4593; x_wconf 88' lang='lat'>:</span> <span class='ocrx_word' id='word_1_837' title='bbox 3159 4540 3286 4609; x_wconf 89' lang='lat' dir='ltr'><strong>quia</strong></span> <span class='ocrx_word' id='word_1_838' title='bbox 3338 4557 3483 4596; x_wconf 88' lang='lat' dir='ltr'><strong>mors</strong></span> <span class='ocrx_word' id='word_1_839' title='bbox 3514 4543 3661 4598; x_wconf 86' lang='lat' dir='ltr'><strong>illius</strong></span> <span class='ocrx_word' id='word_1_840' title='bbox 3687 4558 3783 4600; x_wconf 75' lang='lat' dir='ltr'><strong>eos</strong></span> 
     </span>
    </p>
   </div>
   <div class='ocr_carea' id='block_1_108' title="bbox 2196 4627 3780 4698">
    <p class='ocr_par' dir='ltr' id='par_1_108' title="bbox 2196 4627 3780 4698">
     <span class='ocr_line' id='line_1_108' title="bbox 2196 4627 3780 4698; baseline 0.001 -14"><span class='ocrx_word' id='word_1_841' title='bbox 2196 4630 2264 4684; x_wconf 88' lang='lat' dir='ltr'><strong>ad</strong></span> <span class='ocrx_word' id='word_1_842' title='bbox 2294 4638 2626 4684; x_wconf 89' lang='lat' dir='ltr'><strong>momentum</strong></span> <span class='ocrx_word' id='word_1_843' title='bbox 2681 4628 2941 4697; x_wconf 88' lang='lat' dir='ltr'><strong>temporis</strong></span> <span class='ocrx_word' id='word_1_844' title='bbox 2994 4627 3048 4682; x_wconf 93' lang='lat' dir='ltr'><strong>in</strong></span> <span class='ocrx_word' id='word_1_845' title='bbox 3101 4628 3415 4684; x_wconf 79' lang='lat' dir='ltr'><strong>inﬁdelitate</strong></span> <span class='ocrx_word' id='word_1_846' title='bbox 3461 4632 3780 4698; x_wconf 78' lang='lat' dir='ltr'><strong>prostravit.</strong></span> 
     </span>
    </p>
   </div>
   <div class='ocr_carea' id='block_1_109' title="bbox 2193 4716 3784 4789">
    <p class='ocr_par' dir='ltr' id='par_1_109' title="bbox 2193 4716 3784 4789">
     <span class='ocr_line' id='line_1_109' title="bbox 2193 4716 3784 4789; baseline 0.001 -15"><span class='ocrx_word' id='word_1_847' title='bbox 2193 4718 2323 4774; x_wconf 85' lang='lat' dir='ltr'><strong>Jure</strong></span> <span class='ocrx_word' id='word_1_848' title='bbox 2347 4725 2526 4772; x_wconf 86' lang='lat' dir='ltr'><strong>autem</strong></span> <span class='ocrx_word' id='word_1_849' title='bbox 2562 4717 2712 4771; x_wconf 90' lang='lat' dir='ltr'><strong>locus</strong></span> <span class='ocrx_word' id='word_1_850' title='bbox 2742 4716 2935 4784; x_wconf 55' lang='lat' dir='ltr'><strong>aquilae</strong></span> <span class='ocrx_word' id='word_1_851' title='bbox 2975 4731 3080 4771; x_wconf 89' lang='lat' dir='ltr'><strong>non</strong></span> <span class='ocrx_word' id='word_1_852' title='bbox 3103 4716 3259 4786; x_wconf 82' lang='lat' dir='ltr'><strong>juxta</strong></span> <span class='ocrx_word' id='word_1_853' title='bbox 3288 4718 3383 4774; x_wconf 85' lang='lat' dir='ltr'><strong>sed</strong></span> <span class='ocrx_word' id='word_1_854' title='bbox 3409 4718 3645 4789; x_wconf 82' lang='lat' dir='ltr'><strong>desuper</strong></span> <span class='ocrx_word' id='word_1_855' title='bbox 3663 4734 3784 4776; x_wconf 72' lang='lat' dir='ltr'><strong>esse</strong></span> 
     </span>
    </p>
   </div>
   <div class='ocr_carea' id='block_1_110' title="bbox 2195 4806 3784 4876">
    <p class='ocr_par' dir='ltr' id='par_1_110' title="bbox 2195 4806 3784 4876">
     <span class='ocr_line' id='line_1_110' title="bbox 2195 4806 3784 4876; baseline 0.001 -13"><span class='ocrx_word' id='word_1_856' title='bbox 2195 4806 2538 4870; x_wconf 87' lang='lat' dir='ltr'><strong>describitur,</strong></span> <span class='ocrx_word' id='word_1_857' title='bbox 2587 4806 2713 4875; x_wconf 83' lang='lat' dir='ltr'><strong>quia</strong></span> <span class='ocrx_word' id='word_1_858' title='bbox 2748 4806 2860 4860; x_wconf 90' lang='lat' dir='ltr'><strong>sive</strong></span> <span class='ocrx_word' id='word_1_859' title='bbox 2888 4820 2988 4875; x_wconf 90' lang='lat' dir='ltr'><strong>per</strong></span> <span class='ocrx_word' id='word_1_860' title='bbox 3017 4806 3140 4871; x_wconf 87' lang='lat' dir='ltr'><strong>hoc,</strong></span> <span class='ocrx_word' id='word_1_861' title='bbox 3188 4807 3331 4876; x_wconf 88' lang='lat' dir='ltr'><strong>quod</strong></span> <span class='ocrx_word' id='word_1_862' title='bbox 3359 4807 3478 4876; x_wconf 84' lang='lat' dir='ltr'><strong>ejus</strong></span> <span class='ocrx_word' id='word_1_863' title='bbox 3506 4810 3784 4865; x_wconf 83' lang='lat' dir='ltr'><strong>ascensio-</strong></span> 
     </span>
    </p>
   </div>
   <div class='ocr_carea' id='block_1_111' title="bbox 2194 4898 3785 4970">
    <p class='ocr_par' dir='ltr' id='par_1_111' title="bbox 2194 4898 3785 4970">
     <span class='ocr_line' id='line_1_111' title="bbox 2194 4898 3785 4970; baseline 0.002 -16"><span class='ocrx_word' id='word_1_864' title='bbox 2194 4914 2317 4968; x_wconf 87' lang='lat' dir='ltr'><strong>nem</strong></span> <span class='ocrx_word' id='word_1_865' title='bbox 2345 4899 2541 4970; x_wconf 88' lang='lat' dir='ltr'><strong>signat,</strong></span> <span class='ocrx_word' id='word_1_866' title='bbox 2572 4913 2668 4953; x_wconf 89' lang='lat' dir='ltr'><strong>seu</strong></span> <span class='ocrx_word' id='word_1_867' title='bbox 2690 4898 2814 4968; x_wconf 90' lang='lat' dir='ltr'><strong>quia</strong></span> <span class='ocrx_word' id='word_1_868' title='bbox 2840 4898 3067 4953; x_wconf 79' lang='lat' dir='ltr'><strong>verbum</strong></span> <span class='ocrx_word' id='word_1_869' title='bbox 3097 4898 3277 4954; x_wconf 86' lang='lat' dir='ltr'><strong>Patris</strong></span> <span class='ocrx_word' id='word_1_870' title='bbox 3302 4898 3472 4955; x_wconf 77' lang='lat' dir='ltr'><strong>Deum</strong></span> <span class='ocrx_word' id='word_1_871' title='bbox 3511 4903 3658 4970; x_wconf 82' lang='lat' dir='ltr'><strong>apud</strong></span> <span class='ocrx_word' id='word_1_872' title='bbox 3685 4902 3785 4957; x_wconf 87' lang='lat' dir='ltr'><strong>Pa-</strong></span> 
     </span>
    </p>
   </div>
   <div class='ocr_carea' id='block_1_112' title="bbox 2193 4990 3787 5062">
    <p class='ocr_par' dir='ltr' id='par_1_112' title="bbox 2193 4990 3787 5062">
     <span class='ocr_line' id='line_1_112' title="bbox 2193 4990 3787 5062; baseline 0.003 -17"><span class='ocrx_word' id='word_1_873' title='bbox 2193 5000 2330 5045; x_wconf 88' lang='lat' dir='ltr'><strong>trem</strong></span> <span class='ocrx_word' id='word_1_874' title='bbox 2359 5005 2479 5045; x_wconf 90' lang='lat' dir='ltr'><strong>esse</strong></span> <span class='ocrx_word' id='word_1_875' title='bbox 2509 4990 2808 5055; x_wconf 87' lang='lat' dir='ltr'><strong>denuntiat,</strong></span> <span class='ocrx_word' id='word_1_876' title='bbox 2836 5004 2999 5059; x_wconf 89' lang='lat' dir='ltr'><strong>super</strong></span> <span class='ocrx_word' id='word_1_877' title='bbox 3027 4990 3388 5062; x_wconf 86' lang='lat' dir='ltr'><strong>evangelislas</strong></span> <span class='ocrx_word' id='word_1_878' title='bbox 3416 5001 3649 5050; x_wconf 68' lang='lat' dir='ltr'><strong>caeteros</strong></span> <span class='ocrx_word' id='word_1_879' title='bbox 3675 4995 3787 5050; x_wconf 82' lang='lat' dir='ltr'><strong>vir-</strong></span> 
     </span>
    </p>
   </div>
   <div class='ocr_carea' id='block_1_113' title="bbox 2195 5079 3783 5150">
    <p class='ocr_par' dir='ltr' id='par_1_113' title="bbox 2195 5079 3783 5150">
     <span class='ocr_line' id='line_1_113' title="bbox 2195 5079 3783 5150; baseline 0.004 -15"><span class='ocrx_word' id='word_1_880' title='bbox 2195 5090 2308 5137; x_wconf 90' lang='lat' dir='ltr'><strong>tute</strong></span> <span class='ocrx_word' id='word_1_881' title='bbox 2333 5079 2801 5149; x_wconf 86' lang='lat' dir='ltr'><strong>coutemplationis</strong></span> <span class='ocrx_word' id='word_1_882' title='bbox 2842 5081 3084 5136; x_wconf 90' lang='lat' dir='ltr'><strong>excrevit</strong></span> <span class='ocrx_word' id='word_1_883' title='bbox 3112 5098 3124 5134; x_wconf 90' lang='lat'><strong>:</strong></span> <span class='ocrx_word' id='word_1_884' title='bbox 3157 5096 3278 5135; x_wconf 90' lang='lat' dir='ltr'><strong>cum</strong></span> <span class='ocrx_word' id='word_1_885' title='bbox 3310 5081 3507 5150; x_wconf 85' lang='lat' dir='ltr'><strong>quibus</strong></span> <span class='ocrx_word' id='word_1_886' title='bbox 3559 5086 3668 5141; x_wconf 87' lang='lat' dir='ltr'><strong>etsi</strong></span> <span class='ocrx_word' id='word_1_887' title='bbox 3706 5086 3783 5142; x_wconf 83' lang='lat' dir='ltr'><strong>si-</strong></span> 
     </span>
    </p>
   </div>
   <div class='ocr_carea' id='block_1_114' title="bbox 2193 5171 3783 5240">
    <p class='ocr_par' dir='ltr' id='par_1_114' title="bbox 2193 5171 3783 5240">
     <span class='ocr_line' id='line_1_114' title="bbox 2193 5171 3783 5240; baseline 0.001 -12"><span class='ocrx_word' id='word_1_888' title='bbox 2193 5172 2304 5228; x_wconf 90' lang='lat' dir='ltr'><strong>mul</strong></span> <span class='ocrx_word' id='word_1_889' title='bbox 2324 5173 2389 5227; x_wconf 94' lang='lat' dir='ltr'><strong>de</strong></span> <span class='ocrx_word' id='word_1_890' title='bbox 2414 5172 2529 5240; x_wconf 88' lang='lat' dir='ltr'><strong>ejus</strong></span> <span class='ocrx_word' id='word_1_891' title='bbox 2564 5171 2764 5227; x_wconf 89' lang='lat' dir='ltr'><strong>deitate</strong></span> <span class='ocrx_word' id='word_1_892' title='bbox 2792 5172 3044 5240; x_wconf 88' lang='lat' dir='ltr'><strong>loquitur,</strong></span> <span class='ocrx_word' id='word_1_893' title='bbox 3095 5172 3237 5227; x_wconf 88' lang='lat' dir='ltr'><strong>hanc</strong></span> <span class='ocrx_word' id='word_1_894' title='bbox 3277 5179 3465 5227; x_wconf 78' lang='lat' dir='ltr'><strong>tamen</strong></span> <span class='ocrx_word' id='word_1_895' title='bbox 3519 5174 3783 5230; x_wconf 77' lang='lat' dir='ltr'><strong>omnibus</strong></span> 
     </span>
    </p>
   </div>
   <div class='ocr_carea' id='block_1_115' title="bbox 2192 5263 3785 5335">
    <p class='ocr_par' dir='ltr' id='par_1_115' title="bbox 2192 5263 3785 5335">
     <span class='ocr_line' id='line_1_115' title="bbox 2192 5263 3785 5335; baseline 0.001 -16"><span class='ocrx_word' id='word_1_896' title='bbox 2192 5265 2445 5321; x_wconf 86' lang='lat' dir='ltr'><strong>subtilius</strong></span> <span class='ocrx_word' id='word_1_897' title='bbox 2484 5264 2898 5335; x_wconf 88' lang='lat' dir='ltr'><strong>contemplatur.</strong></span> <span class='ocrx_word' id='word_1_898' title='bbox 2957 5263 3065 5317; x_wconf 86' lang='lat' dir='ltr'><strong>Sed</strong></span> <span class='ocrx_word' id='word_1_899' title='bbox 3117 5264 3161 5318; x_wconf 90' lang='lat' dir='ltr'><strong>si</strong></span> <span class='ocrx_word' id='word_1_900' title='bbox 3191 5263 3369 5333; x_wconf 87' lang='lat' dir='ltr'><strong>aquila</strong></span> <span class='ocrx_word' id='word_1_901' title='bbox 3425 5278 3550 5319; x_wconf 84' lang='lat' dir='ltr'><strong>cum</strong></span> <span class='ocrx_word' id='word_1_902' title='bbox 3603 5266 3785 5321; x_wconf 82' lang='lat' dir='ltr'><strong>tribus</strong></span> 
     </span>
    </p>
   </div>
   <div class='ocr_carea' id='block_1_116' title="bbox 2195 5352 3781 5422">
    <p class='ocr_par' dir='ltr' id='par_1_116' title="bbox 2195 5352 3781 5422">
     <span class='ocr_line' id='line_1_116' title="bbox 2195 5352 3781 5422; baseline 0.001 -15"><span class='ocrx_word' id='word_1_903' title='bbox 2195 5354 2315 5408; x_wconf 89' lang='lat' dir='ltr'><strong>aliis</strong></span> <span class='ocrx_word' id='word_1_904' title='bbox 2360 5353 2611 5422; x_wconf 88' lang='lat' dir='ltr'><strong>adjuncta</strong></span> <span class='ocrx_word' id='word_1_905' title='bbox 2660 5361 2893 5422; x_wconf 90' lang='lat' dir='ltr'><strong>quatuor</strong></span> <span class='ocrx_word' id='word_1_906' title='bbox 2925 5352 3178 5405; x_wconf 88' lang='lat' dir='ltr'><strong>animalia</strong></span> <span class='ocrx_word' id='word_1_907' title='bbox 3218 5366 3337 5406; x_wconf 85' lang='lat' dir='ltr'><strong>esse</strong></span> <span class='ocrx_word' id='word_1_908' title='bbox 3381 5364 3781 5417; x_wconf 64' lang='lat' dir='ltr'><strong>memorantur,</strong></span> 
     </span>
    </p>
   </div>
   <div class='ocr_carea' id='block_1_117' title="bbox 2196 5440 3785 5512">
    <p class='ocr_par' dir='ltr' id='par_1_117' title="bbox 2196 5440 3785 5512">
     <span class='ocr_line' id='line_1_117' title="bbox 2196 5440 3785 5512; baseline 0.001 -16"><span class='ocrx_word' id='word_1_909' title='bbox 2196 5443 2447 5497; x_wconf 89' lang='lat' dir='ltr'><strong>nimirum</strong></span> <span class='ocrx_word' id='word_1_910' title='bbox 2475 5443 2744 5512; x_wconf 83' lang='lat' dir='ltr'><strong>quomodo</strong></span> <span class='ocrx_word' id='word_1_911' title='bbox 2772 5442 3004 5510; x_wconf 88' lang='lat' dir='ltr'><strong>desuper</strong></span> <span class='ocrx_word' id='word_1_912' title='bbox 3042 5440 3277 5509; x_wconf 76' lang='lat' dir='ltr'><strong>ipsordm</strong></span> <span class='ocrx_word' id='word_1_913' title='bbox 3301 5450 3541 5509; x_wconf 86' lang='lat' dir='ltr'><strong>quatuor</strong></span> <span class='ocrx_word' id='word_1_914' title='bbox 3568 5443 3785 5498; x_wconf 83' lang='lat' dir='ltr'><strong>descri-</strong></span> 
     </span>
    </p>
   </div>
   <div class='ocr_carea' id='block_1_118' title="bbox 2194 5528 3786 5600">
    <p class='ocr_par' dir='ltr' id='par_1_118' title="bbox 2194 5528 3786 5600">
     <span class='ocr_line' id='line_1_118' title="bbox 2194 5528 3786 5600; baseline -0.001 -14"><span class='ocrx_word' id='word_1_915' title='bbox 2194 5533 2341 5586; x_wconf 89' lang='lat' dir='ltr'><strong>bitur</strong></span> <span class='ocrx_word' id='word_1_916' title='bbox 2368 5572 2382 5596; x_wconf 92' lang='lat'><strong>,</strong></span> <span class='ocrx_word' id='word_1_917' title='bbox 2414 5532 2516 5586; x_wconf 89' lang='lat' dir='ltr'><strong>nisi</strong></span> <span class='ocrx_word' id='word_1_918' title='bbox 2544 5532 2671 5600; x_wconf 88' lang='lat' dir='ltr'><strong>quia</strong></span> <span class='ocrx_word' id='word_1_919' title='bbox 2714 5528 2948 5583; x_wconf 86' lang='lat' dir='ltr'><strong>Joannes</strong></span> <span class='ocrx_word' id='word_1_920' title='bbox 2970 5543 3066 5598; x_wconf 91' lang='lat' dir='ltr'><strong>per</strong></span> <span class='ocrx_word' id='word_1_921' title='bbox 3093 5531 3213 5592; x_wconf 91' lang='lat' dir='ltr'><strong>hoc,</strong></span> <span class='ocrx_word' id='word_1_922' title='bbox 3257 5529 3399 5596; x_wconf 87' lang='lat' dir='ltr'><strong>quod</strong></span> <span class='ocrx_word' id='word_1_923' title='bbox 3424 5529 3481 5583; x_wconf 84' lang='lat' dir='ltr'><strong>in</strong></span> <span class='ocrx_word' id='word_1_924' title='bbox 3512 5531 3786 5599; x_wconf 85' lang='lat' dir='ltr'><strong>principio</strong></span> 
     </span>
    </p>
   </div>
   <div class='ocr_carea' id='block_1_119' title="bbox 2196 5618 3780 5688">
    <p class='ocr_par' dir='ltr' id='par_1_119' title="bbox 2196 5618 3780 5688">
     <span class='ocr_line' id='line_1_119' title="bbox 2196 5618 3780 5688; baseline 0 -12"><span class='ocrx_word' id='word_1_925' title='bbox 2196 5623 2429 5676; x_wconf 76' lang='lat' dir='ltr'><strong>Verbum</strong></span> <span class='ocrx_word' id='word_1_926' title='bbox 2485 5622 2641 5687; x_wconf 91' lang='lat' dir='ltr'><strong>vidit,</strong></span> <span class='ocrx_word' id='word_1_927' title='bbox 2695 5620 2858 5675; x_wconf 91' lang='lat' dir='ltr'><strong>etiam</strong></span> <span class='ocrx_word' id='word_1_928' title='bbox 2914 5634 3076 5688; x_wconf 86' lang='lat' dir='ltr'><strong>super</strong></span> <span class='ocrx_word' id='word_1_929' title='bbox 3130 5618 3480 5686; x_wconf 86' lang='lat' dir='ltr'><strong>semetipsum</strong></span> <span class='ocrx_word' id='word_1_930' title='bbox 3538 5620 3780 5676; x_wconf 68' lang='lat' dir='ltr'><strong>tranauit.</strong></span> 
     </span>
    </p>
   </div>
   <div class='ocr_carea' id='block_1_120' title="bbox 2198 5708 3779 5780">
    <p class='ocr_par' dir='ltr' id='par_1_120' title="bbox 2198 5708 3779 5780">
     <span class='ocr_line' id='line_1_120' title="bbox 2198 5708 3779 5780; baseline -0.001 -13"><span class='ocrx_word' id='word_1_931' title='bbox 2198 5714 2331 5768; x_wconf 83' lang='lat' dir='ltr'><strong>Nam</strong></span> <span class='ocrx_word' id='word_1_932' title='bbox 2362 5713 2463 5767; x_wconf 87' lang='lat' dir='ltr'><strong>nisi</strong></span> <span class='ocrx_word' id='word_1_933' title='bbox 2490 5724 2544 5768; x_wconf 89' lang='lat' dir='ltr'><strong>ct</strong></span> <span class='ocrx_word' id='word_1_934' title='bbox 2574 5728 2631 5767; x_wconf 90' lang='lat' dir='ltr'><strong>se</strong></span> <span class='ocrx_word' id='word_1_935' title='bbox 2663 5711 2964 5771; x_wconf 84' lang='lat' dir='ltr'><strong>transisset,</strong></span> <span class='ocrx_word' id='word_1_936' title='bbox 3010 5709 3239 5763; x_wconf 71' lang='lat' dir='ltr'><strong>Verbum</strong></span> <span class='ocrx_word' id='word_1_937' title='bbox 3284 5709 3338 5762; x_wconf 90' lang='lat' dir='ltr'><strong>in</strong></span> <span class='ocrx_word' id='word_1_938' title='bbox 3376 5708 3649 5780; x_wconf 83' lang='lat' dir='ltr'><strong>principio</strong></span> <span class='ocrx_word' id='word_1_939' title='bbox 3679 5726 3779 5765; x_wconf 78' lang='lat' dir='ltr'><strong>non</strong></span> 
     </span>
    </p>
   </div>
  </div>
