3948 6352
137 327 225 381 εει

1108 332 1456 389 (ΞυΜΜΕῗίΤ.
1497 338 1562 392 IN
1600 334 2052 394 EZECIIIELEM.
2096 365 2160 372 ——
2200 333 2322 388 LIB.
2366 333 2382 386 l

3273 339 3378 398 5l8

137 441 364 495 Vidisset.
402 440 503 508 Qui
565 457 690 514 ergo
742 451 794 497 et
833 443 1064 512 seipsum
1096 453 1434 515 trangrcssus
1461 462 1558 509 est,
1597 464 1700 502 non
1734 453 1780 508 Α
1808 446 1959 499 dunt.
2016 443 2139 496 Dum
2175 444 2374 512 itaque,
2427 453 2480 497 ut
2510 445 2707 499 dictum
2754 455 2846 506 est,
2876 446 3377 516 pcunmjunguntur

133 528 235 595 jam
263 529 597 585 solummodo
626 547 786 601 super
814 535 933 594 tria,
987 534 1081 588 sed
1110 531 1360 601 adjuncto
1383 544 1435 589 et
1466 552 1522 589 se
1547 551 1706 605 super

134 630 364 687 quatuor
392 619 514 673 fuit.

206 725 225 759 ‹
263 708 329 763 Ει
360 709 526 764 facies
565 725 749 764 eorum
779 720 834 765 et
853 727 1040 780 periure
1068 727 1251 766 eorum
1280 723 1512 768 exteutre
1544 715 1703 770 desu-

138 818 153 849 ι
188 813 298 870 per.
323 801 450 854 Dua:
470 816 658 871 pennae
683 802 1012 872 singulorum
1034 797 1708 874 jungel;antur,etduaete—

136 907 154 938 ι
193 890 390 959 gebant
420 903 645 962 corpora
677 906 884 945 eorum.
921 911 938 942 ι
979 887 1270 963 (Ηῖενοη.)
1297 895 1358 947 Ει
1385 911 1542 965 supra
1572 897 1710 950 dixi-

133 994 250 1032 mus
271 976 456 1046 juncta
483 979 583 1033 sibi
605 994 723 1034 esse
750 979 1060 1050 Evangelia,
1083 992 1135 1036 et
1165 992 1427 1053 tempora,
1449 997 1503 1038 et
1524 1001 1711 1046 omnes

133 1067 424 1121 mtionalcs
454 1077 733 1124 creaturas
764 1079 1100 1140 quatuorque
1133 1073 1392 1146 virtutes;
1420 1075 1495 1127 ita
1525 1082 1584 1129 ut
1619 1075 1709 1146 qui

132 1171 234 1208 una
263 1158 521 1218 caruerit,
551 1158 798 1213 omnibus
824 1169 1022 1214 careat.
1053 1162 1314 1230 Quodque
1342 1163 1456 1217 duce
1480 1171 1710 1218 extentte

128 1255 254 1298 sunt
280 1255 335 1297 et
385 1246 438 1298 in
491 1246 655 1299 altum
686 1261 746 1302 se
796 1248 1029 1314 elevant,
1064 1251 1499 1318 praedicationem
1545 1252 1709 1308 cmle-

129 1347 269 1389 stem
303 1337 630 1406 signillcant,
655 1347 708 1392 et
734 1339 915 1394 omnia
967 1341 1034 1396 ad
1080 1342 1175 1396 Dei
1207 1345 1428 1398 tendere
1455 1343 1708 1413 majesta-

129 1436 257 1480 tem.
293 1427 418 1480 Duae
451 1440 630 1483 autem
665 1430 861 1499 quibus
894 1439 1148 1501 teguntur
1194 1450 1442 1504 corpora,
1477 1436 1710 1492 humana

127 1516 435 1571 excluditur
463 1518 712 1584 scientia,
743 1535 841 1574 nec
869 1520 1141 1589 perfectus
1164 1525 1434 1594 prmbetur
1463 1526 1707 1593 intuitus,

127 1606 350 1660 dicente
408 1606 705 1676 Apostolo:
747 1626 764 1659 ι
805 1609 884 1663 Ex
941 1623 1094 1681 parte
1139 1615 1530 1683 cognoscimus,
1563 1626 1614 1670 et
1643 1633 1709 1670 ex

127 1707 289 1766 parte
335 1699 743 1766 prophetamus.
794 1700 926 1755 Cum
959 1713 1138 1757 autem
1167 1707 1377 1760 venerit
1407 1707 1548 1776 quod
1581 1724 1708 1777 per-

128 1789 336 1843 fectum
364 1798 466 1853 est,
494 1789 839 1846 destruentur
854 1807 915 1846 ea
948 1809 1066 1861 qua:
1090 1810 1154 1849 ex
1182 1803 1335 1864 parte
1356 1795 1546 1867 suut(I
1580 1796 1701 1850 Cor.
1739 1784 1780 1840 Β

130 1885 279 1954 χιιι).
321 1901 339 1933 ι
371 1881 574 1954 (ϐπ-εει.)
617 1881 808 1938 Facies
860 1895 915 1937 et
964 1899 1158 1953 pennae
1207 1887 1437 1955 desuper
1476 1896 1708 1943 extentae

127 1973 535 2038 describuntur,
595 1973 722 2043 quia
771 1974 946 2028 omnis
994 1975 1216 2029 intentio
1252 1978 1531 2045 omnisque
1577 1993 1706 2031 con-

128 2061 410 2130 templatio
439 2071 745 2118 sanctorum
779 2079 941 2134 super
967 2079 1024 2118 se
1073 2065 1262 2129 tendit,
1297 2074 1355 2119 ut
1384 2065 1510 2120 illud
1540 2067 1710 2135 possit

128 2153 387 2220 adipisci,
414 2153 557 2222 quod
583 2154 636 2208 in
669 2154 978 2210 caelestibus
1009 2156 1232 2223 appetit,
1266 2155 1378 2209 sive
1401 2156 1544 2209 enim
1568 2157 1707 2210 bono

128 2242 308 2310 operi,
343 2257 437 2295 seu
466 2257 597 2297 vero
628 2242 866 2311 invigilet
889 2243 1348 2312 contemplationi,
1380 2253 1508 2298 tunc
1552 2260 1710 2299 vera-

129 2333 273 2388 citer
301 2334 405 2388 hoc
430 2335 540 2404 agit
565 2333 705 2403 quod
734 2334 933 2390 bonum
963 2343 1062 2398 est,
1114 2335 1364 2404 quoniam
1398 2336 1444 2388 ei
1473 2336 1710 2405 compla-

129 2435 261 2476 σει-θ
292 2423 627 2492 concupiscit
649 2437 679 2476 a
707 2439 812 2492 quo
841 2432 941 2477 est.
998 2421 1258 2491 Nam-qui
1279 2424 1420 2478 bona
1445 2439 1603 2494 agere
1629 2425 1711 2479 vi-

126 2510 312 2575 detur,
339 2520 394 2563 et
423 2525 520 2582 per
545 2509 661 2565 hzec
707 2527 814 2566 non
846 2511 972 2575 Deo,
1001 2511 1094 2565 sed
1148 2511 1454 2566 hominibus
1498 2513 1712 2581 placere

122 2588 436 2664 desiderat,
488 2599 799 2654 intentionis
827 2614 937 2653 suae
988 2597 1179 2654 faciem
1211 2601 1460 2654 deorsum
1490 2601 1706 2668 premit.

126 2690 212 2745 Et.
230 2692 325 2760 qui
379 2685 584 2746 ideirco
636 2691 690 2744 in
741 2706 896 2745 sacro
926 2691 1140 2760 eloquio
1175 2705 1238 2744 ea
1271 2705 1387 2760 quae
1416 2691 1712 2746 divinitatis

121 2794 263 2839 sunt
288 2776 698 2854 contemplatur,
733 2793 791 2838 ut
817 2799 912 2852 per
942 2785 1043 2838 hoc
1071 2785 1213 2852 quod
1255 2782 1524 2853 intelligit,
1553 2798 1712 2838 occuo

126 2875 252 2949 pari
284 2874 353 2928 ad
381 2873 704 2942 qumstiones
729 2874 919 2942 possit,
969 2873 1061 2941 qui
1106 2888 1213 2927 non
1257 2873 1539 2928 dulcedine
1566 2887 1712 2942 quaa—

126 2965 254 3018 sita:
278 2963 627 3018 beatitudinis
658 2964 845 3016 satiari
889 2963 1109 3033 appetit,
1139 2964 1230 3018 sed
1281 2964 1470 3018 doctus
1492 2963 1660 3018 videri
1693 2982 1707 3017 :

125 3057 239 3111 iste
271 3056 528 3110 nimirum
553 3055 850 3111 intellectus
871 3056 952 3109 sui
987 3071 1191 3125 pennas
1225 3055 1454 3123 desuper
1483 3068 1589 3109 non
1617 3070 1712 3109 ex-

123 3147 331 3202 tendit.
365 3144 469 3201 Sed
511 3147 728 3215 quando
766 3161 955 3200 sensus
987 3116 1082 3200 ⁸διιὶ
1126 3116 1452 3215 vigilanti-am
1491 3146 1544 3200 in
1595 3153 1708 3200 ter—
1738 3116 1780 3176 Ε

125 3253 264 3292 reno
293 3236 532 3307 appetitu
558 3245 806 3306 occupat,
836 3251 1039 3306 pennas
1074 3251 1208 3304 quas
1249 3236 1529 3290 sublevare
1551 3237 1604 3289 in
1634 3236 1713 3290 al-

124 3339 271 3392 tum,
307 3336 364 3382 et
389 3327 584 3397 quibus
613 3326 883 3382 sublevari
937 3326 1050 3394 ipse
1092 3326 1287 3395 potuit,
1319 3326 1370 3379 in
1404 3326 1526 3379 imis
1550 3326 1713 3394 depo-

121 3419 229 3472 nit.
262 3418 382 3485 Qua
412 3417 467 3472 in
489 3431 549 3472 re
583 3416 916 3487 pensandum
944 3424 1046 3480 est,
1074 3423 1132 3468 ut
1165 3430 1323 3470 omne
1345 3417 1541 3469 bonum
1570 3415 1709 3483 quod

121 3511 316 3579 agitur
355 3525 453 3579 per
489 3508 840 3564 intentionem
867 3522 1077 3576 semper
1105 3507 1171 3560 ad
1203 3507 1439 3562 caelestia
1485 3505 1708 3560 levetur.

118 3599 236 3666 Qui
293 3601 438 3654 enim
468 3614 566 3669 per
617 3599 756 3653 bona
810 3613 928 3668 qua:
989 3597 1116 3652 fecit
1165 3605 1432 3652 terrenam
1487 3597 1710 3667 gloriam

116 3692 493 3761 concupiscit,
533 3705 737 3760 pennas
767 3705 892 3744 suas
921 3698 974 3744 et
1009 3688 1198 3744 faciem
1251 3690 1498 3744 deorsum
1537 3688 1712 3758 depri-

121 3787 252 3839 mit.
281 3804 300 3836 ‹
337 3783 482 3849 Duae,
514 3783 707 3852 inquit,
750 3797 938 3850 perime
969 3781 1298 3850 singulorum
1325 3780 1709 3850 jungebantur,

117 3885 182 3929 et
215 3875 344 3929 dua:
368 3874 616 3943 tegebant
640 3888 864 3942 corpora
903 3887 1107 3925 eorum.
1149 3889 1166 3921 ι
1195 3871 1406 3924 Dictum
1433 3869 1606 3924 fuerat
1632 3869 1712 3922 fa-

117 3970 249 4023 cies
281 3977 340 4022 et
363 3980 568 4036 pennas
610 3979 794 4020 eorum
825 3972 1072 4018 extentas
1109 3963 1338 4030 desuper
1383 3971 1544 4030 atque
1586 3975 1711 4013 mox

114 4055 486 4126 subiunctum
531 4064 610 4109 est
666 4055 786 4118 hoc,
842 4053 982 4122 quod
1041 4051 1384 4121 protulimus,
1440 4050 1565 4120 quia
1595 4050 1710 4104 dum

115 4163 328 4217 penna:
357 4144 686 4216 singulorum
709 4145 1088 4215 jungebantur,
1116 4143 1208 4197 ubi
1235 4150 1358 4211 apte
1401 4141 1714 4212 intelligitur

113 4240 260 4308 quia
292 4245 350 4291 et
376 4236 803 4291 extendebantur
840 4238 1071 4304 desuper
1093 4246 1147 4288 et
1165 4232 1550 4305 jungebantur,
1594 4233 1712 4288 duas

112 4343 264 4382 vero
319 4326 571 4396 tegebant
625 4339 850 4394 corpora
890 4337 1096 4377 eorum.
1131 4323 1266 4388 Quid
1317 4331 1494 4376 autem
1520 4336 1710 4392 penum

111 4417 456 4472 animalium
510 4416 614 4469 nisi
652 4415 748 4469 ala:
800 4412 1190 4468 nominantur?
1220 4411 1335 4478 Qua
1382 4411 1436 4464 in
1463 4426 1522 4465 re
1550 4411 1708 4465 nobis

1811 546 2050 596 sursum,
2093 533 2306 600 quando
2336 548 2486 586 amor
2517 542 2564 585 et
2600 549 2722 600 spes
2759 534 3050 589 electorum
3099 538 3262 591 corda
3307 538 3376 593 ad

1808 624 2084 694 superiora
2111 620 2339 687 elevant,
2368 623 2434 675 ad
2462 623 2696 678 coelestia
2727 625 3076 695 suspendunt.
3119 626 3250 684 Dus
3275 644 3381 684 au-

1808 724 1916 769 tem
1945 729 2135 784 pennas
2157 723 2342 786 tegunt
2364 731 2609 785 corpora,
2637 720 2846 786 quando
2875 734 3060 773 eorum
3087 722 3226 777 mala
3245 738 3385 792 pra:-

1813 806 1968 883 terita
1997 822 2026 860 a
2055 815 2344 875 conspectu
2373 807 2558 860 aeterni
2589 806 2792 862 Iudicis
2844 809 3002 862 timor
3027 817 3082 863 et
3111 811 3378 878 pteniteu-

1813 899 1883 952 tia
1911 899 2264 954 abscondunt.
2295 899 2352 954 In
2379 915 2444 955 eo
2473 901 2618 954 enim
2643 903 2782 969 quod
2812 917 2869 956 se
2909 917 3162 971 peccasse
3187 904 3379 957 memi-

1811 995 2026 1052 nerunt,
2059 989 2184 1057 quia
2243 989 2634 1059 pertimescunt
2679 1000 2733 1044 et
2781 989 3008 1056 deﬂent,
3050 993 3182 1061 quid
3231 992 3375 1046 aliud

1809 1090 1969 1145 quam
2008 1091 2200 1145 corpus
2229 1078 2562 1148 cooperiunt,
2592 1079 2679 1148 qui
2710 1077 2848 1133 facta
2893 1081 3127 1135 carnalia
3167 1096 3263 1150 per
3288 1096 3379 1136 su-

1809 1166 2069 1234 perducta
2124 1167 2264 1221 bona
2303 1183 2465 1237 opera
2505 1185 2532 1222 a
2565 1169 2810 1224 districto
2866 1172 3111 1226 examine
3141 1175 3372 1228 abscon-

1812 1253 2278 1324 dunt?Scriptum
2314 1259 2508 1326 quippe
2536 1268 2656 1311 est:
2691 1279 2706 1309 ι
2742 1258 2890 1313 Beati
2930 1276 3159 1330 quarunt
3188 1262 3376 1316 remis-

1811 1361 1885 1401 sae
1912 1354 2037 1400 sunt
2073 1347 2403 1415 iniquitates,
2453 1359 2507 1402 et
2536 1365 2763 1418 quorum
2813 1361 2952 1405 tecta
3003 1361 3128 1406 sunt
3156 1362 3378 1422 peccata

1813 1434 1988 1506 (Psal.
2030 1436 2201 1506 xxxi).
2238 1456 2254 1487 ι
2314 1438 2539 1492 Peccata
2596 1441 2735 1493 enim
2771 1442 3020 1511 tegimus,
3064 1458 3184 1496 cum
3241 1444 3380 1498 bona

1813 1526 1952 1580 facta
1984 1527 2138 1581 malis
2167 1528 2374 1581 actibus
2406 1530 2832 1597 superponimus.
2876 1530 3044 1584 Omne
3072 1533 3214 1586 enim
3239 1535 3379 1601 quo.l

1811 1617 2138 1684 cooperitur,
2198 1616 2420 1671 inferius
2477 1618 2710 1687 ponitur,
2742 1620 2920 1674 ethoc
2958 1622 3097 1674 unde
3140 1623 3382 1690 operitur

1813 1708 2040 1775 desuper
2097 1707 2330 1763 ducitur.
2405 1707 2630 1776 Quando
2682 1724 2808 1778 ergo
2875 1711 3186 1765 abdicamus
3238 1712 3379 1766 mala

1811 1811 1929 1863 quae
1964 1794 2209 1858 fecimus,
2239 1805 2292 1849 et
2326 1796 2571 1865 eligimus
2609 1799 2742 1851 bona
2772 1814 2890 1866 qua:
2917 1799 3192 1863 faciamus,
3223 1803 3379 1870 quasi

1813 1892 2023 1952 tegmen
2082 1883 2129 1936 ei
2192 1882 2268 1937 rei
2323 1885 2750 1953 superducimus,
2804 1903 2963 1957 quam
3011 1892 3381 1946 erubescimus

1810 1971 2003 2024 videri.
2061 1969 2366 2037 Quamlibet
2414 1973 2557 2027 enim
2616 1975 2786 2029 sancti
2837 1976 2937 2030 viri
2968 1977 3020 2032 in
3073 1978 3174 2033 hac
3203 1981 3380 2037 adhuc

1811 2061 1917 2114 vita
1945 2061 2074 2125 sint,
2105 2061 2306 2114 habent
2364 2071 2538 2116 tamen
2579 2063 2720 2131 quod
2749 2073 2874 2119 ante
2903 2064 2998 2120 Dei
3031 2067 3212 2122 oculos
3255 2083 3380 2139 ope—

1812 2149 1918 2203 rire
1973 2149 2219 2204 debeant.
2254 2149 2388 2216 Quia
2435 2152 2653 2206 omnino
2682 2163 2763 2207 est
2809 2155 3157 2224 impossibile,
3199 2166 3256 2211 ut
3288 2169 3381 2214 aut

1811 2240 1866 2295 in
1909 2255 2089 2309 opere,
2140 2250 2232 2294 aut
2269 2242 2321 2295 in
2351 2241 2637 2310 locutione,
2670 2251 2761 2296 aut
2787 2245 2838 2298 in
2869 2247 3190 2314 cogitatione
3239 2265 3376 2303 nunc

1812 2344 1969 2399 quam
2002 2331 2326 2400 delinquant.
2376 2332 2526 2388 Unde
2560 2343 2612 2389 et
2641 2336 2831 2389 beatus
2868 2336 2986 2399 Job,
3025 2339 3113 2406 qui
3139 2339 3377 2408 perfecta

1811 2420 2027 2489 quidem
2065 2421 2371 2476 hominibus
2411 2423 2642 2488 dixerat,
2690 2425 2784 2480 Dei
2834 2435 3011 2480 tamen
3073 2444 3258 2483 vocem
3287 2445 3382 2483 au-

1812 2511 1986 2585 diens,
2017 2527 2181 2580 seque
2223 2513 2394 2583 ipsum
2420 2515 2485 2568 de
2518 2515 2630 2578 ipsa
2675 2532 2768 2570 sua
2822 2518 3058 2587 perfecta
3113 2520 3382 2577 locutione

1813 2601 2216 2668 reprehendens
2268 2603 2487 2658 dicebat
2519 2623 2530 2655 :
2567 2626 2584 2653 I
2623 2605 2836 2658 Manum
2868 2622 3040 2660 meam
3069 2623 3258 2676 ponam
3289 2627 3382 2665 su-

1811 2703 1908 2758 per
1928 2704 1988 2744 os
2009 2705 2186 2744 meum
2210 2691 2352 2759 (Job.
2373 2693 2579 2764 xxxix).
2607 2714 2620 2745 )
2646 2693 2702 2746 In
2725 2710 2884 2750 manu
2909 2698 3102 2767 quippe
3119 2701 3380 2769 operatio,

1813 2779 1865 2831 in
1901 2793 1996 2833 ore
2025 2779 2222 2834 locutio
2251 2789 2352 2833 est.
2410 2785 2624 2836 Manum
2677 2798 2805 2852 ergo
2859 2801 3020 2853 super
3063 2802 3123 2840 os
3154 2803 3379 2856 ponere,

1811 2878 1896 2924 est
1919 2880 2138 2940 peccata
2170 2871 2454 2926 locutionis
2483 2887 2579 2942 per
2614 2873 2866 2928 virtutem
2925 2877 3049 2929 boni
3088 2880 3264 2948 operis
3300 2889 3379 2935 te-

1811 2975 1956 3030 gere.
1987 2959 2161 3027 Libet,
2201 2960 2414 3028 fratres,
2444 2963 2619 3017 adhuc
2642 2963 2696 3016 in
2721 2965 2876 3033 hujus
2901 2967 2975 3019 rei
3006 2969 3376 3024 testimonium

1816 3050 2130 3121 magistrum
2187 3052 2422 3119 gentium
2448 3067 2664 3117 vocare,
2715 3053 2944 3121 qualiter
2977 3065 3219 3110 sanctum
3247 3058 3378 3113 illud

1812 3139 2011 3192 animal
2039 3139 2138 3193 alis
2173 3149 2401 3208 quatuor
2449 3141 2710 3194 innitatur
2754 3142 3013 3210 aspicere.
3061 3145 3138 3198 Ex
3191 3146 3383 3214 quibus

1810 3233 2019 3287 duabus
2083 3232 2148 3285 ad
2200 3234 2478 3302 superiora
2536 3233 2734 3298 evolat,
2779 3234 2983 3290 duabus
3027 3251 3156 3290 vero
3191 3238 3382 3306 pennis

1811 3337 2010 3390 corpus
2037 3323 2290 3392 contegit.
2324 3323 2457 3388 Quia
2489 3324 2761 3390 praeterita
2805 3339 2924 3392 quae
2949 3335 3154 3395 egerat,
3182 3342 3211 3379 a
3227 3326 3376 3394 judi-

1809 3413 1897 3466 cio
1927 3413 2224 3466 abscondit.
2256 3432 2273 3463 ι
2305 3412 2594 3467 Videamus
2617 3413 2777 3482 igitur
2805 3424 3037 3483 quantus
3060 3417 3200 3471 hunc
3226 3433 3379 3473 amor

1811 3508 1878 3560 ad
1903 3505 2140 3560 caelestia
2172 3505 2380 3560 elevet:
2418 3525 2435 3556 ι
2484 3505 2611 3559 Mihi
2652 3507 2832 3560 vivere
2866 3506 3136 3574 Christus,
3159 3519 3213 3563 et
3243 3512 3383 3564 mori

1811 3595 2019 3650 lucrum
2078 3593 2296 3664 (Philip.
2334 3595 2399 3664 ι).
2445 3615 2463 3646 ι
2515 3595 2913 3666 Cognoscamus
2941 3609 3138 3665 quanta
3184 3615 3276 3667 spe
3312 3601 3382 3654 ad

1813 3687 2086 3755 superiora
2117 3685 2334 3739 tollitur.
2375 3704 2393 3736 ‹
2433 3685 2631 3740 Nostra
2656 3687 2993 3741 conversatio
3022 3688 3072 3740 in
3097 3689 3246 3743 cmlis
3272 3702 3378 3744 est.

1814 3775 1966 3831 Unde
2006 3775 2169 3840 etiam
2200 3774 2532 3829 Salvatorem
2561 3785 2938 3844 exspectamus
2973 3777 3255 3832 Dominum
3285 3779 3378 3834 Jc-

1812 3881 1930 3921 sum
1959 3866 2230 3922 Christum
2278 3863 2496 3935 (Philip.
2549 3865 2651 3936 ιιι).
2704 3865 2992 3920 Videamus
3023 3867 3068 3921 si
3098 3877 3150 3922 et
3179 3869 3232 3922 in
3265 3881 3383 3924 tan-

1815 3956 1882 4009 tis
1938 3956 2226 4009 virtutibus
2300 3955 2508 4024 positus
2571 3955 2743 4008 adhuc
2805 3955 2956 4008 timet
2991 3973 3020 4017 ,τ
3083 3976 3100 4006 ι
3163 3956 3378 4028 Castigo

1812 4060 2009 4116 corpus
2041 4059 2220 4099 meum
2267 4053 2321 4098 et
2371 4043 2615 4099 servituti
2654 4042 2900 4112 subjicio,
2933 4061 2999 4100 ne
3035 4044 3191 4112 forte,
3249 4063 3372 4104 cum

1813 4133 1931 4188 aliis
1979 4133 2408 4203 praedicaverim,
2444 4135 2556 4203 ipse
2606 4135 2865 4204 reprobus
2909 4135 3111 4192 eﬂiciar
3161 4138 3210 4208 (1
3252 4137 3374 4192 Cor.

1813 4225 1911 4295 ιι).
1950 4245 1966 4276 ι
2014 4223 2414 4294 Cognoscamus
2448 4226 2490 4278 si
2538 4226 2678 4278 hunc
2709 4225 2846 4278 mala
2902 4225 3095 4281 fecisse
3131 4229 3376 4296 pmnitet.

1819 4331 1836 4363 ι
1872 4311 1984 4383 Ego
2015 4327 2131 4366 sum
2160 4312 2413 4366 minimus
2459 4313 2838 4380 apostolorum,
2867 4315 2956 4382 qui
3003 4331 3106 4368 non
3152 4331 3269 4370 sum
3301 4316 3381 4368 di-

1815 4417 1950 4471 gnus
1979 4403 2156 4456 vocari
2209 4401 2497 4470 apostolus,
2541 4401 2664 4469 quia
2695 4412 3004 4470 persecutus
3051 4419 3166 4456 sum
3197 4403 3383 4456 Etcle-

108 4508 381 4580 diligenti
439 4506 869 4576 perscrutatione
921 4474 1266 4572 quaerendum
1311 4511 1392 4556 est
1434 4515 1554 4570 qua:
1604 4474 1788 4555 sintD
1815 4493 1947 4545 siam
1983 4491 2074 4544 Dei
2105 4489 2300 4580 (IACor.
2335 4490 2444 4559 xv).
2487 4511 2505 4543 ι
2543 4491 2595 4543 ln
2628 4490 2780 4558 cujus
2830 4492 3009 4545 verbis
3056 4493 3183 4559 quid
3235 4493 3379 4546 aliud

109 4606 376 4668 quatuor
403 4609 592 4666 pennas
620 4604 953 4657 sanctorum,
996 4606 1064 4646 ex
1093 4591 1287 4662 quibus
1319 4590 1436 4644 duae
1461 4588 1710 4658 superius

105 4695 373 4744 extenta:
396 4687 710 4756 junguntur,
761 4685 879 4739 duae
919 4698 1049 4738 vero
1077 4697 1264 4737 eorum
1313 4696 1537 4750 corpora
1581 4695 1711 4736 con-

108 4788 351 4852 tegunt.
403 4777 461 4830 Si
486 4776 629 4831 enim
679 4773 963 4845 vigilanter
993 4773 1300 4843 aspicimus,
1331 4779 1564 4839 quatuor
1591 4783 1711 4824 esse

108 4874 369 4926 virtutes
391 4867 714 4930 invenimus,
737 4878 856 4934 qua
872 4879 903 4918 a
921 4865 1151 4918 terrenis
1177 4861 1387 4918 actibus
1407 4875 1566 4917 omne
1579 4875 1710 4931 pen-

107 4971 328 5018 natum
378 4958 579 5016 animal
628 4957 828 5021 levant,
863 4957 914 5010 in
948 4954 1146 5009 futuris
1193 4953 1445 5009 videlicet
1476 4967 1631 5006 amor
1655 4959 1711 5006 et

101 5067 284 5122 spes;
305 5050 376 5104 de
389 5046 684 5118 praeteritis.
698 5054 877 5100 autem
897 5045 1058 5098 timor
1079 5050 1134 5097 et
1153 5041 1490 5111 pcenitentia.
1515 5029 1712 5094 Penna

102 5154 318 5199 autem
372 5141 588 5196 sibimet
633 5139 834 5208 junctae
871 5135 1119 5206 superius
1156 5133 1538 5196 extenduntur,
1581 5131 1707 5200 quia

100 5245 456 5293 sanctorum
485 5239 716 5286 mentem
743 5244 894 5283 amor
941 5237 996 5282 et
1023 5241 1145 5297 spes
1174 5226 1240 5280 ad
1269 5223 1545 5294 superiora
1575 5220 1709 5292 [Αι.,

99 5319 369 5393 aeterna]
397 5320 625 5375 elevant.
655 5319 783 5387 Quae
811 5327 932 5388 apte
955 5332 1168 5387 quoque
1202 5314 1506 5383 conjuncta:
1534 5311 1710 5366 nomi-

100 5426 300 5473 nantu
313 5428 364 5473 r,
389 5411 514 5480 quia
540 5410 696 5465 electi
743 5410 928 5481 procul
969 5410 1130 5464 dubio
1158 5417 1212 5464 et
1261 5415 1446 5461 amant
1469 5405 1708 5461 cmlestia

99 5522 238 5575 qua:
266 5510 525 5572 sperant,
556 5509 610 5554 et
644 5510 861 5570 sperant
888 5516 1004 5570 quae
1051 5509 1252 5554 amant.
1281 5498 1408 5552 Duas
1434 5513 1559 5552 vero
1588 5509 1709 5550 cor-

100 5609 251 5667 pora
314 5599 634 5660 contegunt,
681 5591 804 5657 quia
837 5590 995 5644 timor
1019 5597 1072 5643 et
1096 5588 1411 5658 pcenitentia
1441 5587 1508 5639 ab
1542 5583 1714 5638 omni-

97 5682 381 5754 potentis
411 5680 505 5735 Dei
560 5679 729 5735 oculis
761 5695 944 5732 eorum
994 5679 1129 5734 mala
1176 5677 1444 5748 praeterita
1494 5677 1718 5731 abscon-

1814 4594 1972 4647 quam
2011 4578 2208 4632 duritia
2261 4588 2458 4632 nostrae
2505 4582 2700 4632 mentis
2757 4581 3086 4633 accusatur?
3113 4582 3234 4648 quia
3268 4581 3382 4648 ipse

1812 4668 2015 4738 plangit
2051 4668 2194 4738 quod
2228 4677 2350 4720 ante
2380 4669 2646 4736 baptisma
2694 4669 3076 4732 commiserat;
3125 4683 3222 4725 uos
3253 4685 3384 4725 vero

1812 4769 1867 4815 et
1893 4767 2016 4829 post
2039 4759 2300 4828 baptisma
2349 4759 2516 4813 multa
2557 4762 2944 4826 commisimus,
2969 4769 3022 4816 et
3052 4770 3225 4816 tamen
3257 4761 3384 4819 ﬂere

1813 4865 2145 4906 recusamus.
2177 4849 2418 4916 Quatuor
2446 4849 2623 4918 itaque
2674 4851 2862 4919 pennis
2892 4858 3075 4904 sancta
3129 4852 3382 4908 animalia

1815 4954 2056 5009 utuntur,
2087 4947 2208 5013 quia
2246 4960 2342 5013 per
2367 4960 2602 4997 amorem
2645 4953 2697 4998 et
2721 4958 2870 5012 spem
2899 4944 2965 4998 ad
2991 4943 3232 4998 caelestia
3257 4960 3385 4999 evo-

1815 5037 1944 5096 lant,
1977 5047 2032 5090 et
2059 5051 2155 5107 per
2181 5036 2426 5090 timorem
2453 5043 2508 5090 et
2539 5037 2910 5104 paenitentiam
2941 5034 3080 5089 facta
3110 5037 3162 5103 in
3191 5051 3247 5089 se
3272 5037 3376 5091 illi-

1815 5129 1923 5182 cita
1967 5127 2264 5195 deplorant.
2323 5126 2434 5192 Qua
2488 5127 2540 5179 in
2587 5143 2645 5180 re
2674 5127 2897 5196 quaestio
2942 5128 3146 5191 oritur;
3179 5127 3303 5194 quia
3332 5128 3377 5180 si

1818 5218 1933 5271 duae
1959 5231 2166 5286 pennas,
2194 5231 2312 5285 quze
2357 5216 2648 5277 elevantur,
2682 5231 2919 5269 amorem
2943 5224 2997 5269 et
3034 5231 3207 5284 spem,
3259 5217 3377 5272 duze

1816 5321 1942 5359 vero
1969 5321 2089 5375 qua:
2136 5319 2360 5373 corpora
2389 5314 2698 5373 contegunt,
2732 5304 2981 5357 timorem
3012 5314 3065 5359 et
3113 5305 3376 5374 poeniten-

1818 5396 1946 5450 tiam
1975 5394 2274 5464 designant,
2317 5409 2414 5448 cur
2445 5394 2563 5446 dum
2619 5408 2734 5461 quae
2766 5401 2995 5448 extentae
3023 5401 3164 5457 sunt,
3195 5395 3384 5448 dicun-

1818 5498 1903 5542 tur
1933 5501 2049 5541 esse
2100 5484 2419 5553 conjunctze,
2465 5495 2519 5538 et
2543 5484 2657 5537 dua:
2706 5500 2824 5553 qum
2871 5499 3066 5554 corpus
3092 5494 3386 5554 contegunt

1818 5595 1925 5633 non
1970 5577 2266 5632 dicuntur?
2297 5577 2402 5630 Sed
2436 5577 2537 5630 hac
2562 5577 2612 5629 in
2649 5592 2704 5630 re
2738 5575 2930 5640 facilis,
2960 5576 3219 5646 largiente
3252 5578 3379 5639 Deo,

1818 5672 1955 5726 ratio
2003 5670 2268 5735 occurrit,
2314 5669 2454 5738 quod
2505 5678 2809 5725 sanctorum
2848 5685 3034 5738 penna:
3086 5660 3383 5738 euijunctzn
