3948 6352
490 322 604 382 ,519

1173 312 1234 368 Β.
1277 311 1532 369 RABANl
1575 311 1792 368 MAUBI
1831 307 2152 365 ARCEZIEP.
2197 305 2509 363 MOGUNT.
2551 303 2838 361 OPERUM
2875 301 3056 358 PARS
3097 301 3158 356 ll.

3679 298 3781 353 5Ξο

502 446 653 499 sunt,
681 446 834 487 amor
858 442 912 484 et
941 445 1084 500 spes.
1129 428 1257 481 Duae
1302 443 1431 482 vero
1469 443 1680 497 pennaa,
1711 438 1832 494 quin
1862 437 2092 494 corpora
2124 427 2171 486 Α
2201 420 2570 489 conspicimus
2591 418 2734 473 sicut
2779 432 2896 471 nos.
2927 415 2983 470 Si
3014 415 3156 468 enim
3187 429 3285 469 nos
3313 415 3446 468 sicut
3477 415 3782 482 proximum

504 529 818 594 contegunt,
872 517 1237 586 "sibimetipsis
1295 516 1360 570 ad
1424 515 1744 570 alterutrum
1793 513 2097 583 conjuncta:

507 631 613 671 non
643 621 787 673 sunt,
817 611 977 663 timor
1000 616 1056 662 et
1083 607 1420 677 pcenitcntia.
1457 605 1621 658 David
1649 604 1791 658 enim
1823 618 1922 672 pro
1945 601 2098 672 lapsu

508 703 693 758 carnis
731 700 967 754 timendo
1017 706 1070 752 et
1118 697 1430 767 paenitendo
1473 693 1748 764 affligitur.
1779 691 1974 747 Petrus
2003 706 2101 746 ca-

510 807 630 848 sum
662 788 900 860 perlltliie
925 786 1068 842 flevit
1099 801 1304 840 amare.
1331 785 1529 839 Paulus
1555 785 1607 836 in
1637 798 1694 837 se
1724 781 2100 838 crudelitatem

509 882 800 952 praeteritae
829 877 1223 949 persecutionis
1244 876 1466 947 plangit.
1493 876 1695 931 Omnes
1735 883 1915 928 tamen
1936 888 2102 928 unam

512 973 742 1042 patriam
771 979 1069 1041 appetunt;
1104 968 1172 1024 ad
1204 984 1368 1023 unum
1399 978 1674 1022 auctorem
1715 965 1957 1020 omnium
1981 978 2105 1034 per-

512 1063 701 1117 venire
727 1061 1002 1117 festinant.
1047 1060 1177 1116 Dure
1203 1074 1334 1132 ergo
1377 1057 1714 1129 singulorum
1757 1071 1949 1125 penna:
1969 1070 2104 1110 con-

508 1153 710 1222 juncta:
735 1161 876 1216 sunt,
912 1161 967 1206 et
989 1151 1110 1206 dua:
1157 1165 1264 1205 non
1303 1158 1466 1204 sunt:
1496 1149 1622 1217 quia
1652 1161 1752 1217 per
1778 1160 2020 1202 amorem
2050 1153 2108 1200 et

514 1259 668 1310 spem
695 1257 861 1296 unum
895 1251 980 1295 est
1025 1239 1169 1311 quod
1216 1239 1549 1303 desiderant,
1593 1237 1688 1292 sed
1727 1252 1824 1307 per
1853 1237 2108 1291 timorem

515 1345 569 1386 et
598 1332 968 1402 paenitentiam
992 1331 1265 1386 diversum
1292 1339 1378 1384 est
1409 1328 1554 1398 quod
1578 1327 1880 1398 deplorant.

594 1442 609 1472 ι
649 1421 715 1475 Et
746 1420 1164 1489 unumquodque
1203 1433 1387 1472 coram
1425 1416 1566 1472 facie
1618 1432 1715 1472 sua
1769 1413 2105 1478 ambulabat,

525 1531 540 1560 ι
583 1510 670 1564 ubi
704 1517 824 1564 erat
851 1510 1083 1580 impetus
1107 1507 1353 1578 spiritus,
1387 1507 1513 1563 illuc
1557 1506 1969 1578 gradiebantur,
2006 1518 2109 1558 nec

525 1623 540 1652 ι
582 1601 994 1657 revertebantur
1043 1615 1168 1654 cum
1201 1599 1566 1664 ambularent,
1623 1604 1732 1653 etc’.
1772 1615 1792 1650 ›
1837 1593 2107 1668 (Ηίενοη.)

519 1691 619 1756 Qui
661 1689 826 1743 aratri
858 1689 1052 1743 stivam
1084 1695 1249 1749 tenet,
1309 1700 1415 1741 non
1468 1686 1630 1740 debet
1683 1685 1960 1756 respicere
1986 1691 2110 1754 post

2200 511 2586 578 aspiceremus,
2636 517 2822 560 nostra
2869 503 3311 573 repreliensibilia
3367 502 3613 557 districto
3643 503 3787 558 vide-

2203 613 2404 654 remus.
2467 597 2534 651 Et
2569 610 2804 658 rursum,
2837 594 2883 648 si
2937 593 3243 662 proximum
3301 593 3671 662 aspiceremus
3729 604 3789 649 ut

2202 706 2319 753 nos,
2355 703 2630 759 nunquam
2669 688 2824 741 nobis
2871 685 2986 753 ejus
3018 687 3156 740 actio
3205 695 3492 757 appareret
3536 687 3790 742 intolera-

2204 782 2347 856 bilis,
2379 781 2472 852 qui
2529 794 2670 850 szepe
2725 777 2954 833 fortasse
3007 777 3131 830 talia
3173 778 3404 847 egimus,
3435 787 3492 832 et
3529 779 3663 832 nihil
3693 794 3790 834 nos

2204 871 2456 942 proximo
2527 866 2863 923 intolerabile
2932 864 3126 920 fecisse
3186 874 3463 935 putamus.
3517 865 3789 937 (meram)

2205 965 2577 1043 Quodautem
2632 965 2872 1020 secundo
2911 963 3128 1027 dicitur,
3167 982 3185 1013 ‹
3217 979 3324 1018 non
3379 964 3792 1018 revertebantur

2206 1058 2331 1112 cum
2355 1055 2690 1127 incederent,
2728 1075 2745 1108 I
2783 1054 3070 1124 utriusque
3105 1055 3451 1110 instrumenti
3481 1055 3686 1108 indicat
3709 1066 3792 1106 sa-

2208 1150 2565 1208 cramentum,
2597 1145 2741 1215 quod
2797 1144 2850 1198 in
2907 1151 3143 1213 quatuor
3198 1143 3318 1206 istis
3347 1141 3714 1197 animantibus
3742 1150 3793 1195 et

2207 1240 2321 1296 Lex
2349 1248 2405 1294 et
2432 1237 2780 1309 Erangelium
2831 1236 2900 1290 ad
2925 1234 3107 1289 futura
3137 1233 3374 1298 festinet,
3428 1240 3482 1287 et
3513 1243 3790 1300 nunquam

2210 1339 2357 1386 retro
2384 1341 2590 1384 motum
2643 1313 2898 1397 accipiat.
2935 1323 3140 1397 (Greg.)
3197 1325 3336 1380 Ecce
3379 1325 3524 1378 cnim
3554 1323 3789 1378 dicitur."

2218 1439 2236 1472 ε
2273 1418 2376 1475 Ubi
2425 1417 2547 1473 erat
2595 1418 2828 1487 impetus
2877 1406 3120 1486 spiritus,
3170 1414 3296 1470 illuc
3325 1413 3735 1487 gradiebantur.
3773 1431 3789 1460 ο

2210 1510 2267 1564 lu
2299 1509 2486 1566 electis
2513 1514 2566 1562 et
2588 1506 2835 1576 reprobis
2885 1505 3087 1560 diversi
3138 1511 3264 1559 sunt
3300 1504 3553 1572 impetus.
3607 1500 3667 1555 lu
3696 1500 3797 1556 ele.

2212 1601 2317 1655 ctis
2339 1597 2591 1654 videlicet
2634 1597 2870 1668 impetus
2891 1593 3142 1666 spiritus,
3184 1595 3237 1648 in
3288 1594 3534 1663 reprobis
3570 1594 3796 1663 impetus

2213 1687 2416 1744 carnis.
2445 1685 2684 1758 Impetus
2708 1685 2906 1755 quippe
2957 1684 3139 1738 carnis
3164 1683 3239 1742 ad
3273 1683 3476 1748 odium,
3508 1682 3576 1735 ad
3618 1680 3799 1736 elatio-

521 1792 730 1850 tergunt
761 1792 858 1832 nec
889 1775 1089 1830 imitari
1125 1756 1351 1829 uxorem
1385 1774 1542 1837 Loth,
1575 1789 1641 1828 ne
1667 1763 1871 1829 incidat
1915 1774 1968 1827 tn
1997 1771 2112 1842 pla-

2226 1794 2359 1842 nem,
2399 1776 2465 1832 ad
2512 1767 2934 1849 immunditiam,
2966 1774 3032 1828 ad
3080 1773 3346 1843 rapinam,
3381 1772 3454 1839 ad
3475 1771 3796 1827 exteriorem

520 1885 641 1940 gam
671 1865 1100 1931 Deutermomii,
1144 1877 1200 1919 et
1227 1872 1415 1935 pereat
1448 1866 1762 1935 ὀπιστοτόνῳ
1798 1862 2110 1930 insanabili,

521 1976 628 2030 quo
659 1959 854 2015 cecidit
879 1967 933 2013 et
965 1957 1078 2010 lleli
1111 1954 1166 2026 (Ι
1253 1953 1380 2026 Reg.
1416 1970 1495 2018 ιιι,
1531 1957 1628 2026 iv),
1668 1955 1796 2024 quia
1821 1954 1953 2009 vitio
1976 1953 2113 2008 lilio-

525 2071 643 2110 rum
686 2053 988 2108 offenderat
1021 2052 1232 2105 Deum:
1271 2058 1476 2120 quanto
1515 2048 1690 2118 magis
1736 2054 1970 2116 quatuor
1999 2043 2115 2098 ani-

526 2148 707 2212 malia,
739 2161 859 2216 qua:
889 2145 1047 2215 plena
1077 2151 1235 2198 erant
1275 2141 1482 2197 lumine
1516 2149 1679 2210 atque
1708 2146 1963 2209 pennata,
1995 2150 2116 2206 qua:

522 2247 827 2308 sequuntur
867 2244 1113 2291 sanctum
1143 2233 1406 2305 Spiritum
1443 2230 1860 2302 pmcedcntem,
1888 2242 2010 2298 quas.
2039 2227 2117 2297 ita

525 2346 622 2400 per
643 2327 832 2384 orbem
862 2327 1109 2392 volitant,
1140 2333 1196 2379 et
1237 2339 1295 2379 se
1321 2323 1391 2378 ad
1441 2320 1656 2377 excelsa
1710 2316 2018 2394 sustollant,
2055 2322 2118 2369 ut

525 2436 752 2492 corpora
795 2436 893 2476 sua
927 2423 1213 2489 protegant
1267 2415 1464 2486 pennis
1512 2412 1772 2476 historiae,
1825 2423 1926 2464 nec
1959 2406 2118 2486 nobis

525 2523 804 2582 aspectum
830 2509 1071 2564 tribuant
1092 2505 1436 2577 pleniorem?
1460 2501 1669 2577 (Greg.)
1689 2500 1920 2560 Dictum
1950 2513 2117 2570 supe-

530 2605 642 2657 rius
697 2602 875 2656 fuerat
923 2618 936 2654 :
1002 2595 1432 2668 Unumquodque
1482 2609 1674 2652 eorum
1735 2601 1863 2648 ante
1927 2587 2121 2646 faciem

528 2707 679 2747 suam
710 2690 1074 2763 gradiebatur.
1094 2687 1247 2743 Nunc
1274 2693 1454 2741 autem
1479 2685 1678 2741 dicitur
1717 2703 1737 2737 ι
1774 2697 1956 2738 coram
1983 2678 2123 2736 facie

530 2799 626 2839 sua
649 2781 983 2837 ambulabat.
1021 2799 1038 2833 ι
1090 2779 1210 2849 Ipsa
1236 2778 1421 2848 itaque
1449 2776 1682 2849 repetita
1735 2789 1856 2831 esse
1909 2772 2123 2828 videtur

532 2874 826 2930 sententia.
854 2871 964 2926 Sed
985 2871 1112 2941 quia
1135 2883 1320 2926 coram
1344 2870 1396 2924 in
1429 2869 1683 2938 praesenti
1707 2867 1958 2930 dicimus,
1999 2878 2124 2935 pos-

534 2979 721 3019 sumus
748 2959 1003 3016 subtilius
1031 2957 1355 3030 inquirendo
1388 2957 1723 3020 discernere,
1779 2954 1925 3022 quod
1977 2949 2125 3007 aliud

531 3055 603 3110 sit
633 3061 760 3107 ante
792 3051 988 3106 faciem
1038 3047 1320 3116 ambulare
1371 3056 1536 3116 atque
1563 3045 1712 3100 aliud
1738 3043 1793 3098 in
1824 3043 2078 3114 prmsenti
2105 3057 2120 3108 ;

2215 1869 2469 1940 gloriam,
2495 1868 2564 1922 ad
2599 1867 3002 1940 crudelitatem,
3031 1866 3099 1919 ad
3128 1864 3429 1934 perﬁdiane,
3455 1863 3522 1918 ad
3553 1863 3801 1930 despera-

2218 1964 2444 2026 tionem,
2474 1957 2560 2014 ad'
2583 1960 2741 2024 iram,
2777 1960 2844 2014 ad
2881 1957 3083 2028 jurgia,
3116 1957 3183 2012 ad
3232 1956 3538 2026 voluptates
3565 1954 3797 2009 animum

2217 2049 2462 2122 impellit.
2514 2049 2752 2126 Impetus
2806 2048 3208 2117 verospiritus
3243 2048 3310 2100 ad
3363 2045 3711 2109 cbaritatem,
3740 2042 3800 2096 ad

2216 2141 2601 2211 humilitatem,
2635 2139 2704 2194 ad
2733 2138 3148 2199 continentiam,
3188 2137 3254 2191 ad
3285 2135 3598 2206 largitatem
3653 2134 3802 2190 misc-

2219 2231 2493 2296 ricordiae,
2511 2228 2581 2284 ad
2608 2228 2920 2284 interiorem
2943 2227 3268 2301 profectum,
3295 2226 3363 2280 ad
3382 2225 3602 2295 pietatis
3622 2237 3799 2293 Opera.

2219 2323 2287 2378 ad
2312 2330 2637 2377 aeternorum
2671 2317 2852 2384 fidem,
2886 2319 2953 2374 ad
2979 2332 3129 2389 spem
3184 2317 3462 2385 sequentis
3507 2314 3712 2386 gaudii,
3739 2314 3801 2367 ad

2219 2411 2560 2485 patientiam,
2616 2411 2685 2466 ad
2743 2425 2955 2482 pacem,
3025 2409 3092 2464 ad
3140 2408 3634 2464 considerationem
3686 2405 3802 2459 vita:

2222 2504 2490 2570 mortalis,
2521 2512 2577 2559 et
2599 2503 2869 2576 lacrymas
2917 2509 3152 2558 mentem
3181 2501 3470 2572 pcrtrabit.
3531 2499 3686 2558 Unde
3710 2512 3803 2553 ne-

2222 2613 2379 2654 cesse
2406 2605 2492 2652 est
2538 2607 2597 2651 ut
2625 2611 2816 2666 magna
2844 2611 3059 2667 semper
3085 2610 3214 2650 cura
3248 2594 3492 2666 cogitare
3517 2593 3806 2649 debeamus

2225 2693 2281 2747 in
2337 2706 2499 2747 omne
2555 2689 2696 2760 quod
2749 2673 2980 2760 agimus,
3039 2688 3130 2756 qui
3191 2703 3290 2742 nos
3336 2687 3571 2756 impetus
3607 2686 3803 2747 ducat;

2223 2791 2404 2836 utrum
2433 2790 2618 2836 nostra
2647 2779 2904 2851 cogitatio
2935 2795 3032 2848 per
3082 2779 3342 2848 impetum
3371 2777 3574 2838 carnis,
3624 2792 3693 2829 an
3721 2789 3809 2844 per

2226 2872 2486 2940 impetum
2515 2870 2738 2942 Spiritus
2764 2869 3089 2940 impcllatur.
3122 2868 3318 2922 Amare
3341 2863 3542 2921 ctenim
3566 2875 3794 2927 terrena,

2227 2959 2548 3030 temporalia
2581 2959 2802 3014 aeternis
2847 2973 3182 3028 praeponere,
3238 2957 3509 3012 exteriora
3535 2957 3678 3011 bona
3706 2970 3804 3009 non

2233 3051 2302 3105 ad
2333 3067 2488 3105 usum
2547 3050 2915 3123 necessarium
2948 3049 3166 3112 habere,
3200 3049 3313 3127 sed
3344 3049 3436 3104 ‘ad
3482 3048 3806 3118 voluptatem

534 3151 664 3198 ante
690 3141 886 3197 faciem
913 3140 1110 3209 ηιιὶρρε
1135 3135 1413 3192 θωυυιπθ
1448 3145 1534 3190 εει
1563 3133 1836 3190 επιεῖῖονθ
1863 3131 2126 3201 aSPiCicn'
2154 3139 2197 3201 C
2231 3142 2633 3212 concupiscere,
2662 3141 2922 3195 ultionem
2941 3140 3006 3194 de
3030 3139 3246 3194 inimico
3264 3153 3526 3209 quaerere,
3549 3139 3616 3194 de
3638 3137 3809 3193 :emuli

536 3238 606 3290 do
633 3242 847 3304 petere;
889 3231 940 3286 in
971 3228 1224 3301 praesenti
1261 3240 1394 3284 vero
1444 3225 1738 3288 ambulare,
1770 3233 1854 3278 est
1879 3222 2127 3277 sibimet-

539 3327 646 3398 ipsi
690 3325 969 3379 absentem
1001 3337 1106 3376 non
1150 3335 1290 3376 esse.
1343 3319 1532 3375 Omnis
1571 3318 1777 3373 etenim
1825 3317 2005 3387 justus
2036 3314 2129 3385 qui

543 3419 706 3473 vitam
737 3431 890 3472 suam
926 3413 1190 3470 sollicitus
1239 3411 1453 3480 aspicit,
1494 3419 1550 3464 et
1573 3408 1856 3479 diligenter
1884 3406 2131 3461 conside-

547 3515 632 3562 rat
673 3513 934 3577 quantum
965 3501 1209 3574 quotidie
1241 3501 1296 3555 in
1320 3499 1479 3556 bonis
1504 3505 1747 3558 crescat,
1777 3505 1872 3552 aut
1905 3496 2132 3550 fortasse

541 3605 799 3666 quantum
827 3609 858 3649 a
885 3593 1043 3648 bonis
1073 3594 1384 3654 decrescat,
1416 3589 1540 3654 iste,
1565 3589 1686 3658 quia
1716 3602 1773 3641 se
1803 3595 1929 3642 ante
1951 3603 2007 3641 se
2031 3602 2130 3657 po-

543 3687 656 3752 nit,
695 3700 878 3739 coram
925 3698 985 3738 se
1025 3681 1266 3737 ambulat
1299 3698 1312 3734 :
1346 3680 1543 3751 quippe
1583 3681 1674 3749 qui
1721 3677 2006 3750 vigilanter
2047 3677 2130 3730 vi-

541 3777 634 3830 det
679 3785 860 3828 utrum
909 3780 1096 3845 surgat
1139 3788 1207 3826 an
1258 3770 1480 3826 defluat.
1531 3769 1787 3838 Quisquis
1832 3782 1962 3824 vero
2010 3767 2134 3821 vita:

542 3879 654 3919 suae
699 3863 998 3918 custodiam
1049 3860 1308 3932 negligit,
1347 3861 1621 3916 discutcw
1665 3875 1786 3928 qua:
1829 3859 1971 3929 agit,
2014 3873 2135 3928 qua:

545 3957 812 4027 loquitur,
845 3969 964 4024 qua:
992 3955 1222 4026 cegitat,
1270 3963 1362 4007 aut
1393 3952 1640 4021 despicit,
1677 3959 1769 4005 aut
1800 3952 2004 4015 nescit,
2045 3965 2136 4004 co-

547 4063 663 4102 ram
712 4061 770 4102 se
819 4047 922 4102 iste
964 4062 1070 4099 non
1113 4045 1371 4100 ambulat.
1419 4044 1557 4112 Quia
1598 4042 1775 4113 qualis
1821 4042 1892 4098 sit
1931 4042 1984 4095 in
2022 4041 2136 4096 suis

549 4140 789 4193 moribus
836 4138 920 4192 vel
969 4138 1182 4192 actibus
1224 4137 1454 4206 ignorat,
1499 4152 1598 4190 nec
1630 4133 1952 4203 sibimetipsi
1991 4147 2134 4202 pra:-

547 4245 672 4284 sens
693 4239 798 4294 est,
829 4229 921 4298 qui
977 4227 1329 4296 semetipsum
1378 4226 1618 4296 quotidie
1649 4226 1942 4296 exquirere
1971 4234 2136 4294 atque

546 4335 875 4389 cognoscere
903 4318 1165 4374 sollicitus
1212 4334 1320 4376 non
1373 4327 1473 4371 est.
1517 4315 1608 4369 Ille
1659 4327 1840 4372 autem
1872 4316 2138 4372 veraciter

548 4430 605 4466 se
634 4420 758 4464 ante
786 4425 844 4463 se
870 4410 1041 4480 ponit,
1073 4408 1286 4477 sibique
1331 4409 1385 4462 in
1417 4407 1670 4479 priesenti
1714 4417 1816 4473 est,
1852 4408 1960 4476 qui
1989 4423 2048 4462 se
2078 4407 2134 4485 in

2232 3248 2362 3287 casn
2391 3232 2647 3302 gtudere,
2679 3232 2912 3301 impetus
2939 3231 3122 3286 carnis
3151 3239 3253 3286 est.
3309 3231 3378 3284 At
3421 3238 3611 3286 contra
3634 3243 3816 3283 amare

2233 3323 2496 3386 ccelest'a,
2530 3334 2877 3377 contemnere
2915 3321 3250 3386 transitoria,
3303 3337 3413 3376 non
3464 3322 3531 3376 ad
3582 3321 3809 3375 fructum

2231 3414 2524 3484 voluptatis
2553 3415 2865 3477 transitura,
2892 3414 2983 3478 sed
3008 3414 3072 3467 ad
3102 3428 3256 3467 usum
3307 3413 3650 3467 necessitatis
3675 3427 3813 3482 qua).

2236 3520 2377 3571 rere,
2406 3506 2474 3560 de
2506 3506 2711 3560 inimici
2759 3515 2933 3560 morte
2986 3505 3254 3568 tribulari,
3312 3503 3547 3573 impetus
3600 3503 3817 3572 spiritus

2233 3609 2337 3655 est.
2368 3599 2435 3652 Et
2461 3598 2586 3668 quia
2614 3597 2842 3668 perfecti
2869 3598 3071 3668 quique
3100 3598 3150 3651 in
3184 3598 3300 3652 istis
3327 3611 3386 3651 se
3411 3611 3626 3665 semper
3653 3597 3815 3650 virtu-

2237 3689 2379 3744 tibus
2428 3696 2706 3752 exercent,
2758 3697 2902 3743 recte
2935 3703 3077 3742 nunc
3135 3687 3200 3742 de
3246 3688 3449 3741 sanctis
3495 3686 3815 3740 animalibus

2234 3777 2434 3833 dicitur
2463 3795 2475 3831 :
2499 3796 2519 3829 ‹
2555 3776 2652 3832 Ubi
2679 3786 2799 3831 erat
2831 3777 3060 3846 impetus
3081 3777 3323 3846 spiritus,
3351 3777 3476 3831 illuc
3497 3768 3816 3847 gradiebar»

2235 3877 2374 3923 tur.)
2399 3868 2506 3924 Sed
2528 3868 2808 3924 sciendum
2836 3869 2988 3924 nobis
3016 3879 3117 3934 est,
3142 3870 3285 3941 quod
3313 3869 3627 3939 plerumque
3657 3869 3818 3937 impe-

2237 3969 2325 4015 tus
2352 3961 2534 4015 carnis
2556 3975 2614 4014 se
2649 3960 2748 4014 sub
2773 3959 3039 4014 velamine
3084 3959 3341 4030 spiritalis
3365 3959 3598 4028 impetus
3617 3959 3815 4028 palliat,

2237 4057 2292 4103 et
2325 4048 2468 4116 quod
2501 4047 2792 4102 carnaliter
2815 4047 2942 4102 facit
2968 4048 3229 4102 mentitur
3264 4048 3367 4103 sibi
3397 4049 3511 4118 ipsa
3543 4050 3812 4119 cogitatio,

2237 4138 2361 4208 quia
2385 4139 2488 4194 hoc
2511 4138 2826 4208 spiritaliter
2847 4137 3031 4194 faciat.
3055 4138 3188 4193 Nam
3220 4154 3361 4209 szrpe
3386 4140 3512 4210 quis
3533 4140 3817 4195 iracundiae

2241 4229 2474 4287 stimulis
2500 4229 2694 4295 victus,
2725 4239 2928 4293 contra
2943 4228 3315 4298 delinquentes
3353 4229 3471 4284 zelo
3507 4230 3818 4286 ulciscendae

2229 4317 2485 4389 justitize,
2518 4318 2801 4388 plusquam
2829 4331 3047 4372 necesse
3076 4328 3159 4372 est
3191 4317 3576 4385 inflammatur,
3601 4329 3657 4374 et
3671 4319 3818 4386 justi-

2241 4400 2329 4463 tia:
2375 4407 2601 4462 limitem
2649 4408 2702 4461 in
2745 4406 3004 4462 ultionem
3045 4409 3316 4463 transiens
3350 4410 3465 4480 agit
3508 4409 3815 4472 crudeliter,

549 4501 662 4556 suis
719 4501 929 4554 actibus
995 4508 1252 4569 tanquam
1309 4498 1473 4552 alium
1527 4500 1777 4553 attendit.
1832 4497 1966 4553 Nam
2008 4509 2135 4555 sunt
2162 4494 2213 4553 D
2239 4501 2383 4571 quod
2413 4516 2471 4555 se
2499 4515 2658 4571 agere
2683 4499 2830 4569 juste
2853 4501 3178 4570 suspicatur.
3208 4500 3626 4573 lmpetusigitur
3645 4502 3820 4558 carnis

551 4593 721 4644 multa
749 4600 969 4659 peccata
1008 4605 1127 4658 qua:
1167 4590 1573 4655 committimus,
1625 4588 1718 4644 sed
1749 4590 1952 4645 idcirco
1981 4591 2137 4647 nobis

553 4681 738 4751 gravia
765 4695 868 4733 non
900 4679 1174 4743 videntur,
1223 4681 1348 4749 quia
1389 4681 1601 4748 privato
1655 4696 1754 4734 nos
1803 4695 1988 4735 amore
2015 4681 2138 4735 (1111-

552 4781 763 4841 gentes,
817 4770 1015 4824 clausis
1058 4770 1214 4825 nobis
1264 4771 1436 4825 oculis
1488 4771 1540 4826 in
1595 4779 1780 4826 nostra
1818 4771 2136 4842 deceptione

555 4861 882 4914 blandimur.
915 4859 1066 4915 Unde
1105 4860 1164 4912 fit
1189 4849 1505 4929 plerumque
1542 4869 1599 4914 ut
1629 4869 1684 4915 et
1733 4872 1916 4915 nostra
1951 4861 2134 4932 gravia

556 4951 764 5015 leviter,
792 4959 848 5003 et
872 4949 1242 5020 proximorum
1281 4950 1421 5004 mala
1473 4950 1612 5006 levia
1645 4950 1886 5022 graviter
1927 4949 2140 5019 judice-

557 5058 699 5095 mus.
754 5040 1027 5110 Scriptum
1078 5041 1276 5111 quippe
1312 5051 1434 5096 est:
1481 5059 1500 5092 ι
1537 5042 1709 5096 Erunt
1737 5043 2003 5098 homines
2048 5051 2139 5098 se-

559 5138 704 5204 ipsos
736 5145 979 5188 amantes
1011 5132 1096 5204 (Il
1130 5133 1262 5187 Tim.
1307 5148 1413 5196 nt,.
1452 5153 1469 5186 ι
1503 5133 1569 5188 Et
1598 5134 1800 5188 scimus
1821 5134 1947 5202 quia
1977 5134 2140 5188 velte-

560 5233 772 5279 menter
795 5224 995 5278 claudit
1014 5223 1229 5278 oculum
1258 5223 1437 5278 cordis
1463 5239 1618 5277 amor
1647 5223 1907 5293 privatus,
1934 5238 1998 5276 ex
2032 5238 2141 5293 quo

561 5314 639 5379 fit,
670 5324 728 5368 ut
753 5315 853 5366 boc
876 5312 1018 5381 quod
1046 5329 1144 5365 nos
1183 5314 1409 5382 agimus,
1441 5323 1495 5366 et
1521 5328 1684 5381 grave
1711 5328 1830 5367 csse
1859 5329 1965 5366 non
1995 5312 2141 5366 testi-

561 5422 792 5467 ineinus,
827 5404 1139 5473 plerumque
1167 5413 1358 5474 agatur
1384 5420 1412 5456 a
1445 5405 1689 5473 proximo
1717 5412 1770 5458 et
1803 5405 1962 5459 nimis
1986 5404 2142 5458 nobis

560 5495 881 5551 detestabile
915 5509 1033 5548 esse
1070 5493 1267 5547 videat.
1300 5495 1402 5548 Sed
1451 5509 1623 5562 quare
1662 5495 1780 5557 hoc,
1804 5476 1956 5563 quod
1987 5493 2140 5546 nobis

563 5588 668 5642 vile
701 5588 980 5642 videbatur
1035 5587 1087 5639 in
1129 5587 1305 5650 nobis,
1328 5601 1491 5656 grave
1539 5587 1749 5641 videtur
1785 5588 1835 5640 in
1873 5587 2139 5656 proximo,

565 5677 669 5734 nisi
706 5678 829 5744 quia
883 5693 980 5731 nec
1030 5693 1125 5731 nos
1157 5679 1296 5731 sicut
1335 5678 1662 5746 proximum,
1710 5695 1809 5733 nec
1840 5677 2139 5746 proximum

2247 4592 2405 4662 hujus
2431 4593 2528 4646 sub
2557 4593 2734 4667 specie
2769 4591 3226 4659 spiritusvelatus
3259 4601 3361 4656 est,
3394 4592 3609 4662 quando
3635 4605 3693 4649 et
3719 4593 3819 4646 hoc

2243 4684 2387 4757 quod
2412 4678 2651 4736 creditur
2668 4681 2753 4750 pagi
2772 4679 2936 4747 juste,
2961 4683 3062 4736 sub
3086 4682 3432 4739 discretionis
3456 4683 3818 4740 moderamine

2245 4789 2350 4828 non
2376 4781 2606 4837 tenetur.
2626 4772 2692 4826 Et
2704 4785 2844 4842 smpe
2856 4771 2994 4827 alius
3007 4775 3186 4836 nimiae
3198 4777 3593 4832 mansuetudini
3605 4778 3818 4833 studens

2245 4862 2611 4931 subjectorum
2629 4862 2762 4916 vitia
2780 4863 2992 4933 aSpicit,
3009 4873 3171 4934 atque
3194 4866 3309 4920 haec
3328 4882 3423 4935 per
3434 4865 3704 4922 fervorem
3724 4867 3816 4922 zeli

2244 4953 2518 5026 cerrigere
2556 4962 2801 5017 recusat,
2828 4955 2974 5023 quod
3011 4954 3063 5007 in
3092 4955 3171 5010 eis
3205 4957 3500 5011 crudeliter
3524 4972 3629 5011 non
3661 4959 3821 5012 corri-

2242 5043 2418 5115 gendo
2442 5043 2798 5114 multiplicat,
2827 5043 2993 5113 fitque
3021 5053 3081 5097 ut
3107 5045 3225 5115 ejus
3247 5045 3436 5117 levitas
3458 5055 3513 5102 et
3547 5048 3650 5103 sibi
3681 5048 3748 5111 sit
3770 5057 3820 5101 et

2242 5131 2500 5202 subjectis
2539 5134 2791 5199 inimica,
2836 5134 2978 5203 quod
3016 5143 3288 5205 torporem
3329 5139 3526 5194 mentis
3553 5155 3665 5195 sua:
3694 5139 3814 5210 quia

2243 5223 2555 5292 patientiam
2594 5223 2847 5293 deputat,
2879 5238 2981 5292 per
3014 5227 3192 5280 carnis
3232 5226 3490 5295 impetum
3520 5228 3590 5283 ab
3621 5230 3814 5298 impetu

2244 5313 2466 5381 spiritus
2497 5311 2730 5382 elongat.
2770 5313 2948 5366 Prima
2982 5329 3111 5384 ergo
3151 5331 3250 5370 nos
3278 5318 3533 5387 cogitatio
3568 5320 3620 5372 in
3645 5318 3816 5387 requi-

2244 5402 2439 5456 sitione
2488 5405 2658 5458 nostri
2702 5404 2880 5458 cordis
2922 5405 3080 5460 debet
3126 5416 3415 5472 excutere,
3461 5423 3528 5463 ne
3574 5410 3642 5463 ad
3686 5421 3821 5479 qua-

2245 5492 2367 5547 dam
2415 5509 2533 5562 quae
2563 5495 2770 5564 agimus
2800 5511 2898 5564 per
2939 5506 3186 5565 apertum
3219 5495 3401 5554 carnis
3449 5499 3706 5570 impetum
3733 5499 3818 5553 duo

2247 5600 2460 5649 camur,
2495 5603 2561 5641 ne
2591 5589 2772 5654 pravis
2818 5589 3268 5646 delccmtionibus
3319 5593 3536 5648 animus
3571 5591 3817 5646 seductus

2252 5678 2388 5730 mala
2420 5694 2540 5732 esse
2565 5690 2871 5749 cognoscat,
2897 5692 2958 5732 'ct
2990 5691 3165 5735 tamen
3201 5682 3384 5738 faciat.
3420 5683 3668 5740 Secunda
3699 5698 3820 5740 vero
