3948 6344
168 393 261 450 52!

1149 389 1501 446 COMMENT.
1540 388 1608 444 IN
1648 385 2101 444 EZECHIELEM.
2141 416 2208 425 ——
2247 385 2375 439 LIB.
2417 386 2457 439 l.

3310 385 3413 438 5‘22

170 525 265 562 nos
312 521 440 562 cura
470 507 630 561 debet
685 491 972 577 vigilantes
1013 506 1262 568 reddere,
1297 520 1365 559 ne
1409 519 1467 559 se
1515 505 1746 574 impetus
1779 512 1819 566 Α
1852 517 1982 556 vero
2017 502 2157 556 inter
2188 504 2453 555 carbones
2501 509 2554 555 et
2585 499 2856 570 lampades
2897 501 3081 564 distat,
3105 502 3246 570 quod
3295 519 3416 555 ear-

167 599 346 655 carnis
396 598 554 668 quasi
585 597 686 652 sub
712 597 913 666 impetu
957 588 1447 665 spirituslatenter
1475 594 1742 662 subjiciat,

168 696 220 744 et
247 686 436 756 culpas
465 701 601 756 quas
629 687 858 757 agimus,
900 687 1053 740 nobis
1087 687 1317 740 virtutes
1342 687 1528 755 ﬁngat.
1566 684 1746 740 Scien-

168 781 299 835 dum
327 794 459 835 vero
483 788 565 833 est
591 779 714 847 quia
741 780 1016 847 graviores
1050 778 1220 847 culpa:
1242 784 1388 840 sunt,
1416 793 1536 844 quae
1561 784 1773 846 super-'

169 873 328 926 ducta
372 871 553 941 specie
583 871 814 925 virtutes
859 871 1155 933 imitantur,
1188 870 1314 938 quia
1353 869 1456 924 illa:
1481 871 1534 923 in
1563 881 1748 939 aperto

169 963 398 1033 cognita:
437 964 676 1016 animum
722 961 1038 1016 confusione
1069 960 1327 1028 dejiciunt
1353 969 1514 1028 atque
1544 961 1612 1014 ad
1638 976 1750 1029 pa:-

169 1053 450 1106 nitcntiam
485 1052 742 1111 trahunt;
775 1052 892 1106 istae
914 1067 1042 1106 vero
1068 1066 1174 1105 non
1206 1050 1378 1105 solum
1408 1051 1460 1104 in
1485 1051 1750 1121 potniten-

170 1141 301 1194 tiam
333 1155 440 1194 non
493 1140 799 1206 bumiliant,
855 1143 950 1196 sed
998 1142 1164 1195 etiam
1198 1152 1437 1195 mentem
1474 1140 1751 1210 operantis

167 1228 409 1292 elevant,
444 1231 572 1286 dum
599 1231 828 1287 virtutes
880 1240 1158 1302 putantur.
1211 1231 1325 1287 Hoc
1376 1242 1576 1297 autem,
1607 1232 1749 1301 quod

168 1319 232 1374 de
265 1320 474 1374 sanctis
533 1319 856 1376 animalibus
910 1321 1114 1376 dictum
1161 1321 1412 1391 superius
1464 1320 1658 1384 fuerat,
1691 1331 1748 1375 ut

169 1409 334 1465 altius
372 1410 746 1476 conﬁrmetur,
765 1412 960 1467 iterum
995 1413 1308 1484 replicatur.
1332 1432 1351 1464 ι
1374 1413 1491 1468 Non
1515 1422 1752 1468 reverte-

167 1499 370 1552 bantur
395 1513 517 1553 cum
553 1499 910 1564 ambularent,
934 1521 953 1552 ›
993 1502 1126 1571 quia
1163 1502 1323 1558 electi
1352 1503 1554 1573 quique
1581 1502 1660 1557 sic
1684 1502 1750 1558 ad

166 1589 311 1643 bona
349 1589 597 1654 tendunt,
622 1598 682 1643 ut
703 1591 769 1644 ad
799 1590 938 1644 mala
969 1591 1333 1661 perpetranda
1373 1607 1478 1646 non
1506 1591 1747 1646 redeant.

171 1694 190 1728 ι
225 1676 332 1744 Qui
364 1678 508 1731 enim
533 1679 960 1747 perseveraverit
991 1681 1229 1749 usquein
1244 1680 1426 1745 ﬁnem,
1453 1679 1542 1735 hic
1571 1679 1750 1735 salvus

163 1766 270 1820 erit
320 1765 534 1836 (Matth.
568 1767 645 1838 ι).
678 1786 696 1820 ι
740 1767 804 1821 Et
829 1768 970 1823 sicut
998 1783 1095 1838 per
1136 1767 1480 1824 Salomonem
1510 1767 1745 1824 dicitur:

1849 593 2017 647 bones
2043 593 2237 646 ardent
2275 592 2515 660 quidem,
2547 591 2640 645 sed
2691 591 2805 660 ejus
2859 591 2982 656 loci,
3021 591 3072 646 in
3104 606 3211 662 quo
3233 591 3416 662 jacue-

1849 682 1980 745 rint,
2008 682 2259 736 tenebras
2309 696 2412 734 non
2437 679 2732 748 expellunt.
2764 680 3064 753 Lampades
3087 690 3265 736 autem
3291 682 3415 750 quia

1809 784 1812 786 ‘
1850 770 2402 841 magno‘ﬂammarum
2435 772 2635 827 lumine
2665 773 3029 842 resplendent,
3060 773 3279 829 diﬂ‘osas
3311 775 3417 829 cir-

1849 875 2189 929 cumquaque
2222 861 2476 915 tenebras
2511 860 2766 931 eﬂ‘ugant.
2801 864 2911 929 Qua
2944 879 3009 917 ex
3038 879 3092 918 re
3122 865 3415 918 notandum

1851 961 1953 1014 est,
1990 953 2113 1020 quia
2141 961 2264 1005 sunt
2310 952 2550 1022 plerique
2596 961 2902 1007 sanctorum
2954 954 3024 1008 ita
3068 955 3338 1024 simplices
3362 965 3418 1010 et

1851 1039 2068 1104 occulti,
2107 1055 2330 1110 seseque
2360 1041 2413 1096 in
2453 1041 2586 1097 locis
2620 1043 2918 1098 minoribus
2965 1045 3062 1100 sub
3115 1060 3309 1113 magno
3345 1045 3421 1100 si-

1853 1128 2020 1183 lentio
2037 1140 2405 1200 contegentes,
2429 1139 2488 1184 ut
2513 1132 2602 1186 vix
2624 1147 2813 1189 eorum
2836 1134 2944 1188 vita
2967 1133 3036 1189 ab
3059 1134 3178 1188 aliis
3199 1134 3418 1206 agnosci

1851 1219 2040 1288 possit.
2073 1219 2211 1285 Quid
2256 1220 2437 1290 itaque
2465 1221 2552 1277 isti
2581 1222 2686 1277 nisi
2723 1223 2985 1278 carbones
3009 1231 3155 1290 sunt,
3181 1226 3273 1294 qui
3298 1225 3421 1280 etsi

1851 1321 1949 1379 per
1979 1306 2244 1364 fervorem
2267 1311 2488 1380 spiritus
2511 1312 2757 1367 ardorem
2795 1311 3012 1376 habent,
3035 1323 3214 1370 tamen
3241 1330 3424 1371 exem-

1852 1395 1925 1467 pli
1951 1394 2221 1451 ﬂammam
2253 1412 2359 1452 non
2403 1397 2622 1465 habent,
2653 1413 2753 1454 nec
2774 1399 2826 1454 in
2857 1399 3047 1458 alienis
3067 1402 3318 1460 cordibus
3345 1413 3424 1458 te-

1852 1489 2049 1544 nebras
2067 1497 2410 1558 peccatorum
2424 1489 2668 1555 vincunt,
2691 1491 2816 1559 quia
2838 1492 3006 1548 vitam
3029 1507 3183 1548 suam
3203 1495 3422 1551 omnino

1851 1579 1992 1634 scire
2037 1580 2328 1650 refugiunt,
2363 1579 2714 1650 sibimetipsis
2750 1581 2965 1652 quidem
3019 1585 3230 1640 accensi
3275 1595 3422 1652 sunt,

1849 1670 1946 1726 sed
1983 1671 2106 1725 aliis
2135 1671 2189 1724 in
2212 1670 2460 1740 exemplo
2488 1672 2704 1727 luminis
2735 1687 2843 1727 non
2874 1682 3018 1728 sunt.

1923 1761 1990 1817 Hi
2015 1769 2193 1817 autem
2211 1801 2226 1826 ,
2258 1762 2348 1832 qui
2379 1769 2435 1817 et
2463 1763 2703 1833 exempla
2730 1763 2990 1819 virtutum
3017 1776 3321 1839 praerogant
3370 1777 3426 1821 et

171 1873 193 1909 ι
224 1854 507 1910 Justorum
543 1857 737 1910 semita
764 1857 916 1925 quasi
946 1857 1034 1910 lu;
1074 1858 1361 1927 splendens
1391 1859 1659 1928 procedit,
1690 1867 1744 1912 et
1776 1849 1819 1908 Β
1848 1850 2026 1906 lumen
2058 1850 2182 1905 boni
2206 1850 2388 1919 operis
2406 1865 2504 1920 per
2535 1852 2699 1906 vitam
2719 1861 2775 1906 et
2799 1852 3022 1908 verbum
3044 1855 3422 1912 itinerantibus

166 1949 368 2004 crescit
395 1964 566 2018 usque
593 1950 660 2004 ad
689 1948 984 2019 perfectum
1014 1950 1156 2005 diem
1189 1947 1371 2022 (Prov.
1397 1947 1493 2020 ιν).
1531 1967 1550 2000 ι
1584 1949 1640 2004 ln
1662 1963 1750 2003 eo-

168 2055 290 2096 rum
321 2054 557 2110 namque
587 2041 768 2095 animo
818 2041 1017 2095 bonum
1048 2041 1378 2096 desiderium
1407 2047 1570 2109 atque
1594 2038 1751 2093 intel-

168 2129 346 2187 lectus
397 2129 533 2184 lucis
585 2130 791 2184 intimas
839 2129 952 2198 jam
1001 2145 1128 2199 pars
1184 2129 1288 2184 diei
1337 2136 1461 2193 est;
1502 2129 1594 2183 sed
1622 2127 1747 2197 quia

170 2235 346 2289 usque
371 2220 437 2274 ad
468 2219 630 2275 ﬁnem
658 2221 783 2274 vita:
813 2221 864 2273 in
894 2221 1092 2275 virtute
1133 2219 1444 2289 proﬁciunt,
1473 2219 1541 2274 ad
1569 2217 1748 2286 perfe-

166 2319 322 2366 ctum
353 2310 497 2365 diem
541 2318 670 2364 tunc
709 2312 948 2370 veniunt,
992 2310 1208 2380 quando
1261 2310 1328 2365 ad
1363 2323 1525 2380 regna
1579 2305 1745 2362 cccle-

167 2400 274 2455 stia
306 2400 550 2471 perducti
577 2399 629 2454 in
657 2414 719 2455 ea
743 2400 862 2456 lucc
881 2415 1040 2468 quam
1070 2399 1397 2463 desiderant,
1429 2399 1543 2468 jam
1570 2397 1750 2452 minus

167 2490 376 2559 aliquid
429 2505 536 2544 non
593 2490 885 2544 habebunt.
942 2488 1200 2557 Sequitur
1237 2505 1252 2541 :
1287 2507 1305 2539 ‹
1338 2488 1405 2542 Et
1455 2487 1748 2542 similitudo

167 2580 485 2634 animalium
513 2588 570 2634 et
603 2588 854 2648 aspectus
891 2592 1076 2632 eorum
1105 2575 1260 2653 quasi
1289 2576 1583 2631 carbonum
1609 2573 1749 2645 ignis

169 2670 507 2734 ardentium,
591 2676 646 2723 et
721 2668 874 2737 quasi
941 2676 1190 2736 aspectus
1261 2663 1655 2735 lampadarum.
1721 2683 1740 2716 ι

168 2759 443 2832 (meram)
475 2759 748 2815 Carbones
777 2768 956 2813 autem
997 2757 1136 2828 ignis
1183 2757 1426 2812 ardentis
1464 2767 1517 2812 et
1547 2756 1748 2825 lampa-

167 2852 265 2906 des
313 2851 370 2905 in
403 2850 579 2905 medio
621 2851 938 2905 animalium
987 2851 1355 2906 discurrentes
1399 2852 1465 2906 de
1513 2851 1604 2904 illo
1630 2850 1746 2906 loco

166 2941 601 3010 interpretanda;
635 2950 761 2995 sunt
787 2940 936 2996 Isaiae
969 2959 988 2996 :.
1015 2963 1032 2990 ι
1073 2939 1140 2996 Et
1163 2942 1412 2996 comedet
1446 2941 1584 3012 ignis
1611 2941 1750 2997 sicut

166 3029 356 3086 fenum
377 3031 676 3096 materiam,
700 3041 753 3086 et
777 3032 1128 3087 sanctiﬁcabo
1148 3047 1243 3088 eos
1259 3033 1311 3086 in
1331 3033 1453 3100 igne
1466 3032 1708 3086 ardente.
1725 3051 1742 3083 ι

164 3118 244 3172 De
272 3118 474 3187 quibus
499 3129 555 3174 et
576 3119 701 3174 alibi
733 3120 991 3191 scriptum
1021 3131 1104 3176 est
1130 3138 1142 3174 :
1182 3140 1199 3173 ι
1230 3120 1434 3176 Cadent
1470 3137 1631 3191 super
1655 3137 1748 3178 eos

1851 1941 2244 2006 demonstrant,
2266 1939 2387 2008 jure
2415 1942 2687 2012 lampades
2710 1942 3066 2014 appellantur,
3098 1934 3223 2015 quia
3245 1957 3300 2001 et
3330 1963 3426 2017 per

1851 2031 2099 2087 ardorem
2146 2031 2392 2087 desiderii
2436 2040 2490 2087 et
2516 2048 2614 2102 per
2642 2031 2910 2090 ﬂammam
2940 2035 3088 2091 verbi
3119 2051 3150 2089 a
3175 2047 3424 2108 peccato-

1853 2138 1971 2178 rum
2021 2124 2272 2179 cordibus
2299 2124 2498 2180 crroris
2521 2127 2772 2180 tenebras
2801 2126 3079 2197 repellunt.
3133 2127 3234 2195 Qui
3265 2129 3428 2200 igitur

1850 2213 1904 2268 in
1948 2213 2161 2269 occulto
2192 2213 2328 2268 bene
2369 2214 2520 2280 vivit,
2558 2215 2650 2269 sed
2688 2215 2862 2272 alieno
2903 2217 3163 2287 profectui
3206 2221 3426 2276 minimc

1849 2306 2082 2376 proﬁcit,
2113 2306 2276 2361 carbo
2299 2313 2400 2360 est.
2431 2305 2533 2372 Qui
2561 2320 2690 2361 vero
2715 2307 2766 2361 in
2791 2307 3086 2363 imitatione
3126 2310 3426 2366 sanctitatis

1847 2394 2056 2465 positus
2095 2395 2272 2449 lumen
2303 2410 2365 2450 cx
2401 2409 2457 2450 se
2486 2395 2821 2452 rectitudinis
2850 2398 3030 2453 multis
3055 2399 3422 2464 demonstrat;

1849 2484 2055 2554 lampas
2079 2493 2184 2550 est,
2209 2485 2300 2555 qui
2329 2493 2385 2539 et
2407 2485 2508 2542 sibi
2540 2486 2695 2541 ardet
2719 2495 2773 2540 et
2793 2485 2915 2544 aliis
2939 2487 3100 2543 lucet.
3131 2487 3419 2560 Sequitur:

1855 2591 1875 2626 ι
1908 2574 1976 2629 Et
2005 2576 2119 2630 hate
2145 2583 2262 2629 erat
2284 2575 2420 2630 visio
2445 2575 2753 2631 discurrens
2782 2577 2834 2631 in
2876 2578 3050 2633 medio
3087 2579 3422 2646 animalium,

1857 2681 1876 2716 ι
1914 2663 2163 2734 splendor
2188 2664 2346 2736 ignis,
2399 2673 2456 2720 et
2480 2666 2546 2720 de
2574 2665 2695 2735 igne
2726 2665 2902 2737 fulgur
2929 2669 3226 2738 egrediens,
3263 2692 3282 2722 ι
3317 2682 3420 2726 etc.

1850 2755 2117 2828 (Ηίενοη.)
2167 2755 2242 2810 De
2284 2755 2458 2812 medio
2501 2757 2850 2812 animantium
2902 2759 3153 2830 splendor
3193 2762 3332 2833 ignis
3371 2775 3426 2820 ct

1847 2845 2028 2918 fulgur
2081 2847 2370 2918 egreditur,
2425 2849 2549 2918 quia
2579 2848 2623 2904 si
2653 2849 2939 2921 Evangelia
2990 2852 3090 2906 sibi
3138 2855 3420 2920 eolliseris,

1849 2938 1903 2992 in
1928 2938 2104 2993 medio
2133 2937 2324 2994 littera:
2342 2938 2572 3008 vilisque
2599 2939 2858 3003 historiae,
2885 2938 3114 3010 Spiritus
3133 2930 3305 2999 sancti
3338 2961 3423 3000 sa-

1849 3039 2184 3084 cramentum
2207 3030 2442 3100 reperies
2459 3028 2680 3102 (Greg.).
2700 3029 2961 3101 Splendor
2988 3033 3124 3104 ignis
3143 3037 3280 3090 etde
3303 3038 3424 3107 igne

1848 3122 2031 3194 fulgur
2059 3125 2338 3195 egrediens
2374 3123 2428 3178 in
2462 3125 2638 3178 medio
2671 3123 2981 3178 animalium
3014 3127 3318 3182 discurrens
3341 3131 3424 3182 vi-

163 3186 436 3262 carboues
467 3209 606 3278 ignis
629 3208 798 3281 (Paul.
829 3186 1089 3281 cxxxtx);
1127 3229 1146 3262 ι
1180 3218 1234 3264 et
1262 3220 1450 3264 contra
1488 3186 1630 3265 labia
1659 3212 1747 3266 do.
1776 3186 1818 3247 Ο
1848 3186 2024 3277 detur,
2052 3186 2175 3282 quia
2200 3213 2303 3268 nisi
2329 3213 2398 3268 ab
2421 3214 2545 3283 igne
2573 3213 2816 3269 veritatis
2837 3224 3065 3284 pennata
3104 3215 3191 3270 illa
3220 3219 3425 3272 anima-

165 3299 283 3354 losa
339 3302 394 3354 in
442 3301 548 3355 alio
597 3300 804 3369 psalmo
845 3302 1084 3355 dicitur:
1123 3319 1140 3352 ι
1180 3300 1319 3367 Quid
1349 3302 1505 3356 detur
1533 3301 1629 3356 tibi
1655 3309 1747 3356 aut

165 3391 300 3458 quid
322 3399 624 3459 apponatur
653 3389 748 3444 tibi
778 3391 844 3454 ad
901 3390 1138 3460 linguam
1190 3391 1476 3445 dolosam?
1528 3390 1748 3461 Sagitta:

163 3479 412 3548 potentis
459 3489 630 3554 acuta:
675 3493 797 3532 cum
837 3479 1165 3533 carbonibus
1192 3479 1528 3534 desolatoriis
1575 3478 1745 3550 (Psal.

165 3572 344 3633 cm).
384 3588 404 3620 ι
439 3568 506 3622 Et
558 3570 608 3622 in
644 3568 750 3623 alio
807 3569 960 3623 loco:
999 3589 1017 3618 ι
1056 3568 1233 3624 Habes
1282 3569 1543 3623 carbones
1590 3569 1745 3638 ignis,

164 3660 388 3714 sedebis
440 3675 600 3728 super
647 3675 760 3723 eos,
822 3660 874 3712 lii
916 3669 1076 3714 erunt
1123 3659 1215 3713 tibi
1252 3660 1304 3712 in
1333 3659 1684 3728 adjutorium.
1724 3679 1740 3709 ι

164 3753 564 3819 Quamcunque
611 3761 920 3804 creaturam
967 3751 1360 3817 aspexerimus,
1395 3749 1630 3818 fulgurat
1655 3749 1745 3802 Dei

163 3844 448 3908 notitiam,
519 3845 644 3898 dum
699 3858 764 3897 ex
816 3843 1080 3897 creaturis
1142 3852 1354 3895 creator
1415 3840 1744 3910 agnoscitur.

166 3931 230 4003 (G
241 3936 380 4006 reg.)
401 3933 667 4003 Aspcctus
693 3933 1005 3987 animalium
1030 3933 1357 3987 carbonibus
1389 3930 1527 4000 ignis
1553 3932 1748 3983 arden-

165 4025 316 4079 tibus
347 4033 510 4094 atquc
548 4023 886 4094 lampadibus
927 4032 1289 4093 comparatur.
1329 4023 1584 4091 Quisquis
1605 4022 1747 4074 enim

161 4116 468 4169 carbonem
500 4115 671 4185 tangit
721 4115 1047 4179 incenditur,
1087 4115 1212 4183 quia
1263 4114 1353 4182 qui
1403 4123 1594 4167 sancto
1633 4111 1748 4165 viro

162 4207 436 4267 adhaeret,
461 4219 527 4258 ex
552 4203 669 4271 ejus
700 4200 1013 4258 assiduitate
1049 4203 1289 4267 visionis,
1317 4218 1413 4255 usu
1443 4201 1744 4262 locutionis,

160 4297 419 4366 exemplo
449 4298 647 4366 operis,
678 4298 876 4366 accipit
899 4304 960 4351 ut
983 4296 1311 4350 accendatur
1336 4294 1388 4347 in
1414 4307 1597 4346 amore
1621 4294 1749 4347 clla-

161 4388 375 4452 ritatis,
404 4397 749 4456 peccatorum
779 4401 998 4442 suorum
1028 4387 1280 4441 tenebras
1310 4383 1500 4456 fugiat,
1535 4385 1590 4439 in
1613 4384 1751 4438 desi-

159 4478 320 4530 derio
351 4476 488 4530 lucis
513 4479 856 4538 exardescat,
917 4477 1079 4530 etiam
1131 4492 1229 4546 per
1268 4491 1455 4530 verum
1507 4490 1745 4529 antorem

1849 3301 1917 3356 lia
1957 3301 2190 3358 calorem
2241 3303 2610 3372 susciperent,
2657 3303 2771 3372 ipsa
2821 3305 2875 3356 in
2917 3305 3209 3360 carbonum
3265 3319 3426 3378 atque

1849 3390 2216 3460 lampadarum
2246 3390 2651 3444 similitudinem
2697 3407 2803 3446 non
2848 3391 3118 3448 arderent.
3157 3394 3301 3465 Ignis
3341 3408 3421 3451 ct-

1851 3481 1991 3536 enim
2009 3480 2243 3546 nomine,
2259 3489 2477 3538 sanctus
2492 3479 2723 3548 Spiritus
2737 3481 2951 3552 ﬁgurari
2971 3483 3123 3538 solet.
3151 3485 3224 3538 De
3240 3502 3345 3554 quo
3369 3489 3422 3541 iu

1850 3569 2140 3640 Evangelia
2164 3570 2419 3624 Dominus
2469 3571 2599 3625 dicit
2626 3587 2638 3624 :
2691 3589 2708 3621 ι
2741 3571 2924 3642 ignem
2971 3575 3091 3627 veni
3121 3575 3335 3630 mittere
3367 3576 3421 3629 in

1851 3667 2073 3724 terram,
2095 3668 2151 3714 et
2178 3659 2306 3728 quid
2331 3659 2468 3723 volo,
2495 3658 2595 3720 nisi
2629 3667 2687 3712 ut
2711 3660 3072 3718 accendatur?
3098 3662 3247 3734 (Luc.
3268 3665 3419 3733 χιι).

1851 3749 1982 3803 Cum
2026 3749 2169 3802 enim
2207 3748 2439 3802 carnalis
2464 3763 2613 3803 mens
2634 3759 2880 3804 sanctum
2912 3749 3170 3821 Spiritum
3201 3756 3412 3824 accipit,

1849 3838 2074 3909 spiritali
2120 3853 2302 3892 amore
2332 3852 2591 3893 succensa
2632 3838 2830 3895 malum
2858 3840 3059 3911 plangit
3089 3845 3227 3912 quod
3272 3843 3420 3899 fecit.

1851 3929 1917 3982 Et
1956 3918 2100 3982 terra
2148 3928 2319 3992 ardet,
2379 3929 2594 3998 quando
2637 3940 2925 4005 accusante
2980 3949 3036 3987 se
3095 3937 3422 3992 conscientia

1849 4035 1942 4072 cor
1965 4017 2264 4087 peccatoris
2314 4018 2488 4071 uritur
2514 4058 2528 4082 ,
2579 4026 2740 4086 atque
2791 4021 2842 4073 in
2877 4021 3061 4075 dolore
3099 4025 3425 4092 pmnitentizc

1850 4113 2137 4160 crematur.
2191 4103 2328 4159 llinc
2365 4121 2554 4161 rursus
2593 4108 2850 4176 scriptum
2894 4119 3019 4163 est:
3080 4133 3097 4162 ι
3137 4113 3273 4168 Deus
3303 4123 3424 4169 tuus

1851 4195 1990 4265 ignis
2015 4210 2338 4251 consumens
2362 4205 2444 4250 est
2471 4195 2644 4266 (Deut.
2678 4199 2770 4270 tv).
2801 4223 2818 4248 ο
2856 4198 2986 4264 Quia
3022 4203 3161 4255 enim
3192 4214 3421 4260 mentem

1850 4301 2011 4355 quam
2057 4286 2361 4355 repleverit,
2399 4303 2516 4341 eam
2546 4304 2575 4341 a
2610 4298 2946 4359 peccatorum
2999 4293 3239 4360 rubigine
3266 4312 3420 4348 mun-

1852 4377 1971 4430 dam
1999 4376 2208 4431 reddit:
2241 4377 2465 4433 Creator
2492 4390 2676 4433 noster
2700 4391 2754 4432 et
2797 4381 2935 4451 ignis
2969 4383 3166 4437 dicitur
3202 4395 3255 4440 et
3295 4403 3424 4444 con-

1852 4483 2085 4521 sumens.
2134 4467 2366 4523 Sanctus
2395 4485 2522 4539 ergo
2554 4469 2788 4539 Spiritus
2815 4472 2868 4526 in
2896 4476 3072 4532 medio
3111 4476 3422 4533 animalium

161 4567 387 4630 ardeat,
437 4566 525 4633 qui
576 4567 728 4634 prius
782 4566 832 4618 in
889 4533 1170 4635 iniquitate
1225 4573 1431 4620 tantum
1480 4575 1746 4630 mortuus,
1776 4533 1827 4591 D
1851 4558 2102 4627 splendor
2131 4559 2267 4630 ignis
2295 4569 2347 4614 ct
2377 4561 2442 4613 dc
2469 4560 2587 4628 igne
2615 4559 2789 4631 fulgur
2814 4565 3094 4632 egrediens
3118 4566 3423 4621 discurrere

159 4667 435 4726 quantum
498 4655 723 4726 frigidus
763 4655 996 4725 jacebat.
1056 4654 1351 4723 Lampados
1402 4669 1531 4709 vero
1575 4654 1747 4708 lucem

162 4764 326 4802 suam
384 4748 595 4818 longius
648 4756 926 4816 spargunt,
959 4756 1013 4800 et
1042 4762 1162 4800 cum
1214 4747 1267 4800 in
1297 4747 1401 4800 alio
1449 4747 1564 4801 loco
1617 4747 1748 4808 sint,

159 4841 214 4894 in
249 4839 367 4892 alio
425 4838 789 4907 resplendent.
832 4837 932 4903 Qui
989 4838 1134 4890 enim
1191 4838 1383 4905 spiritu
1432 4837 1744 4905 prophetiae,

161 4930 338 4982 verbo
385 4927 663 4992 dectrium,
715 4926 1096 4980 miraculorum
1149 4925 1314 4994 pollet
1367 4924 1560 4995 gratia,
1590 4924 1748 4992 hujus

158 5017 356 5088 opinio
382 5014 539 5086 longe
578 5015 793 5084 lateque
823 5023 880 5068 ut
907 5015 1112 5082 lampas
1143 5014 1323 5077 lucet;
1354 5022 1410 5066 et
1433 5012 1631 5080 quique
1658 5013 1750 5065 bo-

161 5123 230 5159 na
285 5105 414 5174 ejus
469 5105 712 5170 audiunt,
743 5104 866 5173 quia
932 5119 1027 5172 per
1053 5105 1166 5156 lucc
1219 5104 1285 5155 ad
1315 5116 1554 5156 amorem
1585 5101 1747 5155 cmlc-

160 5196 333 5250 stium
367 5203 616 5264 surgunt,
646 5196 699 5248 in
751 5208 816 5248 eo
841 5193 982 5262 quod
1025 5208 1082 5247 se
1110 5208 1204 5260 per
1231 5193 1381 5245 bona
1403 5205 1564 5260 opera
1591 5192 1746 5244 exhi-

159 5286 315 5349 bent,
351 5285 508 5353 quasi
534 5301 600 5337 ex
649 5284 911 5352 lampadis
959 5281 1164 5334 lumine
1210 5279 1576 5348 resplendent.
1609 5279 1745 5344 Quia

163 5391 301 5448 ergo
357 5373 533 5428 sancti
563 5374 663 5427 viri
716 5373 973 5443 quosdam
1005 5371 1158 5440 juxta
1209 5386 1268 5422 se
1314 5369 1536 5437 positos,
1591 5369 1744 5436 quasi

161 5463 449 5535 tangendo
501 5461 568 5515 ad
618 5477 857 5516 amorem
904 5461 1092 5530 patriae
1145 5459 1379 5513 cmlestis
1426 5459 1743 5522 accendunt,

158 5555 436 5609 carbones
460 5561 623 5616 sunt;
655 5552 781 5620 quia
819 5566 949 5605 vero
991 5550 1311 5620 quibusdam
1363 5550 1505 5604 clam
1533 5564 1563 5602 e
1592 5550 1747 5619 longe

158 5645 358 5714 positis
393 5643 592 5707 lucent,
621 5658 806 5697 eorum
853 5643 1051 5707 itineri,
1079 5657 1142 5697 ne
1173 5642 1224 5695 in
1269 5643 1504 5712 peccatis
1535 5641 1746 5712 [pecca-

161 5731 376 5804 torum]
404 5733 524 5786 vitze
556 5732 804 5788 tenebras
833 5743 1106 5797 corruant,
1150 5733 1420 5801 lampides
1451 5732 1602 5786 ﬁunt.
1634 5733 1744 5786 Hoc

582 5831 844 5884 l'arnut-
887 5828 992 5886 CX

1853 4649 2066 4713 dicitur,
2123 4652 2247 4720 quia
2298 4651 2602 4705 universam
2633 4652 2927 4707 Ecclesium
2957 4655 3186 4724 replens,
3233 4657 3284 4710 in
3316 4659 3423 4712 cle-

1853 4749 2060 4793 ctorum
2089 4742 2339 4795 cordibus
2367 4757 2432 4796 ex
2461 4744 2636 4811 seipso
2664 4742 2903 4799 ﬂammas
2946 4747 3144 4799 amoris
3188 4748 3417 4816 projicit,

1853 4841 1909 4884 ut
1942 4833 2150 4886 corusci
2195 4847 2342 4886 more
2387 4848 2481 4902 per
2507 4842 2765 4888 terrorem
2796 4835 2973 4896 feriat,
3005 4847 3056 4888 et
3086 4837 3149 4889 ad
3181 4853 3418 4893 amorem

1851 4936 2004 4975 suum
2050 4923 2209 4976 corda
2261 4924 2525 4992 torpentia
2567 4927 2845 4978 accendat.
2892 4924 2996 4979 Sed
3036 4928 3159 4993 quia
3188 4925 3419 4996 Spiritus

1854 5021 2074 5065 sanctus
2096 5011 2236 5066 Deus
2257 5023 2381 5067 autc
2397 5014 2589 5067 saecula
2606 5013 2749 5067 Patri
2770 5024 2852 5068 est
2881 5023 2932 5068 et
2948 5014 3083 5068 Filio
3101 5025 3416 5077 eomternus.

1853 5102 2196 5170 quaerendum
2221 5102 2374 5156 nobis
2411 5111 2494 5156 est
2528 5117 2624 5156 cur
2651 5095 2951 5158 discurrere
2981 5105 3206 5157 dicatur.
3234 5104 3417 5160 Omnis

1853 5193 2049 5246 etenim
2075 5192 2164 5260 qui
2195 5192 2468 5257 discurrit,
2514 5196 2722 5248 accedit
2751 5197 2815 5248 ad
2842 5196 3038 5260 locum,
3082 5198 3133 5249 iu
3161 5213 3266 5266 quo
3310 5214 3415 5251 non

1855 5281 1971 5346 fuit,
2023 5291 2221 5336 etcum
2251 5283 2452 5338 deserit
2480 5285 2530 5338 in
2577 5301 2685 5354 quo
2709 5285 2828 5339 fuit.
2877 5287 2991 5353 Qua
3027 5288 3184 5357 igitur
3213 5291 3421 5343 ratione

1852 5371 2153 5426 discurrere
2177 5373 2432 5444 Spiritum
2458 5375 2715 5438 dicamus,
2740 5378 2862 5431 dum
2881 5390 3068 5432 cuncta
3093 5381 3228 5433 intra
3247 5383 3417 5450 ipsum

1851 5464 1975 5526 sint,
2028 5473 2082 5517 ct
2113 5464 2262 5518 locus
2298 5479 2560 5534 nusquam
2589 5466 2658 5519 sit
2691 5467 2777 5520 ubi
2813 5485 2914 5521 non
2961 5470 3077 5523 sit?
3130 5471 3266 5525 sicut
3288 5474 3419 5526 scri-

1851 5562 1998 5622 ptum
2028 5564 2146 5607 est:
2195 5572 2212 5604 ι
2249 5554 2478 5623 Spiritus
2526 5554 2735 5609 Domini
2775 5557 2995 5627 replevit
3031 5560 3215 5627 orbem
3247 5570 3419 5615 terra-

1854 5660 1970 5696 rum
1995 5642 2144 5714 (Sap.
2172 5644 2231 5712 ι).
2268 5664 2285 5696 ι
2325 5645 2390 5698 Ει
2421 5653 2597 5698 tamen
2627 5661 2750 5700 cum
2775 5624 2889 5702 laus
2918 5624 3190 5716 sapientiai
3217 5653 3419 5706 descri-

1853 5735 2410 5803 beretur,adjunctum
2439 5744 2518 5789 est
2545 5754 2554 5787 :
2587 5736 2709 5792 «list
2729 5740 2870 5794 enim
2899 5741 2950 5793 in
2977 5741 3064 5794 illa
3081 5741 3311 5814 Spiritus
3337 5745 3419 5795 in-

2917 5836 2986 5893 17
