3948 6392
524 454 636 523 tias

1200 455 1259 509 Β.
1301 450 1549 510 RABANI
1593 452 1808 508 MAURI
1846 449 2180 507 ARCHIEP..
2204 448 2511 507 MOGUNT.
2548 448 2830 507 OI‘ERUM
2861 446 3041 506 PARS
3077 448 3139 505 Il.

3691 446 3788 505 δίι

528 570 794 633 tcllcctus,
832 576 1069 631 sanctus,
1113 569 1323 632 unicus,
1373 567 1679 637 mullplex,
1733 565 1963 630 subtilis,
1996 580 2114 621 mo-
2142 573 2190 630 Α
2219 565 2319 619 etsi
2352 566 2419 620 ab
2454 579 2642 620 eorum
2676 564 2838 620 corde
2875 564 2945 618 ad
2991 570 3322 617 momentum
3366 561 3675 627 recesserit,
3717 554 3792 616 ei-

525 660 670 715 l‘ilis.
696 679 713 711 ι
743 660 807 713 Et
833 666 988 727 paulo
1011 667 1149 729 post,
1184 678 1201 711 ι
1225 660 1512 722 humanus,
1535 657 1759 713 stabilis.
1784 677 1802 709 ι
1833 657 1887 710 In
1911 656 2107 726 quibus

528 766 739 805 rursum
773 750 949 804 verbis
997 765 1186 821 magna
1238 751 1392 805 nobis
1417 752 1642 820 qumstio
1665 751 1856 814 oritur,
1881 765 1981 804 cur
2006 749 2109 803 iste

512 839 765 906 spiritus,
796 839 888 909 Qui
914 837 1101 909 implet
1128 840 1330 904 omnia,
1364 840 1523 895 simul
1567 839 1785 907 mobilis
1818 847 1872 892 et
1899 838 2110 893 stabilis

524 929 773 994 dicatur;
808 930 901 984 sed
943 930 985 983 si
1018 929 1083 983 ad
1113 945 1269 985 usum
1299 930 1704 985 consuetudinis
1749 931 1997 983 humana:
2026 944 2109 984 re-

523 1020 811 1086 currimus,
848 1035 1063 1074 sensum
1090 1020 1250 1076 citius
1279 1021 1547 1091 loquentis
1578 1021 1899 1075 invenimus.
1938 1019 2110 1075 llomo

523 1108 743 1178 quippe,
775 1108 865 1177 qui
897 1109 949 1162 in
978 1125 1040 1163 ea
1086 1110 1302 1181 regione
1353 1111 1406 1165 in
1435 1126 1538 1179 qua
1562 1119 1646 1165 est
1672 1110 1869 1179 ubique
1911 1112 2111 1166 discur-

524 1201 617 1263 rit,
647 1200 832 1270 procul
856 1201 1017 1255 dubio
1046 1202 1241 1271 ubique
1261 1203 1474 1258 obviam
1501 1203 1642 1257 venit
1666 1210 1719 1257 et
1750 1214 1990 1271 repente,
2020 1204 2107 1258 ubi

526 1304 631 1343 non
687 1290 945 1355 creditur,
981 1292 1269 1346 invenitur.
1321 1290 1670 1360 Omnipotens
1698 1308 1825 1363 ergo
1850 1291 2105 1359 Spiritus,

523 1391 580 1433 nt
623 1382 820 1450 ubique
866 1382 1148 1449 prmsentia
1177 1382 1503 1451 signaretur,
1536 1380 1693 1435 simul
1723 1390 1778 1436 et
1804 1381 2017 1437 mobilis
2058 1390 2111 1434 et

522 1469 732 1524 stabilis
784 1471 1000 1523 dicitur.
1040 1455 1282 1535 Stabilis,
1334 1471 1457 1539 quia
1489 1485 1585 1539 per
1638 1480 1885 1524 naturam
1928 1470 2109 1525 omnia

518 1560 779 1615 continet.
830 1561 1039 1615 Mobilis
1072 1572 1250 1615 autem
1285 1562 1503 1627 dicitur,
1544 1562 1666 1629 quia
1695 1563 1894 1631 ubique
1947 1562 2109 1617 etiam

522 1652 882 1705 nescientibus
935 1652 1190 1706 occurrit.
1245 1652 1457 1706 'l'enens
1501 1666 1629 1722 ergo
1666 1654 1845 1707 omnia
1878 1653 2106 1715 stabilis,

519 1752 836 1809 pnesentem
866 1758 923 1797 se
948 1743 1197 1798 omnibus
1242 1744 1505 1797 exhibens
1542 1743 1753 1798 mobilis
1782 1744 2102 1814 appellatur.

521 1830 784 1901 Splendor
811 1848 939 1903 ergo
964 1832 1122 1901 ignis,
1152 1834 1285 1886 etde
1304 1834 1425 1903 igne
1455 1833 1628 1903 fulgur
1655 1835 1940 1904 egrediens
1967 1835 2107 1889 inter

2211 656 2317 711 tius
2356 655 2513 710 redit.
2548 654 2808 725 Sequitur
2843 670 2858 707 :
2917 671 2936 704 ‹
2966 652 3033 707 Et
3060 651 3309 707 animalia
3342 650 3496 706 ibant
3520 660 3576 706 et
3620 666 3792 706 rever-

2214 764 2233 796 ι
2270 744 2522 798 tebantur
2556 743 2607 797 in
2649 742 3069 798 similitudinem
3102 740 3330 810 fulguris
3376 741 3728 796 coruscantis.
3767 760 3785 793 ι

2211 834 2480 906 (Ηὶετοη.)
2530 834 2759 901 Quidam
2800 847 2931 888 vero
2958 848 3025 887 ne
3053 839 3241 887 contra
3268 830 3483 902 priores
3507 829 3644 885 duas
3676 845 3796 885 sen-

2211 926 2409 980 tentias
2439 925 2699 994 propheta
2745 924 2924 978 dicere
2959 921 3262 991 videretur,
3292 922 3393 976 hoe
3418 920 3563 990 quod
3604 927 3795 989 putant

2208 1032 2326 1072 esse
2354 1016 2707 1080 contrarium,
2724 1016 2776 1070 id
2798 1023 2881 1070 est
2904 1032 2922 1066 α
2949 1022 3004 1069 et
3036 1013 3288 1069 animalia
3304 1015 3615 1080 currebant,
3631 1022 3686 1067 et
3708 1030 3793 1069 re-

2209 1108 2577 1171 vertebantur,
2590 1126 2607 1159 ι
2631 1106 2894 1162 silendum
2911 1122 2980 1177 pu
2989 1112 3259 1163 laverunt.
3276 1121 3344 1160 ne
3357 1105 3554 1176 legenti
3571 1106 3794 1160 scanda-

2211 1199 2317 1253 lum
2343 1198 2562 1255 faceret.
2606 1198 2795 1254 Melius
2816 1206 2900 1254 est
2920 1207 3101 1254 autem
3131 1198 3186 1251 in
3212 1197 3409 1254 divinis
3433 1198 3587 1253 libris
3623 1207 3794 1253 trans-

2211 1290 2371 1354 ferre,
2395 1290 2539 1359 quod
2568 1290 2768 1345 dictum
2795 1298 2904 1361 est,
2940 1289 3062 1344 licet
3088 1305 3192 1345 non
3228 1290 3499 1362 intelligas
3528 1304 3697 1359 quare
3719 1290 3794 1345 di-

2209 1387 2352 1430 ctum
2393 1377 2484 1442 sit,
2534 1394 2698 1448 quam
2744 1377 3130 1447 auferre‘quod
3184 1378 3412 1434 nescias.
3461 1377 3714 1449 Alioquin
3745 1388 3797 1435 et

2210 1465 2375 1519 nmlta
2406 1466 2533 1531 alia,
2560 1482 2681 1536 quae
2711 1467 2996 1522 ineffabilia
3029 1476 3175 1533 sunt,
3211 1476 3267 1522 et
3294 1468 3561 1525 humanus
3584 1470 3795 1525 animus

2209 1574 2315 1613 non
2389 1559 2551 1629 capit,
2580 1561 2683 1615 hac
2715 1560 2935 1616 licentia
2975 1559 3311 1615 delebuntur.
3360 1560 3468 1617 Nos
3492 1570 3673 1616 autem
3701 1563 3796 1617 hoc

2210 1649 2458 1716 dicimus,
2495 1652 2637 1721 quod
2662 1650 2933 1720 quomodo
2964 1652 3016 1705 in
3046 1651 3355 1706 Proverbiis
3383 1652 3438 1705 in
3465 1652 3659 1707 eodem
3686 1652 3797 1708 loco

2209 1740 2467 1810 scriptum
2495 1751 2580 1796 est
2604 1758 2617 1793 :
2654 1759 2671 1792 ι
2699 1740 2776 1795 Ne
2796 1741 3123 1810 respondeas
3148 1740 3313 1796 stulto
3334 1741 3633 1795 secundum
3666 1742 3795 1796 stul-

2210 1830 2383 1885 titiam
2413 1846 2583 1897 suam,
2642 1847 2710 1886 ne
2734 1831 2925 1886 similis
2968 1832 3016 1886 ei
3063 1831 3161 1886 llas
3206 1830 3386 1901 (Prov.
3444 1831 3618 1904 xxvi),
3672 1851 3689 1883 ι
3746 1842 3794 1885 et

518 1931 748 1989 pennata
781 1922 1031 1976 animalia
1066 1922 1339 1988 discurrit,
1365 1924 1489 1993 quia
1532 1922 1767 1993 Spiritus
1790 1932 2009 1979 sanctus
2038 1925 2107 1979 si-
2142 1921 2185 1978 Β
2213 1933 2426 1973 rursum
2462 1920 2699 1990 ροηὶιυν,
2754 1922 2894 1988 quod
2935 1920 3091 1975 ηοῦίδ
3142 1920 3353 1975 Videtur
3406 1935 3527 1976 8550
3576 1930 3791 1977 00mm-

520 2010 628 2064 mul
678 2011 904 2081 singulis
932 2020 1093 2080 atque
1144 2011 1396 2066 onmibus
1427 2022 1622 2083 praesto
1662 2012 1742 2077 lit,
1788 2022 1843 2067 et
1871 2014 2109 2068 incendit

519 2116 653 2168 quos
690 2101 940 2170 tetigerit.
993 2101 1265 2156 llluminat
1289 2119 1424 2172 quos
1465 2104 1725 2167 incendit,
1771 2113 1828 2157 ut
1865 2113 1987 2173 post
2014 2104 2105 2158 fri-

518 2207 617 2259 gus
644 2191 928 2259 pristinum
972 2193 1180 2245 accensi
1210 2193 1456 2252 ardeant,
1487 2202 1540 2245 et
1564 2208 1659 2262 per
1687 2194 1863 2263 ignem
1907 2195 2107 2248 amoris

516 2296 673 2349 quem
706 2283 1008 2350 acceperint
1030 2282 1272 2338 flammas
1298 2285 1666 2353 exemplorum
1684 2286 1943 2340 'reddant.
1978 2286 2102 2339 Ful-

517 2384 617 2437 gur
637 2369 834 2438 quippe
857 2370 922 2424 de
952 2370 1053 2425 hoc
1086 2373 1207 2438 igne
1233 2372 1517 2440 egrediens
1548 2383 1819 2443 torpentes
1847 2377 2102 2444 percutit,

518 2473 717 2527 eosque
766 2461 1114 2526 pereutiendo
1160 2462 1356 2516 excitat
1407 2472 1461 2516 et
1498 2463 1823 2529 inflammat,
1880 2475 1937 2519 ut
1984 2476 2104 2535 post

514 2564 755 2604 amorem
801 2551 944 2606 illius
986 2554 1236 2608 ardentes
1264 2555 1464 2624 pariter
1493 2564 1546 2609 et
1576 2554 1816 2610 lucentes
1861 2567 2098 2611 currant.

520 2642 670 2696 Unde
720 2641 853 2695 alias
907 2644 1166 2711 scriptum
1208 2655 1325 2698 est:
1384 2664 1402 2696 ‹
1443 2645 1690 2699 Τιινοηιιε
1730 2647 1846 2715 ejus
1889 2646 2101 2702 ﬂamma

520 2732 674 2800 ignis,
706 2740 834 2785 rota:
863 2730 978 2798 ejus
1003 2733 1138 2802 ignis
1162 2749 1420 2788 accensus
1449 2734 1606 2805 (Dan.
1638 2741 1751 2803 vn).
1798 2755 1816 2786 ι
1858 2734 1920 2789 lli
1956 2738 2101 2789 enim

516 2821 605 2888 qui
663 2820 962 2874 animarum
1020 2824 1270 2878 custodes
1325 2835 1477 2886 sunt,
1529 2834 1583 2879 et
1620 2827 1875 2895 pascendi
1926 2828 2102 2897 gregis

516 2926 680 2964 onera
708 2924 1085 2981 susceperunt,
1126 2924 1333 2968 mutare
1375 2915 1491 2970 loca
1525 2918 1742 2972 minime
1779 2919 2101 2987 permittun-

517 3010 621 3053 tur.
653 3000 756 3054 Sed
784 3004 908 3071 quia
937 3020 1040 3054 nno
1072 3005 1121 3056 in
1147 3004 1262 3058 loco
1292 3006 1449 3073 positi
1478 3006 1781 3060 divinitatis
1811 3008 1943 3061 inse
1964 3023 2100 3076 prae-

515 3090 740 3142 sontiam
774 3100 983 3158 portant
1012 3101 1064 3143 et
1091 3094 1302 3158 ardent,
1337 3095 1561 3149 thronus
1590 3081 1683 3149 Dei
1714 3094 1928 3150 flamma
1961 3098 2100 3165 ignis

516 3183 730 3233 tllClllll‘.
759 3182 817 3233 lli
845 3192 1045 3245 autem,
1078 3184 1166 3252 qui
1196 3200 1376 3239 amore
1401 3185 1611 3239 Domini
1644 3188 1693 3240 in
1718 3189 2098 3256 prmdieatione

515 3271 864 3332 discurrunt,
916 3281 1046 3326 robe
1098 3273 1211 3341 ejus
1259 3276 1397 3345 ignis
1447 3278 1696 3332 ardentes
1739 3288 1912 3333 sunt:
1970 3281 2094 3351 quia

514 3375 633 3412 t‘tllll
685 3376 749 3415 ex
792 3360 907 3427 ejus
944 3362 1210 3417 desiderio
1263 3380 1359 3434 per
1397 3367 1545 3420 varia
1596 3367 1711 3422 loca
1762 3369 2093 3435 discurrunt,

516 3450 655 3503 unde
696 3450 791 3519 ipsi
822 3452 1013 3505 ardent
1062 3462 1117 3508 et
1162 3454 1295 3509 alios
1332 3457 1652 3511 accendunt.
1702 3458 1884 3513 Potest
1916 3469 2093 3515 tamen

514 3543 784 3597 discursus
814 3554 971 3611 atque
1018 3545 1285 3600 mobilitas
1324 3549 1544 3617 spiritus
1572 3550 1917 3618 requisitione
1956 3551 2092 3606 alte-

516 3634 624 3685 rius
658 3634 1104 3690 eonsiderationis
1134 3637 1352 3708 intelligi
1386 3649 1399 3686 :
1433 3640 1485 3693 in
1535 3652 1840 3696 sanctorum
1893 3644 2092 3714 quippe

513 3724 761 3777 tot-dibus
814 3723 965 3791 juxta
1022 3727 1279 3794 quasdam
1337 3728 1563 3784 virtutes
1615 3746 1827 3800 semper
1875 3746 2085 3789 manet:

514 3824 667 3878 Juxta
695 3816 951 3883 quasdam
976 3832 1100 3871 vero
1125 3833 1432 3873 recessurus
1456 3821 1616 3885 venit,
1650 3831 1705 3876 et
1726 3831 1981 3880 venturus
2008 3840 2090 3879 re-

511 3906 670 3958 cedit.
724 3905 780 3958 ln
832 3906 933 3960 fide
962 3908 1284 3978 etenim,spe
1309 3918 1365 3962 et
1412 3911 1696 3976 charitate,
1737 3925 1791 3967 et
1834 3915 1885 3968 in
1934 3917 2090 3972 bonis

510 3995 648 4060 aliis,
683 3996 797 4051 sine
847 3999 1039 4066 quibus
1079 4000 1143 4052 ad
1180 4001 1451 4055 cmlestetn
1497 4004 1723 4072 patriam
1762 4022 1865 4058 non
1913 4016 2090 4075 potest

509 4087 799 4153 perveniri,
854 4089 994 4143 sicut
1032 4089 1323 4153 humilitas,
1377 4094 1627 4158 castitas,
1666 4094 1874 4163 justitia
1924 4108 2085 4167 atque

510 4177 911 4241 misericordia,
964 4178 1321 4247 perfectorum
1386 4184 1545 4235 corda
1599 4199 1702 4237 non
1754 4186 1970 4240 deserit.
2025 4187 2084 4242 lu

509 4266 800 4334 prophetia:
828 4282 953 4321 vero
981 4268 1193 4331 virtute,
1244 4270 1502 4325 doctrinm
1551 4268 1823 4337 facundia,
1854 4278 2087 4333 miracu-

509 4354 679 4409 lorum
707 4356 1033 4412 exhibitione
1059 4358 1244 4413 electis
1284 4362 1394 4415 suis
1435 4363 1720 4433 aliquando
1748 4367 1937 4431 adest,
1988 4369 2085 4422 ali-

505 4444 720 4512 quando
749 4460 807 4501 se
828 4446 1093 4502 subtrahit
1119 4466 1129 4501 :
1151 4449 1299 4504 adest
1324 4459 1379 4503 ut
1398 4452 1763 4517 eleventur,et
1789 4457 1853 4510 ad
1882 4467 2081 4513 semet-

508 4537 681 4606 ipsum
749 4538 1052 4603 subtrahit,
1112 4548 1169 4593 ut
1227 4542 1615 4596 lmmilientur:
1679 4547 1830 4600 adest
1882 4558 1940 4601 ut
1991 4564 2082 4605 eos

505 4637 719 4683 ostensa
771 4630 965 4687 virtute
1033 4632 1326 4700 glorificet;
1384 4637 1582 4689 recedit
1650 4628 1726 4690 ut'
1762 4640 2080 4711 semetipsos

505 4718 779 4773 subtracta
815 4719 931 4788 ejus
970 4722 1169 4775 virtute
1219 4738 1567 4794 cognoscant,
1615 4730 1766 4784 adest
1809 4739 1866 4784 ut
1900 4742 2081 4787 osten-

504 4808 596 4861 dat
622 4809 749 4877 quid
792 4824 884 4878 per
913 4810 1082 4880 ipsum
1114 4813 1244 4876 sint,
1294 4817 1493 4870 recedit
1539 4829 1595 4872 ut
1623 4820 1949 4889 patefaciat,
1990 4826 2079 4893 qui

505 4896 586 4950 vel
619 4898 803 4967 quales
844 4911 1153 4956 remaneant
1176 4904 1291 4959 sine
1320 4907 1456 4973 ipso.
1511 4907 1567 4961 ln
1617 4911 1699 4963 his
1748 4912 1928 4982 itaque
1976 4915 2082 4969 vir-

507 4987 707 5042 tutibus
751 4988 866 5043 sine
899 4990 1094 5059 quibus
1141 4993 1206 5047 ad
1251 4996 1413 5050 vitam
1466 4999 1687 5055 minime
1747 5005 2078 5071 pervenitur,

506 5085 724 5130 sanctus
753 5074 984 5145 Spiritus
1014 5079 1067 5133 in
1108 5081 1401 5138 electorum
1439 5101 1657 5141 suorum
1680 5092 1930 5147 cordibus
1959 5110 2079 5163 per-

507 5177 704 5222 manet.
736 5167 791 5222 ln
824 5169 903 5224 his
936 5184 1063 5225 vero
1094 5186 1190 5240 per
1219 5189 1353 5242 quas
1382 5180 1682 5235 sanctitatis
1705 5181 1874 5237 virtus
1900 5197 2078 5239 osten-

503 5256 666 5320 ditur,
711 5257 997 5326 aliquando
1032 5260 1454 5317 misericorditer
1498 5278 1692 5335 prtesto
1720 5280 1839 5334 est,
1887 5283 1942 5326 et
1980 5273 2077 5327 ali-

502 5349 716 5415 quando
766 5348 1188 5404 misericorditer
1230 5354 1451 5408 recedit.
1492 5358 1820 5416 .Diseurrens
1850 5378 1979 5431 ergo
2024 5374 2078 5420 et

502 5436 715 5491 mobilis
750 5440 968 5506 spiritus
1002 5439 1214 5504 dicitur,
1261 5444 1383 5511 quia
1417 5446 1469 5498 in
1495 5447 1659 5517 signis
1705 5460 1865 5520 atque
1904 5456 2068 5508 virtu-

503 5525 644 5580 tibus
674 5525 825 5593 juxta
861 5529 1277 5599 uniusi:ujusque
1326 5543 1501 5588 votum
1552 5542 1801 5595 continue
1848 5559 1949 5596 non
1980 5547 2071 5597 Im-

501 5616 674 5668 betur.
722 5614 861 5669 Bene
906 5628 1083 5671 autem
1115 5621 1251 5674 inter
1278 5632 1460 5676 sancta
1492 5626 1744 5682 animalia
1770 5631 2072 5687 discurrere

500 5704 827 5770 perhibetur.
878 5706 1159 5762 Discursus
1197 5712 1391 5779 quippe
1436 5715 1501 5766 ad
1545 5716 1874 5771 celeritatem
1908 5726 2072 5790 perti-

507 5805 609 5850 net.
659 5796 799 5850 Inter
845 5798 1106 5866 perfectos
1165 5812 1340 5854 autem
1383 5806 1635 5863 discurrit
1676 5810 1913 5877 spiritus,
1946 5816 2068 5882 quia

2211 2010 2349 2063 rittm
2375 2027 2386 2057 :
2411 2026 2429 2059 ι
2462 2008 2746 2077 Responde
2777 2008 2938 2063 stulto
2972 2009 3264 2064 secundum
3305 2010 3588 2063 stultitiam
3622 2025 3791 2072 suam,

2211 2113 2279 2153 ne
2328 2100 2431 2155 sibi
2462 2101 2679 2169 sapiens
2713 2114 2831 2153 esse
2873 2100 3121 2153 videatur
3190 2098 3795 2170 (Ibid.);tctutrumque

2206 2206 2303 2260 pro
2349 2200 2648 2260 temporum
2682 2199 2735 2244 et
2759 2204 3111 2257 personarum
3144 2190 3456 2245 diversitate
3479 2194 3791 2256 concordat,

2206 2280 2331 2335 dum
2358 2288 2413 2335 et
2437 2280 2632 2334 stultus
2664 2279 3050 2343 contemnitur,
3077 2278 3202 2348 quia
3233 2295 3337 2335 non
3362 2280 3553 2349 recipit
3583 2282 3791 2350 sapien-

2209 2371 2359 2433 tiam,
2398 2378 2452 2424 et
2483 2370 2644 2424 stulta
2669 2369 2919 2437 superbia
2963 2368 3065 2421 alia
3094 2369 3365 2423 decutitur
3389 2370 3644 2433 stultitia,
3668 2369 3791 2438 jux-

2208 2469 2260 2513 ta
2310 2460 2452 2529 quod
2478 2470 2532 2515 et
2567 2460 2853 2529 Apostolus
2884 2460 3049 2514 dicit:
3087 2479 3104 2511 t
3134 2460 3334 2515 Factus
3365 2478 3481 2517 sum
3510 2463 3789 2534 insipiens,

2203 2568 2297 2607 vos
2324 2568 2411 2607 me
2437 2550 2785 2622 eoegistis(ll
2817 2549 2940 2605 Cor.
2969 2551 3100 2623 xu);
3126 2572 3144 2604 ι
3166 2554 3238 2608 ita
3264 2565 3319 2608 et
3342 2553 3394 2608 in
3428 2555 3531 2609 hoc
3563 2554 3682 2610 loco
3705 2556 3791 2610 de-

2202 2642 2329 2696 bere
2367 2657 2465 2696 nos
2494 2656 2757 2710 qumrere,
2788 2656 2957 2710 quare
2985 2657 3146 2711 supra
3197 2644 3434 2698 secundo
3463 2644 3667 2699 dictum
3704 2646 3789 2706 sit.

2210 2751 2227 2781 σ
2253 2747 2355 2784 non
2374 2733 2782 2785 revertebantur
2796 2731 3046 2785 animalia
3062 2747 3183 2786 cum
3201 2733 3531 2798 incederent,
3545 2753 3563 2785 ι
3584 2744 3639 2789 et
3652 2750 3790 2789 nunc

2203 2820 2389 2883 semel,
2420 2840 2437 2872 ‹
2456 2820 2704 2875 animalia
2726 2821 3085 2876 currebantet
3111 2824 3540 2887 revertebantur,
3565 2844 3584 2875 ι
3616 2835 3789 2880 esset-

2202 2932 2305 2985 que
2330 2915 2577 2983 quzestio,
2612 2914 2711 2968 nisi
2743 2922 3082 2983 sequeretur,
3119 2934 3137 2965 ‹
3169 2914 3223 2968 ἰη
3247 2915 3661 2972 similitudinem
3692 2916 3791 2971 ful-

2201 3005 2347 3075 goris
2368 3005 2725 3070 coruscantis,
2752 3024 2768 3055 ι
2792 3004 2934 3073 quod
2957 3006 3213 3060 bebraico
3227 3021 3474 3062 sermone
3486 3007 3791 3063 diciturbe-

2203 3109 2314 3157 zec,
2353 3103 2406 3148 et
2435 3094 2819 3162 interpretatus
2860 3100 2946 3147 est
2976 3092 3352 3163 Symmachus,
3381 3096 3535 3163 quasi
3580 3096 3788 3163 species

2201 3184 2333 3238 radii
2368 3183 2608 3254 fulgoris.
2642 3183 2920 3251 Quomodo
2947 3185 3109 3253 igitur
3137 3186 3343 3240 crebris
3384 3187 3548 3240 micat
3575 3187 3789 3257 ignibus

2125 3262 2169 3324 C
2200 3275 2386 3337 :etber,
2424 3282 2479 3328 et
2507 3274 2559 3328 in
2606 3274 2717 3328 ictu
2760 3274 2902 3329 oeuli
2943 3286 3105 3344 atque
3150 3283 3421 3330 momento
3472 3276 3787 3331 discurrunt

2196 3362 2403 3435 fulgora
2430 3374 2484 3419 et
2512 3373 2877 3429 revertuntur,
2914 3380 3019 3419 non
3065 3365 3365 3423 amittentia
3395 3368 3700 3432 matricem,
3734 3380 3787 3421 et

2195 3464 2251 3510 ut
2282 3456 2352 3509 ita
2391 3456 2591 3522 dicam,
2634 3456 2832 3510 fontem
2866 3457 3004 3526 ignis
3032 3466 3192 3526 atque
3235 3458 3515 3512 materiam
3556 3478 3567 3512 :
3618 3462 3695 3514 ita
3735 3471 3789 3514 et

2194 3548 2307 3601 haec
2334 3546 2581 3601 animalia
2630 3562 2751 3601 eum
2780 3546 3041 3601 inoffenso
3064 3557 3287 3618 pergant
3315 3550 3471 3617 pede,
3503 3550 3569 3603 ad
3601 3553 3783 3620 priora

2192 3634 2471 3691 festinant.
2532 3636 2587 3691 Si
2618 3646 2795 3692 autem
2825 3639 3040 3692 conatui
3070 3653 3168 3692 suo
3198 3638 3397 3708 aliquid
3432 3641 3665 3694 obsitum
3701 3642 3783 3696 vl-

2192 3728 2390 3792 derint,
2421 3744 2524 3782 non
2557 3737 2661 3782 tam
2690 3738 3051 3795 revertuntur,
3108 3747 3266 3800 quam
3294 3742 3484 3786 contra
3529 3734 3676 3789 hunc
3724 3748 3786 3789 se

2190 3819 2528 3873 ostendenda
2559 3834 2774 3873 rursum
2819 3829 2873 3873 et
2911 3820 3202 3889 praebitura
3241 3821 3445 3887 lumen,
3493 3824 3636 3892 quod
3690 3840 3787 3893 pa-

2191 3924 2409 3979 rumper
2461 3911 2877 3976 absconderant,
2927 3921 2986 3967 ut
3029 3912 3158 3967 dent
3213 3913 3385 3968 servis
3439 3915 3668 3977 cibaria.
3727 3916 3782 3969 in

2192 4008 2428 4069 tempore
2475 4014 2592 4063 suo,
2644 4014 2742 4055 nec
2790 4001 3028 4056 tribuant
3075 4010 3320 4057 sanetum
3359 4004 3620 4067 canibus,
3680 4022 3785 4060 nec

2189 4089 2406 4142 mittant
2458 4091 2781 4160 margaritas
2829 4100 2952 4146 ante
2998 4105 3193 4161 porcos
3224 4091 3375 4162 (Luc.
3435 4109 3543 4159 xu;
3578 4094 3782 4149 Matth.

2188 4180 2306 4249 vn).
2342 4178 2489 4234 Unde
2513 4178 2789 4234 et‘Paulus
2818 4180 2947 4235 dicit
2974 4198 2985 4233 :
3026 4201 3043 4232 ‹
3076 4180 3186 4235 Lac
3219 4182 3369 4236 vobis
3412 4190 3600 4251 potum
3629 4184 3781 4249 dedi,

2187 4284 2293 4323 non
2338 4284 2549 4334 eseam,
2602 4271 2828 4324 necdum
2883 4271 3027 4324 enim
3057 4287 3247 4341 capere
3275 4273 3539 4342 poteratis
3567 4272 3616 4344 (1
3652 4272 3781 4327 Cor.

2187 4359 2290 4431 ιιι).
2326 4379 2343 4409 ι
2372 4359 2682 4428 Electioque
2722 4358 2872 4415 Juda:
2895 4368 2948 4415 et
2976 4360 3153 4417 Saulis
3182 4365 3362 4418 unctio
3404 4379 3511 4417 non
3540 4374 3785 4434 arguunt

2187 4447 2353 4501 Deum
2385 4449 2705 4519 ignorantia:
2744 4449 3068 4515 futurorum,
3110 4453 3202 4507 sed
3232 4454 3575 4522 praesentium
3621 4470 3781 4509 mon~

2185 4546 2359 4593 strant
2401 4536 2800 4605 essejudicem.
2849 4539 2999 4595 Unde
3048 4548 3103 4594 et
3155 4542 3413 4610 apostolis
3460 4543 3786 4611 prmeipitur

2187 4627 2397 4698 (Matth.
2430 4629 2507 4700 Χ),
2550 4638 2605 4681 ut
2631 4631 2675 4683 si
2723 4630 2995 4697 indignam
3038 4630 3254 4685 domum
3298 4631 3625 4687 salutatione
3655 4649 3785 4702 pcr-

2185 4718 2486 4785 spexerint,
2518 4718 2794 4774 excutiant
2821 4720 2972 4788 prius
3001 4719 3163 4790 pedes
3188 4760 3201 4784 ,
3248 4729 3303 4774 et
3330 4735 3431 4789 pax
3460 4734 3628 4789 quam
3683 4721 3785 4776 do.

2186 4807 2295 4859 mui
2323 4806 2579 4861 dederant
2613 4817 2910 4863 revertetur
2954 4811 3019 4865 ad
3060 4825 3172 4864 eos.
3204 4807 3406 4882 (Greg.)
3438 4810 3570 4864 Cum
3608 4825 3783 4879 supc-

2186 4899 2299 4951 rius
2350 4898 2549 4952 dictum
2580 4909 2680 4963 est,
2718 4920 2737 4951 ι
2783 4916 2887 4955 non
2929 4904 3334 4957 revertebantur
3362 4917 3485 4956 eum
3525 4903 3783 4957 ambula-

2192 4997 2329 5051 rent,
2362 5008 2378 5037 ι
2420 5005 2523 5059 qtta
2556 4992 2761 5045 ratione
2787 5008 2928 5047 nunc
2951 4994 3181 5047 dicitur:
3217 4993 3512 5049 «Animalia
3535 4992 3704 5051 ibant
3730 5008 3785 5050 et

2183 5077 2609 5142 revertebantur,
2642 5098 2659 5132 ι
2687 5080 2839 5135 valde
2860 5081 2961 5136 sibi
2984 5082 3100 5136 ltazc
3122 5082 3375 5137 videntur
3395 5097 3515 5139 esse
3544 5098 3783 5140 contra-

2182 5166 2281 5216 ria.
2306 5164 2439 5230 Quia
2470 5185 2487 5217 ι
2513 5166 2679 5233 ibant,
2707 5177 2759 5222 et
2782 5183 2889 5222 non
2910 5170 3383 5235 revertebantur”
3407 5182 3463 5226 et
3495 5193 3512 5224 ι
3540 5173 3706 5228 ibant
3729 5185 3783 5227 et

2183 5256 2605 5311 revertebantur.
2641 5277 2658 5309 ο
2685 5257 2791 5313 Sed
2820 5260 3049 5327 qualiter
3071 5252 3472 5331 intelligendum
3488 5263 3583 5326 sit,
3608 5265 3781 5320 citius

2180 5348 2541 5415 agnoscimus,
2590 5351 2633 5404 si
2664 5351 2798 5405 duas
2829 5351 2984 5417 vitas,
3031 5353 3262 5406 activam
3302 5353 3507 5408 scilicet
3542 5364 3606 5408 et
3638 5370 3779 5410 con-

2182 5438 2543 5506 templativam
2577 5441 2804 5495 sollicite
2849 5444 3239 5499 diseemamus.
3286 5445 3343 5499 ln
3366 5460 3471 5499 una
3494 5447 3652 5500 enim
3686 5448 3788 5502 ﬁxi

2180 5542 2494 5593 permanere
2547 5546 2847 5600 possumus.
2918 5533 2973 5586 ln
3031 5534 3200 5587 altera
3268 5543 3443 5589 autem
3494 5536 3781 5591 intentam

2181 5628 2410 5671 mentem
2447 5630 2626 5675 tenere
2654 5623 2797 5677 nttllo
2828 5626 2984 5678 modo
3010 5624 3265 5679 valemus.
3317 5625 3449 5679 Cum
3477 5627 3636 5682 enim
3669 5638 3783 5685 tor-

2180 5723 2362 5774 porem
2389 5720 2629 5764 nostrum
2660 5713 3032 5782 relinquimus,
3066 5732 3267 5785 nosque
3304 5718 3448 5787 ipsos
3494 5719 3565 5771 ad
3616 5722 3783 5775 bona:

2179 5800 2505 5865 operationis
2559 5804 2789 5857 studium
2823 5806 3165 5872 suscitatnus,
3222 5824 3325 5876 quo
3379 5810 3502 5863 alibi
3546 5811 3665 5867 nisi
3711 5814 3780 5870 ad
