3948 6350
485 405 594 461 ἲὶἳῚ

1133 397 1196 451 Β.
1238 392 1489 450 RABANI
1533 388 1748 445 MAURI
1788 385 2106 442 ARCHIEP.
2151 383 2459 440 MOGUNT.
2500 380 2784 438 OPERUM
2822 379 3003 436 PARS
3039 380 3102 435 ll.

3647 375 3760 432 5‘28

490 513 723 568 habeant
750 511 800 564 in
825 507 934 563 suis
958 506 1110 569 locis,
1146 519 1247 556 non
1272 502 1429 572 hujus
1450 506 1531 554 est
1555 496 1831 566 temporis.
1868 495 2062 547 Totum
2096 497 2137 554 Λ
2169 494 2327 560 paulo
2353 502 2468 562 post
2499 491 2828 559 adjnngitur,
2853 492 3034 558 «quasi
3063 491 3133 544 sit
3157 502 3272 544 rota
3296 493 3346 544 in
3375 491 3548 544 medio
3571 500 3761 552 rem,»

493 613 672 657 autem
705 613 898 668 corpus
927 606 978 648 et
1029 595 1186 646 dorsa
1225 593 1379 661 plena
1409 588 1580 644 oculis
1608 583 1946 656 approbabit,
1978 581 2067 650 qui

494 689 688 744 viderit
715 686 845 741 nihil
895 699 1015 739 esse
1054 683 1103 735 in
1128 679 1431 750 Evangeliis
1460 675 1600 746 quod
1635 689 1741 729 non
1773 672 1968 736 luceat,
2020 680 2074 724 et

494 779 776 849 splendore
789 789 886 830 suo
907 772 1163 828 mttndum
1189 769 1479 834 illuminet;
1505 775 1562 820 ut
1581 766 1744 819 etiam
1771 777 1889 831 qua!
1909 777 2074 831 parva

497 877 757 932 putantur
782 875 836 920 ct
866 863 1011 927 vilia,
1037 860 1270 930 Spiritus
1293 857 1463 914 sancti
1507 855 1744 926 fulgeant
1774 851 2071 921 majestate.

496 955 702 1030 (Creg.)
733 941 998 1024 Propheta
1026 952 1190 1022 igitur
1214 950 1340 1004 dmn
1362 954 1547 1003 sancta
1571 942 1820 998 animalia
1849 941 2076 1009 videret,

499 1048 741 1119 adjnuxit
771 1043 1073 1112 :4Cnmque
1131 1040 1426 1109 aspicerem
1478 1033 1731 1087 animalia
1763 1073 1777 1096 ,
1832 1029 2083 1100 apparuit

501 1148 614 1194 rota
641 1152 744 1189 una
790 1149 952 1203 super
994 1140 1214 1186 terram.
1235 1127 1389 1195 iQua
1422 1125 1473 1180 in
1509 1140 1566 1178 re
1596 1123 1941 1194 quaerendum
1975 1130 2078 1183 est,

499 1245 620 1284 cum
666 1225 891 1281 inferius
921 1231 1052 1277 rotzc
1079 1219 1472 1280 describantur,
1504 1232 1601 1270 cur
1633 1229 1737 1268 una
1778 1220 1891 1265 rota
1932 1211 2083 1281 prius

500 1317 816 1387 apparuisse
854 1314 1069 1376 dicitur,
1119 1309 1220 1363 nisi
1275 1307 1400 1377 quia
1444 1306 1664 1374 antiquo
1698 1303 1902 1374 populo
1930 1310 2084 1355 vetus

500 1405 836 1462 solummodo
849 1403 1250 1458 Testamentum
1280 1399 1460 1452 datum
1477 1406 1580 1462 est,
1596 1396 1736 1465 quod
1761 1395 1825 1448 ad
1840 1394 2086 1448 erudien-

503 1501 622 1552 dam
652 1504 884 1551 mentem
928 1493 1070 1548 illius
1104 1490 1255 1561 quasi
1289 1497 1404 1542 rota
1438 1485 1773 1542 volveretur?
1804 1484 1946 1539 Bene
1993 1499 2088 1537 au-

503 1600 610 1643 tem
662 1595 776 1641 rota
827 1584 1014 1640 eadem
1064 1596 1229 1651 super
1277 1588 1476 1633 terram
1509 1577 1824 1648 apparuisse
1867 1575 2085 1638 dicitur,

504 1677 746 1748 peccanti
790 1683 967 1729 autem
991 1669 1182 1744 [enim]
1227 1668 1430 1725 homini
1457 1666 1661 1722 dictum
1703 1675 1825 1720 est:
1866 1685 1882 1715 ι
1919 1663 2085 1717 Terra

503 1784 582 1830 es,
623 1776 676 1820 et
707 1767 759 1820 in
787 1775 982 1819 terram
1009 1762 1111 1817 ibis
1136 1759 1288 1832 (Gen.
1345 1757 1450 1830 ιιι).
1477 1778 1494 1810 ι
1527 1758 1664 1813 Rota
1714 1764 1893 1810 autem
1929 1768 2090 1824 super

2173 585 2276 637 nisi
2309 585 2452 652 quod
2483 583 2534 636 in
2561 583 2893 636 Testamenti
2920 583 3118 637 veteris
3151 583 3327 636 littera
3353 581 3765 636 'l‘estauientnni

2175 690 2370 729 novum
2404 675 2557 727 latuit
2608 689 2704 743 per
2732 673 3087 743 allegoriam?
3131 675 3280 729 Unde
3306 685 3362 728 et
3403 681 3518 726 rota
3549 673 3767 734 eadem,

2175 784 2293 837 qua:
2316 769 2470 836 juxta
2503 767 2754 821 animalia
2788 769 3054 835 apparuit,
3107 777 3340 837 quatuor
3366 767 3531 821 facies
3562 767 3768 819 habere

2178 858 2516 919 describitur,
2551 857 2675 925 quia
2710 855 2991 926 Scriptura
3031 873 3185 912 sacra
3218 874 3314 926 per
3343 866 3568 925 utraque
3602 865 3766 908 testa-

2180 959 2356 1003 menta
2409 949 2460 1002 in
2499 957 2732 1016 quatuor
2766 948 3008 1017 partibus
3041 959 3126 1003 est
3177 949 3450 1003 distincta.
3491 947 3659 1001 Vetus
3687 959 3768 1001 ct-

2179 1041 2322 1093 enim
2350 1038 2754 1094 Testamentum
2779 1038 2830 1091 in
2858 1039 2973 1109 lege
2998 1047 3054 1093 et
3079 1039 3385 1108 prophetia,
3417 1054 3615 1092 novum
3643 1053 3771 1092 vero

2183 1132 2234 1184 in
2266 1129 2566 1200 Evangeliis
2611 1138 2772 1198 atque
2826 1129 3188 1197 apostolorum
3225 1130 3450 1184 Actibus
3479 1139 3533 1182 et
3586 1127 3766 1182 dictis.

2186 1221 2366 1276 Scitur
2394 1230 2598 1285 autem,
2649 1221 2772 1288 quia
2804 1220 2875 1272 ibi
2907 1218 3094 1274 faciem
3125 1220 3470 1281 intendimus,
3505 1219 3592 1272 ubi
3627 1219 3773 1286 quod

2187 1327 2409 1366 necesse
2442 1320 2526 1365 est
2572 1311 2834 1365 videmus.
2891 1309 3030 1363 Rota
3080 1323 3208 1378 ergo
3242 1317 3475 1378 quatuor
3492 1309 3664 1362 habet
3692 1308 3773 1359 fa-

2187 1403 2320 1465 cies,
2353 1401 2478 1471 quia
2507 1400 2656 1469 prius
2691 1399 2982 1454 resecanda
3013 1401 3151 1454 mala
3180 1401 3232 1454 in
3267 1400 3475 1470 populis
3504 1399 3628 1452 vidit
3678 1413 3774 1466 per

2188 1492 2383 1562 legem,
2433 1492 2773 1561 postmodum
2816 1492 2950 1546 vidit
3005 1507 3103 1564 per
3150 1492 3474 1561 prophetas,
3528 1484 3777 1544 subtilius

2190 1594 2318 1633 vero
2367 1594 2462 1649 per
2510 1578 2901 1651 Evangelium;
2967 1579 3034 1633 ad
3088 1587 3390 1633 extremum
3444 1587 3626 1633 autem
3684 1590 3779 1648 per

2193 1670 2461 1740 apostolos
2504 1685 2566 1723 ea
2625 1686 2744 1739 quae
2789 1671 2841 1723 in
2885 1669 3056 1738 culpis
3097 1670 3373 1724 hominum
3401 1679 3784 1723 resecat-untur

2193 1762 2422 1831 aspexit.
2452 1760 2638 1816 Potest
2659 1772 2872 1829 quoque
2914 1758 3161 1827 intelligi,
3188 1757 3331 1827 quod
3361 1766 3591 1828 quatuor
3620 1758 3784 1812 facies

507 1867 706 1911 terram
733 1853 1001 1924 apparuit,
1038 1851 1162 1920 quia
1194 1849 1337 1904 Deus
1368 1848 1712 1917 omnipotens
1738 1844 1910 1916 legem
1942 1857 2103 1914 super
2134 1840 2176 1898 ll
2208 1863 2325 1907 rota
2363 1853 2619 1916 habebat,
2648 1859 2867 1922 propter
2891 1850 2995 1904 hoc
3017 1849 3158 1918 quod
3193 1847 3471 1918 Scriptura
3502 1863 3658 1903 sacra
3688 1863 3786 1918 per

507 1945 666 1998 corda
690 1942 1026 2014 pecmutium
1057 1939 1219 1994 dedit.
1267 1937 1372 1992 Sed
1415 1936 1536 2006 quia
1569 1935 1685 1989 haec
1713 1941 1947 2003 pennata
1989 1931 2101 1984 ani-

510 2037 666 2091 malia
698 2044 934 2097 sanctos,
983 2038 1039 2085 ut
1075 2030 1338 2093 diximus,
1389 2027 1749 2098 evangelistas
1793 2025 2097 2094 designant,

510 2125 777 2195 quomodo
823 2123 973 2192 prius
1011 2119 1287 2182 animalia,
1343 2127 1397 2172 ct
1444 2116 1784 2187 postmodum
1845 2126 1962 2169 rota
1994 2128 2101 2166 una

511 2217 789 2288 aspicitur.
837 2215 962 2268 dum
1005 2220 1129 2266 ante
1175 2217 1555 2265 testamentum
1609 2218 1766 2263 vetus
1815 2206 2011 2272 fuerit,
2049 2212 2104 2259 et

513 2309 854 2382 postmodum
890 2305 1060 2360 sancti
1107 2301 1450 2373 evangelista:
1475 2300 1646 2355 secuti
1683 2298 1852 2354 sunt?
1885 2296 1991 2352 Sed
2023 2296 2103 2350 in-

514 2403 753 2470 telligere
802 2399 854 2452 in
903 2397 987 2452 his
1028 2409 1347 2465 possumus,
1394 2393 1537 2462 quod
1587 2392 1661 2445 illi
1713 2391 1866 2461 prius
1909 2404 1940 2443 a
1979 2403 2103 2457 pro-

517 2495 678 2564 pheta
700 2490 800 2544 visi
824 2497 970 2550 sunt,
994 2485 1084 2556 qui
1102 2484 1294 2539 merito
1319 2482 1726 2538 transcendunt.
1747 2479 1881 2534 Nam
1903 2487 2102 2548 quanto

517 2585 576 2639 S.
609 2579 956 2650 Evangelium
1002 2576 1408 2631 Testamentum
1437 2582 1594 2628 vetus
1629 2571 1905 2642 przecellit,
1955 2578 2104 2623 tanto

515 2682 572 2728 et
600 2671 981 2742 prtedicatores
1006 2665 1120 2734 ejus
1152 2666 1206 2720 in
1242 2664 1603 2733 descriptione
1627 2660 1939 2732 prophetica
1968 2675 2106 2729 pra:-

518 2763 648 2820 ferri
685 2761 1020 2814 debuerunt:
1056 2757 1306 2826 quamvis
1338 2755 1410 2811 sit
1441 2755 1616 2810 adhuc
1665 2753 1830 2816 aliud,
1876 2753 2017 2821 quod
2051 2753 2102 2804 in

520 2857 621 2911 hac
648 2850 1006 2920 descriptione
1033 2846 1365 2904 considerari
1387 2845 1599 2900 debeat.
1655 2844 1788 2910 Quia
1813 2842 2104 2913 prophetiae

521 2943 744 3014 spiritus
772 2939 850 2996 sic
883 2939 1024 2994 intra
1058 2937 1406 3006 semetipsum
1435 2935 1705 2989 anteriora
1733 2942 1787 2988 et
1809 2933 2102 3002 posti-riora

525 3035 681 3090 simul
704 3033 923 3104 colligit,
949 3041 1010 3084 ut
1035 3029 1193 3085 simul
1221 3031 1334 3084 hinc
1355 3028 1630 3099 prophetae
1656 3026 1834 3095 lingua
1865 3025 2106 3094 proferre

525 3143 630 3181 non
655 3125 843 3195 possit,
872 3125 964 3176 sed
981 3120 1156 3190 ampla
1179 3134 1298 3189 qua:
1319 3119 1464 3173 videt
1488 3120 1554 3172 de
1578 3116 1876 3186 dispertitis
1902 3130 2104 3168 sermo-

2201 1942 2427 2013 gratiam
2480 1938 2877 2012 praedicationis
2933 1946 3152 1993 extensa
3202 1937 3254 1991 in
3304 1948 3538 2007 quatuor
3596 1936 3780 1990 mundi

2200 2046 2381 2108 partes
2416 2037 2668 2092 innotuit.
2703 2035 2856 2092 Unde
2893 2045 2947 2089 et
2976 2035 3114 2089 bene
3141 2037 3327 2088 eadem
3361 2044 3476 2087 rota
3505 2048 3608 2086 una
3641 2032 3786 2100 prius

2195 2125 2352 2196 juxta
2400 2127 2651 2187 animalia
2699 2126 3050 2202 apparuisse,
3078 2133 3132 2178 et
3171 2124 3514 2194 postmodum
3557 2131 3786 2191 quatuor

2201 2217 2368 2272 facies
2403 2217 2657 2273 habuisse
2685 2217 3009 2272 describitur
3029 2256 3042 2281 ,
3068 2216 3191 2286 quia
3221 2215 3322 2269 nisi
3374 2215 3460 2269 lex
3498 2212 3787 2282 Evangelio

2203 2307 2556 2364 concordaret
2586 2308 2638 2360 in
2669 2314 2901 2377 quatuor
2941 2307 3123 2360 mundi
3157 2305 3419 2374 partibus,
3446 2320 3550 2357 non
3579 2302 3806 2356 innoteo'

2205 2407 2397 2455 sceret.
2435 2417 2453 2450 ‹
2490 2397 2556 2452 Ει
2581 2406 2833 2468 aspectus
2861 2405 3098 2451 rotarum
3130 2406 3183 2450 et
3219 2411 3352 2464 opus
3395 2409 3582 2449 earum
3637 2391 3789 2462 quasi

2202 2490 2341 2544 visio
2371 2489 2555 2542 maris.
2591 2507 2610 2541 ι
2650 2489 2813 2543 Recte
2839 2502 2992 2542 sacra
3019 2488 3233 2556 eloquia
3263 2487 3458 2541 visioni
3504 2485 3674 2540 maris
3714 2484 3788 2538 si-

2205 2580 2351 2634 milia
2401 2586 2716 2646 narrantur,
2750 2577 2977 2648 quiavin
3027 2577 3106 2630 eis
3156 2591 3349 2646 magna
3401 2584 3529 2630 sunt
3574 2573 3791 2627 flumina

2205 2669 2614 2732 sententiarum,
2632 2667 2828 2722 cumuli
2848 2682 3121 2722 sensuum.
3139 2666 3248 2721 Nec
3278 2666 3544 2719 immerito
3572 2665 3706 2718 mari
3725 2664 3794 2718 si-

2207 2761 2347 2816 milis
2371 2760 2648 2829 Scriptura
2668 2775 2818 2814 sacra
2843 2759 3058 2824 dicitur,
3075 2759 3197 2827 quia
3224 2758 3506 2811 ﬁrmantur
3521 2756 3573 2810 in
3595 2770 3658 2809 ea
3675 2771 3796 2810 sen-

2208 2853 2386 2907 tentia:
2422 2850 2706 2906 locutionis
2750 2849 3471 2920 saeramento'baptismatis.
3509 2847 3600 2901 Vel
3653 2857 3798 2900 certe

2205 2940 2646 2995 considerandum
2674 2948 2777 3003 est,
2801 2940 2925 3008 quia
2955 2940 3182 2994 navibus
3212 2939 3263 2992 in
3288 2952 3434 2990 mare
3461 2936 3794 3007 navigamus.

2206 3049 2327 3087 cum
2351 3032 2416 3085 ad
2438 3027 2781 3087 desideratas
2797 3031 3268 3086 terrastendimus.
3294 3029 3457 3084 Nobis
3473 3037 3650 3081 autem
3673 3027 3799 3096 quid

2211 3125 2370 3181 estin
2403 3125 2665 3180 desiderio
2700 3125 2800 3187 nisi
2835 3124 2920 3179 illa
2955 3133 3096 3180 terra
3118 3165 3131 3187 ,
3165 3124 3228 3178 de
3253 3118 3638 3193 qua'seriptum
3676 3131 3756 3176 est
3785 3139 3796 3173 :

527 3216 682 3270 nibus
709 3219 941 3276 emanat,
969 3219 1023 3266 et
1054 3226 1197 3266 nunc
1226 3209 1411 3264 ultima
1443 3214 1564 3279 post
1584 3206 1758 3277 prima
1779 3245 1792 3269 ,
1818 3220 1960 3259 nunc
1983 3219 2109 3257 vero

2227 3237 2244 3268 ι
2283 3217 2465 3270 Portio
2491 3231 2609 3270 mea
2641 3219 2691 3269 in
2721 3225 2861 3269 terra
2903 3216 3202 3271 viventium
3243 3212 3417 3286 (Psal.
3448 3213 3612 3282 cui).
3659 3231 3678 3264 ι
3715 3212 3804 3265 Li-

524 3310 697 3378 prima
721 3315 844 3376 post
883 3305 1070 3359 ultima
1111 3304 1366 3373 loquitur.
1405 3302 1554 3359 Unde
1581 3299 1828 3355 Ezechiel
1853 3299 2111 3368 propheta

526 3400 628 3454 sub
666 3397 836 3464 ﬁgura
875 3402 1078 3448 sanctae
1103 3392 1425 3448 universalis
1472 3390 1728 3446 Ecclesiae
1767 3386 2114 3464 etcvangeli-

527 3497 735 3542 starum
775 3483 1018 3554 gloriam~
1049 3496 1147 3551 per
1186 3491 1416 3551 quatuor
1454 3479 1766 3533 animalium
1809 3476 2117 3532 similitudi-

534 3591 656 3631 nem
692 3575 853 3638 videt,
877 3583 930 3626 et
959 3582 1136 3626 tamen
1181 3581 1402 3640 repente
1429 3570 1516 3625 illa
1557 3568 1848 3638 subjungit,
1878 3581 1995 3635 quae
2025 3583 2119 3619 an-

535 3666 820 3722 teriuribus
852 3663 1185 3733 temporibus
1225 3670 1374 3732 gesta
1404 3668 1550 3722 sunt,
1604 3669 1662 3712 ut
1696 3666 1942 3727 patenter
1983 3657 2119 3710 iudi-

531 3765 618 3809 cet
671 3753 829 3807 simul
875 3767 934 3807 se
962 3750 1188 3812 vidisse,
1234 3749 1377 3818 quod
1405 3747 1586 3802 carnis
1616 3733 1794 3816 lingua
1829 3761 1932 3798 non
1970 3743 2116 3798 sulli-

532 3855 679 3902 ceret
704 3845 860 3899 simul
895 3843 1094 3898 dicere.
1134 3841 1270 3907 Quia
1315 3855 1442 3893 vero
1475 3854 1570 3908 per
1595 3848 1828 3908 quatuor
1868 3835 2120 3888 animalia

535 3937 699 3990 etiam
733 3933 1002 4003 perfectos
1026 3947 1214 3986 omnes
1245 3929 1538 3996 signiticari
1584 3928 1847 3991 diximus,
1878 3927 2123 3980 conside-

539 4025 764 4078 randum
806 4036 1020 4091 quoque
1077 4030 1159 4073 est
1209 4020 1468 4088 quosdam
1521 4025 1861 4080 sanctorum,
1906 4025 1959 4068 et
2000 4025 2124 4069 ante

540 4116 708 4183 legem
754 4111 951 4176 fuisse,
1008 4111 1098 4180 qui
1153 4109 1382 4163 naturali
1433 4108 1548 4177 lege
1580 4107 1826 4161 districte
1861 4106 2123 4169 viverent,

539 4215 592 4259 et
616 4201 965 4272 omnipotenti
999 4201 1223 4255 Domino
1257 4199 1552 4267 placerent.
1584 4195 1973 4251 l’ostanimalia
1998 4210 2126 4264 ergo

546 4303 664 4348 rota
701 4292 1057 4352 describitur,
1101 4290 1227 4358 quia
1275 4289 1572 4343 electorum
1605 4287 1757 4342 multi
1791 4286 1932 4356 apud
1955 4285 2128 4338 omni-

546 4393 818 4453 potentem
877 4381 1041 4435 lleum
1093 4378 1315 4447 perfecti
1363 4387 1436 4432 et.
1483 4385 1608 4430 ante
1648 4376 1820 4447 legem
1888 4373 2123 4428 fuerunt.

546 4476 639 4529 Sin
689 4488 817 4528 vero
873 4472 1124 4526 animalia
1172 4471 1353 4533 solos,
1405 4477 1464 4522 ut
1498 4465 2129 4535 diximus,Ev.mgelistas

2216 3320 2321 3375 guo
2364 3314 2540 3357 autem
2564 3346 2576 3370 ,
2610 3314 2667 3358 ut
2697 3305 2830 3367 dixi,
2887 3305 3153 3367 evehitur,
3185 3301 3277 3372 qui
3308 3317 3456 3356 mare
3505 3301 3719 3363 transit,
3751 3311 3803 3354 et

2217 3395 2418 3450 scimus
2441 3396 2566 3463 quia
2592 3393 2867 3464 Scriptura
2893 3409 3045 3449 sacra
3068 3393 3268 3463 lignum
3296 3392 3474 3446 erucis
3497 3405 3595 3460 per
3635 3389 3802 3458 legem

2218 3485 2372 3538 nobis
2425 3486 2746 3554 prmnuntiat
2773 3527 2786 3549 ,
2825 3502 2946 3538 cum
2995 3486 3164 3538 dicit:
3203 3503 3222 3534 ς
3258 3483 3574 3538 Μειιεάἱοιιιε
3627 3483 3802 3537 omnis

2219 3577 2307 3644 qui
2337 3575 2532 3644 pendet
2581 3576 2631 3629 in
2667 3575 2807 3647 ligno
2833 3577 3010 3645 (Deut.
3041 3576 3175 3647 xxi).
3215 3596 3231 3627 ι
3267 3575 3417 3645 Quod
3455 3575 3802 3645 Redemptori

2222 3678 2407 3721 nostro
2444 3667 2640 3721 Paulus
2666 3676 2950 3720 attestatur
2979 3669 3199 3722 dicens:
3244 3685 3262 3717 ‹
3295 3666 3494 3720 Factus
3520 3681 3617 3736 pro
3650 3667 3802 3719 nobis

2222 3757 2565 3811 maledictum
2607 3755 2748 3826 (Gal.
2795 3757 2912 3826 lli),
2953 3778 2970 3810 ι
3018 3775 3112 3827 per
3150 3759 3441 3827 prophetas
3473 3773 3688 3826 quoque
3731 3757 3793 3808 li-

2224 3861 2386 3914 gnum
2421 3847 2733 3909 annimtiat,
2759 3862 2880 3898 cum
2914 3845 3086 3900 dicit:
3121 3865 3138 3896 ι
3177 3846 3441 3900 Dominus
3488 3848 3734 3915 regnavit
3771 3863 3799 3898 ει

2225 3938 2370 4007 ligno
2395 3938 2566 4010 (Psal.
2586 3943 2726 4012 xcv).
2762 3961 2778 3993 ι
2816 3941 2883 3995 Et
2909 3957 3119 3996 rursum
3148 3960 3160 3994 :
3185 3963 3202 3991 ι
3225 3942 3498 3996 Mittamus
3522 3942 3724 4012 lignum
3750 3944 3798 3995 in

2245 4038 2382 4092 pane
2403 4025 2521 4091 ejus
2547 4023 2681 4094 (λεν.
2714 4026 2790 4091 xi)
2844 4044 2862 4077 ι
2903 4027 3005 4082 Per
3031 4027 3384 4097 Evangelium
3427 4044 3553 4083 vero
3599 4029 3800 4098 lignum

2244 4114 2423 4169 crucis
2442 4128 2624 4182 aperte
2645 4115 2973 4184 ostenditur,
2991 4117 3080 4172 ubi
3103 4119 3215 4186 ipsa
3237 4101 3443 4173 Domitii
3464 4120 3666 4188 passio,
3689 4137 3803 4186 quze

2244 4207 2560 4274 prophetata
2591 4215 2694 4268 est,
2725 4206 3047 4262 declaratur.
3077 4210 3210 4263 llota
3235 4223 3363 4275 ergo
3400 4212 3451 4262 in
3471 4210 3649 4264 medio
3678 4223 3803 4264 rota:

2243 4305 2348 4357 est,
2381 4297 2505 4364 quia
2537 4297 2678 4349 inest
2711 4297 3058 4353 Testamento
3078 4301 3248 4355 veteri
3279 4301 3685 4354 Testamentum
3715 4315 3804 4353 uo-

2243 4400 2390 4438 vnm.
2423 4385 2502 4448 Et,
2525 4388 2668 4440 sicut
2685 4403 2826 4455 siepe
2843 4389 2952 4458 jam
2973 4391 3229 4454 diximus,
3255 4394 3395 4460 quod
3417 4402 3800 4446 testamentum

2246 4489 2397 4533 vetns
2419 4482 2686 4547 promisit,
2731 4482 2836 4535 hoc
2870 4497 3066 4535 novum
3093 4485 3357 4536 exhibuit.
3391 4486 3452 4537 Et
3489 4486 3629 4550 quod
3672 4485 3799 4536 illud

547 4565 802 4618 debemus
825 4563 1095 4631 accipere,
1123 4569 1206 4612 est
1234 4561 1408 4613 adlmc
1433 4558 1596 4619 aliud,
1622 4557 1762 4625 quod
1789 4556 2131 4609 considerare
2163 4537 2211 4593 ἶ)
2235 4537 2442 4617 occulte
2481 4537 2762 4619 adnuntiat
2786 4605 2799 4631 ,
2842 4566 2945 4622 hoc
2986 4567 3129 4621 istud
3157 4567 3454 4622 exhibitum
3483 4537 3666 4635 aperte
3711 4568 3812 4621 ριη-

549 4654 822 4707 debemus.
855 4653 1080 4704 Videbat
1115 4651 1256 4703 enim
1286 4657 1507 4702 sanctus
1544 4647 1819 4716 propheta,
1853 4645 1975 4712 quia
2020 4644 2132 4696 hzec

552 4747 664 4812 ipsa
691 4743 889 4807 verba,
932 4756 1050 4808 qme
1072 4740 1492 4794 obscuritatibus
1523 4737 1770 4792 obvoluta
1805 4736 2132 4804 prolerelmt,

554 4849 658 4889 tton
693 4832 910 4900 judaieo
937 4831 1130 4900 populo
1156 4869 1172 4894 ,
1203 4829 1295 4884 sed
1319 4830 1567 4900 gentibus
1599 4829 1984 4896 panderentur.
2023 4826 2130 4880 No-

554 4926 636 4980 bis
661 4924 823 4990 igitur
871 4923 1114 4991 loquens,
1168 4921 1317 4990 prius
1363 4921 1640 4983 animalia,
1693 4929 1748 4973 et
1793 4927 1913 4988 post
1957 4928 2131 4973 rotam

558 5015 865 5070 describere
901 5015 1104 5078 debuit,
1149 5015 1273 5083 quia
1319 5029 1417 5068 nos
1463 5014 1529 5067 ad
1575 5012 1730 5065 fidem
1769 5012 1995 5066 Domino
2025 5010 2135 5063 lar-

560 5109 737 5175 giente
785 5108 1090 5166 venientes,
1143 5123 1244 5159 non
1277 5122 1372 5175 per
1401 5106 1568 5175 legem
1611 5104 1954 5173 Evangelium
1982 5145 1996 5169 ,
2045 5105 2138 5158 sed

563 5210 656 5263 per
689 5203 931 5250 sanctum
964 5196 1309 5264 Evangelium
1342 5196 1508 5266 legem
1531 5195 1836 5249 didicimus.
1875 5195 1977 5249 Ubi
2014 5210 2138 5247 veru

565 5284 643 5337 vel
667 5285 841 5354 qualis
863 5297 976 5339 rcta
1006 5287 1312 5354 apparuerit
1332 5285 1591 5353 adjungit,
1613 5300 1735 5340 cum
1759 5285 1917 5338 dicit:
1945 5303 1961 5334 ι
1984 5283 2141 5338 Juxta

563 5373 818 5426 animalia
873 5374 1072 5429 habens
1101 5387 1331 5444 quatuor
1386 5375 1568 5430 facies.
1610 5393 1627 5426 ι
1693 5375 1790 5430 Ubi
1823 5375 1998 5429 adhuc
2019 5375 2146 5428 sub-

567 5463 644 5516 dit
676 5480 688 5514 :
758 5482 775 5512 ι
813 5463 880 5517 Ει
905 5475 1154 5532 aspectus
1194 5475 1456 5528 rotarum,
1505 5474 1559 5519 et
1589 5479 1723 5534 opus
1753 5481 1939 5517 earum
1992 5465 2142 5533 quasi

571 5553 704 5607 visio
742 5556 942 5618 maris,
987 5566 1041 5608 et
1070 5571 1170 5607 una
1217 5557 1512 5610 similitudo
1555 5555 1790 5624 ipsarum
1834 5564 2065 5624 quatuor
2094 5563 2148 5609 et

574 5653 819 5710 aspectus
865 5660 1050 5699 earum
1117 5655 1172 5699 et
1222 5661 1383 5714 opera
1435 5645 1587 5714 quasi
1620 5645 1691 5698 sit
1743 5655 1857 5698 rota
1889 5646 1940 5698 in
1973 5646 2146 5699 medio

575 5745 723 5788 rotae.
767 5755 782 5784 ›
840 5738 975 5801 Quid
1003 5747 1082 5790 cst
1113 5737 1210 5789 hoc
1246 5735 1384 5804 quod
1421 5750 1540 5789 cum
1566 5751 1669 5788 una
1708 5743 1822 5792 rota
1857 5737 2144 5802 diceretur,

2238 4664 2364 4705 mat.
2419 4653 2704 4722 Proiihetia
2764 4672 2892 4726 ergo
2938 4657 3265 4712 Testamenti
3324 4659 3444 4714 novi
3502 4659 3814 4712 Testamen-

2245 4752 2356 4796 tum
2384 4751 2537 4796 vetus
2567 4754 2668 4807 est,
2718 4755 2772 4798 et
2810 4747 3072 4816 expositio
3106 4747 3432 4804 Tcstumenti
3464 4748 3684 4812 veteris,
3722 4749 3815 4802 Te-

2242 4841 2568 4885 stamentum
2619 4849 2834 4887 novum.
2876 4835 3024 4889 «Per
3073 4846 3336 4904 quatuor,
3387 4837 3584 4906 inquit,
3632 4849 3816 4906 partes

2237 4937 2422 4976 earum
2480 4923 2670 4987 ibant,
2717 4933 2769 4979 et
2819 4941 2922 4978 non
2978 4928 3404 4982 revertebantur.
3454 4946 3471 4978 ι
3522 4927 3634 4994 Qua
3697 4929 3815 4982 alibi

2242 5013 2420 5066 divina
2481 5013 2721 5081 eloquia,
2777 5016 2877 5068 nisi
2930 5018 2994 5069 ad
3029 5019 3189 5071 corda
3247 5018 3520 5070 hominum
3575 5018 3813 5070 valunt?

2247 5103 2351 5158 Sed
2408 5120 2502 5170 per
2553 5114 2785 5172 quatuor
2832 5117 3011 5174 partes
3052 5121 3241 5162 euntes
3273 5111 3438 5170 ibant,
3499 5112 3620 5179 quia
3676 5111 3817 5165 Serio

2246 5204 2399 5261 ptttru
2453 5208 2606 5246 saera
2675 5212 2771 5263 per
2820 5197 2988 5266 legem
3047 5201 3111 5251 ad
3167 5215 3261 5252 eor
3324 5201 3597 5253 hominum
3655 5203 3812 5258 vadit,

2247 5284 2507 5351 signando
2565 5287 2895 5363 mysterium.
2958 5286 3059 5340 l’er
3096 5289 3383 5356 prophetas
3438 5290 3614 5354 vadit,
3666 5292 3816 5360 paulo

2252 5382 2491 5448 apertius
2540 5383 2906 5452 prophetando
2963 5386 3266 5440 Dominum.
3325 5388 3428 5442 Per
3475 5389 3813 5458 Evangeliulll

2252 5472 2415 5535 vadit,
2446 5473 2748 5527 exhibendo
2796 5489 2954 5550 quem
3003 5477 3360 5547 prophetavit.
3405 5478 3505 5532 Per
3551 5479 3817 5548 apostolos

2252 5560 2416 5622 vadit,
2442 5562 2779 5629 prmdicando
2803 5578 2924 5617 eum
2956 5580 3112 5633 quem
3142 5566 3302 5620 Pater
3326 5569 3378 5621 in
3409 5579 3591 5623 nostra
3622 5571 3817 5624 redem-

2257 5651 2439 5719 ptione
2474 5652 2736 5707 exhibuit.
2782 5641 2992 5712 Habent
3021 5670 3148 5725 ergo
3189 5668 3318 5712 rotae
3342 5658 3505 5714 facies
3529 5669 3584 5714 et
3604 5673 3814 5730 pennas,

2255 5741 2378 5811 quia
2410 5742 2696 5795 ostendunt
2722 5758 2872 5798 saera
2902 5744 3111 5817 eloquia
3155 5748 3398 5802 notitiam
3441 5760 3815 5823 prmerptorum
