3948 6326
206 343 308 398 59.3

1160 347 1507 404 COMMENT.
1551 350 1615 404 Di
1658 352 2105 410 EZECillELEM.
2144 388 2212 397 -—
2254 358 2379 413 LIB.
2423 361 2484 414 ll.

3345 375 3450 430 530

204 475 325 509 cum
395 461 721 514 exhibitione
762 477 1001 531 Operum.
1061 462 1124 515 Et
1169 478 1263 531 per
1310 474 1540 530 quatuor
1590 476 1773 531 partes
1810 473 1851 529 Α
1884 465 2045 519 ltecta
2074 475 2154 519 est
2179 468 2319 521 cnim
2351 470 2399 522 in
2426 476 2862 541 prtcceptismlla
2898 479 2948 531 in
2983 483 3442 548 pt'omissiottibus.

203 550 422 612 vadunt,
448 552 570 617 quia
620 552 907 610 distinctis.
949 561 1005 604 ut
1054 554 1416 621 prmdiximus,
1449 556 1775 624 temporibus

202 638 515 707 loquuntur,
550 643 630 695 \cl
667 655 813 696 certe
844 646 969 713 quia
996 646 1045 697 iu
1085 662 1163 698 cu.
1192 648 1293 699 etis
1324 648 1505 701 mundi
1536 650 1771 718 regioni—

198 732 304 784 bus
342 734 679 786 incarnatum
728 736 1009 789 Dominum
1046 738 1425 803 praedicabant.
1481 738 1551 791 De
1578 741 1772 808 quibus

199 832 387 889 aperte
420 838 541 875 mox
588 823 869 877 subditur:
908 844 923 873 ι
958 824 1023 878 Ει
1064 827 1473 895 revertebantur
1500 846 1619 883 cum
1654 846 1770 882 am-

198 912 468 965 bularent.
511 934 527 964 ›
565 914 687 967 {huc
717 917 963 983 superius
994 916 1058 969 de
1099 918 1420 972 animalibus
1444 919 1587 973 dicta
1626 930 1770 983 sunt,

197 1003 290 1053 sed
321 1020 426 1055 non
461 1006 644 1056 calem
676 1005 895 1075 intelligi
938 1008 1002 1060 de.
1036 1008 1185 1071 rotis,
1216 1023 1335 1075 quae
1362 1009 1427 1062 de
1450 1009 1773 1064 animalibus

196 1106 441 1161 possunt.
480 1096 642 1148 llotas
670 1097 864 1166 quippe
898 1098 1203 1169 signiﬁcare
1232 1098 1577 1153 Testamenta
1628 1098 1770 1153 dixi.-

194 1200 337 1237 tuus.
411 1185 475 1237 Et
533 1185 934 1239 'l‘estmuentuut
998 1186 1160 1243 Vetus
1202 1188 1492 1243 ambulavit
1533 1190 1768 1257 quidem,

193 1290 321 1325 (‘ltttt
402 1291 499 1344 per
566 1276 1003 1344 praedicationem
1079 1279 1144 1332 ad
1210 1288 1418 1334 mentes
1493 1277 1770 1333 hominum

189 1366 375 1428 “mil;
426 1368 518 1419 sed
573 1377 692 1435 post
746 1370 1094 1438 semetipsum
1148 1386 1421 1425 reversum
1470 1379 1592 1436 est,
1646 1373 1769 1440 quia

182 1452 339 1519 juxta
380 1454 617 1507 litteram
650 1455 701 1508 in
732 1458 1013 1525 praiccptis
1041 1458 1152 1511 suis
1176 1468 1232 1512 et
1274 1458 1557 1512 sacrificiis
1600 1474 1769 1529 usque

186 1545 255 1595 ad
284 1548 444 1598 tinem
475 1547 677 1599 servari
704 1562 809 1601 non
840 1548 1030 1615 potuit.
1062 1547 1178 1601 Non
1202 1548 1345 1601 enim
1376 1550 1491 1603 sine
1510 1549 1767 1608 immuta-

187 1634 339 1688 tione
392 1636 685 1703 permansit
730 1652 851 1691 cum
889 1638 940 1691 in
991 1653 1056 1692 eo
1103 1638 1362 1708 spiritalis
1414 1640 1767 1710 intelligentia

181 1725 378 1781 defuit.
413 1726 518 1782 Sed
551 1744 673 1783 cum
703 1728 1030 1800 Redemptor
1076 1742 1260 1786 noster
1290 1732 1340 1785 in
1370 1733 1629 1786 mundum
1679 1750 1766 1789 ve-

1879 562 2150 615 horribilis
2195 563 2247 615 in
2288 565 2468 618 minis.
2522 567 2692 623 liabet
2722 582 2983 627 staturam
3033 593 3152 631 cum
3192 596 3286 648 per
3329 597 3448 650 pro-

1876 653 2091 717 phetam
2142 654 2314 707 dicit:
2346 676 2362 705 ι
2407 657 2675 721 Quicscite
2728 678 2885 732 agere
2936 682 3221 735 perverse,
3256 673 3445 726 discite

1876 740 2221 804 benefacere,
2262 747 2482 811 qurcrite
2511 745 2798 813 judicium.
2830 756 3108 811 subvenite
3165 778 3441 830 oppresso,

1866 826 2102 894 ju.licate
2148 833 2383 901 pupillo,
2435 836 2701 893 defendite
2760 843 2971 898 \idnam
3021 847 3154 917 (Isrz.
3300 874 3318 904 ι
3380 855 3445 909 Et

1873 935 2084 973 rursum
2114 940 2125 974 :
2165 941 2182 973 ‹
2218 923 2425 995 Frange
2462 930 2715 983 esurienti
2749 948 2939 999 panem
2975 945 3143 1002 tuum,
3174 952 3224 995 et
3249 961 3443 1013 egenos

1875 1029 2142 1083 vagosque
2178 1016 2335 1071 induc
2382 1020 2432 1073 iu
2478 1022 2690 1075 domum
2721 1033 2887 1079 luam.
2933 1028 3061 1083 Cum
3108 1034 3305 1089 videris
3349 1054 3441 1090 nu-

1872 1101 2017 1165 dum,
2052 1106 2198 1172 operi
2229 1121 2373 1171 eum,
2418 1118 2471 1163 et
2496 1111 2819 1169 domesticos
2846 1119 3066 1173 seminis
3102 1124 3175 1176 tui
3211 1142 3312 1179 non
3356 1129 3442 1182 de-

1866 1194 2111 1260 spexeris
2141 1194 2273 1265 (Isa.
2313 1199 2485 1268 Lvm).
2531 1220 2547 1250 ι
2596 1201 2763 1258 liabet
2794 1205 3147 1271 altitudinem,
3184 1230 3304 1269 cum
3346 1232 3442 1285 per

1870 1286 2114 1337 eumdem
2134 1287 2449 1355 prophetam
2474 1291 2603 1344 dicit
2628 1310 2637 1344 :
2672 1312 2688 1341 ι
2718 1294 2828 1349 Non
2852 1299 2954 1351 erit
2978 1300 3071 1353 tibi
3100 1305 3327 1373 amplius
3363 1310 3440 1361 sol

1869 1370 1934 1422 ad
1958 1370 2240 1425 iucundum
2264 1390 2359 1443 per
2380 1377 2542 1440 diem,
2571 1396 2667 1433 nec
2690 1383 2942 1450 splendor
2965 1386 3101 1443 luna:
3126 1370 3443 1450 illuminabit

1871 1467 1938 1513 te.
1973 1460 2076 1515 Sed
2121 1463 2223 1515 erit
2276 1464 2367 1519 tibi
2403 1466 2659 1524 Dominus
2698 1472 2749 1524 in
2802 1472 2972 1529 lucem
3018 1483 3439 1550 sempiternam,

1868 1560 1921 1603 et
1957 1551 2096 1607 Deus
2140 1562 2263 1608 tuus
2307 1556 2360 1608 in
2410 1557 2634 1624 gloriam
2687 1569 2831 1615 tuam
2892 1563 3024 1635 (Im.
3078 1570 3185 1639 Ls).
3226 1584 3245 1617 ι
3275 1572 3442 1627 liabet

1870 1641 2186 1697 horribilem
2252 1656 2527 1714 aspectum
2580 1666 2700 1703 cum
2764 1652 3031 1710 infernum
3087 1659 3437 1727 describens,

1869 1732 2041 1786 dicit:
2079 1752 2095 1783 ι
2140 1736 2262 1789 Dies
2312 1737 2574 1792 ultionum
2624 1741 2852 1808 Domini,
2902 1761 3071 1802 annus
3128 1753 3437 1806 retributio-

182 1817 284 1881 nit,
334 1819 435 1873 hoc
479 1820 797 1889 Spiritaliter
828 1819 951 1874 fecit
989 1821 1244 1889 intelligi,
1293 1823 1432 1890 quod
1480 1825 1769 1879 carnaliter
1801 1814 1843 1870 Β
1874 1837 2001 1873 num
2045 1823 2231 1891 iudicii
2285 1823 2435 1879 Sion.
2470 1828 2536 1881 Et
2584 1841 2969 1888 convertentur
3017 1844 3283 1895 torrentes
3325 1842 3439 1909 ejus

179 1908 392 1963 invenit
444 1911 632 1963 teneri.
682 1910 866 1979 Itaque
912 1912 1035 1965 dum
1080 1913 1396 1982 spiritaliter
1442 1916 1617 1969 littera
1650 1915 1766 1983 ejus

178 1999 520 2069 intelligitur,
564 2002 742 2054 omnis
783 2002 832 2054 iu
866 2017 928 2055 eo
971 2002 1052 2056 illa
1089 2004 1320 2057 carnalis
1348 2004 1611 2059 exhibitio
1630 1993 1765 2059 vivi-

177 2090 331 2145 ticat.
391 2091 794 2145 Testamentum
855 2108 981 2147 vero
1010 2110 1229 2157 novum,
1259 2096 1423 2149 etiam
1457 2110 1551 2163 per
1599 2103 1764 2149 testa-

176 2183 351 2235 menti
386 2184 582 2235 vcteris
606 2184 852 2252 paginas,
881 2192 1259 2239 testamentum
1292 2168 1550 2241 aeternum
1588 2172 1764 2257 appel-

172 2272 347 2327 latum
370 2284 469 2337 est,
501 2276 622 2343 quia
672 2275 978 2330 intellectus
1008 2277 1148 2330 illius
1189 2294 1461 2346 nunquam
1501 2290 1756 2335 mutatur.

174 2364 327 2418 Bene
362 2380 491 2435 ergo
522 2366 722 2419 dicitur
747 2367 887 2434 quod
932 2386 947 2417 ι
991 2377 1121 2421 robe
1146 2378 1335 2422 euntes
1365 2370 1534 2433 ibant,
1567 2381 1619 2425 et
1654 2388 1757 2425 non

172 2457 595 2509 revertebantur
622 2457 1129 2525 cumambularent.
1179 2477 1197 2509 ι
1241 2456 1378 2523 Quia
1406 2459 1531 2512 dum
1562 2475 1757 2515 novum

173 2545 584 2601 Testamentum
616 2564 721 2601 non
754 2549 1103 2614 rescinditur,
1130 2551 1255 2604 dum
1285 2552 1567 2621 vctusjam
1598 2555 1757 2624 spiri-

172 2638 359 2693 taliter
408 2639 737 2702 intellectum
781 2650 1035 2694 tenetur:
1067 2650 1188 2711 post
1238 2658 1295 2697 se
1347 2658 1451 2697 non
1509 2642 1756 2706 redeunt,

168 2746 296 2799 qua:
334 2747 503 2801 usque
550 2734 615 2784 al
644 2731 805 2785 ﬁnem
841 2734 1023 2787 mundi
1056 2734 1409 2788 immutabilia
1436 2735 1754 2803 persistuut.

169 2820 469 2873 Ambulant
497 2836 625 2891 ergo
645 2862 657 2881 ,
687 2823 781 2875 sed
811 2838 913 2875 non
943 2833 1285 2877 revertuntur
1315 2842 1326 2877 :
1370 2826 1495 2893 quia
1537 2825 1615 2879 sic
1652 2826 1755 2893 spi-

169 2912 407 2967 ritaliter
428 2913 493 2967 ad
531 2928 627 2967 cor
650 2924 893 2967 nostrum
920 2917 1161 2981 veniunt,
1193 2926 1251 2969 ut
1277 2931 1461 2969 eorum
1490 2926 1756 2986 prmcepta

167 3003 254 3056 vel
284 3003 461 3057 studia
516 3004 740 3057 ulterius
771 3020 873 3058 non
922 3014 1215 3059 mutentur.
1247 3005 1539 3075 Sequitur:
1579 3025 1596 3057 ι
1636 3007 1757 3061 Sta-

168 3102 297 3144 tura
330 3107 542 3161 quoquc
569 3101 684 3147 erat
715 3092 847 3147 rotis
871 3102 925 3147 et
952 3094 1176 3148 altitudo
1201 3104 1256 3149 ct
1281 3095 1556 3149 horribilis
1596 3111 1750 3164 aspe-

1872 1911 1921 1962 in
1953 1912 2147 1979 picem,
2178 1922 2231 1967 et
2268 1916 2460 1971 humus
2500 1917 2615 1985 ejus
2664 1920 2715 1973 in
2763 1922 3017 1993 sulphur,
3049 1936 3103 1981 et
3146 1930 3253 1983 erit
3296 1940 3438 1987 terra

1869 2000 1984 2068 ejus
2019 2002 2070 2054 in
2100 2003 2272 2071 picem
2309 2006 2607 2071 ardentem,
2634 2021 2788 2064 nocte
2815 2022 2869 2067 et
2896 2015 2983 2068 die
3004 2030 3109 2069 non
3134 2021 3440 2091 exstingue-

1866 2101 1955 2147 tur
1994 2095 2044 2147 in
2094 2098 2483 2165 sempiternum
2515 2100 2660 2171 (Im.
2713 2104 3139 2175 xxxiv).tigitur
3190 2110 3436 2165 Ezechiel

1864 2186 2123 2254 propheta
2156 2204 2278 2241 cum
2326 2189 2391 2243 de
2435 2192 2565 2245 rotis
2608 2192 2937 2262 loqueretur,
2968 2198 3255 2266 adjunxit:
3306 2223 3322 2253 ι
3374 2205 3437 2258 lit

1866 2280 2034 2328 totum
2071 2292 2269 2346 corpus
2321 2279 2537 2348 plenum
2594 2283 2765 2337 oculis
2811 2285 2863 2339 in
2912 2287 3143 2342 circuitu
3198 2290 3435 2359 ipsorum

1864 2377 2114 2436 quatuor.
2146 2388 2163 2419 ι
2192 2369 2292 2436 Qui
2319 2371 2463 2425 enim
2492 2389 2595 2426 non
2624 2374 2882 2443 ipsarum,
2905 2379 2997 2432 sed
3022 2380 3256 2447 ipsorum
3284 2383 3435 2444 dixit.

1863 2458 2105 2527 profecto
2130 2461 2353 2525 indicat,
2382 2464 2505 2531 quia
2543 2477 2761 2533 repente
2783 2482 2961 2522 sermo
2987 2469 3102 2537 ejus
3126 2487 3158 2525 a
3189 2474 3323 2527 rotis
3370 2477 3438 2527 ad

1862 2550 2113 2603 animalia
2147 2552 2340 2617 rediit;
2374 2568 2470 2622 per
2493 2569 2611 2621 quae
2640 2556 2892 2609 nimirum
2943 2558 3167 2626 perfecti
3217 2563 3436 2631 quique,

1862 2648 1920 2691 ut
1951 2642 2265 2708 praedictum
2300 2656 2403 2708 est,
2435 2645 2807 2714 designantur.
2855 2647 3094 2718 Corpora
3126 2652 3287 2721 igitur
3322 2655 3436 2707 ani-

1861 2728 2081 2782 malium
2122 2742 2432 2785 sanctorum
2481 2732 2685 2789 idcirco
2714 2736 2869 2804 plena
2907 2739 3077 2794 oculis
3121 2742 3437 2796 describun-

1862 2828 1974 2885 tur;
2015 2822 2139 2889 quia
2179 2832 2489 2877 sanctorum
2544 2827 2684 2880 actio
2728 2828 2795 2881 ab
2825 2830 2970 2883 omni
3022 2841 3173 2899 parte
3203 2834 3433 2889 circum-

1859 2921 2041 2979 specta
2068 2922 2170 2977 est,
2197 2915 2335 2968 bona
2377 2916 2805 2974 desiderabilit'cr
2830 2924 3133 2989 providens,
3170 2927 3309 2979 mala
3350 2944 3435 2981 so-

1858 2998 2021 3054 lerter
2056 3017 2273 3057 eavens.
2306 3004 2370 3058 Et
2395 3006 2495 3059 hoc
2524 3016 2607 3061 est
2636 3007 2978 3076 laboriosius,
3004 3013 3092 3066 ubi
3123 3024 3430 3070 sanctorum

1857 3104 2009 3143 utens
2047 3091 2393 3148 vehementer
2420 3095 2686 3165 invigilat,
2713 3112 2779 3152 ne
2805 3115 2863 3153 se
2882 3109 3008 3156 ante
3040 3117 3225 3156 eorum
3250 3105 3434 3161 oculos

164 3195 311 3239 ctus.
352 3206 370 3237 ι
401 3186 536 3252 Quid
568 3187 816 3255 estquod
842 3186 1138 3256 Scriptura:
1167 3204 1333 3244 sacrm
1379 3189 1608 3259 eloquiis
1648 3192 1751 3244 tria

1859 3179 1994 3232 mala
2027 3181 2126 3234 sub
2149 3180 2411 3236 bonorum
2437 3186 2616 3254 specie
2648 3186 2998 3243 abscondant.
3030 3190 3430 3261 Circumspecta

166 3277 289 3329 [nec
322 3276 499 3329 inesse
550 3284 859 3339 narrantur,
900 3286 959 3331 ut
989 3286 1277 3343 staturam,
1322 3278 1659 3334 altitudinem
1696 3288 1752 3333 et

165 3365 490 3419 horribilem
547 3376 864 3435 aspectum,
922 3368 975 3421 id
1029 3377 1147 3431 cst,
1203 3370 1499 3423 terribilem
1552 3371 1753 3427 habere

162 3457 573 3510 memorentur?
624 3456 984 3523 Qumrendum
1040 3460 1197 3513 nobis
1254 3476 1578 3531 magnopere
1634 3470 1750 3529 est,

162 3563 291 3617 qua:
346 3549 539 3602 divin‘e
578 3548 873 3619 Scriptura:
932 3546 1173 3615 statura,
1205 3567 1323 3621 qua:
1368 3552 1617 3619 altitudo,
1658 3556 1751 3625 qui

161 3637 450 3691 horribilis
475 3646 725 3707 aspectus
755 3640 971 3693 dicitur.
1003 3638 1294 3695 Sciendum
1336 3653 1421 3697 est
1444 3658 1593 3711 ergo,
1623 3646 1749 3713 quia

159 3736 375 3781 statura
402 3728 471 3782 ad
502 3729 664 3782 vitam
702 3729 949 3797 congruit
980 3730 1115 3784 bene
1137 3732 1430 3800 operantis.
1458 3732 1611 3787 Unde
1653 3749 1752 3802 per

159 3816 396 3873 Paulum
454 3820 651 3874 dicitur
692 3820 743 3891 (1
776 3819 897 3873 Cor.
933 3819 988 3890 ιι)
1023 3839 1033 3874 :
1075 3841 1093 3872 ι
1141 3822 1241 3889 Qui
1289 3833 1417 3888 stat,
1453 3824 1631 3879 videat
1683 3840 1750 3879 ne

159 3910 343 3963 cadat.
380 3929 398 3961 ι
436 3910 536 3976 Qui
572 3911 733 3964 etiam
770 3911 1042 3978 discipulis
1090 3912 1219 3966 dicit
1254 3928 1267 3964 :
1308 3932 1324 3963 ι
1363 3910 1453 3967 Sic
1506 3921 1643 3967 state
1693 3914 1747 3967 in

158 4002 420 4066 Domino,
450 4001 756 4055 charissimi
793 4000 1013 4073 (Philip.
1045 4002 1138 4072 tv).
1169 4022 1188 4054 ι
1229 4002 1295 4056 Ει
1342 4003 1622 4073 propheta,
1653 4004 1745 4073 qui

156 4107 219 4147 se
271 4091 382 4145 vita
423 4108 487 4146 ac
533 4093 772 4147 moribus
820 4086 943 4148 ante
1000 4095 1283 4148 Dominum
1330 4095 1575 4157 videbat,
1609 4095 1685 4147 ait
1729 4114 1741 4148 :

161 4200 180 4232 c
219 4180 369 4236 Vivit
411 4182 689 4248 Dominus,
720 4184 773 4238 in
804 4185 955 4254 cujus
1000 4193 1291 4252 conspectu
1330 4194 1413 4239 sto
1441 4184 1560 4255 (III
1614 4184 1740 4255 Reg.

156 4272 322 4341 xvii).
346 4292 363 4324 ι
385 4273 623 4328 Altitudo
640 4282 724 4328 est
746 4274 982 4328 cmlestis
1005 4276 1151 4344 regni
1170 4276 1477 4347 promissio,
1501 4278 1565 4329 ad
1583 4292 1741 4345 quam

156 4376 294 4419 tunc
323 4364 667 4434 perungitur,
699 4365 913 4433 quando
954 4365 1200 4419 mortalis
1244 4367 1366 4420 vita:
1417 4367 1594 4420 omnis
1622 4382 1744 4421 cor-

156 4458 342 4524 ruptio
371 4454 708 4524 subjugatur.
761 4454 1046 4509 Horribilis
1074 4472 1203 4510 vero
1248 4466 1498 4525 aspectus
1522 4466 1603 4511 est
1628 4466 1743 4512 ter-

155 4561 251 4599 ror
298 4546 590 4615 gehennae,
622 4560 738 4613 quae
786 4546 903 4599 sine
956 4545 1060 4600 line
1107 4547 1366 4615 reprobos
1416 4548 1655 4612 cruciat,
1686 4556 1741 4602 et

152 4650 376 4704 semper
404 4634 458 4689 in
488 4635 728 4689 cruciatu
756 4643 1057 4689 conservat.
1090 4634 1311 4689 Statura
1338 4652 1466 4706 ergo
1492 4637 1543 4689 in
1581 4638 1739 4691 recti-

155 4726 347 4778 tudine
398 4726 773 4794 prrrceptionis
804 4736 903 4779 cst.
933 4725 1175 4780 Altitudo
1202 4728 1253 4779 in
1282 4727 1598 4781 celsitudine
1649 4744 1737 4781 su-

149 4830 342 4883 perna:
400 4817 791 4885 promissionis.
853 4817 1137 4871 Ilorribilis
1190 4834 1317 4873 vero
1364 4829 1636 4888 aspectus,
1680 4822 1733 4873 in

151 4906 321 4959 niiriis
347 4913 509 4973 atque
538 4906 828 4959 terroribus
852 4905 1094 4975 supplicii
1127 4909 1422 4975 sequentis.
1453 4908 1732 4979 Scriptura

150 4997 323 5065 igitur
344 5012 497 5050 sacra
521 5006 778 5051 staturam
808 4997 999 5063 habet;
1032 5000 1157 5067 quia
1184 5014 1361 5055 mores
1391 5001 1457 5055 ad
1482 5003 1733 5055 standum

148 5086 363 5157 dirigit,
394 5096 451 5140 ut
487 5088 788 5143 auditorum
824 5098 1030 5143 mentes
1054 5090 1121 5144 ad
1162 5099 1432 5145 terrenam
1481 5096 1733 5163 concupi-

148 5179 420 5234 scentiam
476 5196 580 5234 nou
633 5190 943 5235 curventur.
976 5180 1326 5235 Altitndinem
1374 5184 1553 5246 habet,
1606 5187 1731 5254 quia

147 5273 203 5325 in
236 5269 447 5323 ccelesti
478 5270 648 5338 patria
679 5280 895 5325 interna:
919 5273 1040 5325 vita:
1072 5274 1261 5342 gaudia
1287 5276 1571 5343 promittit.
1599 5276 1733 5330 Hor-

148 5362 369 5415 ribilem
401 5375 610 5429 quoque
642 5370 918 5430 aspectum
950 5362 1141 5425 habet,
1188 5364 1311 5431 quia
1343 5365 1592 5418 omnibus
1641 5382 1726 5419 re-

145 5450 337 5521 probis
366 5450 622 5520 gehenncc
660 5452 921 5520 supplicia
968 5453 1225 5506 minatur.
1274 5453 1521 5508 Ostendit
1566 5456 1729 5524 igitur

145 5550 418 5594 staturam
472 5556 621 5595 suam
673 5542 726 5595 in
779 5544 1135 5598 aediﬁcatione
1192 5561 1397 5597 morum
1432 5586 1444 5606 ,
1494 5548 1729 5600 ostendit

144 5630 493 5684 altitudinem
543 5631 596 5684 in
645 5634 1000 5699 promissione
1058 5635 1437 5701 praemiorum,
1494 5638 1727 5691 ostendit

147 5722 467 5778 horribilem
515 5734 828 5793 aspectum,
871 5724 923 5777 in
981 5726 1274 5779 terroribus
1320 5728 1720 5795 suppliciorum.

1855 3284 1983 3339 ergo
2006 3281 2089 3325 est
2116 3274 2221 3326 vita
2254 3284 2584 3341 sanctorum,
2613 3292 2679 3331 ne
2708 3279 2786 3332 sic
2822 3280 2881 3333 tit
2906 3280 3097 3345 libera,
3118 3292 3177 3336 ut
3200 3286 3429 3353 superba

1856 3362 1927 3414 sit
1953 3380 1966 3414 :
2000 3363 2124 3431 quia
2153 3378 2295 3433 saepe
2322 3367 2574 3433 superbia
2602 3369 2815 3423 excedit
2854 3370 2904 3422 in
2937 3373 3146 3439 verbis;
3177 3382 3232 3429 et
3258 3376 3429 3429 videri

1855 3454 2055 3521 appetit
2082 3453 2306 3509 libertas
2330 3457 2585 3523 puritatis
2612 3473 2680 3527 ne
2701 3458 2777 3513 sic
2803 3460 2873 3513 sit
2895 3461 3113 3517 humilis
3140 3471 3198 3517 ut
3238 3463 3428 3520 formi-

1854 3542 2037 3597 dolosa
2070 3560 2083 3596 :
2112 3544 2237 3612 quia
2266 3544 2554 3615 aliquando
2578 3549 2770 3603 timore
2806 3552 3023 3621 stringit
3069 3556 3333 3619 animum,
3372 3566 3428 3611 nt

1852 3632 1997 3702 loqui
2038 3649 2157 3703 qua:
2201 3644 2348 3689 recta
2387 3644 2513 3689 sunt
2554 3654 2657 3691 non
2690 3648 2997 3705 prtesumat,
3034 3643 3125 3695 sed
3159 3652 3336 3697 tamen
3370 3645 3424 3698 in

1853 3724 1968 3790 ipsa
1999 3723 2183 3777 timida
2220 3726 2546 3793 cogitatione
2584 3726 2838 3781 humilem
2862 3745 2981 3784 esse
3004 3746 3061 3785 se
3084 3731 3321 3785 simulat.
3350 3733 3425 3788 Ne

1851 3814 1929 3867 sic
1960 3808 2031 3867 sit
2069 3829 2229 3884 parca
2263 3823 2321 3867 ut
2365 3826 2525 3869 tenax
2557 3817 2662 3870 sit:
2704 3818 2827 3886 quia
2867 3819 3185 3891 plerumque
3216 3826 3423 3877 tenacia

1849 3905 2180 3973 parcimonia
2206 3907 2409 3975 appetit
2434 3908 2706 3961 aestimari
2747 3918 2805 3962 ut
2828 3909 2977 3979 juste
3020 3926 3086 3965 ac
3114 3916 3424 3969 necessarie

1851 3993 2095 4047 videatur
2126 4002 2327 4059 tenere,
2359 3996 2617 4064 quidquid
2648 3998 2821 4066 egenti
2843 4001 3099 4068 proximo
3119 4001 3424 4055 misericor-

1849 4080 1989 4136 diter
2018 4098 2120 4136 non
2158 4084 2271 4137 vult
2299 4086 2627 4154 impendere,
2671 4102 2740 4141 ne
2768 4088 2845 4141 sic
2884 4089 2953 4142 sit
2990 4090 3320 4155 misericors,
3364 4104 3424 4146 ut

1848 4172 2012 4230 effusa
2050 4176 2153 4240 sit;
2184 4177 2307 4245 quia
2332 4192 2716 4247 nonnunquam
2754 4177 2944 4234 effusio
2968 4194 3087 4235 esse
3114 4182 3424 4237 misericor-

1849 4268 1934 4321 dia
1978 4276 2216 4335 putatur.
2245 4268 2402 4323 Aliud
2433 4277 2515 4323 est
2539 4270 2683 4323 enim
2722 4270 2936 4339 pietatis
2969 4274 3147 4327 studio
3174 4288 3422 4329 necessa~

1848 4360 1923 4412 ria
1951 4359 2210 4429 proximis
2247 4360 2397 4425 dare,
2430 4370 2589 4428 atque
2630 4360 2770 4415 aliud
2813 4376 2874 4415 ea
2917 4378 3035 4430 quae
3074 4366 3419 4432 possidentur

1847 4450 1963 4504 sine
2000 4451 2261 4503 mercedis
2289 4450 2585 4505 intentione
2621 4452 2949 4521 dispergere.
2982 4453 3249 4523 Quidquid
3287 4472 3416 4527 ergo

1848 4542 2023 4610 agitur
2079 4542 2131 4594 in
2192 4542 2371 4595 radice
2425 4543 2766 4607 intentionis,
2796 4546 3126 4611 pensandum
3164 4556 3277 4611 est,
3313 4564 3421 4617 quo

1849 4634 2040 4687 merito
2079 4634 2215 4701 apud
2250 4632 2508 4703 judicium
2547 4636 2811 4688 creatoris
2852 4636 3134 4690 habeatur.
3178 4638 3327 4693 Unde
3366 4651 3420 4694 et

1849 4724 1987 4776 idem
2016 4732 2229 4776 creator
2257 4723 2390 4775 dixit
2424 4740 2435 4775 :
2478 4742 2494 4771 ε
2532 4721 2588 4776 Si
2615 4723 2801 4777 oculus
2835 4734 2955 4777 tuus
2983 4725 3207 4793 simplex
3236 4728 3413 4791 fuerit,

1848 4821 2015 4866 totum
2052 4828 2245 4881 corpus
2273 4821 2418 4864 tuum
2446 4812 2681 4865 lucidum
2712 4813 2817 4866 erit
2838 4813 3048 4884 (Matth.
3090 4816 3183 4883 vi).
3223 4835 3240 4867 ι
3270 4818 3411 4872 Ocu-

1844 4906 1953 4957 lum
1985 4905 2231 4958 videlicet
2255 4905 2621 4967 intentionem,
2652 4920 2848 4973 corpus
2870 4920 2993 4958 vero
3024 4909 3288 4961 actionem
3314 4926 3411 4963 no-

1845 4997 2074 5050 minans.
2106 4996 2239 5061 Quia
2263 4996 2306 5048 si
2340 5006 2523 5050 nostra
2547 4996 2773 5050 intentio
2818 4998 2956 5064 apud
2986 4997 3154 5052 Deum
3186 5000 3412 5071 simplex

1840 5084 2021 5150 fuerit,
2070 5085 2122 5139 in
2154 5084 2269 5153 ejus
2302 5083 2507 5152 judicio
2555 5095 2740 5139 nostra
2788 5086 2929 5139 actio
2971 5087 3253 5141 tenebrosa
3303 5106 3411 5143 non

1838 5174 1960 5228 erit.
1985 5174 2150 5245 Igitur
2176 5176 2300 5244 quia
2328 5175 2501 5229 sancti
2530 5175 2629 5229 viri
2680 5176 2909 5229 solerter
2935 5176 3233 5245 invigilant,
3268 5186 3326 5232 ut
3349 5194 3409 5233 so

1840 5267 2075 5335 undique
2101 5266 2385 5334 aspiciant,
2420 5266 2620 5335 ubique
2648 5266 2973 5328 custodiant,
3011 5281 3079 5320 ne
3125 5277 3217 5320 aut
3266 5269 3403 5321 mala

1836 5368 2055 5426 propter
2080 5373 2144 5411 ea
2174 5358 2287 5426 ipsa
2315 5366 2588 5427 appetant,
2619 5368 2709 5411 aut
2746 5357 2857 5411 haec
2888 5355 2990 5409 sub
3032 5358 3210 5426 specie
3235 5359 3407 5414 bono-

1833 5466 1948 5502 rum
1988 5460 2167 5519 agant,
2194 5448 2401 5504 scilicet
2425 5465 2490 5503 ne
2520 5464 2576 5503 se
2601 5449 2679 5502 eis
2707 5448 2836 5502 vitia
2861 5449 3088 5502 virtutes
3112 5465 3231 5504 esse
3256 5466 3408 5506 mcu-

1834 5540 2064 5602 tiantur;
2102 5548 2269 5592 totum
2300 5554 2493 5607 corpus
2525 5538 2737 5605 plenum
2767 5538 2819 5591 in
2848 5538 3078 5591 circuitu
3107 5538 3275 5592 oculis
3303 5539 3403 5593 ha~

1831 5632 1957 5685 bent
1988 5652 1998 5684 :
2038 5633 2161 5701 quia
2193 5634 2369 5687 omnis
2395 5648 2583 5686 eorum
2608 5633 2748 5687 actio
2778 5632 3115 5700 providentia
3142 5632 3402 5686 sollicitu-

1831 5724 1971 5777 (linis
2017 5733 2072 5777 et
2130 5725 2364 5793 repletur
2408 5733 2461 5778 et
2494 5722 2880 5778 circumdatur.
2952 5721 3086 5775 [line
3121 5732 3201 5776 cst
3258 5725 3398 5789 quod
