3948 6352
525 399 620 454 531

1162 400 1224 456 Β.
1268 394 1520 457 RABANl
1560 399 1775 456 MAURI
1810 398 2126 457 AllClllEP.
2172 400 2477 459 MOGUNT.
2519 400 2803 457 OPERUM
2840 399 3020 455 PARS
3054 399 3119 456 ll.

3668 396 3774 453 εδα

526 509 723 565 Paulus
744 509 1035 580 apostolus,
1066 511 1193 566 dum
1214 513 1430 569 cuidam
1457 515 1739 585 pmnitcnti
1761 514 1829 569 de
1858 513 2098 569 facinore
2124 520 2171 577 Α
2199 525 2441 585 peccant,
2484 525 2631 571 recte
2670 515 2868 571 dicitur
2912 524 3080 570 totum
3112 529 3309 586 corpus
3340 529 3527 570 eorum
3557 514 3771 585 plenum

526 608 834 672 perpetrato
858 599 1170 657 Corinthios
1197 603 1533 672 prospiceret
1565 603 1797 658 voluisse
1832 603 2099 669 misereri,

528 690 646 745 ait:
678 708 698 743 ι
733 688 790 745 Si
835 691 923 745 cui
973 690 1175 761 aliquid
1228 693 1473 748 donastis
1501 702 1557 748 et
1593 708 1713 763 ego.
1744 691 1880 747 Nam
1911 702 1966 748 et
2003 707 2103 763 ego

528 785 672 854 quod
701 784 916 848 donavi,
944 800 1044 855 per
1068 800 1163 841 vos
1196 785 1247 839 in
1272 801 1505 856 persona
1528 785 1745 849 Christi,
1778 794 1838 840 ut
1864 800 1970 840 non
1999 787 2106 841 cir-

528 877 936 932 cumveniamur
969 892 999 930 a
1033 875 1233 932 Satana
1267 894 1279 930 :
1313 892 1421 933 non
1461 878 1607 932 enim
1651 878 1964 945 ignoramus
2013 892 2105 932 co-

527 970 817 1040 gitationes
867 970 985 1040 ejus
1014 969 1100 1042 (II
1127 966 1360 1042 Contr).
1399 991 1417 1023 ι
1465 969 1523 1025 Si
1578 972 1721 1024 enim
1770 970 2102 1040 parcendum

492 1069 507 1085 ‘
529 1074 637 1114 non
667 1068 806 1124 erat,
830 1075 928 1116 cur
948 1075 1006 1115 se
1033 1059 1339 1115 humilitate
1370 1068 1521 1115 tanta
1548 1060 1813 1116 voluntati
1860 1061 2102 1130 discipu-

527 1147 702 1202 lorum
730 1148 988 1219 magister
1013 1149 1265 1220 egregius
1298 1150 1494 1214 sociat,
1520 1158 1580 1204 ut
1612 1165 1787 1219 neque
1823 1150 1938 1221 ipse
1962 1166 1991 1203 a
2023 1150 2105 1204 di-

527 1238 769 1309 scipulis,
825 1255 1002 1309 neque
1060 1241 1130 1295 ab
1187 1255 1253 1296 eo
1307 1240 1554 1310 discipuli
1607 1242 1661 1295 in
1715 1242 2105 1313 compassionis

526 1344 691 1386 causa
714 1331 871 1385 divisi
899 1332 1230 1398 viderentur,
1264 1333 1368 1387 nisi
1393 1334 1519 1404 quia
1552 1334 1787 1389 sollicito
1819 1334 2107 1404 providen-

526 1419 617 1475 tia:
646 1419 803 1475 oculo
836 1420 1099 1486 attendit,
1129 1421 1273 1491 quod
1316 1420 1635 1491 plerumque
1663 1423 1790 1477 dum
1823 1420 1960 1476 alter
2005 1421 2106 1476 do-

529 1516 647 1573 nat,
681 1507 820 1562 alter
843 1508 1098 1563 irascitur
1124 1508 1149 1563 2
1192 1507 1260 1563 Et
1302 1508 1460 1578 quale
1482 1519 1565 1564 est
1588 1509 1699 1579 jam
1724 1508 2107 1564 misericordias

524 1598 874 1664 sacrificium,
898 1596 1043 1668 quod
1069 1613 1193 1652 cum
1234 1597 1505 1653 discordia
1544 1598 1792 1667 proximo
1841 1595 2109 1653 oﬂ‘ertnr?

527 1687 682 1745 Unde
702 1696 850 1743 certe
876 1688 994 1743 ait:
1029 1706 1050 1739 ι
1092 1686 1163 1743 Ut
1183 1701 1289 1742 non
1314 1686 1806 1741 circumveniamur
1827 1702 1858 1740 a
1881 1684 2106 1751 Satana,

526 1794 632 1833 non
664 1778 807 1833 enim
838 1778 1149 1848 ignoramus
1175 1776 1529 1848 cogitationes
1564 1774 1699 1844 ejus.
1741 1795 1760 1826 ι
1792 1775 1927 1842 Quia
1962 1775 2111 1830 vide-

525 1867 652 1923 licet
677 1867 799 1923 inde
827 1868 881 1922 in
911 1866 1137 1922 alterius
1161 1866 1326 1921 corde
1355 1866 1487 1921 rixae
1515 1866 1715 1919 malum
1742 1865 1879 1920 solet
1908 1863 2108 1919 immit—
2137 1855 2182 1913 Β

525 1969 667 2024 tere,
698 1959 842 2014 unde
887 1959 1120 2014 alterum
1144 1957 1409 2029 conspicit
1439 1957 1657 2026 pietatis
1704 1955 1980 2027 negotium
2025 1952 2105 2008 fe—

525 2037 697 2116 cisse;
722 2048 1103 2120 imperfectum
1143 2048 1288 2104 enim
1318 2049 1514 2104 bonum
1562 2054 1679 2113 est,
1704 2047 1848 2117 quod
1878 2046 1957 2101 sic
1991 2044 2107 2115 agi-

527 2148 643 2205 tur,
678 2149 737 2194 ut
760 2140 979 2210 ne'quid
1016 2140 1066 2193 ei
1095 2154 1160 2194 ex
1190 2138 1298 2193 alio
1320 2137 1491 2195 latere
1517 2137 1643 2192 mali
1689 2138 1968 2208 subrepat,
2000 2151 2109 2192 non

524 2230 855 2285 attendatur.
905 2228 1019 2285 Nisi
1073 2228 1213 2284 forte
1272 2227 1402 2293 hoc,
1458 2230 1601 2299 quod
1641 2228 1759 2284 sine
1805 2226 2107 2298 cuiuspiam

524 2322 783 2378 seandalo
834 2321 954 2376 fieri
1002 2336 1108 2376 non
1160 2328 1366 2391 potest,
1404 2319 1561 2390 culpa
1612 2321 1683 2374 sit
1730 2335 1837 2375 non
1888 2318 2104 2374 fecisse.

526 2411 642 2467 lloc
684 2426 817 2467 vero
858 2411 979 2466 ideo
1004 2411 1255 2475 dicimus,
1282 2420 1341 2465 ut
1366 2418 1557 2466 notum
1604 2420 1801 2465 vestrae
1831 2409 2107 2465 dilectioni

528 2498 794 2555 faciamus
820 2498 943 2568 quia
974 2498 1027 2552 ia
1076 2507 1265 2554 nostro
1313 2500 1454 2553 bono
1489 2512 1654 2568 opere
1704 2497 1993 2567 aliquando
2018 2512 2109 2553 ca-

526 2591 762 2648 vendum
802 2600 887 2648 est
913 2591 1223 2647 scandalum
1252 2591 1503 2662 proximi,
1530 2592 1816 2661 aliquando
1841 2607 1971 2647 vero
2010 2607 2110 2661 pro

527 2683 698 2739 nihilo
723 2684 1195 2739 contemnendum.
1226 2683 1380 2750 Quod
1410 2684 1464 2738 in
1516 2685 1632 2754 ipso
1662 2693 1845 2739 nostro
1890 2692 2110 2739 auctore

527 2773 849 2840 didicimus,
875 2773 988 2843 qui,
1022 2774 1149 2827 dum
1181 2774 1442 2829 tributum
1486 2773 1649 2829 Petro
1677 2772 1939 2843 inquisito
1960 2780 2110 2842 pete-

526 2870 697 2930 retur,
726 2863 881 2934 prius
920 2864 1237 2935 paradigma
1266 2865 1567 2934 proposuit,
1609 2879 1717 2935 quo
1753 2878 1813 2918 se
1855 2862 1987 2917 nihil
2019 2862 2111 2917 de-

525 2952 656 3008 bere
706 2953 982 3022 respondit
1012 2952 1199 3008 dicens
1238 2969 1251 3006 :
1308 2970 1327 3004 ι
1385 2952 1560 3024 Reges
1615 2961 1795 3019 terrm,
1840 2967 1869 3006 a
1916 2952 2112 3022 quibus

528 3039 806 3111 accipiunt
856 3041 1118 3097 tributum
1144 3041 1229 3096 vel
1259 3056 1512 3107 censum,
1541 3057 1569 3095 a
1602 3042 1727 3096 filiis
1768 3041 1883 3095 suis
1934 3055 2001 3093 an
2041 3039 2110 3094 ab

529 3128 759 3186 alienis?
811 3129 1025 3203 (Matth.
1060 3130 1217 3203 xvn.)
1251 3148 1270 3183 ›
1329 3130 1426 3186 Cui
1453 3147 1575 3186 cum
1624 3132 1918 3196 diceretur,
1967 3147 1986 3181 ‹
2041 3130 2109 3183 ab

2204 605 2397 660 oculis.

2280 713 2299 746 ε
2336 694 2579 765 Cumque
2593 696 2931 752 ambularent
2954 695 3227 761 animalia,
3268 695 3614 750 ambulabant
3633 695 3777 765 pari-

2210 804 2229 838 ‹
2266 794 2348 841 ter
2387 794 2445 841 et
2477 797 2613 843 rotat
2635 786 2790 857 juxta
2820 802 2905 841 ea.
2937 787 3005 841 Et
3034 801 3157 841 cum
3201 786 3542 841 elevarentur
3567 785 3779 840 anima-

2209 894 2228 927 ‹
2266 875 2338 930 lia
2381 878 2449 932 de
2488 884 2659 940 terra,
2688 878 3040 932 elevabantur
3063 875 3218 931 simul
3248 884 3302 931 et
3331 884 3489 937 rotas,
3525 890 3781 945 quocum«

2210 981 2230 1015 ι
2264 980 2370 1035 que
2393 965 2506 1020 ibat
2551 967 2795 1037 spiritus,
2824 965 2950 1021 illuc
2976 973 3136 1020 eunte
3165 965 3355 1033 spiritu
3389 973 3447 1019 et
3473 975 3605 1018 rota:
3634 965 3782 1033 pari-

2209 1071 2229 1105 ί
2269 1062 2351 1109 ter
2376 1054 2697 1129 levabantur
2723 1065 3010 1126 sequentes
3042 1071 3185 1111 eum.
3228 1055 3461 1125 Spiritus
3480 1056 3625 1111 enim
3657 1056 3782 1110 vita:

2212 1162 2231 1196 ‹
2267 1154 2384 1199 erat
2408 1145 2460 1200 in
2488 1147 2639 1202 rotis.
2663 1145 2796 1202 Cum
2821 1147 3072 1201 euntibus
3100 1147 3270 1210 ibant,
3294 1154 3486 1203 etcum
3512 1146 3783 1200 stantibus

2211 1254 2231 1288 ς
2268 1237 2524 1291 stabant:
2555 1245 2761 1292 etcum
2787 1237 3012 1293 elevatis
3050 1252 3080 1291 a
3123 1244 3291 1301 terra,
3342 1236 3546 1306 pariter
3600 1235 3782 1290 eleva-

2212 1346 2230 1379 ι
2267 1326 2463 1382 bantur
2485 1337 2539 1383 et
2571 1336 2701 1382 I'OL'B
2724 1368 2739 1394 ,
2779 1336 3066 1397 sequentes
3093 1342 3153 1383 ea
3176 1368 3190 1390 ,
3236 1327 3359 1396 quia
3407 1328 3629 1396 Spiritus
3660 1326 3786 1379 vitae

2213 1435 2233 1469 ι
2268 1425 2386 1471 erat
2414 1417 2467 1471 in
2498 1418 2651 1474 rotis.
2691 1438 2710 1471 ι
2760 1417 3026 1491 (Ηὶενοη.)
3052 1417 3297 1486 Quatuor
3321 1416 3571 1471 animalia
3620 1418 3784 1487 spiri—

2209 1514 2322 1561 tum
2386 1507 2753 1576 sequebantur
2789 1516 2843 1563 et
2897 1509 3095 1565 nubem
3148 1523 3268 1577 quze
3310 1516 3429 1563 erat
3471 1508 3523 1561 in
3567 1508 3783 1576 spiritu,

2210 1612 2532 1667 rursumque
2557 1607 2688 1653 rota:
2712 1598 2839 1653 dum
2863 1599 3113 1653 animalia
3144 1609 3497 1668 sequerentur
3517 1598 3785 1653 elevantia

2209 1703 2268 1744 se
2293 1688 2360 1743 de
2384 1697 2551 1753 terra,
2595 1703 2934 1758 nequaquam
2978 1688 3255 1753 animalia,
3285 1689 3377 1744 sed
3416 1689 3664 1759 spiritum
3700 1704 3788 1744 se-

2211 1781 2551 1850 quebantur,
2579 1788 2639 1833 ut
2685 1780 3033 1835 ostenderent
3085 1782 3357 1849 propriam
3421 1780 3785 1842 voluntatem,

2211 1869 2338 1940 quia
2394 1869 2616 1938 spiritus
2668 1869 2790 1924 vita:
2827 1877 2945 1923 erat
2971 1870 3022 1923 in
3066 1870 3219 1924 rotis.
3276 1869 3399 1923 Tria
3436 1878 3615 1922 autem
3645 1876 3701 1923 et
3734 1868 3789 1923 in

2211 1960 2532 2015 animalibus
2583 1968 2637 2013 et
2684 1959 2738 2012 in
2794 1960 2961 2022 rotis,
3015 1960 3218 2029 pariter
3268 1960 3611 2022 indicantur,
3663 1974 3787 2013 cum

2210 2056 2447 2113 starent,
2479 2062 2603 2103 cum
2627 2047 2985 2111 ambularent,
3016 2063 3138 2103 cum
3169 2048 3539 2112 clevarentur;
3584 2063 3705 2116 quaa-
3734 2056 3786 2100 et

2211 2139 2465 2194 animalia
2508 2151 2562 2194 et
2612 2147 2744 2194 rotae
2798 2139 2851 2193 in
2902 2154 3187 2195 commune
3246 2140 3535 2195 faciebant.
3602 2139 3789 2208 Neque

2211 2232 2354 2286 enim
2391 2232 2660 2287 stantibus
2688 2231 3030 2296 animalibus,
3056 2240 3183 2293 rotae
3211 2239 3464 2301 poterant
3483 2232 3787 2293 ambulare,

2211 2339 2312 2379 nec
2332 2322 2729 2378 ambulantibus
2767 2338 2928 2391 super
2969 2332 3167 2377 terram
3212 2321 3553 2387 animalibus,
3576 2321 3792 2376 elevare

2214 2428 2274 2468 se
2322 2422 2478 2477 rota),
2516 2413 2609 2467 sed
2655 2427 2882 2482 quorum
2911 2427 3016 2465 una
3047 2420 3164 2466 erat
3210 2412 3373 2477 actio,
3424 2427 3528 2465 una
3572 2419 3693 2465 erat
3736 2418 3792 2465 et

2211 2507 2426 2575 requies
2455 2513 2511 2559 et
2559 2519 2750 2558 cursus
2786 2513 2840 2557 et
2885 2503 3133 2561 elevatio.
3183 2501 3537 2571 Secundoque
3566 2503 3790 2561 dicitur.

2212 2596 2337 2664 quia
2364 2594 2583 2664 spiritus
2613 2594 2737 2647 vita:
2764 2602 2882 2647 erat
2907 2593 2961 2646 in
2999 2592 3131 2647 rotis
3160 2610 3172 2645 :
3206 2601 3266 2646 ut
3309 2606 3651 2662 nequaquam
3692 2607 3794 2647 vas

2213 2685 2428 2755 aliquod
2469 2683 2793 2738 arbitremur
2818 2670 3080 2747 rotarum,
3110 2698 3246 2752 quas
3270 2682 3321 2736 in
3352 2684 3622 2752 carpentis
3641 2682 3795 2753 plau-

2211 2783 2446 2830 strorum
2476 2771 2937 2840 rbedarummeet
2956 2787 3209 2826 curruum
3227 2771 3645 2842 aspicimus,sed
3674 2772 3795 2826 ani-

2212 2864 2439 2928 mantia,
2476 2863 2586 2916 imo
2642 2876 2803 2931 super
2853 2861 3148 2915 animantia
3195 2875 3212 2914 :
3269 2880 3287 2912 ι
3344 2862 3607 2917 Animalis
3642 2864 3790 2917 enim

2212 2955 2373 3010 homo
2404 2968 2510 3007 non
2537 2953 2765 3022 percipit
2789 2966 2850 3006 ea
2877 2967 2997 3021 qua:
3022 2959 3147 3005 sunt
3167 2950 3389 3020 spiritus
3416 2950 3466 3021 (Ι
3490 2950 3612 3005 Car.
3644 2954 3729 3019 tt).
3768 2972 3787 3004 ι

2211 3044 2333 3100 Ista:
2367 3057 2496 3115 ergo
2527 3050 2657 3097 rota:
2676 3081 2691 3105 ,
2724 3042 2775 3094 in
2804 3040 3000 3109 quibus
3028 3051 3148 3095 erat
3173 3041 3395 3110 spiritus
3425 3042 3580 3107 vitae,
3607 3043 3793 3097 omnia

2213 3137 2404 3191 ordine
2448 3134 2651 3188 faciunt
2691 3140 2852 3201 atque
2880 3146 3149 3196 mensura,
3177 3122 3479 3200 habentque
3510 3147 3631 3185 cum
3667 3133 3793 3187 ani-

527 3220 741 3287 alienis,
777 3239 797 3273 t
843 3221 984 3277 illico
1011 3222 1291 3291 respondit
1320 3239 1333 3275 :
1369 3238 1387 3271 ι
1433 3222 1574 3290 Ergo
1594 3220 1750 3275 liberi
1772 3228 1898 3275 sunt
1927 3218 2040 3273 filii.
2085 3236 2104 3270 ι
2139 3217 2182 3278 C
2215 3226 2486 3281 mamilius
2502 3224 2865 3289 concordiam,
2894 3233 3181 3291 sequentes
3207 3237 3289 3288 ea,
3323 3230 3377 3277 et
3404 3238 3502 3292 per
3533 3237 3594 3277 ea
3620 3222 3795 3294 Spiri—

531 3311 639 3368 Sed
675 3323 960 3383 postquam
991 3326 1051 3367 se
1094 3312 1323 3367 liberum
1350 3327 1470 3367 esse
1517 3310 1853 3373 monstravit,
1885 3325 1953 3365 ne
1993 3308 2106 3363 for-

531 3415 675 3463 tasse
722 3406 1035 3462 scandalum
1082 3406 1336 3475 cuiquam
1392 3404 1625 3470 faceret,
1661 3406 1940 3461 subdidit:
1978 3423 1997 3457 σ
2038 3404 2109 3461 Ut

529 3504 709 3552 autem
750 3511 858 3551 non
902 3495 1333 3551 scandalizemus
1382 3512 1507 3563 eos,
1533 3497 1672 3551 vade
1724 3497 1791 3552 ad
1840 3511 2024 3561 mare,
2055 3504 2110 3551 et

530 3587 685 3641 mitte
727 3587 969 3651 hamum,
1002 3594 1058 3640 et
1092 3601 1215 3641 eum
1258 3587 1461 3665 piscem
1504 3586 1596 3655 qui
1627 3586 1778 3657 prius
1807 3586 2113 3641 ascenderit.

536 3676 697 3740 tolle,
724 3683 779 3731 et
806 3685 995 3746 aperto
1041 3690 1135 3730 ore
1171 3674 1288 3745 ejus
1333 3676 1576 3732 invenies
1621 3684 1909 3741 staterem;
1960 3676 2107 3730 illum

536 3782 756 3823 sumens
788 3767 855 3821 da
885 3766 966 3821 eis
1009 3781 1106 3836 pro
1144 3781 1229 3821 me
1274 3774 1330 3821 et
1382 3774 1455 3821 te.
1517 3785 1535 3818 ι
1596 3765 1695 3834 Qui
1727 3782 1939 3821 rursum
1986 3780 2107 3820 cum

531 3858 777 3912 diceret:
816 3875 834 3907 ι
878 3855 1014 3923 Quia
1044 3870 1204 3912 omne
1235 3857 1379 3926 quod
1422 3857 1476 3910 in
1514 3870 1575 3911 os
1602 3857 1788 3920 intrat,
1821 3872 1927 3910 non
1965 3857 2107 3911 coin-

535 3949 728 4019 quinat
778 3948 1075 4013 hominem,
1124 3957 1252 4003 tunc
1301 3948 1618 4003 accedentes
1660 3948 1909 4018 discipuli
1955 3948 2108 4002 dixe-

537 4047 663 4093 runt
688 4053 702 4091 :
742 4037 863 4093 Scis
887 4040 1012 4107 quia
1042 4038 1321 4103 Pharisaei,
1346 4038 1528 4094 audito
1552 4039 1653 4093 hoc
1676 4040 1859 4102 verbo,
1886 4040 2111 4093 scanda-

531 4127 678 4180 lizati
711 4136 856 4182 sunt.
887 4126 955 4180 At
980 4126 1067 4180 ille
1096 4127 1426 4196 respondens
1455 4128 1530 4181 ait
1570 4146 1583 4181 :
1632 4126 1820 4182 Omnis
1849 4126 2110 4197 plantatio

532 4230 695 4285 quam
725 4232 828 4270 non
853 4216 1113 4285 plantavit
1137 4216 1298 4269 Pater
1334 4231 1486 4271 meus
1526 4216 1780 4281 caelestis,
1808 4216 2109 4270 eradicabi-

537 4315 664 4359 tur:
701 4306 860 4360 sinite
882 4305 1020 4370 illos,
1045 4305 1173 4360 caeci
1205 4314 1329 4359 sunt
1349 4306 1586 4360 etduces
1606 4319 1869 4360 catomum
1895 4302 2107 4375 (Matth.

534 4410 644 4462 xv;
695 4395 864 4450 Marc.
909 4395 1028 4468 vn).
1071 4416 1088 4447 ι
1134 4396 1273 4451 Ecce
1322 4397 1580 4466 magistra
1633 4396 1883 4461 Veritas,
1931 4410 1999 4450 ne
2058 4394 2111 4447 in

537 4486 893 4556 quorumdam
927 4486 1179 4541 cordibus
1207 4485 1518 4541 scandalum
1542 4486 1867 4556 gigneretur,
1894 4485 2112 4554 etquod

2214 3326 2323 3371 tum
2339 3323 2604 3379 sanctum,
2621 3315 2728 3367 imo
2750 3313 2941 3367 mediis
2960 3314 3335 3383 prmtermissis
3355 3314 3524 3368 sancti
3554 3312 3795 3383 Spiritus

2211 3410 2471 3465 societate
2512 3408 2824 3477 gaudentes.
2866 3406 2995 3473 Quae
3031 3409 3209 3462 omnia
3232 3407 3388 3477 juxta
3435 3407 3671 3477 priorem
3712 3410 3796 3463 in-

2214 3499 2595 3570 telligentiam,
2635 3497 2799 3551 variae
2851 3496 3280 3566 interpretationi
3337 3498 3571 3566 prudens
3622 3496 3796 3551 lector

2210 3591 2410 3661 poterit
2438 3596 2708 3658 coaptare.
2744 3583 2942 3659 (Greg.)
2973 3601 2993 3635 ι
3033 3586 3293 3655 Cumque,
3325 3587 3520 3656 inquit,
3548 3587 3796 3641 ambula-

2212 3688 2333 3735 rent
2380 3679 2634 3734 auimalia
2657 3718 2671 3742 ,
2708 3676 3054 3731 ambulabant
3096 3677 3300 3744 pariter
3357 3686 3412 3731 et
3440 3684 3604 3740 rete,
3630 3676 3792 3745 juxta

2211 3785 2295 3824 ea.
2333 3770 2401 3823 Et
2429 3769 2556 3823 dum
2604 3766 2948 3820 elevarentur
2976 3765 3229 3819 animalia
3277 3764 3342 3819 de
3397 3772 3577 3829 terra,
3611 3764 3793 3819 eleva-

2210 3860 2408 3913 bantur
2437 3855 2596 3911 simul
2626 3864 2680 3910 et
2709 3862 2859 3909 rotae.
2893 3873 2912 3906 ι
2948 3854 3311 3909 Ambulabant
3338 3856 3590 3908 animalia
3617 3897 3633 3919 ,
3663 3873 3791 3910 cum

2211 3952 2386 4007 sancti
2436 3950 2540 4004 viri
2578 3951 2629 4003 in
2662 3947 2943 4017 Scriptura
2982 3962 3135 4001 sacra
3188 3946 3492 4015 intelligunt
3530 3950 3795 4015 quemad-

2211 4040 2429 4097 modum
2487 4038 2763 4093 moraliter
2814 4038 3017 4092 vivant.
3064 4036 3360 4091 Elevantur
3406 4052 3535 4090 vero
3564 4051 3597 4089 a
3644 4045 3793 4090 terra

2214 4130 2490 4194 animalia,
2522 4144 2643 4184 cum
2673 4128 2844 4182 sancti
2883 4127 2981 4180 viri
3012 4142 3069 4181 se
3096 4127 3149 4179 in
3174 4126 3628 4194 contemplatione
3672 4142 3795 4181 sus-

2211 4224 2470 4293 pendunt.
2520 4221 2586 4275 Et
2633 4221 2756 4289 quia
2808 4219 3174 4287 unusquisque
3228 4228 3537 4271 sanctorum
3582 4227 3795 4287 quanto

2215 4316 2329 4382 ipse
2357 4315 2408 4367 in
2428 4312 2706 4382 Scriptura
2739 4326 2892 4365 sacra
2933 4309 3238 4379 profecerit,
3275 4317 3427 4362 tanto
3457 4310 3570 4362 bzec
3598 4311 3792 4363 eadem

2216 4400 2493 4471 Scriptura
2530 4415 2682 4454 sacra
2708 4399 2923 4468 proficit
2954 4398 3093 4466 apud
3121 4397 3293 4465 ipsum
3324 4415 3335 4448 :
3369 4406 3515 4451 recte
3544 4397 3754 4450 dicitur
3779 4415 3792 4450 :

2222 4510 2239 4540 ι
2268 4489 2399 4545 Cum
2429 4489 2763 4543 ambularent
2792 4486 3060 4547 animalia,
3093 4486 3440 4540 ambulabant
3486 4487 3701 4553 pariter
3741 4494 3798 4539 ct

539 4593 644 4632 non
676 4576 865 4632 debuit
914 4577 1173 4631 tributum
1205 4577 1385 4640 dedit;
1419 4584 1474 4629 et
1508 4590 1741 4641 rursum,
1774 4575 1899 4644 quia
1951 4589 2107 4645 gene-

2217 4590 2364 4645 rotae,
2396 4589 2593 4635 etcum
2618 4579 2957 4633 elevarentur
2984 4578 3235 4631 animalia
3289 4579 3354 4631 de
3402 4586 3569 4641 terra,
3604 4578 3792 4634 eleva-

539 4666 647 4720 rari
676 4666 985 4721 scandalum
1014 4666 1066 4719 in
1095 4665 1451 4733 quorumdam
1477 4666 1728 4719 cordibus
1756 4672 1942 4718 contra
1973 4665 2113 4718 veri-

538 4765 704 4810 tatem
733 4756 886 4820 vidit,
918 4755 972 4808 in
1002 4770 1099 4809 suo
1128 4770 1221 4809 eos
1255 4754 1510 4809 seandalo
1539 4768 1819 4808 remanere
1846 4754 2108 4823 permisit.

537 4843 614 4900 Ex
642 4861 746 4914 qua
770 4858 825 4899 re
849 4846 1005 4899 nobis
1026 4846 1472 4899 considerandum
1500 4854 1603 4910 est,
1630 4846 1753 4914 quia
1777 4846 1829 4899 in
1851 4855 2107 4915 quantum

448 4966 453 4970 ο
540 4935 658 4987 sine
690 4943 912 5003 peccato
968 4949 1275 5004 possumus,
1307 4934 1480 4988 vitare
1526 4935 1899 5003 proximorum
1948 4950 2107 4987 scan-

538 5024 720 5077 dalum
770 5025 1045 5079 debemus.
1081 5024 1136 5079 Si
1188 5035 1368 5079 autem
1411 5025 1477 5079 de
1516 5026 1743 5079 veritate
1792 5025 2107 5078 scandalum

546 5119 797 5183 sumitur,
824 5119 1008 5173 utilius
1046 5120 1377 5189 permittitur
1404 5120 1553 5174 nasci
1575 5119 1915 5180 scandalum.
1949 5135 2107 5188 quam

538 5210 737 5264 veritas
782 5211 1137 5280 relinquatur.
1181 5209 1318 5277 Quia
1356 5225 1487 5281 ergo
1516 5218 1825 5265 sanctorum
1877 5219 2107 5273 mentes,

538 5301 775 5368 undique
819 5315 879 5354 se
918 5300 1118 5354 circum
1153 5299 1498 5369 inspicientes
1525 5300 1823 5369 invigilant,
1855 5308 2015 5366 atque
2056 5299 2108 5351 in

539 5388 685 5442 omni
710 5403 808 5442 suo
845 5403 1007 5457 opere
1031 5388 1247 5458 pavoris
1270 5395 1326 5441 et
1347 5386 1716 5442 sollicitudinis
1770 5388 1981 5441 oculum
2009 5387 2112 5441 cir-

540 5476 891 5539 cumducunt,
940 5489 1009 5529 ne
1069 5484 1159 5529 aut
1211 5490 1374 5545 prava
1425 5482 1606 5546 agant,
1640 5487 1732 5529 aut
1776 5486 1944 5539 recta,
1989 5492 2109 5544 qua:

538 5574 807 5634 prmcepta
854 5575 976 5620 sunt
1006 5582 1111 5619 non
1141 5575 1322 5636 agant,
1345 5575 1439 5620 aut
1466 5568 1618 5620 bonis
1648 5568 1856 5621 actibus
1884 5568 2108 5635 expletis

541 5654 595 5707 in
621 5656 732 5708 suis
766 5656 1184 5725 cogitationibus
1213 5658 1598 5719 intumescant,
1631 5664 1685 5711 et
1714 5666 1864 5711 tanto
1893 5659 2107 5727 gravius

540 5741 832 5813 offendant,
865 5755 1064 5814 quanto
1106 5746 1236 5817 justi
1282 5746 1530 5799 videntur
1577 5746 1708 5802 foris
1755 5758 1809 5801 et
1844 5747 2105 5801 occultius

2215 4671 2414 4724 bantur
2437 4669 2683 4722 similiter
2707 4675 2762 4721 et
2783 4676 2932 4720 rotae.
2966 4685 2983 4716 ι
3018 4666 3152 4732 Quia
3175 4666 3356 4720 divina
3384 4666 3624 4736 eloquia,
3660 4669 3792 4722 dum

2215 4760 2465 4829 leguntur
2490 4766 2770 4821 crescunt;
2811 4772 2933 4809 nam
2963 4765 3109 4810 tanto
3133 4756 3219 4810 illa
3267 4757 3495 4825 quisque
3520 4757 3793 4812 intellexit

2214 4846 2394 4912 altius,
2419 4855 2621 4916 Quanto
2666 4846 2719 4912 in
2761 4846 2839 4900 eis
2868 4846 3026 4899 altius
3056 4846 3300 4899 intendit.
3354 4846 3504 4901 Unde
3546 4862 3652 4902 nec
3676 4849 3791 4904 cle-

2214 4946 2408 4988 tantur
2436 4943 2599 4996 rota),
2632 4936 2674 4988 si
2709 4950 2812 4987 non
2843 4934 3121 4989 elevantur
3168 4934 3437 4989 animalia.
3489 4934 3629 5000 Quia
3687 4938 3793 4991 nisi

2210 5027 2500 5094 legentium
2549 5034 2754 5080 mentes
2783 5027 2848 5080 ad
2875 5026 2981 5080 alta
3024 5025 3349 5096 profecerint
3371 5068 3385 5091 ,
3414 5028 3592 5081 divina
3642 5031 3792 5085 dicta

2210 5118 2356 5171 velut
2390 5119 2438 5171 in
2468 5118 2586 5171 imis
2610 5133 2712 5171 non
2743 5119 3005 5173 intellecta
3024 5117 3226 5185 jacent.
3251 5119 3381 5173 Cum
3413 5120 3556 5173 enim
3585 5120 3792 5190 legenti

2210 5205 2428 5261 cuilibet
2456 5221 2636 5260 sermo
2658 5206 2950 5276 Scriptum»
2973 5222 3141 5261 sacra:
3164 5207 3371 5276 tepidus
3393 5208 3631 5271 videtur,
3669 5224 3794 5264 seu-

2212 5311 2301 5349 sus
2349 5295 2514 5348 divini
2565 5296 2761 5363 eloquii
2799 5295 2911 5362 ejus
2950 5306 3182 5349 mentem
3212 5312 3319 5349 non
3369 5298 3592 5361 excitat,
3630 5308 3689 5353 et
3739 5305 3791 5353 in

2211 5385 2533 5455 cogitatione
2562 5400 2655 5438 sua
2686 5384 2828 5438 nullo
2856 5384 3153 5438 intellectus
3179 5384 3380 5440 lumine
3404 5388 3641 5452 emicat;
3670 5400 3791 5443 rota

2211 5488 2265 5530 et
2289 5477 2458 5531 otiosa
2482 5485 2536 5530 et
2564 5478 2615 5530 in
2652 5484 2794 5529 terra
2825 5483 2922 5536 est,
2959 5478 3083 5544 quia
3111 5477 3307 5530 animal
3337 5492 3444 5532 non
3480 5478 3735 5533 elevatur
3761 5496 3791 5534 a

2212 5580 2374 5623 terra.
2403 5569 2471 5621 At
2511 5583 2640 5622 vero
2669 5568 2713 5621 si
2742 5567 2937 5621 animal
2983 5568 3233 5629 ambulet,
3270 5568 3321 5621 id
3368 5579 3487 5627 est.
3513 5570 3658 5623 bene
3713 5572 3791 5624 vi-

2212 5660 2367 5713 vendi
2399 5658 2641 5713 ordinem
2670 5666 2905 5725 quaerat,
2931 5666 2984 5711 et
3010 5671 3103 5725 per
3124 5672 3362 5727 gressum
3409 5657 3591 5712 cordis
3639 5658 3792 5712 inve-

2212 5750 2323 5802 niat
2370 5748 2817 5817 quemadmodum
2876 5744 3114 5816 gressum
3175 5748 3296 5801 boni
3366 5749 3549 5816 operis
3594 5759 3787 5817 ponat,
