3948 6368
197 376 299 433 533

1137 382 1485 440 COMMENT.
1526 380 1591 436 1N
1632 380 2079 439 EZECHIELEM.
2121 414 2188 423 —
2224 384 2350 439 LIB.
2392 385 2452 440 11.

3332 389 3428 443 554

200 494 472 548 ambulant
513 494 715 564 pariter
768 504 823 549 et
867 505 1019 551 rotat.
1070 485 1205 565 Quia
1253 506 1457 553 tantum
1508 500 1561 553 in
1612 513 1768 554 sacro
1798 503 1841 561 Α
1872 514 2030 554 nemo
2074 510 2383 555 sanctorum
2414 501 2481 555 ad
2510 501 2784 556 emlestem
2837 502 3059 573 gloriam
3102 502 3204 556 nisi
3233 504 3447 572 patien—

200 582 407 652 eloquio
434 581 738 652 profectum
767 584 996 651 invenis,
1025 596 1285 655 quantum
1326 588 1466 658 apud
1498 588 1623 642 illud
1657 589 1772 658 ipse

202 670 507 740 profeceris.
538 670 597 726 Si
651 688 778 728 vero
821 685 1114 743 pennatum
1160 676 1361 731 animal
1411 692 1530 733 sese
1566 678 1619 731 in
1651 692 1776 732 eon-

203 762 602 832 templationem
652 763 959 830 tetenderit,
989 772 1122 821 rota:
1159 766 1407 835 protinus
1433 780 1463 821 a
1492 774 1634 821 terra
1658 766 1771 823 eleo

202 864 412 908 vantur.
445 853 583 922 Quia
628 864 843 911 terrena
866 872 973 912 non
999 872 1121 914 esse
1172 858 1446 929 intelligis,
1470 874 1590 927 qua:
1623 860 1773 929 prius

202 942 254 996 in
297 957 455 997 sacro
495 942 708 1014 eloquio
725 943 877 1013 juxta
904 954 1177 1001 terrenum
1204 934 1409 1023 rnorem
1436 948 1575 1003 dicta
1604 950 1774 1004 credi-

200 1032 345 1097 disti,
374 1032 538 1102 ﬁtque
574 1042 632 1088 ut
665 1031 956 1105 Scriptura;
983 1049 1151 1092 sacrae
1176 1038 1341 1091 verba
1369 1037 1608 1092 ocelestia
1653 1053 1772 1094 esse

200 1122 441 1188 sentias,
477 1124 520 1178 si
567 1138 829 1181 accensus
872 1141 973 1196 per
1019 1127 1489 1198 contemplationis
1545 1130 1769 1198 gratiam

201 1210 537 1280 temetipsum
588 1212 654 1267 ad
690 1213 928 1269 coelestia
973 1216 1288 1285 suspendas.
1333 1216 1401 1271 Et
1447 1217 1583 1272 mira
1613 1226 1774 1288 atque

200 1295 484 1361 ineﬂ’abilis
527 1301 668 1355 sacri
712 1300 909 1372 eloquii
954 1302 1127 1358 virtus
1156 1305 1490 1374 agnoscitur,
1521 1320 1641 1359 cum
1684 1322 1773 1361 su-

197 1400 368 1455 pereo
392 1403 578 1443 amore
594 1388 819 1461 legentis
859 1392 1070 1448 animus
1091 1401 1424 1463 penetratur.
1462 1392 1600 1461 Quia
1643 1410 1773 1466 ergo

200 1478 401 1532 animal
452 1479 519 1533 ad
559 1480 667 1535 alta
699 1497 757 1537 se
784 1483 1047 1549 sublevat,
1103 1493 1219 1540 rota
1267 1484 1445 1550 volat;
1480 1486 1723 1555 sequitur
1758 1503 1770 1540 :

203 1583 221 1616 ι
258 1565 587 1637 Quocunque
615 1569 727 1625 ibat
746 1572 991 1640 spiritus,
1022 1572 1148 1628 illuc
1174 1581 1336 1629 eunte
1354 1574 1547 1644 spiritu
1566 1584 1622 1629 et
1644 1583 1774 1630 mtas

196 1656 401 1726 pariter
442 1656 767 1714 levabantur
806 1672 1097 1732 sequentes
1154 1678 1297 1719 eutn.
1358 1683 1376 1716 ι
1435 1665 1587 1721 Rotas
1628 1667 1770 1721 enim

198 1747 443 1818 spiritum
490 1753 983 1822 sequuntur,equia
1033 1755 1197 1809 verba
1254 1755 1393 1809 sacri
1450 1754 1772 1825 eloquii,ut

1875 591 2000 645 tiam
2028 592 2292 647 servando
2318 592 2577 662 pervenit.
2606 592 2757 660 Quod
2785 594 2898 661 ipse
2927 600 3113 646 auctor
3141 601 3196 647 et
3230 593 3434 647 redem-

1873 688 1993 747 ptor
2038 680 2257 749 generis
2304 680 2563 745 humani,
2614 690 2802 749 sputa,
2857 681 3141 749 colaphos,
3191 682 3433 751 spineam

1870 782 2145 834 coronam,
2166 783 2414 835 crucem,
2450 769 2691 826 lanceam
2738 771 2993 840 pertulit,
3024 779 3077 826 et
3111 780 3286 824 tamen
3337 786 3434 840 pro

1871 859 2300 925 persecutoribus
2338 860 2516 914 oravit
2538 856 2755 931 (Matth.
2789 875 2933 922 xxvr,
2966 858 3154 929 xxvn).
3204 858 3260 914 Si
3310 860 3434 913 vita:

1871 949 2090 1018 Spiritus
2123 949 2345 1021 legentis
2394 949 2629 1003 animum
2659 950 2726 1003 ad
2771 950 3005 1003 studium
3034 950 3435 1020 prmdicationis

1870 1035 2104 1101 excitat;
2157 1039 2338 1092 statim
2392 1046 2689 1106 sequuntur
2743 1046 2798 1091 et
2846 1048 2975 1091 robe
3020 1054 3033 1091 :
3082 1040 3208 1107 quia
3256 1040 3308 1092 in
3349 1054 3432 1094 sa-

1873 1126 1981 1181 cris
2026 1126 2255 1197 eloquiis
2305 1128 2507 1183 invenit
2542 1125 2750 1199 (Exod.
2799 1126 2864 1198 v)
2915 1129 3056 1197 quod
3103 1128 3309 1199 Moyses
3346 1128 3432 1197 ju-

1873 1215 2032 1271 bente
2062 1216 2290 1273 Domino
2335 1228 2521 1273 contra
2565 1218 2783 1290 Egypti
2833 1233 3036 1287 regem,
3061 1219 3112 1271 in
3135 1220 3349 1287 quantis
3376 1235 3434 1273 se

1872 1307 2267 1375 praedicationis
2314 1308 2479 1362 libere
2507 1309 2685 1364 verbis
2712 1310 2912 1373 erexit,
2945 1308 3086 1376 quod
3135 1306 3434 1376 Stephanus

1871 1395 2068 1453 ludatis
2087 1399 2475 1469 perﬁdentibus
2496 1399 2696 1455 diceret
2727 1418 2738 1454 :
2778 1418 2796 1451 ι
2831 1401 2933 1455 Vos
2958 1415 3171 1470 semper
3210 1400 3431 1469 Spiritui

1873 1499 2061 1545 saneto
2104 1491 2378 1545 restitiStis
2424 1489 2561 1562 (Act.
2593 1488 2711 1561 vn),
2753 1508 2769 1541 ι
2815 1504 2911 1545 nec
2960 1490 3095 1545 inter
3134 1489 3336 1560 lapides
3379 1491 3439 1543 ti-

1874 1580 2028 1633 muit.
2076 1578 2227 1646 Quod
2278 1579 2502 1643 Petrus,
2532 1577 2758 1634 fustibus
2801 1593 3005 1643 exesus,
3033 1593 3100 1633 ne
3129 1579 3181 1632 in
3223 1579 3437 1633 nomine

1872 1667 2001 1723 Jesu
2051 1668 2387 1737 loqueretur,
2414 1684 2533 1723 cum
2584 1683 2776 1740 magna
2820 1668 3067 1724 libertate
3115 1670 3433 1739 respondit:

1880 1776 1898 1807 ι
1950 1756 2181 1813 Oberlire
2236 1767 2448 1827 oportet
2508 1758 2620 1813 Deo
2685 1758 2854 1828 magis
2905 1773 3063 1828 quam
3126 1758 3435 1813 hominibus

198 1853 333 1908 saepe
382 1837 498 1908 jam
525 1840 729 1896 dictum
778 1850 859 1897 est
885 1883 898 1907 ,
921 1843 1074 1927 juxta
1109 1858 1328 1899 sensum
1354 1844 1643 1915 legentium
1675 1861 1771 1915 per
1802 1841 1843 1898 Β
1873 1844 2103 1916 (Ασωί).
2129 1865 2146 1896 ι
2175 1846 2325 1912 Quod
2350 1845 2545 1901 Paulus
2572 1855 2881 1901 catenarum
2905 1847 3131 1902 vinculis
3158 1848 3439 1918 stringitur

122 1954 123 1957 η
200 1931 523 1987 intellectum
564 1942 833 1989 crescunt.
868 1935 923 1989 In
976 1951 1081 1990 una
1123 1936 1264 1991 enim
1317 1936 1613 2008 eademque
1664 1953 1779 1992 sen-

200 2023 361 2077 tentia
392 2022 707 2095 Scripturze,
741 2026 879 2082 alius
923 2028 1034 2083 sola
1073 2028 1310 2084 historia
1345 2030 1605 2099 pascitur,
1642 2032 1778 2086 alius

200 2113 466 2183 typieam,
523 2115 661 2171 alius
720 2132 847 2173 vero
913 2133 1006 2188 per
1070 2128 1251 2191 typum
1309 2122 1776 2192 contemplativam

201 2204 604 2275 intelligentiam
654 2209 864 2278 quaerit.
909 2210 975 2263 Et
1005 2209 1064 2264 lit
1114 2226 1523 2281 nonnunquam,
1552 2222 1611 2267 ut
1640 2214 1777 2268 dixi-

199 2317 348 2364 mus,
373 2311 431 2357 ut
493 2303 546 2356 in
599 2319 703 2357 una
734 2304 1029 2374 eademque
1067 2304 1334 2360 sententia
1386 2314 1578 2361 cuneta
1618 2306 1776 2362 simul

202 2393 298 2446 tria
347 2393 560 2447 valeant
600 2393 849 2448 inveniri.
907 2394 1042 2462 Quia
1074 2394 1238 2465 igitur
1277 2394 1420 2450 dicta
1468 2397 1608 2450 sacri
1667 2397 1775 2452 elo-

204 2484 313 2555 quii
377 2500 499 2540 cum
568 2484 855 2553 legentium
938 2486 1130 2557 spiritu
1189 2497 1560 2553 excrescunt;
1630 2498 1777 2543 recte

203 2588 339 2628 nutie
407 2573 645 2639 dicitur,
698 2593 717 2626 ι
769 2589 1108 2645 quocumque
1160 2575 1273 2630 ibat
1323 2575 1581 2646 spiritus,
1651 2576 1776 2633 illuc

203 2670 356 2718 eunte
395 2664 590 2732 spiritu
618 2673 675 2719 et
730 2672 860 2720 rotae
906 2666 1111 2734 pariter
1143 2666 1511 2732 elevabantur,
1546 2682 1777 2738 sequen-

204 2762 280 2807 tes
344 2768 490 2808 eum.
539 2773 557 2805 ι
608 2754 675 2809 Ει
722 2756 968 2810 subditur
1017 2774 1029 2808 :
1089 2776 1105 2808 ι
1169 2755 1402 2826 Spiritus
1450 2759 1591 2813 enim
1653 2759 1776 2825 vitae

203 2852 315 2896 erat
356 2843 408 2896 in
440 2844 592 2898 rotis.
638 2864 656 2896 ι
698 2844 753 2897 In
783 2846 915 2899 rotis
950 2846 1093 2900 enim
1123 2846 1342 2915 spiritus
1372 2846 1491 2899 vitae
1516 2859 1618 2912 est,
1650 2847 1773 2915 quia

199 2947 294 3002 per
320 2948 479 2989 sacra
506 2934 718 3004 eloquia
744 2936 883 2991 dono
904 2937 1125 3006 spiritus
1152 2936 1514 3002 vivifieamur,
1546 2946 1606 2990 ut
1632 2953 1775 2991 mor-

206 3024 356 3078 til'era
387 3040 418 3078 a
453 3025 608 3080 nobis
636 3040 797 3095 opera
829 3026 1168 3096 repellamus.
1192 3026 1377 3082 Potest
1403 3035 1582 3081 autem
1612 3027 1770 3081 intel-

205 3111 310 3184 ligi,
339 3115 465 3184 quia
498 3114 718 3185 spiritus
764 3116 938 3179 vadit;
978 3131 1098 3169 cum
1126 3115 1352 3186 legentis
1398 3116 1637 3171 animum
1688 3117 1771 3171 di-

1878 1935 2131 2006 (Pliilipp.
2164 1935 2220 2008 ι),
2246 1938 2337 1991 sed
2363 1944 2540 1991 tamen
2567 1938 2788 1991 verbum
2810 1936 2903 1992 Dei
2931 1952 3035 1992 non
3059 1945 3141 1991 est
3166 1938 3435 2007 alligatum

1877 2025 1959 2099 (II
1996 2026 2127 2081 Tim.
2154 2031 2235 2100 ιι).
2272 2027 2327 2081 Si
2358 2028 2481 2083 vita:
2510 2028 2729 2098 spiritus
2752 2028 2817 2083 ad
2847 2029 3175 2099 pcenitentiaa
3209 2028 3438 2083 lamenta

1875 2118 2205 2187 compungit,
2230 2125 2530 2186 sequuntur
2556 2118 2801 2187 protinus
2823 2125 2971 2184 rotat,
2997 2134 3119 2173 cum
3149 2116 3440 2188 Scriptura:

1875 2222 2042 2261 sacrze
2091 2208 2253 2262 verba
2309 2208 2475 2262 David
2525 2209 2895 2277 pmnitentiam
2945 2208 3241 2279 proferunt.
3286 2209 3439 2277 Quod

1874 2315 1968 2354 rex
2004 2300 2361 2369 reprehensus
2390 2316 2419 2354 a
2457 2301 2735 2369 propheta,
2766 2301 2895 2371 quia
2916 2290 3187 2372 subjectus
3232 2302 3436 2357 c'mlesti

1876 2390 1987 2459 regi
2046 2406 2153 2444 non
2214 2391 2342 2454 fuit,
2411 2391 2650 2460 subjecto
2709 2393 3004 2462 increpanti
3061 2408 3167 2448 non
3229 2394 3441 2448 erubuit

1876 2478 2118 2535 confiteri
2147 2481 2287 2549 quod
2317 2479 2445 2535 fecit
2473 2480 2556 2552 (ll
2582 2479 2703 2551 Reg.
2730 2480 2854 2547 xu).
2892 2479 3044 2547 Quod
3089 2481 3404 2552 publicanus
3424 2522 3437 2547 ,

1875 2570 1966 2641 qui
1998 2576 2204 2627 reatum
2229 2586 2340 2628 suae
2382 2571 2633 2642 nequitia!
2668 2571 2919 2642 cognovit
2949 2570 3099 2644 (Luc.
3130 2570 3302 2643 xvtn),
3336 2573 3438 2627 etsi

1875 2660 2103 2729 iujustus
2132 2662 2197 2716 ad
2226 2662 2479 2731 templum
2526 2661 2672 2715 venit
2694 2701 2708 2725 ,
2729 2659 3056 2728 justifieatus
3077 2674 3108 2713 a
3131 2659 3326 2728 templo
3358 2675 3441 2713 re-

1875 2750 1989 2805 diit.
2017 2749 2167 2817 Quod
2194 2750 2385 2805 Petrus
2424 2750 2726 2820 negationis
2753 2749 2989 2803 maculas
3032 2748 3284 2818 lacrymis
3310 2748 3440 2802 lavit

1875 2839 2089 2911 (Matth.
2139 2839 2311 2910 nm).
2370 2839 2522 2907 Quod
2567 2840 2742 2905 latro,
2773 2840 2863 2909 qui
2909 2841 2961 2893 in
2992 2854 3152 2893 cruce
3190 2840 3440 2907 cegnovit

1875 2933 2082 3002 culpam
2130 2949 2303 2997 suam,
2338 2934 2393 2987 in
2436 2934 2547 3003 ipsa
2588 2932 2703 3009 jam
2755 2942 2929 2986 morte
2988 2932 3191 2985 invenit
3228 2932 3439 2985 veniam

1875 3022 2024 3094 (Luc.
2053 3023 2230 3093 χχιιι).
2258 3023 2335 3077 De
2357 3023 2549 3092 quibus
2573 3023 2745 3077 adhuc
2772 3022 2905 3090 rotis
2947 3022 3132 3076 eadem
3180 3022 3438 3090 propheta

1876 3111 2097 3180 replicat
2139 3121 2299 3181 atque
2350 3110 2619 3181 subjungit
2665 3128 2678 3163 :
2729 3128 2747 3161 ‹
2801 3110 2933 3165 Cum
2977 3109 3436 3175 euntibus'ibant,

206 3204 369 3259 versis
422 3184 597 3259 modis
644 3212 699 3259 et
748 3205 1028 3260 ordinibus
1078 3184 1244 3275 tangit
1290 3206 1466 3271 Deus;
1514 3207 1767 3277 quoniam
1798 3184 1840 3245 Ο
1872 3210 2075 3256 etcum
2121 3201 2389 3255 stantibus
2438 3201 2677 3266 stabant,
2708 3208 2918 3256 etcum
2955 3200 3229 3255 elevatisa
3275 3209 3436 3267 terra,

207 3293 343 3349 hunc
368 3309 468 3365 per
508 3295 670 3350 verba
700 3297 841 3351 sacri
866 3296 1063 3366 eloquii
1096 3297 1255 3351 modo
1281 3297 1334 3351 in
1365 3296 1481 3351 zelo
1504 3297 1767 3361 excitans,

206 3382 270 3436 ad
290 3384 546 3439 ultionem
566 3385 743 3456 erigit,
770 3387 927 3441 modo
941 3387 1006 3440 ad
1027 3387 1338 3455 patientiam
1358 3386 1582 3457 mitigat,
1614 3387 1771 3442 modo

207 3470 257 3526 tn
304 3460 680 3543 prndicatione
728 3474 963 3539 instruit,
1000 3474 1159 3529 modo
1208 3474 1273 3528 ad
1324 3475 1655 3545 ptenitentia:
1695 3476 1772 3529 la-

208 3572 376 3617 menta
402 3564 732 3634 compungit.
770 3562 877 3620 Sed
908 3578 1247 3618 recurramus
1278 3565 1513 3619 breviter
1540 3580 1636 3634 per
1658 3566 1771 3620 hrcc

206 3650 383 3705 eadem
416 3652 582 3705 verba
620 3639 737 3720 quae
785 3652 1039 3717 diximus,
1093 3660 1148 3707 et
1194 3652 1472 3707 videamus
1503 3654 1769 3722 quomodo

206 3750 500 3809 sequuntur
530 3750 657 3796 rota:
686 3741 957 3811 spiritum,
990 3742 1079 3809 qui
1109 3743 1234 3796 vitae
1286 3742 1506 3811 spiritus
1550 3743 1766 3807 dicitur,

206 3839 255 3884 et
276 3830 403 3887 rotis
440 3830 615 3886 inesse
648 3832 981 3900 perhibetur.
1009 3830 1167 3886 Certe
1204 3831 1249 3885 si
1277 3831 1504 3902 legentis
1530 3834 1766 3887 animum

205 3922 417 3991 spiritus
451 3921 573 3976 vita:
603 3922 656 3976 in
681 3922 785 3977 zeli
826 3921 1037 3977 lervore
1086 3921 1321 3991 tetigerit
1348 3961 1362 3985 ,
1421 3923 1667 3991 protinus
1713 3923 1765 3976 iu

206 4013 367 4067 sacris
390 4012 619 4081 eloquiis
642 4013 809 4078 videt,
835 4014 976 4082 quod
1005 4012 1212 4083 Moyses
1243 4012 1306 4085 ad
1331 4022 1508 4065 castra
1533 4013 1763 4077 rediens,

206 4111 256 4155 et
283 4118 375 4171 per
412 4102 554 4157 idola
603 4102 858 4173 populum
908 4117 1161 4171 peccasse
1208 4116 1539 4172 cognoscens
1568 4101 1761 4172 (Exod.

207 4192 368 4262 χχιιι)
392 4232 407 4257 ,
438 4193 584 4247 hunc
624 4208 717 4262 per
746 4191 1012 4247 fervorem
1056 4192 1279 4261 spiritus
1319 4191 1495 4261 gladio
1535 4191 1761 4254 stravit;

205 4281 333 4348 quod
348 4272 578 4336 Pliinees
590 4280 958 4352 persequendo
974 4279 1237 4333 luxuriam
1254 4278 1440 4349 (Num.
1462 4280 1611 4347 xxv),
1632 4277 1763 4331 iram

209 4368 403 4423 Domini
437 4370 614 4441 gladio
641 4369 873 4439 placavit
896 4409 909 4434 ,
952 4370 1094 4437 quod
1128 4368 1316 4424 Petrus
1346 4370 1669 4424 mentientes
1700 4367 1765 4421 si-

206 4459 362 4519 bimet
400 4461 566 4525 verbo
595 4460 825 4530 perculit
853 4470 906 4513 et
934 4458 1131 4514 occidit
1162 4458 1296 4529 (Act.
1347 4456 1421 4528 χ),
1449 4457 1587 4525 quod
1624 4455 1763 4509 Pau-

206 4553 280 4608 lus
308 4554 694 4625 negligentibus
736 4553 1012 4622 diseipulis
1038 4553 1242 4621 virgam
1286 4552 1520 4606 minatur
1554 4550 1604 4621 (I
1637 4549 1759 4603 Cor.

206 4642 293 4715 tv).
319 4643 376 4701 Si
401 4644 621 4714 spiritus
640 4644 997 4713 vitatlegentis
1017 4642 1253 4697 animum
1281 4642 1347 4695 ad
1375 4640 1760 4695 observandam

205 4735 504 4803 patientiam
549 4735 719 4803 tangit
742 4775 755 4799 ,
786 4735 969 4788 statim
1010 4739 1306 4802 sequuntur
1343 4739 1395 4785 et
1434 4739 1602 4795 rota};
1639 4731 1762 4799 quia

208 4825 256 4879 in
284 4829 451 4883 sacris
472 4828 701 4897 eloquiis
722 4826 925 4881 invenit
945 4823 1132 4895 (Num.
1163 4825 1281 4895 xx),
1310 4824 1450 4895 quod
1474 4823 1683 4894 Moyses
1711 4832 1767 4877 et

206 4913 371 4971 Aaron
387 4930 509 4973 eum
524 4916 803 4987 loquentes
826 4924 971 4971 recta
986 4914 1409 4984 persecutionem
1423 4914 1601 4982 populi
1620 4913 1763 4983 passi

208 5015 341 5071 sunt,
364 5009 429 5061 ad
454 5006 856 5062 tabernaculum
899 5013 1257 5061 cucurrerunt
1284 5020 1380 5074 pro
1411 5005 1527 5074 ipso
1569 5005 1763 5075 pepulo

209 5106 501 5160 exoranles,
537 5112 696 5165 quem
752 5096 1044 5161 fugiebant.
1104 5096 1301 5148 Sancta
1349 5103 1527 5149 autem
1577 5110 1763 5148 eorum

210 5199 350 5241 mens
388 5197 441 5241 et
470 5187 717 5241 timorem
768 5185 1188 5255 superbientium
1218 5184 1472 5252 pertulit,
1505 5192 1560 5239 et
1586 5192 1764 5239 tamen

211 5286 382 5332 contra
410 5293 505 5333 eos
536 5279 602 5332 ad
640 5279 821 5333 odium
851 5270 954 5331 non
985 5279 1180 5345 erupit.
1212 5266 1473 5330 Patientia
1507 5291 1631 5330 vero
1658 5285 1761 5340 est,

210 5381 319 5436 qua:
340 5377 394 5423 et
418 5369 593 5439 ipsum
620 5378 784 5434 amat,
817 5383 974 5437 quem
1002 5375 1199 5436 portat,
1235 5381 1357 5420 nam
1383 5366 1636 5430 tolerare,
1668 5366 1763 5421 sed

211 5456 375 5512 odisse
397 5498 412 5523 ,
450 5474 563 5512 non.
588 5467 667 5513 est
694 5459 863 5512 virtus
889 5448 1311 5512 mansuetudinis
1332 5495 1347 5518 ,
1394 5456 1488 5508 sed
1518 5455 1763 5509 velamen

214 5542 414 5601 luroris.
461 5535 518 5601 lin
567 5548 768 5603 eisdem
808 5563 1019 5618 quoque
1046 5544 1506 5614 eloquiisinvenit
1552 5543 1605 5615 (Ι
1634 5543 1761 5613 Reg.

214 5636 341 5700 vnt),
368 5639 509 5706 quod
538 5637 772 5705 Samuel,
805 5640 869 5693 de
889 5638 1218 5709 principatus
1247 5634 1480 5690 culmine
1508 5633 1763 5701 dejectus,

216 5738 383 5782 orasse
425 5745 484 5785 se
530 5730 695 5785 etiam
744 5747 838 5801 pro
878 5730 1245 5800 dejicientibus
1274 5726 1592 5791 confitetur;
1623 5725 1765 5796 quod

1794 4520 1841 4579 D

1871 3291 2073 3360 pariter
2098 3290 2449 3346 elevabantur
2484 3300 2538 3347 et
2564 3299 2717 3357 rotas,
2749 3302 3038 3361 sequentes
3065 3306 3148 3356 ea,
3176 3292 3300 3359 quia
3330 3291 3441 3360 δρία-

1872 3383 2007 3437 ritus
2028 3384 2151 3438 vita:
2178 3392 2296 3438 erat
2323 3383 2376 3437 iu
2407 3383 2563 3438 rotis.
2597 3403 2615 3436 ι
2645 3382 2770 3438 llmc
2792 3390 2937 3447 sunt,
2960 3383 3096 3437 sicut
3118 3384 3303 3445 nostis,
3330 3382 3440 3436 l‘ra~

1872 3481 1981 3528 tres
1994 3474 2318 3539 cbarissimi,
2336 3489 2399 3528 ex
2415 3474 2645 3527 maxima
2661 3482 2811 3543 parte
2818 3472 2927 3542 jam
2952 3472 3092 3525 dicta
3110 3488 3123 3535 ;
3142 3473 3234 3525 secl
3254 3472 3441 3525 iterata

1871 3565 2227 3634 descriptione
2248 3573 2553 3619 narrantur.
2573 3563 2684 3620 Hoc
2704 3565 2845 3619 enim
2873 3563 3043 3617 solum
3074 3562 3125 3616 in
3158 3563 3242 3617 his
3270 3563 3442 3617 verbis

1870 3672 2065 3712 novum
2088 3656 2359 3726 adjicitur,
2379 3657 2521 3725 quod
2550 3657 3022 3717 dictumestueum
3048 3654 3315 3708 stantibus
3337 3664 3443 3708 sta-

1868 3747 2207 3803 bant.»Sunt
2248 3748 2390 3811 enim
2421 3748 2638 3817 quidam
2661 3788 2674 3811 ,
2719 3746 2809 3815 qui
2840 3759 3010 3813 usque
3054 3745 3120 3799 ad
3149 3746 3251 3799 hoc
3280 3736 3442 3814 proli;

1867 3840 2054 3904 ciunt,
2100 3851 2158 3892 ut
2205 3849 2419 3893 terrena
2464 3854 2583 3909 qua:
2627 3838 2900 3906 accipiunt
2944 3838 3078 3891 bene
3128 3837 3440 3907 dispensare

1870 3930 2133 3984 noverint.
2168 3930 2552 3983 Misericordia:
2597 3929 2913 3991 intendunt,
2952 3909 3230 3995 'oppressis
3273 3928 3437 3981 obve-

1868 4019 2050 4081 niunt;
2080 4018 2131 4071 bi
2154 4018 2401 4072 videlicet
2424 4018 2624 4071 valunt
2654 4018 2706 4069 in
2734 4031 2829 4081 eo,
2855 4032 2961 4084 quo
3026 4031 3082 4070 se
3105 4015 3175 4069 ad
3204 4017 3436 4084 proximi

1868 4108 2152 4161 utilitatem
2204 4108 2446 4161 tendunt.
2479 4108 2611 4162 Cum
2642 4106 2725 4160 bis
2755 4121 2882 4176 ergo
2928 4117 3058 4160 reue
3101 4107 3436 4176 gradiuntur,

1867 4200 1991 4268 quia
2026 4214 2178 4253 sacra
2203 4199 2409 4267 eldquia
2439 4199 2706 4253 dictorum
2730 4214 2947 4253 suorum
2993 4214 3207 4268 passum
3239 4200 3291 4254 in
3322 4200 3439 4270 ejus

1869 4289 2059 4343 itinere
2089 4287 2397 4357 disponunt.
2451 4288 2518 4343 Et
2561 4296 2683 4343 sunt
2720 4288 2842 4351 alii,
2874 4289 2963 4357 qui
2998 4289 3050 4341 in
3092 4288 3247 4342 tidem
3275 4304 3437 4359 quam

1868 4386 2210 4446 acceperunt,
2237 4377 2308 4430 ita
2334 4378 2400 4431 ad
2430 4378 2713 4432 tenendam
2737 4375 2903 4431 fortes
2940 4384 3084 4440 sunt,
3117 4385 3173 4429 ut
3199 4377 3443 4431 adversis

1867 4468 2169 4537 quibusque
2194 4468 2445 4522 resistere
2470 4467 2699 4529 valeant,
2727 4474 2781 4521 et
2808 4482 2911 4520 non
2936 4466 3107 4527 solum
3136 4467 3353 4521 minime
3372 4468 3437 4521 ad

1871 4559 2275 4627 perversitatem
2307 4557 2585 4610 trahantur
2610 4556 2864 4625 perﬁdiae,
2889 4556 2981 4609 sed
3003 4556 3165 4610 etiam
3188 4572 3444 4625 perverso

1869 4646 2207 4716 loquentibus
2265 4646 2614 4714 lmpngnent,
2674 4659 2870 4712 eosque
2936 4644 3002 4698 ad
3064 4645 3443 4701 rectitudincm

1870 4735 2101 4787 trahant.
2167 4732 2299 4787 Cum
2367 4734 2482 4786 istis
2537 4733 2799 4786 stantibus
2850 4742 2995 4788 stant
3055 4732 3217 4786 etiam
3274 4744 3433 4796 rotae,

1868 4824 1992 4891 quia
2052 4823 2130 4877 eis
2195 4820 2566 4877 rectitudinem
2621 4835 2771 4874 suam
2823 4821 2962 4875 sacri
3017 4820 3215 4890 eloquii
3262 4822 3435 4875 verba

1869 4912 2224 4978 conﬁrmant,
2258 4928 2381 4966 cum
2430 4912 2483 4965 in
2529 4912 2608 4965 eis
2644 4911 2904 4967 audiunt:
2944 4932 2960 4961 ι
2998 4910 3149 4967 State
3168 4920 3223 4966 et
3261 4919 3437 4966 tenete

1870 5003 2187 5057 traditiones
2228 5017 2363 5071 quas
2407 5001 2674 5054 didicistis
2701 4999 2787 5070 (II
2826 4999 3004 5053 Thess.
3046 5000 3131 5069 ιι).
3163 4984 3277 5053 {Et
3312 5015 3434 5053 rur—

1869 5107 2025 5147 sum:
2078 5110 2095 5141 ι
2140 5091 2492 5146 Adversarius
2537 5100 2718 5145 vester
2764 5089 3006 5147 diabolus
3054 5099 3303 5157 tanquam
3354 5089 3438 5143 leo

1870 5182 2084 5251 rugiens
2112 5182 2306 5236 circuit
2341 5194 2586 5250 qurereus
2612 5194 2769 5247 quem
2803 5179 3049 5241 devoret,
3076 5179 3159 5231 cui
3200 5178 3435 5231 resistite

1869 5268 2034 5323 fortes
2066 5270 2117 5321 in
2152 5268 2251 5323 (ide
2292 5267 2344 5337 (Ι
2367 5265 2511 5320 Patr.
2545 5267 2620 5332 v).
2658 5287 2675 5318 ι
2716 5267 2780 5320 Et
2819 5275 2943 5321 sunt
2984 5266 3069 5319 alii
3092 5267 3220 5335 ,qtti
3252 5267 3432 5320 omnia

1866 5368 2080 5413 terrena
2118 5360 2449 5428 despiciunt,
2478 5357 2618 5412 nulla
2651 5373 2768 5425 quae
2806 5365 3131 5426 praetereunt
3163 5356 3438 5423 possidere

1864 5450 2169 5519 dignantur.
2189 5449 2242 5501 lu
2261 5448 2353 5502 Dei
2371 5464 2450 5512 se,
2473 5448 2847 5516 utpratdiclunt
2862 5456 2963 5510 est,
2988 5444 3437 5512 contemplatione

1865 5541 2213 5610 suspendunt.
2246 5540 2379 5593 Cum
2427 5539 2511 5591 bis
2539 5551 2665 5606 ergo
2696 5537 2919 5591 elevatis
2966 5546 3020 5590 et
3059 5546 3187 5590 rota:
3232 5535 3437 5603 pariter

1866 5629 2126 5683 levantur.
2152 5628 2285 5694 Quia
2315 5629 2365 5681 in
2397 5634 2653 5697 quantum
2684 5626 2909 5694 quisque
2949 5626 3015 5677 ad
3054 5625 3157 5677 alta
3192 5624 3432 5693 profece-

1868 5724 1957 5785 rit,
1975 5722 2025 5775 iu
2051 5728 2255 5773 tantum
2272 5718 2315 5773 ei
2342 5728 2395 5772 et
2416 5733 2568 5771 sacra
2587 5716 2794 5786 eloquia
2820 5718 2884 5771 de
2907 5716 3184 5774 altioribus
3211 5716 3434 5785 loquuno
