3948 6348
506 354 609 408 555

1165 363 1223 417 Β.
1270 365 1519 419 RABANI
1563 365 1776 421 MAURI
1810 364 2126 421 ARCIllEP.
2167 361 2472 418 MOCUNT.
2514 360 2797 417 OPERUM
2834 361 3015 417 PARS
3054 362 3113 417 ll.

3657 362 3760 419 536

506 478 609 523 tur.
657 472 867 527 Vadam
912 490 1039 544 ergo
1081 477 1329 530 animalia
1377 478 1442 532 ad
1486 479 1770 533 utilitatem
1817 478 2065 548 proximi.
2100 478 2143 534 Α
2175 475 2290 529 sine
2332 474 2538 528 defectu
2571 474 2775 527 vultum
2814 473 2995 529 videre
3039 476 3324 539 creatoris,
3360 485 3522 546 atque
3560 478 3613 531 in
3641 476 3759 545 ejus

502 558 659 613 Stant
688 562 753 615 ad
782 573 933 617 custo
955 564 1076 617 liam
1100 566 1202 618 sui.
1240 566 1530 621 Elevantur
1561 569 1627 622 ad
1665 566 2069 635 contemplatio-

503 665 620 703 nem
646 652 758 706 Dei.
783 650 887 706 Setl
921 661 977 707 et
1005 662 1134 709 rotae
1164 657 1370 723 pariter
1412 656 1632 719 vadunt,
1664 664 1823 719 stant,
1856 656 2068 709 elevan—

502 747 605 801 tur,
634 741 758 809 quia
783 742 1007 809 quaesita
1043 757 1197 797 sacra
1242 744 1401 799 lectio
1429 746 1548 801 talis
1579 745 1869 807 invenitur,
1894 745 2062 813 qualis

497 839 551 884 et
578 831 647 884 sit
670 831 783 900 ipse
809 848 835 883 a
861 847 968 897 quo
997 834 1271 900 qttteritur.
1314 836 1393 888 Ad
1437 834 1665 890 aetivam
1715 836 1857 888 enim
1902 836 2064 889 vitam

498 922 792 987 proiecisti,
821 926 924 976 am‘.
950 924 1060 978 ulat
1108 936 1285 980 tecum
1314 946 1324 979 :
1350 927 1415 980 ad
1442 925 1875 981 immobilitatem
1905 934 2066 995 atque

494 1014 852 1068 constantiam
876 1014 1095 1082 spiritus
1124 1015 1396 1083 proiecisti
1424 1033 1436 1069 :
1463 1022 1569 1070 stat
1596 1024 1773 1070 tecum
1800 1033 1811 1067 ε
1846 1016 1912 1070 ad
1936 1030 2064 1071 cou-

496 1104 861 1173 tcmplativam
887 1105 1067 1167 vitam,
1096 1118 1191 1173 per
1214 1106 1305 1159 Dei
1328 1106 1554 1175 gratiam
1580 1105 1895 1174 pervenisti,
1922 1105 2066 1159 volat

495 1204 693 1248 tecum.
722 1194 786 1247 Et
808 1209 1018 1247 rursum
1050 1195 1326 1249 subditur:
1356 1214 1374 1245 t
1405 1194 1538 1261 Quia
1562 1195 1784 1263 spiritus
1801 1195 1924 1248 vitm
1946 1204 2064 1248 erat

496 1286 546 1338 in
574 1285 726 1339 rotis.
766 1304 787 1336 ›
820 1284 972 1351 Quod
1000 1285 1200 1338 idcirco
1241 1284 1476 1339 secundo
1509 1284 1726 1349 dicitur,
1752 1283 1873 1337 vitae
1899 1284 2060 1353 spiri-

494 1382 578 1425 tus
607 1373 659 1425 in
684 1373 817 1427 rotis
842 1388 983 1436 esse,
1015 1372 1140 1441 quia
1166 1372 1456 1441 Scriptura:
1477 1371 1583 1427 duo
1604 1381 1728 1427 sunt
1750 1372 2063 1425 Testamen-

492 1472 567 1525 ta,
596 1477 715 1531 qua:
741 1470 970 1531 utraque
1000 1463 1091 1516 Dei
1118 1462 1343 1531 spiritus
1370 1462 1533 1517 scribi
1558 1462 1750 1528 voluit,
1777 1471 1837 1517 ut
1870 1478 1967 1517 nos
1994 1463 2061 1518 ab

489 1553 682 1605 :tnimze
704 1562 875 1606 morte
897 1551 1170 1617 liberaret,
1199 1553 1282 1606 vel
1305 1560 1471 1617 certe,
1494 1552 1619 1622 quia
1648 1554 1755 1609 duo
1776 1563 1900 1610 sunt
1924 1568 2063 1623 prae-

487 1649 639 1709 repta
680 1640 993 1704 charitatis,
1038 1641 1255 1695 dilectio
1303 1641 1553 1697 videlicet
1589 1643 1707 1708 Dei,
1750 1652 1804 1699 et
1843 1644 2061 1699 dilectio

486 1730 741 1798 proximi,
767 1745 863 1800 per
885 1745 1003 1800 qua:
1032 1739 1257 1800 utraque
1281 1747 1378 1787 nos
1405 1747 1575 1797 sacra:
1598 1731 1894 1801 Scriptura:
1916 1735 2058 1790 dicta

2172 564 2455 618 dilectione
2492 565 2606 618 sine
2634 565 3003 618 immutatione
3025 565 3548 634 persistere?Potcst
3576 577 3757 622 autem

2174 652 2494 706 ﬁrmamenti
2532 653 2748 705 nomine
2778 653 2891 720 ipse
2916 666 3012 722 per
3037 653 3259 722 ﬁguram
3301 664 3486 709 noster
3516 654 3754 709 Redem-

2171 750 2291 809 ptor
2321 742 2574 809 intelligi,
2609 758 2768 796 verus
2796 742 2937 797 Deus
2960 759 3123 813 super
3145 745 3350 806 omnia,
3378 756 3431 800 et
3458 744 3634 800 factus
3670 746 3756 801 inv

2170 842 2253 886 ter
2296 832 2478 885 omnia
2527 832 2689 886 homo
2720 831 3026 901 perfectus,
3078 838 3132 887 in
3170 850 3277 904 quo
3323 845 3516 889 natura
3568 847 3755 891 nostra

2168 923 2307 991 apud
2354 922 2941 977 Patrem-conﬁrmata
2993 931 3095 978 est.
3151 923 3228 978 De
3279 940 3386 994 quo
3437 925 3760 995 etiam'per

2166 1010 2512 1065 Psalmistam
2540 1011 2910 1082 prophetando
2945 1012 3141 1066 dicitur
3167 1032 3179 1066 :
3210 1032 3228 1065 t
3265 1014 3387 1069 Fiat
3432 1031 3625 1070 manus
3662 1026 3753 1070 tua

2167 1118 2329 1172 super
2359 1104 2532 1171 virum
2562 1104 2799 1157 dextera:
2829 1111 2955 1165 tum,
2997 1113 3052 1158 et
3097 1119 3257 1173 super
3301 1105 3469 1159 ﬁlium
3517 1108 3755 1161 hominis

2165 1207 2324 1262 quem
2347 1192 2680 1247 conﬁrmasti
2706 1194 2798 1247 tibi
2818 1190 2988 1263 (Psal.
3014 1196 3223 1263 Lxxtx).
3247 1213 3264 1245 ι
3292 1194 3753 1250 Humanaetenitn

2166 1290 2378 1347 natura,
2408 1282 2722 1353 priusquam
2746 1297 2774 1336 a
2810 1282 3069 1337 Creatore
3096 1284 3336 1338 omnium
3361 1284 3751 1353 susciperetur,

2166 1380 2310 1429 terra
2336 1380 2474 1437 erat,
2520 1389 2643 1427 nam
2696 1372 3096 1428 firmamentum
3141 1389 3246 1429 non
3279 1383 3416 1428 erat.
3471 1375 3751 1430 Peccatori

2163 1463 2361 1531 quippe
2389 1463 2591 1521 homini
2624 1463 2825 1517 dictum
2852 1470 2935 1518 est
2959 1476 2978 1515 :
3008 1481 3026 1515 t
3064 1462 3228 1516 Terra
3258 1478 3338 1528 es,
3365 1472 3421 1517 et
3460 1464 3513 1518 in
3548 1472 3750 1519 terram

2164 1550 2269 1604 ibis
2294 1547 2444 1620 (Gen.
2470 1550 2607 1621 111).»
2627 1553 2993 1623 Atpostquam
3016 1562 3291 1623 assumpta
3307 1560 3390 1608 est
3418 1552 3487 1607 ab
3510 1553 3751 1609 Auctore

2162 1640 2400 1694 omnium
2432 1649 2593 1711 atque
2621 1642 2675 1696 in
2700 1643 2853 1698 ccelis
2883 1643 3191 1708 sublevata,
3230 1652 3285 1699 et
3328 1660 3488 1714 super
3526 1647 3752 1718 angelos

2163 1728 2323 1782 ducta
2370 1728 2769 1785 ﬁrmamentum
2807 1732 2951 1787 facta
2982 1741 3097 1798 est,
3128 1749 3249 1803 qua:
3295 1743 3449 1790 terra
3470 1736 3594 1792 fuit.
3632 1737 3741 1794 Sed

491 1820 780 1875 viviﬁcant.
814 1820 1062 1877 Secundo
1103 1837 1233 1894 ergo
1262 1823 1479 1889 dicitur,
1511 1825 1637 1895 quia
1680 1825 1901 1895 spiritus
1936 1826 2054 1881 vitai

2164 1816 2559 1873 ﬁrmamentum
2587 1821 2728 1890 quod
2769 1822 3044 1891 aspicitur,
3091 1824 3243 1892 cujus
3272 1823 3465 1878 habeat
3494 1826 3750 1881 similitu-

484 1919 603 1964 erat
632 1910 687 1964 in
724 1910 894 1965 rotis:
926 1911 1049 1980 quia
1083 1911 1422 1968 dilectionem
1446 1913 1541 1967 Dei
1573 1921 1629 1969 et
1656 1914 1888 1983 proximi
1916 1916 2061 1984 capi-

486 2017 606 2056 mus
628 2002 687 2055 in‘
704 2002 930 2071 eloquiis
944 2003 1159 2069 divinis,
1177 2019 1271 2073 per
1283 2014 1550 2075 praecepta
1562 2021 1731 2062 sacrae
1744 2006 2058 2078 Scriptum,

484 2095 625 2149 dit-ta
667 2095 1025 2161 viviﬁeamur,
1062 2097 1155 2166 qui
1194 2099 1396 2153 mortui
1439 2099 1492 2153 in
1531 2100 1685 2170 culpa
1720 2102 2054 2171 jacebamus.

559 2205 577 2235 ς
624 2186 689 2239 Ει
736 2187 1033 2242 similitudo
1080 2201 1244 2259 super
1286 2190 1463 2258 capita
1511 2191 1825 2246 animalium
1871 2192 2056 2246 ﬁrma-

486 2295 502 2324 ι
553 2276 739 2338 menti,
763 2277 917 2346 quasi
941 2286 1188 2348 aspectus
1208 2279 1446 2349 crystalli
1467 2280 1743 2336 horribilis
1772 2289 1828 2337 et
1852 2284 2056 2338 extenti

485 2388 501 2417 t
547 2382 710 2436 super
722 2368 897 2437 capita
912 2383 1098 2423 eorum
1113 2370 1360 2438 desuper.
1388 2389 1405 2421 ι
1438 2368 1708 2443 (Ηῑενοη.)
1728 2372 1948 2426 Videtur
1963 2389 2059 2427 au-

482 2466 587 2511 tctn
612 2472 775 2527 super
800 2468 1029 2527 quatuor
1052 2459 1327 2523 animalia,
1364 2469 1417 2516 et
1441 2470 1591 2518 rotas
1617 2464 1839 2519 totidem
1872 2464 2057 2519 simili-

480 2552 610 2605 tudo
639 2550 987 2615 ﬁrmamenti,
1014 2552 1158 2622 quod
1192 2566 1291 2607 nos
1321 2568 1578 2609 vocamus
1604 2555 1823 2621 coelum,
1853 2556 2056 2611 habens

476 2641 710 2711 speciem
741 2641 979 2713 crystalli
1009 2642 1150 2713 quod
1180 2651 1265 2698 est
1291 2644 1671 2715 purissimum,
1711 2656 1766 2703 et
1800 2663 1864 2704 ex
1900 2648 2055 2717 aquis

476 2729 694 2787 mundis
720 2739 881 2802 atque
907 2731 1238 2798 lucentibus,
1278 2735 1446 2791 nimio
1476 2735 1673 2807 frigore
1701 2752 2054 2794 concrescere

476 2822 692 2885 dicitur,
752 2822 1019 2878 intantum
1062 2833 1121 2879 ut
1170 2825 1335 2880 etiam
1384 2826 1503 2897 gelu
1557 2830 1847 2883 constricta
1914 2844 2051 2897 aqua

474 2912 664 2969 Grzeco
695 2930 945 2971 sermone
986 2918 1272 2990 crystallus
1309 2919 1633 2974 nominetur.
1678 2919 1911 2976 Docebat
1959 2936 2052 2975 au-

476 3016 583 3060 tem
623 3006 676 3060 in
705 3008 1071 3076 superioribus
1114 3024 1234 3064 esse
1278 3010 1530 3065 eximiam
1561 3011 1850 3079 puritatem
1876 3053 1891 3078 ,
1932 3028 2053 3082 quae

474 3104 667 3151 cuncta
714 3099 1058 3168 protegebat,
1102 3098 1155 3153 id
1192 3106 1308 3164 est,
1345 3099 1636 3155 rationales
1673 3101 2051 3172 sapientesque

473 3190 733 3252 virtutes,
779 3198 835 3244 et
879 3198 1111 3258 quatuor
1156 3197 1459 3259 temporum
1497 3205 1749 3256 cursum,
1780 3199 1836 3247 et
1863 3192 2048 3247 mundi

472 3276 697 3347 plagas,
741 3287 796 3332 et
842 3293 1025 3333 rerum
1066 3281 1306 3334 omnium
1353 3279 1571 3335 ordines
1607 3290 1661 3335 et
1685 3281 2048 3351 evangelicum
2108 3330 2111 3331 ν

474 3367 933 3437 prtedicationem,
961 3384 1081 3439 qua:
1118 3383 1185 3424 ex
1219 3377 1376 3439 parte
1413 3369 1750 3442 intelligitur,
1787 3386 1852 3426 ex
1894 3382 2049 3441 parte

476 3456 703 3511 velatur.
738 3475 757 3507 t
795 3457 860 3511 Et
887 3456 1199 3523 similitudo)
1231 3459 1423 3528 inquit,
1453 3475 1611 3530 supra
1642 3462 1819 3531 capita
1842 3462 2050 3516 anima-

473 3549 601 3603 liutu
634 3548 981 3613 ﬁrmamenti,
1002 3560 1107 3606 etc.
1139 3570 1158 3605 ι
1184 3548 1389 3624 (Greg.)
1417 3552 1567 3607 Hanc
1592 3550 1762 3625 [Haec]
1786 3552 2048 3624 largiente

472 3640 701 3696 Domino
721 3641 928 3697 duobus
949 3642 1120 3697 modis
1141 3643 1479 3713 exponimus,
1505 3651 1564 3697 ut
1592 3642 2045 3712 lectorisjudicio,

472 3731 601 3802 quid
641 3730 945 3801 eligendum
970 3739 1189 3787 censeat
1212 3732 1601 3803 relinquamus.
1635 3732 1867 3789 Possunt
1901 3734 2046 3789 enim

473 3822 799 3878 ﬁrmamenti
859 3822 1077 3877 nomine
1129 3822 1376 3879 cmlestes
1442 3830 1738 3893 potestates
1799 3823 2045 3895 intelligi.

471 3913 627 3980 Quod
674 3912 1070 3969 ﬁrmamentum
1118 3922 1299 3975 recte,
1355 3914 1509 3984 quasi
1557 3923 1808 3985 aspectus
1850 3915 2050 3979 dicitur

473 4004 717 4076 crystalli
748 4022 763 4058 :
790 4005 915 4074 quia
946 4004 1194 4060 videlicet
1217 4004 1529 4078 crystallum
1556 4004 1696 4061 forte
1722 4005 1937 4077 quidem
1965 4006 2049 4061 ni-

475 4097 579 4152 mis
605 4104 716 4161 est,
745 4094 839 4151 sed
867 4110 931 4151 ex
974 4109 1111 4165 aqua
1141 4094 1447 4152 solidatam.
1484 4096 1553 4151 Et
1580 4106 1775 4151 natura
1805 4097 2047 4169 angelica

473 4186 689 4257 quando
730 4194 914 4242 creata
959 4194 1043 4243 est
1090 4186 1319 4243 liberum
1362 4187 1648 4244 arbitrium
1698 4190 1942 4261 accepit,
1989 4199 2052 4246 ut

473 4287 655 4333 utrum
683 4277 846 4333 vellet
870 4277 925 4332 in
946 4275 1249 4333 humilitate
1268 4268 1589 4348 persistere,
1620 4286 1677 4335 et
1705 4280 1762 4335 in
1794 4282 2049 4351 omnipo-

476 4368 640 4423 tentis
668 4368 762 4423 Dei
792 4376 1013 4439 aspeetu
1040 4381 1379 4439 permanere,
1420 4383 1488 4424 an
1520 4370 1589 4425 ad
1616 4371 1927 4441 superbiam
1968 4372 2046 4427 la-

2160 1907 2338 1961 diuem
2375 1908 2729 1978 subinfertur,
2776 1927 2898 1967 cum
2929 1912 3170 1967 dicitur:
3219 1933 3237 1964 t
3278 1914 3442 1980 Quasi
3495 1926 3749 1987 aspectus

2159 1997 2399 2066 crystalli
2423 2000 2746 2055 horribilis.»
2770 2000 3115 2072 Crystallum,
3136 2003 3278 2057 sicut
3303 2005 3505 2058 dictum
3536 2014 3644 2069 est,
3676 2022 3746 2061 ex

2160 2102 2297 2156 aqua
2321 2089 2649 2157 congclascit
2671 2100 2726 2145 et
2753 2092 3031 2146 robustum
3056 2094 3134 2147 ﬁt.
3156 2092 3372 2149 Scimus
3387 2112 3518 2166 ergo
3540 2107 3746 2167 quanta

2154 2176 2230 2232 sit
2244 2191 2397 2247 aquze
2409 2178 2696 2233 mobilitas.
2720 2179 2926 2250 Corpus
2953 2190 3131 2236 autem
3148 2183 3527 2256 Redemptoris
3552 2188 3745 2253 nostri,

2158 2265 2284 2335 quia
2313 2280 2484 2336 usque
2515 2268 2582 2321 ad
2608 2277 2838 2323 mortem
2877 2272 3113 2339 passioui
3145 2273 3412 2342 subjacuit
3432 2314 3448 2340 ,
3471 2290 3646 2345 aqua:
3674 2277 3747 2331 si-

2158 2356 2286 2410 mile
2322 2356 2477 2424 juxta
2507 2356 2709 2427 aliquid
2735 2358 2855 2413 fuit.
2884 2359 3024 2427 Quia
3065 2364 3367 2430 nascendo,
3413 2366 3744 2431 crescendo,

2157 2444 2501 2502 lassescendo
2537 2455 2591 2500 et
2627 2448 2931 2511 esuriendo,
2954 2450 3207 2517 sitiendo,
3232 2453 3531 2517 moriendo,
3572 2469 3745 2524 usque

2157 2536 2224 2591 ad
2263 2536 2569 2606 passionem
2622 2554 2773 2594 suam
2819 2555 2918 2609 per
2966 2553 3234 2598 momenta
3284 2534 3585 2615 temporum
3627 2563 3746 2601 mu-

2157 2628 2395 2685 tabiliter
2418 2632 2746 2687 decucurrit.
2772 2632 2927 2707 Aqua
2968 2650 3096 2707 ergo
3132 2638 3185 2692 in
3226 2638 3541 2710 crystallum
3575 2640 3747 2694 verti-

2156 2725 2281 2786 tur,
2332 2723 2547 2790 quando
2594 2724 2956 2794 corruptionis
3005 2727 3124 2796 ejus
3170 2727 3464 2785 inﬁrmitas
3512 2744 3608 2799 per
3660 2745 3747 2784 re-

2154 2811 2547 2866 surrectionem
2602 2827 2755 2867 suam
2815 2815 2882 2869 ad
2938 2815 3361 2886 incorruptionis
3426 2817 3743 2873 ﬁrmitatem

2154 2912 2237 2957 est
2283 2904 2589 2959 immutata.
2638 2904 2744 2960 Sed
2788 2908 3115 2972 notandum,
3165 2911 3309 2978 quod
3354 2911 3457 2966 hoc
3507 2911 3741 2981 crystalo

2153 2992 2264 3045 lum
2316 2992 2576 3047 horribile
2600 3033 2615 3057 ,
2641 2994 2692 3048 id
2737 3005 2822 3050 est
2860 2997 3185 3065 pavendum,
3223 2986 3447 3055 dicitur.
3477 3000 3610 3073 Quis
3638 3017 3743 3059 au-

2157 3092 2264 3136 tem
2330 3085 2538 3140 nesciat
2588 3087 2741 3156 cujus
2789 3087 3208 3155 pulchritudinis
3253 3091 3325 3144 sit
3377 3091 3745 3163 crystallum?

2078 3146 2121 3207 C
2151 3175 2220 3229 Et
2253 3174 2450 3229 mirum
2474 3168 2746 3245 quomodo
2766 3178 2821 3231 in
2864 3178 2968 3233 hoc
3005 3175 3259 3250 Crystallo
3298 3146 3583 3237 conveniat
3618 3182 3742 3252 pul-

2152 3265 2404 3323 chritudo
2435 3284 2557 3322 cum
2599 3284 2815 3339 pavore.
2848 3269 2953 3325 Sed
2993 3274 3244 3328 omnibus
3270 3288 3400 3328 vera
3437 3274 3742 3330 scientibus

2150 3366 2383 3423 constat,
2410 3359 2551 3428 quod
2580 3359 2909 3430 Redemptor
2934 3362 3154 3417 humani
3180 3365 3393 3433 generis
3422 3380 3543 3419 cum
3570 3364 3741 3433 judex

2152 3452 2491 3520 apparuerit,
2518 3460 2572 3505 et
2597 3453 2875 3522 speciosus
2906 3451 3102 3522 justis,
3125 3463 3178 3508 et
3210 3455 3470 3527 terribilis
3516 3456 3622 3510 erit
3655 3457 3743 3510 iu-
3788 3496 3789 3499 η

2142 3536 2323 3607 justis.
2354 3538 2523 3606 Quem
2552 3540 2699 3595 enim
2725 3552 3067 3597 mansuetum
3091 3543 3362 3612 aspiciunt
3387 3544 3564 3613 electi,
3592 3546 3742 3602 hunc

2148 3629 2396 3685 eumdem
2408 3631 2709 3699 pavendum
2723 3639 2885 3700 atque
2901 3632 3194 3687 terribilem
3218 3634 3452 3702 reprobi.
3472 3635 3584 3695 Sed
3595 3637 3744 3691 hunc

2151 3720 2273 3775 ideo
2303 3719 2597 3775 terribilem
2622 3728 2755 3775 tunc
2785 3735 2891 3776 non
2914 3722 3175 3778 videbunt
3209 3723 3388 3788 electi,
3421 3726 3545 3792 quia
3578 3726 3743 3779 modo

2152 3820 2416 3865 terrorem
2444 3811 2583 3867 illius
2617 3812 2962 3867 considerare
2991 3828 3096 3868 non
3116 3822 3351 3889 cessant.
3380 3813 3445 3867 Et
3469 3816 3593 3883 quia
3624 3816 3745 3885 ipse

2150 3915 2318 3970 pavor
2340 3900 2459 3971 ejus
2486 3916 2644 3969 quem
2676 3902 2728 3954 in
2758 3903 2872 3957 suis
2894 3903 3315 3973 cogitationibus
3337 3911 3523 3969 tenent
3544 3920 3741 3959 eorum

2151 3999 2361 4045 mentes
2375 3990 2627 4060 protegit,
2647 4001 2795 4046 recte
2815 3992 3154 4063 subjungitur
3176 4010 3188 4045 :
3213 4010 3230 4042 t
3243 3992 3457 4047 Extenti
3474 4008 3637 4062 super
3657 4009 3747 4047 ca-

2149 4080 2263 4150 pita
2286 4095 2471 4135 eorum
2494 4080 2743 4155 desuper.
2775 4099 2791 4132 ι
2821 4080 3243 4136 Firmamentum
3265 4082 3390 4149 hoc,
3413 4070 3555 4152 quod
3583 4085 3639 4137 in
3660 4084 3743 4139 si-

2152 4169 2509 4226 militudinem
2529 4171 2766 4241 crystalli
2784 4157 2945 4241 super
2965 4174 3142 4243 capita
3157 4174 3471 4230 animalium
3488 4187 3741 4245 apparet,

2149 4271 2207 4318 et
2236 4262 2494 4318 horribile
2528 4274 2584 4318 et
2608 4273 2892 4319 extensum
2928 4273 3030 4331 est,
3066 4265 3191 4334 quia
3227 4265 3491 4330 bonorum
3524 4278 3745 4322 mentes

2148 4356 2294 4410 unde
2311 4363 2497 4421 terret,
2524 4357 2647 4411 inde
2660 4357 2911 4427 protegit.
2932 4356 2988 4412 Si
3011 4358 3154 4412 enim
3169 4357 3445 4428 pavendus
3462 4358 3519 4412 in
3545 4374 3741 4414 eorum

475 4463 713 4525 heretur,
744 4467 800 4514 et
828 4473 862 4513 a
890 4459 1223 4535 beatitudine
1242 4460 1607 4533 eaderet,-per
1634 4463 2043 4521 similitudinem
2075 4490 2127 4550 ι)
2150 4446 2742 4550 οοτάίῢυδηιξξηηθεεοιν
2763 4457 3048 4550 prolecth
3065 4454 3120 4550 ςει
3148 4450 3308 4504 modo
3335 4463 3365 4502 ε
3398 4449 3662 4519 peccatis.
3688 4460 3744 4550 et

476 4566 616 4622 aqua
646 4549 765 4605 fuit.
798 4549 904 4606 Sed
927 4550 1052 4619 quia
1081 4549 1396 4605 cadentibus
1436 4550 1558 4607 aliis
1602 4553 1844 4624 angelis,
1874 4557 2049 4611 sancti

475 4643 529 4696 in
557 4656 654 4696 sua
692 4640 1024 4696 beatitudine
1062 4640 1447 4710 perstiterunt,
1491 4650 1655 4712 atque
1690 4643 1793 4699 hoc
1831 4658 2054 4714 accepe-

476 4742 603 4787 runt
628 4732 681 4785 in
713 4745 951 4793 munere,
981 4738 1039 4784 ut
1063 4730 1176 4801 jam
1202 4730 1395 4787 cadere
1422 4734 1642 4788 omnino
1670 4749 1778 4788 non
1821 4736 2050 4804 possint,

477 4823 531 4874 in
560 4820 640 4875 eis
688 4826 876 4874 natura
917 4834 1046 4884 sua,
1077 4820 1202 4890 quia
1243 4817 1356 4887 jam
1386 4821 1542 4892 dejici
1576 4824 1904 4880 mutabiliter
1941 4839 2050 4880 non

476 4919 671 4980 potest.
699 4910 851 4980 quasi
882 4911 949 4965 ad
975 4911 1263 4982 imaginem
1293 4912 1529 4982 crystalli
1557 4915 1747 4970 durata
1766 4922 1850 4970 est
1869 4955 1884 4979 ,
1907 4916 2049 4985 quod

477 5004 788 5076 crystallum
832 5002 1087 5057 horribile
1140 5009 1197 5058 et
1247 5014 1529 5060 extensum
1589 5006 1823 5077 desuper
1870 5009 2049 5077 capita

478 5093 790 5148 animalium
836 5092 1052 5156 dicitur,
1101 5092 1231 5163 quia
1267 5099 1563 5163 potestates
1609 5096 1712 5150 illae
1760 5097 2050 5167 augerem,

479 5200 598 5253 qua:
628 5180 1008 5253 omnipotentis
1049 5182 1143 5236 Dei
1189 5185 1499 5252 conspectui
1549 5186 1836 5249 assistunt,
1896 5188 2053 5241 nobis

479 5276 655 5329 adhuc
680 5275 734 5327 in
769 5273 871 5328 hac
895 5274 1240 5343 corruptione
1267 5275 1456 5343 positis
1486 5276 1750 5331 terribiles
1776 5284 1937 5346 atque
1963 5292 2055 5346 pa-

481 5363 665 5419 venda:
694 5373 834 5418 sunt.
870 5362 1106 5429 Quarum
1132 5378 1273 5418 nunc
1292 5364 1481 5434 gaudia
1506 5405 1520 5427 ,
1548 5366 1673 5433 quia
1709 5381 1926 5420 sensum
1958 5382 2051 5421 no-

479 5464 715 5509 strarum
749 5451 1004 5506 mentium
1035 5453 1318 5518 excedunt,
1350 5469 1508 5522 super
1537 5455 1713 5523 capita
1736 5457 2047 5509 animalium

482 5559 603 5599 esse
632 5554 1015 5603 memorantur.
1050 5544 1179 5609 Quis
1219 5546 1362 5598 enim
1410 5545 1462 5598 in
1512 5558 1674 5599 carne
1716 5546 2047 5613 corruptibili

484 5635 708 5703 positus,
739 5634 1190 5703 comprehendere
1245 5635 1415 5689 valeat
1444 5649 1565 5703 qua:
1600 5634 1670 5688 sit
1705 5635 1793 5688 illa
1828 5634 2047 5704 angelo-

484 5739 602 5778 rum
626 5725 904 5781 ineﬁ‘abilis
943 5735 999 5782 et
1042 5726 1158 5781 sine
1194 5725 1299 5780 line
1344 5716 1561 5781 laetitia?
1601 5725 1729 5791 Qua:
1772 5724 2050 5779 beatitudo

2154 4548 2318 4609 posta
2342 4539 2614 4609 suppliciis
2629 4554 2734 4593 nou
2759 4538 2964 4595 luisset.
2982 4538 3117 4607 Quia
3138 4550 3316 4596 autem
3332 4557 3546 4611 semper
3558 4544 3734 4597 consi-

2154 4632 2344 4687 derant
2369 4633 2459 4701 qui
2481 4646 2651 4701 pavor
2663 4648 2728 4687 ex
2736 4630 2937 4700 judicio
2951 4632 3514 4699 immineat,virtutum
3531 4649 3744 4704 pennas

2156 4724 2209 4777 in
2228 4722 2549 4779 rectitudine
2564 4731 2907 4778 conservant.
2926 4721 3078 4779 Unde
3095 4732 3148 4779 et
3162 4733 3284 4793 apte
3300 4739 3423 4779 mox
3444 4724 3702 4778 subditur
3724 4738 3741 4778 :

2231 4833 2249 4864 t
2294 4814 2405 4869 Sub
2426 4813 2767 4868 ﬁrmamento
2789 4821 2967 4867 autem
2991 4828 3180 4883 pennas
3201 4829 3388 4869 eorum
3417 4822 3581 4869 rectae
3603 4814 3746 4870 alte-

2160 4928 2178 4957 t
2226 4910 2339 4963 rius
2366 4907 2433 4961 ad
2458 4906 2706 4970 alterum,
2733 4915 2838 4960 etc.
2871 4926 2888 4955 ι
2916 4894 3111 4960 Pennas
3138 4906 3398 4961 virtutum
3424 4905 3524 4959 sub
3552 4905 3745 4959 ﬁrma-

2155 5004 2337 5051 mento
2367 5005 2526 5050 recta:
2550 5004 2695 5059 sunt,
2729 4994 2943 5064 quando
2986 4986 3188 5050 bonum
3230 4996 3371 5064 quod
3403 4996 3543 5049 alter
3573 4997 3745 5050 habet

2157 5087 2310 5140 alteri
2338 5085 2617 5155 impendit,
2645 5093 2705 5138 ut
2726 5084 2814 5152 qui
2846 5094 3115 5139 terrenam
3137 5083 3491 5138 substantiam
3516 5084 3741 5154 accipit,

2156 5180 2456 5249 indigentes
2485 5177 2715 5245 proximi
2764 5177 2997 5244 inopiam
3041 5174 3300 5229 sublevet.
3337 5172 3441 5239 Qui
3475 5173 3747 5229 doctrina:

2156 5272 2328 5340 gratia
2358 5270 2546 5339 plenus
2572 5278 2676 5332 est,
2700 5268 2999 5338 ignorantis
3027 5267 3257 5338 proximi
3295 5264 3547 5321 tenebras
3569 5268 3746 5321 verbo

2159 5381 2270 5419 suzc
2300 5366 2707 5434 praedicationis
2738 5365 2988 5419 illustrct.
3014 5364 3114 5430 Qui
3151 5362 3433 5431 temporali
3468 5370 3745 5431 potestate

2158 5454 2417 5508 subnixus
2464 5464 2585 5517 est,
2630 5468 2915 5523 oppressos
2965 5469 2994 5506 a
3038 5453 3307 5506 violentiis
3358 5450 3583 5505 relevat.
3638 5451 3744 5518 Qui

2159 5546 2451 5613 prophetite
2498 5545 2687 5613 spiritu
2737 5545 2924 5613 plenus
2969 5554 3080 5607 est,
3118 5560 3148 5597 a
3177 5543 3285 5596 vita
3328 5542 3563 5611 proximi
3598 5542 3744 5596 mala

2158 5634 2490 5688 imminentia
2541 5637 2679 5688 bona
2733 5635 3003 5688 suadendo
3052 5634 3300 5688 declinet.
3352 5633 3454 5698 Qui
3503 5634 3745 5701 gratiam

2158 5726 2453 5781 curationis
2505 5726 2719 5795 accipit,
2774 5726 3158 5781 intercessione
3218 5740 3315 5779 sua
3366 5723 3526 5778 saluti
3588 5724 3745 5776 inﬁr-
