3948 6354
548 405 655 462 539

1179 400 1238 456 Β.
1282 399 1527 455 BADA)”
1572 397 1787 452 MAURI
1826 394 2142 451 ARCHIEP.
2188 392 2494 449 MOGUNT.
2532 390 2813 449 OPEIlUM
2854 389 3032 447 PARS
3067 392 3129 447 ll.

3687 382 3786 443 ΞΜ)

546 511 724 576 Isaac,
754 513 896 567 Deus
925 508 1093 565 Iacob
1123 506 1320 578 (Exod.
1339 505 1635 570 ullollnde
1665 505 1865 560 Paulus
1901 512 2110 573 aposto-
2146 510 2189 567 Α
2217 509 2325 555 tem
2355 501 2406 555 in
2433 500 2743 555 cmlestibns
2771 501 2913 556 ferre
2941 519 3044 557 non
3070 511 3347 573 poterant,
3379 502 3473 557 sed
3499 500 3711 555 stabant
3739 510 3791 555 et

547 601 871 666 lus,velcus
903 599 1323 668 nuncupativum
1364 597 1457 651 Del
1499 610 1691 651 nomen
1734 594 1801 649 ab
1842 592 2113 648 essentiali

546 691 886 756 discernere,
933 691 998 745 de
1040 688 1401 757 Redemptore
1438 696 1624 741 nostro
1653 686 1862 740 lozntus
1910 693 1991 739 est
2034 684 2115 737 di-

545 795 669 834 cena
692 798 732 831 τι
747 778 985 845 Quorum
1004 787 1316 846 patresetex
1336 778 1527 846 quibus
1553 777 1801 830 Christus
1823 776 2115 828 secundum

546 884 785 930 carnem,
812 870 901 938 qui
924 880 1001 923 est
1030 884 1190 937 super
1217 868 1396 922 omnia
1429 868 1569 921 Deus
1598 866 1909 920 benedictus
1935 863 1987 918 in
2020 880 2119 919 sae-

546 960 664 1013 cula
692 958 863 1029 (Rem.
894 958 991 1028 ix).
1017 979 1043 1010 -ι
1082 959 1175 1025 qui
1203 959 1347 1014 enim
1378 955 1736 1024 nuncupative
1763 954 1960 1009 dicitur
1978 954 2118 1009 Deus

546 1049 691 1104 inter
714 1049 891 1103 omnia
920 1066 932 1101 :
965 1047 1065 1114 Qui
1089 1063 1220 1103 vero
1252 1046 1612 1101 essentialiter
1648 1045 1788 1099 Deus
1813 1058 1975 1112 super
2003 1058 2119 1097 om-

545 1138 636 1192 nia
682 1146 784 1194 est.
837 1138 908 1194 Ut
953 1153 1084 1209 ergo
1126 1138 1437 1192 ostenderet
1478 1134 1754 1189 Christum
1801 1133 2120 1188 naturaliter

547 1229 735 1293 Deum,
768 1245 874 1285 non
902 1229 1048 1283 hunc
1076 1227 1243 1282 Deum
1271 1225 1669 1285 tantummodo,
1696 1224 1789 1278 sed
1831 1224 1998 1277 Deum
2029 1238 2122 1277 su-

544 1334 645 1389 per
661 1319 842 1374 omnia
868 1333 989 1374 esse
1014 1318 1355 1373 memoravit.
1387 1315 1522 1383 Quia
1565 1328 1621 1370 et
1655 1315 1860 1369 electus
1890 1313 2122 1383 quisque

548 1408 711 1481 (sicut
738 1406 1113 1479 praemisimus)
1154 1408 1238 1461 vel
1268 1407 1321 1461 in
1348 1404 1864 1474 exemplojustitiae,
1912 1402 1995 1457 vel
2021 1402 2121 1472 pro

547 1499 817 1569 eroganda
844 1498 1243 1568 prtedicatlonis
1270 1499 1438 1550 verbo
1460 1494 1666 1565 positus
1683 1534 1697 1558 ,
1724 1492 1829 1548 dici
1863 1492 2005 1547 Deus
2034 1507 2124 1562 po-

550 1601 686 1656 test,
718 1592 813 1646 sed
840 1592 980 1646 inter
1018 1592 1231 1655 omnia,
1277 1588 1530 1659 quoniam
1560 1586 1924 1656 nuncupative
1956 1584 2117 1639 Deus.

544 1682 791 1738 Christus
818 1692 997 1739 autem
1031 1682 1170 1737 Deus
1207 1695 1369 1749 super
1391 1680 1604 1744 omnia,
1644 1678 1769 1748 quia
1804 1676 2123 1731 naturaliter

547 1772 707 1827 Dens.
725 1772 892 1839 Quem
910 1787 1038 1844 ergo
1050 1771 1250 1826 Paulus
1264 1770 1431 1825 Deum
1444 1785 1607 1840 super
1618 1770 1819 1829 omnia,
1837 1770 1983 1823 hunc
1997 1768 2124 1821 Eze-

2218 592 2572 655 mirabantur,
2597 600 2650 645 et
2672 591 2884 646 silentio
2905 608 3003 647 suo
3022 593 3115 648 Dei
3141 592 3439 662 potentiam
3458 591 3791 646 demonstra-

2217 682 2365 744 bant,
2393 682 2481 750 qui
2514 683 2734 736 sedebat
2760 697 2922 751 super
2959 682 3379 738 ﬁrmamentum.
3405 674 3607 754 (Creg.)
3639 681 3792 736 Stant

2217 782 2403 828 sancta
2457 772 2709 827 animalia
2754 774 2971 842 quando
3024 788 3087 828 ea
3124 789 3244 843 qua:
3292 773 3387 828 Dei
3418 780 3546 827 sunt
3589 757 3792 827 intenta

2216 864 2516 933 contempla
2546 864 2665 917 ioue
2704 863 3047 917 considerant
3081 882 3092 915 :
3120 864 3214 919 sed
3254 878 3441 918 eorum
3476 877 3669 931 pennae
3702 862 3791 917 de-

2219 962 2512 1023 ponuntur,
2541 954 2665 1022 quia
2688 955 2813 1007 dum
2838 953 2943 1007 alta
2972 953 3062 1007 Dei
3097 953 3300 1023 judicia
3336 953 3643 1026 aspiciunt,
3684 964 3793 1007 sua

2218 1045 2299 1099 eis
2326 1045 2557 1098 virtutes
2592 1044 2898 1109 vilescunt,
2933 1043 3075 1113 quod
3109 1052 3295 1113 aperte
3320 1044 3631 1114 exponitur,
3671 1057 3792 1096 cum

2220 1134 2401 1188 statim
2428 1134 2712 1189 subditur:

2296 1250 2315 1283 ι
2358 1231 2491 1286 Nam
2518 1247 2640 1286 cum
2669 1232 2822 1295 ﬁeret
2850 1246 2951 1287 vox
2989 1232 3153 1302 super
3180 1230 3579 1286 ﬁrmamentum
3599 1270 3614 1294 ,
3653 1228 3791 1298 quod

2226 1342 2246 1375 ι
2288 1332 2404 1379 erat
2431 1338 2592 1393 super
2619 1333 2780 1393 caput
2801 1338 3016 1388 eorum,
3052 1323 3269 1379 stabant
3312 1330 3367 1377 et
3410 1321 3795 1375 submittebant

2227 1435 2245 1467 ι
2289 1415 2402 1470 alas
2428 1430 2571 1471 snas.
2608 1434 2627 1468 ι
2658 1415 3080 1470 Firmamentum
3109 1413 3360 1484 superius
3388 1413 3497 1468 sub
3516 1412 3791 1467 intellectu

2223 1505 2420 1575 duplici
2447 1505 2806 1575 indicavimus
2830 1504 3221 1575 exponendum.
3244 1502 3476 1559 Possunt
3495 1504 3639 1558 enim
3660 1504 3795 1558 sicut

2223 1595 2534 1664 praedictum
2565 1603 2647 1650 est
2675 1592 3000 1648 ﬁrmamenti
3028 1592 3246 1648 nomine
3277 1591 3527 1647 cmlestes
3563 1600 3795 1661 potesta-

2226 1693 2304 1739 tes
2352 1684 2599 1755 intelligi.
2657 1684 2838 1738 Potest
2872 1681 3194 1737 ﬁrmamenti
3243 1682 3459 1737 nomine
3488 1680 3797 1752 unigenitus

2227 1777 2555 1839 incarnatus,
2589 1790 2685 1844 per
2713 1775 2816 1829 hoc
2858 1773 2999 1843 quod
3044 1773 3098 1827 in
3127 1786 3251 1828 eum
3291 1779 3486 1826 natura
3512 1780 3696 1827 nostra
3734 1770 3796 1825 ad

544 1865 684 1921 cbiel
712 1866 971 1935 propheta
1004 1865 1169 1918 Deum
1213 1863 1495 1918 sublimem
1534 1861 1795 1916 nominat.
1831 1860 2123 1928 Postquam
2156 1858 2198 1916 Β
2227 1867 2582 1922 ωιονηὶιειιθιη
2615 1865 2826 1919 ﬁrmata
2856 1873 2962 1929 est,
2991 1864 3284 1935 designari.
3322 1862 3476 1919 Prius
3503 1878 3634 1935 ergo
3662 1862 3795 1933 quod

546 1969 677 2008 vero
695 1955 894 2008 dictum
919 1961 1019 2015 est,
1044 1973 1061 2005 ι
1087 1968 1275 2007 sonum
1301 1953 1506 2005 alarum
1528 1952 1832 2013 audiebam,
1850 1951 2003 2019 quasi
2030 1965 2121 2005 so-

548 2060 673 2098 num
690 2059 950 2113 aquarum
966 2043 1273 2106 multarum,
1298 2062 1315 2093 ι
1336 2043 1460 2111 quia
1483 2040 1655 2095 adhuc
1670 2041 1909 2103 additur,
1932 2059 1949 2089 ι
1971 2040 2121 2108 quasi

548 2151 738 2191 sonum
767 2134 1344 2202 sublimisDeipetiam
1369 2136 1470 2189 hoc
1488 2135 1794 2205 intellegere
1816 2147 2119 2204 possumus,

551 2229 691 2296 qood
723 2230 958 2283 futurum
994 2228 1183 2287 electis
1207 2229 1460 2282 omnibus
1488 2229 1709 2283 scimus.
1738 2228 1955 2281 Alarnm
1979 2227 2121 2280 enim

546 2320 776 2384 sonitus,
800 2320 939 2375 sicut
958 2318 1213 2384 diximus,
1241 2317 1339 2371 fuit
1363 2319 1413 2371 in
1434 2315 1876 2388 pra‘dicatoribus
1898 2318 2121 2381 sanctis,

550 2426 813 2481 aquarum
846 2412 1073 2471 sonitus,
1101 2410 1153 2463 in
1183 2410 1460 2464 conversis
1492 2419 1546 2464 et
1574 2410 1926 2478 sequentibus
1961 2423 2125 2477 pepu-

551 2502 638 2557 lis.
669 2502 774 2558 Sed
801 2504 915 2571 ipse
958 2502 1129 2557 isdem
1166 2502 1371 2558 sonitus
1406 2502 1510 2556 crit
1534 2502 1856 2572 quandoque
1878 2498 2124 2554 sublimis

558 2593 670 2655 Dei,
703 2593 827 2662 quia
860 2592 1163 2656 multitudo,
1195 2608 1314 2661 qum
1338 2607 1480 2646 nunc
1502 2607 1595 2660 per
1627 2599 1841 2646 sanctos
1877 2591 2125 2645 doctores

552 2682 618 2736 ad
650 2682 809 2735 ﬁdem
843 2682 1095 2743 trahitur,
1122 2681 1446 2751 quandoque
1486 2681 1536 2733 in
1580 2680 1853 2735 emlestem
1895 2679 2122 2748 patriam

550 2771 979 2843 congregabitnr,
1026 2779 1083 2825 nt
1114 2771 1187 2825 ibi
1206 2786 1405 2825 .omnes
1432 2769 1588 2825 electi
1621 2771 1738 2824 sine
1761 2768 1866 2822 ﬁne
1906 2769 2125 2823 laudent

546 2877 667 2916 cum
693 2863 929 2916 viderint
953 2862 1073 2917 sine
1100 2860 1205 2915 ﬁne
1229 2876 1387 2930 quem
1414 2860 1656 2915 laudent.
1683 2860 1970 2928 Postquam
1994 2873 2124 2928 ergo

546 2951 805 3023 propheta
836 2965 1027 3004 sonum
1054 2950 1290 3013 alarum,
1338 2950 1488 3019 quasi
1527 2963 1716 3003 sonum
1754 2948 1999 3001 sublimis
2030 2947 2139 3001 Dei

545 3055 668 3096 esse
689 3041 973 3110 conspexit
1001 3041 1054 3094 in
1083 3040 1256 3104 cmlis,
1285 3054 1496 3093 rursum
1528 3039 1595 3093 ad
1629 3048 1827 3091 terram
1861 3038 2045 3100 rediit,
2070 3045 2125 3091 et

546 3140 781 3201 pennata
828 3130 1082 3185 animalia
1123 3130 1251 3200 quid
1293 3131 1382 3185 bic
1413 3140 1575 3200 agant
1613 3128 1871 3199 loquitur,
1911 3137 1971 3183 ut
2015 3129 2124 3185 illic

547 3236 758 3278 summa
792 3229 1120 3284 mereantur,
1144 3219 1329 3275 dicens
1354 3237 1367 3274 :

622 3332 641 3365 ι
682 3312 815 3367 Cum
839 3310 1201 3373 ambularent,
1229 3309 1383 3380 quasi
1410 3326 1575 3365 sonus
1594 3319 1713 3364 erat
1741 3308 2121 3374 multitudinis,

550 3424 569 3453 ο
614 3412 667 3459 et
689 3404 898 3458 sonitus
926 3412 1248 3457 castrorum.
1289 3400 1481 3457 i-Cum
1515 3401 1902 3471 praedicatores
1943 3402 2123 3457 sancti

546 3497 804 3550 mundum
855 3496 1195 3565 pnelicando
1243 3504 1296 3548 et
1348 3495 1612 3551 trahendo
1659 3498 2027 3561 circumeunt;
2070 3505 2125 3550 et

550 3588 804 3641 animalia
837 3586 1148 3649 ambulant,
1176 3594 1229 3639 et
1259 3587 1383 3654 quia
1413 3587 1465 3641 bi
1492 3588 1656 3640 etiam
1694 3603 1831 3657 quos
1863 3588 2123 3657 colligunt

547 3677 824 3732 statimut
867 3676 1247 3738 crediderunt,
1284 3676 1335 3729 in
1379 3676 1589 3730 laudem
1630 3676 1799 3731 nostri
1848 3676 2124 3731 Creatoris

548 3769 865 3836 insurgunt,
911 3766 967 3819 ﬁt
1008 3781 1202 3830 sonus,
1252 3766 1405 3839 quasi
1447 3780 1611 3820 sonus
1647 3766 2025 3820 multitudinis.
2060 3766 2126 3819 Et

546 3855 671 3925 quia
703 3856 755 3909 in
784 3856 1170 3925 prmdicatione
1195 3856 1380 3910 eadem
1404 3839 1597 3909 bellum
1622 3864 1806 3909 contra
1831 3855 2006 3908 aerias
2026 3869 2123 3922 po—

547 3956 773 4004 tesmtes
801 3960 1048 4011 sumunt,
1086 3956 1231 4003 recte
1275 3946 1619 4017 subjungitur
1646 3965 1656 3999 :
1686 3966 1704 3998 ‹
1747 3947 1811 4000 Et
1844 3961 2008 4000 sonus
2042 3960 2125 3998 ca-

547 4048 804 4095 strorum.
840 4058 857 4091 )
887 4038 1017 4092 Cum
1046 4040 1189 4091 enim
1218 4039 1419 4093 sanctis
1450 4037 1897 4106 prazdicaloribus
1940 4035 2125 4091 ﬁdeles

550 4129 729 4198 populi
777 4126 1204 4198 conjunguntur,
1254 4137 1441 4181 contra
1490 4127 1753 4197 malignos
1803 4125 2025 4194 spiritus
2070 4124 2123 4178 in

549 4223 828 4292 procinctu
860 4220 983 4275 ﬁdei
1011 4219 1380 4274 nmltitudines
1405 4228 1709 4273 castrorum
1734 4217 1889 4281 ﬁunt,
1919 4226 1975 4271 et
1999 4217 2124 4272 dum

552 4315 792 4384 quotidie
817 4310 1007 4368 ﬁdeles
1035 4313 1231 4381 quique
1263 4311 1572 4387 cmlestilzus
1607 4311 1887 4366 desideriis
1919 4311 2126 4380 replen-

552 4417 661 4469 tur,
708 4415 919 4459 terrena
969 4404 1304 4471 despiciunt,
1356 4403 1487 4457 dura
1537 4403 1636 4456 sibi
1682 4402 1977 4455 certamina
2030 4416 2126 4469 pro

550 4510 733 4550 amore
765 4502 980 4550 aiternee
1005 4493 1194 4561 patrne
1227 4502 1551 4562 proponunt.
1586 4494 1784 4547 Contra
1828 4500 2125 4559 potestates

552 4588 729 4643 aerias
758 4592 935 4639 castra
968 4583 1120 4646 ﬁunt,
1151 4584 1275 4651 quia
1319 4583 1513 4637 armati
1542 4582 1645 4637 ﬁde
1675 4592 1729 4636 et
1768 4582 1924 4636 bonis
1948 4583 2125 4651 Operi—

551 4680 653 4734 bus
676 4677 863 4731 muniti
885 4675 1227 4747 gradiuntur:
1256 4675 1408 4743 quasi
1430 4675 1570 4728 enim
1595 4664 1915 4743 quibusdam
1934 4673 2126 4727 castris

550 4768 843 4839 spiritualis
882 4766 1155 4821 exercitus
1202 4779 1299 4833 per
1340 4764 1561 4817 Paulum
1593 4764 1831 4817 dicitur:
1872 4782 1890 4813 ι
1919 4761 2125 4815 luduite

550 4875 647 4915 vos
664 4866 949 4923 armatura
980 4856 1072 4910 Dei
1107 4864 1164 4909 ut
1192 4855 1411 4923 possitis
1436 4864 1579 4907 stare
1612 4853 1873 4908 adversus
1901 4853 2123 4907 insidias

550 4952 770 5016 diaboli,
796 4951 925 5021 quia
954 4966 1057 5004 non
1083 4959 1163 5002 est
1194 4947 1346 5001 nobis
1367 4945 1675 5000 colluctatio
1712 4945 1969 4997 adversus
1999 4959 2122 4996 car-

549 5061 673 5100 nem
700 5054 756 5099 et
780 5045 1116 5113 sanguinem,
1142 5045 1236 5095 sed
1256 5041 1513 5095 adversus
1541 5040 1872 5108 principatus
1895 5046 1946 5091 et
1971 5048 2121 5105 pote-

548 5144 747 5198 states,
775 5143 830 5188 et
852 5135 1109 5188 adversus
1150 5130 1331 5184 mundi
1377 5139 1613 5183 rectores
1642 5129 1989 5181 tenebrarum
2029 5127 2123 5179 ba-

551 5239 691 5287 rum,
715 5233 905 5277 contra
930 5220 1192 5291 spiritalia
1216 5220 1469 5287 nequitite
1494 5219 1545 5271 in
1572 5218 1884 5271 cmlestibus
1902 5214 2116 5286 (Ep/tes.

548 5314 649 5387 vn).
683 5334 702 5366 ι
734 5312 1057 5367 Sanctorum
1098 5319 1277 5364 autem
1320 5309 1688 5363 multitudines
1728 5318 1905 5363 castra
1954 5307 2119 5371 ﬁunt,

549 5419 670 5473 quae
689 5403 887 5459 bellum
911 5413 1096 5457 contra
1120 5401 1294 5455 aerias
1323 5407 1617 5467 potestates
1640 5408 2015 5467 susceperunt.
2049 5400 2121 5453 De

550 5488 754 5550 sanctis
776 5507 903 5547 vero
928 5492 1248 5545 animalibus
1275 5491 1449 5546 adhuc
1470 5491 1735 5544 subditur.

628 5602 646 5635 ‹
677 5583 917 5651 Cumque
949 5590 1176 5644 starent,
1208 5580 1615 5635 dimittebantnr
1643 5594 1833 5647 penna:
1858 5594 2064 5633 eorum.
2102 5596 2117 5627 ι

552 5672 820 5745 (meram)
850 5672 1129 5728 Stantibus
1149 5682 1326 5725 autem
1353 5671 1699 5727 animalibus.
1718 5670 2127 5724 dimittebantur

551 5764 648 5819 alae
679 5779 885 5819 eorum.
922 5766 1113 5820 Vocem
1145 5765 1289 5818 enim
1322 5763 1411 5817 Dei
1442 5761 1832 5831 omnipotentis
1866 5776 2125 5815 resonan—

2224 1957 2483 2011 sentimus
2511 1957 2576 2011 de
2606 1956 2827 2026 angelis,
2863 1964 2917 2009 et
2954 1956 3295 2026 postmodum
3335 1957 3402 2012 de
3448 1956 3675 2012 Domino
3707 1954 3795 2008 an-

2225 2045 2461 2114 gelorum
2499 2046 2799 2115 loquamur.
2833 2046 2971 2101 Ecce
3003 2041 3144 2102 cutim
3177 2048 3409 2102 dicitur:
3441 2065 3463 2097 ι
3484 2048 3619 2102 Cum
3652 2048 3797 2100 ﬁeret

2224 2152 2322 2191 vox
2377 2152 2535 2207 super
2585 2136 3003 2201 ﬁrmamentum,
3054 2138 3270 2191 stabant
3316 2146 3372 2192 et
3410 2135 3795 2191 submittebaut

2225 2230 2339 2285 alas
2370 2245 2514 2284 suas.
2538 2248 2555 2280 ι
2589 2228 2705 2295 Quo
2734 2229 2786 2283 in
2825 2228 2945 2283 loco
2972 2229 3073 2284 hoc
3102 2230 3375 2284 sciendum
3410 2236 3494 2284 est
3522 2228 3647 2299 quia
3680 2227 3795 2282 sub-

2224 2322 2439 2375 mittere
2461 2337 2564 2375 non
2592 2321 2659 2376 ab
2693 2320 2934 2375 inferiori
2963 2320 3029 2375 ad
3058 2320 3333 2389 superiora
3364 2323 3603 2386 tendere,
3644 2320 3733 2374 sed
3769 2334 3797 2373 τι

2225 2412 2486 2482 superiori
2532 2413 2597 2466 ad
2655 2411 2908 2468 inferiora
2958 2412 3072 2468 alas
3118 2414 3385 2483 deponere
3436 2413 3596 2469 debet
3653 2412 3799 2468 intel-

2224 2505 2336 2577 ligi,
2366 2513 2583 2575 propter
2630 2504 2731 2559 hoc
2773 2504 2915 2575 quod
2954 2504 3289 2574 prtemissum
3322 2514 3440 2560 est:
3480 2526 3497 2556 ι
3528 2504 3663 2564 Cum
3699 2515 3799 2559 sta-

2225 2605 2362 2659 rent,
2390 2595 2799 2649 dimittebantur
2827 2610 3016 2665 penna:
3042 2610 3249 2650 eorum.
3277 2616 3295 2648 ι
3318 2594 3673 2662 Quaerendum
3710 2611 3797 2649 no-

2225 2685 2308 2739 bis
2336 2694 2416 2739 est
2448 2686 2627 2755 itaque
2658 2700 2776 2755 quae
2805 2685 2876 2741 sit
2901 2701 3024 2752 vox,
3057 2701 3176 2756 quae
3213 2702 3374 2756 super
3405 2686 3796 2755 ﬁrmamentum

2227 2776 2304 2830 ﬁt.
2348 2774 2452 2830 Sed
2498 2776 2743 2831 eamdem
2775 2790 2959 2830 vocem
2994 2777 3185 2831 melius
3230 2777 3594 2848 intelligimus,
3646 2778 3691 2831 si
3736 2778 3797 2830 ab

2225 2864 2426 2920 inﬁmis
2468 2865 2535 2919 ad
2580 2865 2861 2935 superiora
2912 2866 3235 2937 gradientes,
3285 2867 3437 2936 quasi
3483 2866 3798 2935 quibusdam

2226 2955 2469 3024 passibus
2515 2956 2888 3030 ascendamus,
2936 2956 3077 3010 sicut
3128 2955 3344 3010 auditus
3382 2956 3626 3025 corporis
3657 2955 3795 3009 exci-

2229 3054 2374 3101 tatur
2402 3061 2549 3109 voee,
2596 3046 2670 3099 ita
2708 3061 2905 3123 sensus,
2939 3047 3138 3101 mentis
3182 3048 3453 3103 excitatur
3504 3048 3795 3111 intellectu,

2228 3137 2319 3207 qui
2350 3138 2416 3192 de
2452 3138 2799 3201 interioribus
2826 3126 3023 3208 agitur.
3066 3138 3181 3194 Vox
3221 3131 3353 3209 ergo
3386 3146 3470 3194 est
3514 3139 3564 3193 in
3603 3149 3799 3201 mente,

2152 3199 2197 3262 Ο
2229 3199 2383 3298 quasi
2418 3228 2635 3298 quidam
2663 3199 2827 3284 son-us
2854 3199 3235 3299 intelligentia.
3284 3199 3389 3284 éed
3420 3199 3800 3285 sciendum

2226 3322 2351 3391 quia
2378 3321 2580 3375 nostris
2605 3321 2851 3376 sensibus
2876 3322 3164 3393 aliquando
3193 3339 3293 3379 vox
3330 3326 3511 3379 carnis
3544 3326 3799 3394 loquitur,

2228 3408 2519 3478 aliquando
2562 3426 2665 3464 vox
2712 3411 2924 3477 animae,
2971 3412 3257 3480 aliquando
3295 3428 3397 3467 vox
3449 3412 3800 3475 ﬁrmamenti,

2226 3503 2513 3572 aliquando
2543 3519 2642 3558 vox
2688 3520 2808 3573 quae
2846 3520 3006 3575 super
3046 3504 3441 3561 ﬁrmamentum
3488 3516 3588 3561 est.
3624 3507 3797 3561 Pona-

2228 3608 2345 3646 mus
2373 3594 2516 3646 enim
2546 3603 2670 3647 ante
2714 3593 2918 3659 oculos,
2950 3596 3090 3663 quod
3129 3595 3391 3664 quispiam
3423 3595 3579 3651 lmsus
3610 3610 3641 3660 εξ
3686 3610 3799 3664 pro—

2227 3685 2373 3738 ximo
2402 3684 2501 3745 sit,
2547 3685 2636 3753 qui
2667 3698 2731 3738 ex
2778 3685 3009 3738 humana
3061 3684 3266 3739 ratione
3290 3686 3489 3755 cogitat
3532 3692 3589 3739 ut
3634 3686 3797 3739 vicem

2228 3775 2429 3830 iussioni
2464 3775 2669 3841 reddat,
2705 3776 2902 3831 malum
2937 3792 3031 3846 pro
3065 3778 3203 3830 malo
3226 3778 3504 3832 retribuat.
3538 3776 3677 3833 Huic
3706 3793 3795 3831 vox

2227 3865 2405 3919 carnis
2435 3865 2671 3934 loquitur
2700 3866 2752 3919 in
2789 3875 2967 3921 mente
2992 3884 3005 3920 ε
3044 3858 3165 3937 quia
3195 3882 3319 3922 cum
3345 3868 3799 3930 divinamandata

2227 3955 2537 4024 prthlpiﬁlll
2571 3955 2784 4027 (Manli.
2826 3954 2903 4025 v),
2941 3956 3076 4011 bene
3119 3972 3217 4012 nos
3247 3957 3424 4012 facere
3452 3958 3534 4012 bis
3568 3960 3665 4026 qui
3713 3975 3806 4013 nos

2227 4045 2476 4108 olerum,
2506 4045 2751 4114 quisquis
2795 4046 3114 4100 malefacere
3144 4062 3203 4101 se
3249 4046 3550 4101 edientibus
3578 4048 3801 4118 cogitat,

2227 4137 2279 4190 in
2308 4138 2423 4206 ejus
2452 4139 2629 4191 animo
2654 4138 2834 4194 carnis
2870 4142 2971 4193 vos
3002 4149 3178 4193 sonat.
3225 4138 3384 4192 Multa
3427 4147 3641 4193 terrena
3675 4155 3800 4209 quo-

2230 4228 2355 4281 tidie
2388 4229 2615 4299 agimus,
2644 4238 2766 4298 post
2807 4230 2921 4284 bznc
2964 4231 3029 4285 ad
3064 4230 3364 4286 orationem
3410 4228 3669 4292 redimus,
3718 4244 3799 4283 ac-

2226 4318 2572 4384 cenditurpad
2605 4320 3077 4389 compnnetionem
3109 4319 3339 4381 animus,
3371 4319 3463 4373 sed
3505 4332 3699 4371 earnm
3726 4333 3802 4371 re-

2230 4423 2369 4471 rum,
2398 4424 2533 4477 quas
2563 4407 3066 4479 egimus,imagiues
3095 4413 3377 4462 versantur
3415 4407 3469 4461 in
3520 4416 3719 4467 mente,
3754 4414 3804 4459 et

2230 4497 2579 4551 intentionem
2624 4495 3049 4564 compunctionis
3079 4494 3411 4564 prchediunt
3446 4494 3501 4547 in
3539 4495 3799 4555 oratione,

2229 4592 2283 4638 et
2311 4584 2454 4653 quod
2483 4585 2723 4638 volentes
2761 4582 2889 4638 foris
2912 4584 3144 4653 egimus,
3176 4584 3278 4638 hoc
3310 4583 3538 4638 interius
3571 4584 3802 4652 patimur

2232 4674 2384 4726 inviti
2413 4692 2423 4726 ς
2455 4681 2513 4726 ιιι
2549 4672 2793 4741 quasdam
2819 4673 3203 4742 cogitationum
3233 4672 3616 4742 phantasmata
3662 4688 3799 4727 men-

2232 4774 2335 4820 tem
2380 4782 2475 4835 per
2518 4767 2779 4836 imagines
2804 4780 3089 4835 corporeus
3119 4766 3452 4835 dispergant,
3498 4780 3566 4819 ne
3616 4765 3799 4819 stricte

2231 4870 2288 4925 se
2322 4864 2485 4909 totam
2512 4857 2564 4910 in
2595 4856 2833 4909 oratione
2858 4854 3092 4923 colligat.
3121 4853 3245 4927 Haec
3269 4869 3483 4923 quoque
3500 4869 3603 4907 vox
3628 4855 3799 4909 carnis

2229 4954 2330 4999 est.
2371 4945 2503 4998 Cum
2541 4959 2667 4997 vero
2712 4952 2777 4997 et
2812 4944 2915 4998 ista
2956 4943 3270 5013 subigimus,
3310 4952 3473 5011 atque
3521 4943 3591 4997 ab
3642 4942 3802 4997 oculis

2232 5037 2427 5089 mentis
2471 5044 2690 5089 cunctas
2722 5050 3013 5104 corporeus
3061 5035 3320 5103 imagines
3354 5034 3674 5106 cl'fngamus,
3726 5035 3798 5104 ip-

2230 5144 2345 5181 sam
2398 5128 2447 5180 in
2498 5127 2899 5197 nobismetipsis
2955 5138 3203 5180 naturam
3258 5127 3453 5180 animae
3503 5135 3799 5194 quaerentes

2229 5218 2399 5287 qualis
2426 5218 2517 5281 sit,
2546 5232 2665 5285 qua}
2696 5231 2914 5270 carnem
2960 5216 3233 5270 viviﬁcare
3258 5222 3459 5287 potest,
3487 5214 3582 5268 sed
3619 5222 3800 5269 semet-

2229 5311 2397 5380 ipsam
2429 5308 2694 5376 stringere
2738 5308 2791 5361 in
2839 5307 2995 5361 bonis
3035 5306 3451 5380 cogitationibus
3482 5306 3630 5360 sicut
3669 5288 3807 5361 desi-r

2226 5399 2378 5453 derat
2414 5414 2517 5451 non
2550 5404 2763 5466 potest:
2794 5397 3095 5452 invenimus
3137 5397 3424 5466 quemdam
3468 5397 3799 5455 intellectua-

2226 5486 2327 5540 lem
2378 5487 2627 5557 spiritum
2670 5501 2768 5555 per
2823 5487 3087 5541 creatoris
3142 5486 3437 5556 potentiam
3490 5486 3795 5542 viventem.

2226 5594 2419 5647 corpus
2446 5581 2587 5647 quod
2631 5579 2859 5634 sustinet
2888 5579 3277 5643 viviﬁcantem,
3312 5579 3406 5638 sed
3434 5584 3637 5635 tamen
3675 5579 3799 5634 obli-

2228 5670 2366 5722 vioni
2398 5670 2695 5733 subditum,
2724 5669 3065 5741 mutabilitati
3106 5669 3425 5738 subjectum,
3460 5687 3624 5740 quem
3670 5686 3796 5737 saepe

2229 5763 2390 5816 timor
2431 5762 2611 5827 allicit,
2646 5761 2827 5817 ltDlllill
2860 5762 3084 5816 extollit.
3125 5761 3239 5831 ipse
3273 5761 3453 5830 itaque
3503 5762 3800 5815 intellectus
