3948 6374
191 454 280 509 εει

1165 457 1517 514 COMMENT.
1561 458 1624 512 IN
1665 456 2114 513 EZECHIELEM.
2154 489 2225 499 —
2261 456 2386 512 LIB.
2428 456 2493 511 Π.

3333 453 3438 508 512

190 569 371 622 anima:
400 583 502 621 vox
526 568 641 636 ejus
665 576 767 633 cst,
793 569 918 637 quia
953 578 1107 623 sonat
1130 569 1272 639 quod
1298 580 1403 634 est,
1431 585 1549 638 qum
1581 579 1756 623 tamen
1787 575 1832 632 Α
1863 579 2044 623 monet
2090 569 2275 623 dicens
2312 585 2325 620 :
2356 586 2373 617 ι
2406 566 2595 620 Venite
2641 574 2694 619 et
2743 565 2920 620 videte
2976 577 3136 632 opera
3186 564 3396 617 Domim
3416 603 3432 627 ,

189 659 354 713 adhuc
379 675 483 713 vox
515 659 614 712 sub
650 657 988 713 ﬁrmamento
1031 668 1132 713 est.
1166 659 1271 713 Sed
1316 658 1757 712 transcendentes

190 749 440 814 animam,
468 763 653 803 vocem
681 749 745 803 de
784 748 1122 802 ﬁrmamento
1147 749 1438 817 qurerimus
1467 766 1479 799 :
1512 762 1633 801 cum
1666 746 1755 801 illa

188 851 491 895 sanctorum
523 839 834 910 angelorum
877 841 1156 895 innumera
1187 841 1472 895 multitudo
1502 841 1552 894 in
1587 842 1757 895 omni-

190 930 417 999 potentis
445 930 655 985 Domini
686 940 979 1001 conspectu
1028 933 1203 1001 qualis
1234 934 1304 987 sit
1351 933 1755 1003 investigamus,

188 1037 300 1090 qua:
325 1022 395 1075 sit
425 1022 476 1075 in
508 1016 587 1075 eis
629 1022 745 1076 sine
794 1022 897 1076 ﬁne
932 1024 1186 1077 festivitas
1214 1003 1435 1076 visionis
1482 1022 1609 1085 Dei,
1641 1037 1758 1093 qua:

188 1112 363 1165 Lntitia
406 1113 521 1166 sine
563 1111 793 1178 defectu,
824 1114 913 1182 qui
954 1118 1152 1168 amoris
1182 1114 1344 1169 ardor
1371 1129 1474 1167 non
1512 1114 1758 1168 crucians

187 1202 276 1256 sed
310 1202 599 1267 delectans,
633 1213 889 1272 quantum
922 1205 974 1259 in
1016 1205 1095 1259 eis
1140 1206 1211 1259 sit
1244 1205 1571 1260 deSiderium
1603 1205 1761 1259 visio-

188 1294 268 1349 nis
293 1292 388 1348 Dei
420 1310 540 1349 cum
569 1297 839 1360 satietate,
867 1304 921 1349 et
964 1304 1161 1365 quanta
1192 1296 1414 1351 satietas
1452 1310 1573 1348 eum
1622 1294 1757 1348 desi-

186 1385 354 1448 derio,
400 1384 454 1437 in
502 1386 697 1454 quibus
732 1401 830 1441 nec
874 1387 1196 1445 desiderium
1241 1401 1458 1457 pinnam
1506 1396 1758 1454 generat,

187 1488 282 1529 nec
335 1477 558 1532 satietas
603 1477 878 1534 fastidium
918 1482 1091 1550 parit,
1136 1482 1404 1551 quomodo
1450 1480 1761 1536 inhmrendo

184 1565 501 1620 beatitudini
527 1567 637 1622 sint
665 1568 826 1633 beati,
869 1572 1138 1639 quomodo
1171 1570 1580 1639 contemplando
1622 1586 1763 1625 sem-

187 1669 278 1723 per
314 1657 614 1712 reternitate
644 1658 753 1713 sint
794 1661 1004 1725 mterni,
1036 1661 1303 1731 quomodo
1334 1660 1603 1730 conjuncti
1635 1674 1761 1714 vero

185 1743 368 1798 lumini
419 1744 546 1800 facti
580 1756 704 1801 sunt
742 1748 854 1814 lux,
884 1750 1151 1819 quomodo
1197 1751 1519 1820 aspicientes
1548 1765 1760 1819 semper

186 1836 237 1889 in
281 1837 793 1905 incommutabilem,
841 1842 1032 1895 mutati
1092 1843 1202 1897 sint
1251 1840 1762 1897 incommutabilita-

1857 672 2017 724 quam
2064 654 2322 709 terribilis
2371 654 2423 706 in
2471 653 2709 708 consiliis
2762 668 2924 722 super
2973 650 3112 705 ﬁlios
3161 652 3436 705 hominum

1858 743 2028 817 (l’sal.
2064 746 2211 814 va).
2243 763 2261 795 ι
2304 743 2436 810 Quis
2476 744 2623 797 enim
2663 745 2820 812 digne
2867 744 3215 798 considerare
3262 742 3439 796 valeat

1857 842 2094 904 quantus
2119 848 2384 903 supernus
2411 842 2584 887 terror
2609 833 2679 885 sit
2706 833 3050 887 consiliorum
3077 831 3195 896 Dei,
3221 834 3439 900 quando

1858 933 1910 977 ct
1959 924 2098 979 alter
2128 940 2194 978 ex
2243 924 2534 977 virtutibus
2580 924 2631 976 in
2680 922 2837 977 ﬁnem
2890 923 3063 977 tendit
3098 924 3162 976 ad
3202 923 3354 983 vitia,
3383 931 3439 975 et

1859 1013 1997 1067 alter
2017 1029 2046 1067 a
2068 1014 2215 1067 vitiis
2239 1014 2290 1067 in
2319 1012 2609 1066 virtutibus
2639 1011 2907 1066 concludit
2934 1011 3113 1073 ﬁnem,
3140 1011 3261 1079 quia
3284 1011 3441 1078 juxta

1858 1101 2166 1157 Salomonis
2212 1117 2399 1157 vocem
2447 1101 2683 1172 (Eccles.
2734 1117 2826 1155 vni
2854 1142 2867 1163 ,
2921 1106 3047 1169 ix):
3087 1120 3103 1151 ι
3144 1100 3439 1168 Suntjusti

1858 1194 1924 1247 ad
1948 1208 2083 1261 quos
2109 1193 2368 1261 pervenit,
2394 1192 2547 1261 quasi
2583 1206 2717 1260 opus
2750 1191 3036 1260 impiorum
3065 1208 3078 1243 :
3108 1200 3161 1244 et
3189 1200 3314 1245 sunt
3335 1192 3435 1245 im-

1860 1283 1955 1352 pii,
1983 1282 2049 1336 ad
2080 1297 2215 1351 quos
2241 1282 2506 1351 pervenit,
2539 1282 2695 1349 quasi
2722 1295 2858 1349 opus
2889 1278 3158 1347 justorum
3189 1298 3202 1331 :
3232 1288 3285 1333 et
3315 1288 3441 1334 sunt

1854 1376 1987 1446 justi
2021 1384 2183 1445 atque
2206 1376 2500 1443 sapientes,
2531 1372 2624 1428 sed
2646 1389 2804 1443 opera
2835 1387 3022 1428 eorum
3052 1372 3105 1425 in
3135 1387 3296 1425 manu
3325 1371 3440 1425 Dei.

1860 1465 1927 1519 Et
1974 1472 2151 1519 tamen
2197 1463 2368 1517 nescit
2417 1463 2575 1517 homo
2626 1471 2802 1515 utrum
2844 1476 3027 1515 amore
3072 1475 3141 1514 an
3194 1459 3319 1514 odio
3364 1460 3447 1513 di-

1860 1569 1997 1624 gnus
2038 1555 2136 1617 sit,
2186 1553 2281 1607 sed
2310 1552 2489 1607 omnia
2541 1553 2593 1605 in
2640 1550 2821 1604 futuro
2851 1557 3131 1603 servantur
3166 1550 3389 1603 incerta.
3422 1564 3441 1599 ο

1863 1645 1949 1709 Et,
1981 1648 2107 1702 «Est
2138 1644 2220 1697 via
2265 1659 2385 1713 quae
2440 1644 2652 1697 videtur
2694 1642 3000 1696 hominibus
3057 1651 3225 1705 recta,
3263 1650 3318 1695 ct
3344 1655 3448 1695 no-

1863 1735 2083 1789 vissima
2122 1734 2237 1804 ejus
2277 1734 2480 1788 ducunt
2540 1733 2605 1787 ad
2656 1742 2883 1786 mortem
2924 1729 3207 1803 (Proverb.
3244 1730 3391 1804 xiv).
3424 1749 3443 1783 ›

1868 1824 1995 1879 Haec
2030 1825 2212 1893 itaque
2256 1824 2468 1881 oeculta
2496 1822 2761 1891 profunda
2788 1820 2991 1888 judicia
3027 1820 3289 1891 cogitare,
3321 1820 3447 1889 quid

188 1934 308 1979 tem,
346 1924 453 1980 Sed
482 1943 602 1981 cum
635 1929 735 1982 ista
761 1930 826 1983 de
857 1931 1063 2000 angens
1091 1933 1409 2001 cogitamus,
1446 1930 1621 1984 adhuc
1649 1943 1755 1983 νοχ
1786 1914 1829 1971 Β
1857 1929 1940 1975 est
1970 1918 2113 1971 aliud
2163 1932 2323 1985 quam
2354 1916 2468 1970 alas
2499 1916 2784 1984 deponere,
2834 1915 2885 1967 id
2914 1922 3016 1977 est,
3049 1914 3116 1968 de
3147 1912 3289 1966 nulla
3339 1911 3449 1965 vir-

186 2016 355 2071 estde
402 2017 741 2073 ﬁrmamento
770 2035 871 2074 non
905 2036 1065 2091 super
1097 2022 1511 2076 ﬁrmamentum.
1563 2020 1762 2079 Trans:

186 2118 428 2188 eatergo
455 2109 688 2174 animus,
717 2118 773 2164 et
799 2112 865 2165 ab
898 2112 1030 2180 ipsis
1062 2113 1407 2167 transcendat
1436 2127 1593 2166 omne
1621 2110 1764 2180 quod

185 2208 425 2253 creatum
452 2208 555 2263 est,
600 2200 651 2252 in
693 2199 807 2254 solo
839 2203 1095 2256 creatoris
1127 2203 1205 2256 sui
1238 2202 1438 2255 lumine
1485 2201 1606 2255 ﬁdei
1635 2216 1763 2253 ocu-

186 2284 263 2341 los
306 2287 466 2357 ﬁgat,
517 2289 659 2358 quod
718 2305 858 2344 unus
906 2291 1140 2346 viviﬁcet
1179 2293 1378 2357 omnia,
1422 2292 1512 2360 qui
1559 2290 1763 2346 creavit

187 2374 346 2441 Deus,
376 2380 519 2446 quod
546 2379 634 2433 ubi
657 2396 742 2448 ευρ
766 2390 867 2445 est,
899 2392 953 2435 et
980 2382 1177 2451 ubique
1200 2392 1347 2437 totus
1373 2392 1478 2447 est,
1506 2382 1646 2452 quod
1680 2382 1762 2435 in-

187 2467 626 2538 circumscriptus
664 2478 718 2523 et
751 2471 1312 2541 incomprehensibilis
1342 2463 1529 2527 sentiri
1563 2480 1762 2542 potest,

185 2568 238 2611 et
262 2558 432 2612 videri
466 2574 568 2613 non
600 2568 795 2628 pOIest,
826 2563 967 2630 quod
999 2577 1260 2631 nusquam
1293 2564 1463 2620 deest.
1497 2570 1552 2615 et
1584 2570 1763 2615 tamen

186 2650 252 2703 ab
282 2651 592 2720 iniquorum
621 2651 1037 2721 cogitationibus
1068 2654 1222 2721 longe
1255 2661 1354 2712 est.
1390 2652 1529 2721 qucd
1562 2668 1661 2707 nec
1692 2653 1763 2707 ibi

186 2739 354 2804 deest,
384 2739 472 2792 ubi
515 2738 672 2809 longe
706 2749 805 2803 est,
840 2742 961 2809 quia
994 2740 1082 2795 ubi
1110 2756 1216 2795 non
1245 2750 1327 2796 est
1373 2756 1469 2810 per
1512 2743 1763 2812 gratiam,

187 2830 336 2882 adest
367 2843 464 2897 per
493 2828 803 2893 vindictam,
839 2832 982 2900 quod
1011 2833 1191 2886 omnia
1222 2832 1409 2902 tangit,
1452 2847 1548 2886 nec
1588 2840 1764 2886 tamen

186 2918 465 2987 aequaliter
486 2920 666 2973 omnia
695 2922 886 2991 tangit,
913 2923 1158 2991 quaedam
1187 2924 1329 2978 enim
1362 2924 1530 2994 tangit
1554 2934 1613 2979 ut
1638 2924 1765 2989 sint,

187 3024 285 3063 nec
316 3016 498 3064 tamen
528 3018 587 3063 ut
628 3011 807 3066 vivant
844 3022 899 3067 et
946 3014 1202 3078 sentiant,
1235 3016 1377 3069 sicut
1408 3024 1533 3069 sunt
1575 3024 1765 3070 cuncta

188 3096 538 3165 insensibilia,
565 3100 811 3169 qumdam
842 3103 1010 3173 tangit
1038 3112 1095 3157 ut
1122 3104 1253 3169 sint,
1280 3106 1481 3167 vivant,
1510 3107 1765 3171 sentiant,

187 3203 285 3244 nec
315 3199 497 3245 tamen
527 3200 585 3245 ut
614 3191 945 3257 discernant,
974 3193 1113 3248 sicut
1139 3202 1265 3249 sunt
1304 3196 1460 3250 bruta
1492 3196 1765 3261 animalia,

186 3281 432 3349 qumdam
480 3282 675 3352 tangit,
722 3290 781 3336 ut
828 3282 1041 3346 vivant,
1086 3285 1320 3338 sentiant
1344 3294 1400 3339 et
1434 3286 1763 3350 discernant,

186 3371 324 3425 sicut
371 3379 457 3426 est
501 3372 731 3425 humana
780 3381 973 3427 natura
1022 3381 1077 3427 et
1112 3374 1371 3442 angelica.
1408 3374 1621 3427 Etcum
1655 3376 1767 3443 ipse

187 3476 477 3531 nunquam,
503 3461 603 3515 sibi
642 3462 713 3515 sit
744 3462 1041 3526 dissimilis,
1074 3462 1411 3516 dissimiliter
1437 3472 1612 3518 tamen
1652 3472 1767 3517 tan-

188 3549 266 3619 git
295 3548 602 3603 dissimilia.
631 3548 781 3615 Quod
812 3550 1012 3618 ubique
1043 3566 1279 3621 praesens
1308 3560 1407 3615 est,
1440 3561 1495 3605 et
1536 3554 1766 3607 inveniri

185 3638 272 3691 vix
311 3646 511 3707 potest.
570 3637 721 3705 Quod
765 3647 997 3693 stantem
1047 3642 1342 3710 sequimur,
1383 3650 1437 3695 et
1467 3643 1766 3711 apprehen-

186 3726 312 3781 dere
350 3742 458 3780 non
494 3727 753 3782 valemus.
781 3727 1052 3783 Ponamus
1092 3745 1220 3799 ergo
1249 3744 1373 3785 ante
1409 3732 1595 3785 oculos
1628 3747 1771 3785 men-

185 3820 270 3881 tis,
303 3834 426 3888 qua:
455 3819 545 3872 illa
575 3828 766 3873 natura
797 3821 867 3873 sit
894 3836 1012 3889 qua:
1044 3829 1187 3875 tenet
1216 3825 1416 3887 omnia,
1452 3824 1634 3891 implet
1660 3838 1770 3877 om-

185 3910 311 3973 nia,
361 3908 823 3983 circumplectitur
883 3911 1096 3975 omnia,
1143 3912 1519 3980 supercxcedit
1566 3913 1765 3977 omnia,

190 3999 425 4053 sustinet
466 3999 646 4053 omnia
678 4016 839 4061 ,.ncc
877 4001 979 4054 alia
1029 4016 1092 4054 ex
1141 4010 1294 4070 parte
1344 4004 1573 4056 sustinet
1610 4012 1769 4071 atque

186 4089 288 4144 alia
318 4091 715 4159 superexcedit,
741 4106 917 4161 neque
945 4091 1051 4145 alia
1094 4108 1161 4147 ex
1203 4102 1356 4161 parte
1399 4093 1583 4161 implet
1610 4103 1770 4161 atque

188 4183 679 4253 circumplectitur,
737 4183 831 4237 sed
875 4182 1365 4251 circumplectendo
1409 4182 1621 4252 implet,
1673 4184 1771 4234 im-

186 4274 383 4346 plendo
440 4273 926 4347 circumplectitur,
1002 4273 1319 4327 sustinendo
1363 4272 1768 4341 superexcedit,

188 4362 663 4433 superexcedendo
711 4363 971 4427 sustinet,
1020 4360 1174 4429 cujus
1224 4369 1433 4415 naturae
1477 4362 1768 4431 potentiam

188 4467 308 4508 cum
340 4452 564 4507 strictus
592 4452 645 4505 in
671 4465 733 4505 ea
770 4453 970 4531 cogitat
1008 4454 1240 4516 animus,
1270 4467 1372 4505 vox
1408 4466 1568 4521 super
1591 4452 1771 4504 ﬁrma-

1862 2015 1976 2061 tute
2002 2005 2295 2070 conﬁdere,
2328 2005 2420 2059 sed
2450 2006 2549 2059 sub
2576 2019 2770 2072 magno
2800 2004 2991 2057 timore
3021 2002 3326 2072 trepidare?

1938 2116 1955 2149 ι
1988 2097 2053 2151 Et
2082 2112 2241 2165 super
2269 2096 2668 2150 ﬁrmamentum
2708 2096 2850 2164 quod
2882 2106 2999 2148 erat
3039 2094 3326 2148 imminens
3362 2107 3451 2146 ca-

1868 2211 1886 2243 ‹
1932 2192 2028 2261 piti
2069 2206 2253 2246 eorum
2285 2191 2437 2259 quasi
2479 2200 2727 2260 aspectus
2761 2189 2951 2257 lapidis
2976 2188 3237 2260 sapphiri,
3270 2187 3455 2241 simili-

1866 2302 1884 2335 ι
1931 2268 2057 2337 tudo
2079 2284 2276 2347 throni,
2301 2292 2351 2337 et
2378 2297 2533 2352 super
2559 2282 2961 2336 similitudinem
2988 2280 3186 2344 throni,
3204 2278 3453 2333 similitu-

1866 2398 1887 2432 ι
1933 2380 2001 2434 do
2027 2380 2177 2447 quasi
2204 2389 2447 2449 aspectus
2467 2368 2701 2435 hominis
2724 2381 2972 2449 desuper,
2999 2387 3104 2435 etc.
3131 2400 3149 2431 »
3180 2376 3452 2449 (Ηὶενοη.)

1862 2468 2014 2535 Quod
2034 2470 2428 2522 ﬁrmamentum
2450 2470 2551 2529 his,
2571 2470 2659 2536 qui
2686 2471 2932 2524 deorsum
2950 2470 3356 2532 erant,hahehat
3382 2467 3456 2521 si-

1864 2558 2220 2614 militudinem
2243 2560 2479 2629 crystalli
2509 2578 2519 2613 :
2542 2561 2625 2614 his
2644 2571 2843 2623 autem,
2866 2561 2959 2628 qui
2979 2575 3159 2629 supra,
3184 2560 3354 2635 instar
3380 2559 3456 2613 la-

1867 2649 2004 2720 pidis
2049 2650 2284 2718 sapphiri
2336 2650 2635 2705 videbatur.
2676 2650 2805 2717 Qua:
2854 2650 3147 2705 similitudo
3193 2650 3457 2719 sapphiri,

1868 2745 2093 2798 thronus
2108 2744 2351 2813 eratejus
2364 2744 2451 2813 qui
2470 2743 2691 2799 sedebat
2704 2746 2755 2797 in
2772 2744 3176 2799 similitudinem
3192 2743 3448 2799 hominis.

1868 2833 1944 2887 Ex
1966 2849 2073 2902 quo
2098 2832 2442 2904 intelligimus
2457 2842 2509 2887 et
2534 2833 2951 2898 ﬁrmamentum,
2975 2841 3029 2888 et
3047 2834 3379 2905 crystallum,
3399 2841 3457 2889 et

1866 2928 2200 2997 sapphirum,
2229 2935 2283 2981 et
2310 2927 2600 2990 hominem,
2632 2928 2684 2981 in
2710 2927 3075 2987 similitudine,
3118 2942 3222 2982 non
3273 2927 3325 2980 in
3360 2940 3454 2980 ve-

1868 3019 2030 3072 ritate
2077 3018 2387 3071 monstrari.
2439 3017 2719 3071 Hominem
2768 3025 2947 3071 autem
3010 3017 3175 3070 Deum
3238 3016 3451 3070 Patrem

1871 3110 2065 3163 debere
2094 3108 2339 3177 intelligi,
2371 3108 2540 3162 multa
2587 3109 2781 3163 docent
2827 3109 3154 3162 testimonia.
3188 3109 3228 3161 Ε
3260 3109 3455 3177 quibus

1872 3198 2000 3253 illud
2027 3209 2110 3253 est
2156 3200 2211 3252 in
2255 3198 2543 3269 Evangelio
2600 3197 2817 3267 (Matth.
2863 3197 3028 3268 xxi):
3068 3217 3087 3249 ι
3120 3198 3292 3251 Homo
3333 3199 3455 3267 qui-

1872 3291 1992 3347 dam
2030 3291 2291 3360 plantavit
2318 3291 2552 3354 vineam,
2582 3298 2636 3344 et
2672 3290 2867 3345 locavit
2899 3304 3017 3345 eam
3050 3290 3322 3359 agricolis,
3349 3309 3367 3341 ι
3398 3299 3455 3345 et

1872 3392 1990 3450 post
2015 3379 2311 3449 paululum,
2348 3400 2365 3431 ι
2396 3381 2545 3435 misit
2566 3396 2771 3445 servos,
2802 3390 3038 3451 etsuper
3058 3396 3245 3435 omnes
3285 3380 3451 3435 ﬁlium

1870 3486 2044 3524 suum.
2071 3489 2089 3521 ι
2115 3470 2455 3539 Rursumque
2479 3469 2692 3542 (Matth.
2720 3470 2858 3541 xxn)
2888 3486 2903 3525 :
2940 3490 2956 3520 ι
2990 3470 3162 3525 Homo
3187 3470 3313 3524 fecit
3355 3488 3452 3526 nu-

1870 3559 2010 3628 ptias
2037 3559 2146 3613 tilio
2176 3574 2293 3614 suo.
2319 3579 2336 3609 ι
2370 3557 2483 3611 Νοη
2515 3559 2657 3629 quod
2686 3559 2827 3613 ﬁlius
2853 3559 3170 3613 excludatur
3197 3576 3227 3633 _a
3262 3576 3444 3630 regno,

1874 3649 1938 3702 de
1976 3664 2083 3718 quo
2132 3649 2350 3717 scripsit
2385 3648 2589 3702 Isaias:
2635 3649 2796 3703 «Vidi
2844 3648 3128 3701 Dominum
3178 3649 3451 3703 sedentem

1854 3751 2035 3814 super
2072 3724 2322 3790 thronum
2346 3736 2621 3790 excelsum
2651 3744 2704 3791 et
2742 3736 3009 3791 elevatum
3039 3735 3171 3807 (Isa.
3204 3735 3312 3807 vi);
3346 3755 3364 3787 ι
3396 3744 3455 3790 ct

1872 3826 2106 3881 Joannes
2135 3845 2146 3879 :
2191 3844 2210 3877 ι
2242 3826 2367 3881 Haec
2401 3835 2603 3890 autem,
2632 3827 2824 3896 inquit,
2852 3826 2988 3882 dixit
3022 3826 3209 3890 Isaias,
3238 3826 3453 3897 quando

1870 3915 2003 3969 vidit
2029 3915 2249 3985 gloriam
2286 3915 2407 3968 Filii
2437 3916 2537 3971 Dei
2558 3914 2740 3986 (Joan.
2771 3915 2892 3984 xu),
2921 3935 2939 3967 ι
2972 3917 3067 3969 sed
3094 3917 3234 3984 quod
3265 3917 3317 3970 in
3352 3915 3453 3970 Pa-

1871 4012 1955 4059 tre
1998 4013 2202 4075 regnet,
2237 4014 2292 4059 et
2320 4004 2507 4069 Filius,
2539 4005 2718 4059 omnia
2750 4006 2891 4059 enim
2924 3995 3055 4058 Filiir
3080 4004 3259 4064 Patris
3292 4012 3449 4069 sunt,

1876 4112 1894 4143 ι
1916 4094 2007 4163 qui
2033 4102 2116 4147 est
2144 4094 2321 4164 imago
2344 4095 2435 4149 Dei
2462 4094 2639 4148 Patris
2664 4095 2962 4149 invisibilis.
2991 4115 3008 4146 ›
3030 4095 3163 4150 Nam
3188 4104 3243 4150 et
3272 4096 3325 4149 in
3349 4095 3456 4151 Da-

1872 4174 2198 4256 mele-(Dan.
2224 4187 2348 4258 vn),
2385 4186 2524 4240 Deus
2567 4186 2724 4239 Pater
2756 4187 2949 4241 sedens
2986 4186 3258 4241 inducitur
3283 4194 3338 4241 et
3373 4184 3457 4242 of-

1871 4278 2041 4334 fertur
2074 4280 2124 4335 ei
2173 4278 2313 4334 ﬁlius
2359 4280 2591 4334 hominis
2636 4287 2697 4333 ut
2726 4279 2956 4348 accipiat
3002 4294 3247 4349 regnum.
3281 4279 3349 4333 Et
3396 4280 3452 4334 in

1870 4367 2185 4437 Apocalypsi
2215 4365 2438 4422 Joannis
2467 4368 2648 4438 (Apoc.
2682 4384 2761 4431 In,
2794 4368 2890 4437 vn)
2912 4407 2926 4432 ,
2960 4370 3148 4422 eadem
3202 4369 3267 4422 de
3318 4368 3455 4424 Filio

1870 4458 2200 4512 scribuntur.
2232 4456 2300 4511 Et
2336 4459 2401 4511 ad
2439 4473 2669 4528 pugnam
2714 4459 2871 4527 primi
2905 4459 3161 4529 martyris
3192 4458 3453 4527 Stephani

188 4554 432 4599 mentum
467 4543 556 4607 ﬁt,
595 4545 721 4613 quia
752 4544 868 4614 ejus
915 4544 1243 4599 intellectum
1284 4544 1564 4612 concepit,
1597 4543 1686 4611 qui
1718 4550 1772 4596 et
1802 4591 1849 4649 Π
1875 4546 2012 4614 (Act.
2041 4545 2160 4617 vn),
2190 4554 2339 4600 stans
2374 4546 2439 4599 ad
2468 4548 2740 4600 dexteram
2770 4546 2970 4610 Patris,
3000 4547 3065 4601 de
3096 4562 3201 4616 quo
3241 4550 3457 4602 canitur

189 4636 504 4707 angelorum
534 4650 750 4689 sensum
781 4649 877 4688 sua
916 4633 1557 4702 incomprehensibilitate
1597 4642 1772 4684 trans-

190 4727 392 4781 cendit.
420 4722 552 4779 Cum
580 4738 707 4793 ergo
746 4739 848 4776 vox
891 4738 1053 4792 super
1085 4723 1481 4776 ﬁrmamentum
1517 4721 1596 4784 ﬁt,
1627 4730 1772 4774 stant

191 4817 471 4882 animalia,
500 4824 553 4870 et
590 4816 913 4870 submittunt
960 4816 1072 4869 alas
1112 4831 1255 4879 suas,
1288 4816 1412 4883 quia
1463 4823 1771 4869 sanctorum

192 4914 402 4961 mentes
446 4921 570 4961 cum
618 4907 879 4960 creatoris
927 4907 1011 4959 sui
1047 4906 1345 4973 potentiam
1390 4907 1595 4961 intenta
1639 4921 1771 4960 con-

194 4998 543 5067 templatione
600 4997 984 5060 considerant,
1034 4996 1299 5050 vilescunt
1350 5010 1534 5050 eorum
1594 4996 1774 5048 animo

192 5088 424 5140 virtutes
449 5100 584 5154 quas
618 5086 833 5139 habent.
866 5086 931 5138 Et
972 5093 1119 5139 tanto
1152 5085 1285 5138 ﬁunt
1324 5086 1461 5154 apud
1503 5100 1562 5139 se
1602 5085 1777 5138 humi-

195 5182 289 5240 les,
321 5188 527 5249 quanto
557 5178 683 5232 illud
714 5179 794 5232 eis
821 5178 987 5231 altum
1034 5185 1137 5240 est,
1183 5177 1324 5246 quod
1357 5192 1518 5245 Super
1561 5177 1776 5245 angelos

196 5281 372 5324 sonat.
408 5260 560 5337 Saepe
607 5269 768 5322 etiam
819 5275 1130 5321 sanctorum
1174 5267 1591 5333 cogitationibus
1638 5268 1772 5333 ipsa,

196 5376 313 5428 quae
364 5358 566 5413 habent
605 5359 743 5412 bona
783 5356 1149 5419 blandiuntur,
1180 5366 1239 5410 ut
1262 5372 1450 5410 eorum
1485 5365 1690 5411 mentes
1721 5356 1771 5406 in

199 5452 373 5520 aliqua
411 5449 491 5504 sui
540 5448 732 5502 ﬁducia
776 5448 1004 5511 elevem,
1052 5447 1144 5501 sed
1186 5449 1432 5516 protinus
1460 5447 1527 5500 ad
1562 5444 1771 5500 occulta

201 5539 291 5591 Dei
321 5538 525 5606 judicia
559 5545 862 5601 recurrunt,
889 5537 1156 5605 quomodo
1183 5536 1272 5589 alii
1304 5552 1366 5590 ex
1398 5535 1683 5589 virtutibus
1709 5535 1774 5587 ad

204 5631 473 5686 infernum
504 5642 601 5695 per
626 5626 917 5681 elationem
953 5628 1229 5689 corruunt,
1265 5627 1353 5679 alii
1383 5641 1447 5680 ex
1486 5626 1630 5679 vitiis
1661 5640 1777 5679 cor-

206 5721 337 5775 recti
366 5720 432 5772 ad
464 5716 658 5771 coelum
691 5731 786 5785 per
816 5716 1169 5770 humilitatem
1204 5716 1463 5770 levantur.
1496 5716 1646 5770 Unde
1680 5730 1776 5768 nos

209 5810 273 5863 ad
320 5806 676 5863 humilitatem
736 5819 997 5861 revocans
1051 5807 1310 5881 prephcta
1366 5817 1532 5860 terret
1579 5816 1631 5860 et
1676 5806 1772 5858 ad-

1876 4639 1927 4691 in
1951 4638 2179 4695 Psalmis
2212 4657 2223 4692 :
2263 4657 2280 4687 ι
2313 4638 2454 4692 Dixit
2484 4639 2741 4692 Dominus
2767 4639 2993 4693 Domino
3022 4654 3179 4695 meo:
3215 4640 3353 4695 Sede
3385 4642 3455 4697 ad

1875 4729 2152 4783 dexteram
2197 4743 2403 4792 meam,
2434 4729 2604 4782 donec
2636 4743 2830 4796 ponam
2884 4729 3129 4783 inimicos
3166 4738 3283 4783 tuos
3338 4744 3457 4782 sca-

1875 4818 2071 4871 bellum
2126 4818 2321 4885 pedum
2373 4826 2584 4870 tuorum
2640 4816 2975 4888 (Psal.cnt).
3009 4837 3027 4869 ι
3076 4818 3225 4872 Sicut
3274 4828 3453 4872 autem

1875 4908 2129 4977 crystallo
2154 4908 2445 4977 purissima
2476 4922 2700 4975 quasque
2727 4915 2889 4976 atque
2919 4906 3147 4961 lucentia
3186 4907 3238 4960 in
3286 4906 3453 4961 cmic-

1876 4996 2047 5050 stibus
2084 4998 2541 5059 demonstrantur,
2587 5010 2705 5063 qum
2744 5004 2988 5048 nostrum
3020 4994 3291 5048 oculatum
3336 5009 3456 5048 cor-

1880 5102 1979 5155 pus
2002 5087 2300 5140 illumineut
2324 5101 2337 5137 :
2362 5086 2437 5139 sic
2462 5085 2512 5137 in
2537 5084 2807 5153 sapphiro,
2836 5086 2887 5137 id
2910 5092 3010 5147 est,
3038 5084 3089 5137 in
3116 5085 3309 5137 throno
3328 5084 3448 5148 Dei,

1879 5188 1926 5232 et
1965 5194 2125 5246 super
2152 5177 2544 5229 ﬁrmamentum
2577 5174 2717 5242 quod
2747 5174 2944 5229 ctelum
2982 5173 3296 5242 accipimus,
3328 5174 3453 5228 abs-

1879 5268 2095 5322 condita
2124 5276 2286 5336 atque
2328 5274 2533 5319 secreta
2572 5273 2626 5318 et
2656 5261 3214 5332 incomprehensibilia
3246 5262 3337 5315 Dei
3371 5277 3452 5315 sa«

1879 5365 2153 5411 cramenta
2184 5361 2585 5408 monstrantur:
2616 5351 2758 5418 tQui
2784 5352 2960 5420 posuit
2986 5351 3234 5404 tenebras
3264 5348 3454 5403 latibu-

1878 5448 1987 5501 lum
2030 5462 2183 5500 suum
2224 5442 2395 5516 (Psal.
2424 5444 2576 5512 xvn).
2599 5460 2617 5493 ι
2652 5441 2720 5495 Ει
2744 5441 2795 5494 in
2827 5441 2967 5495 nube
2995 5439 3205 5493 videtur
3243 5448 3293 5491 et
3322 5437 3453 5491 cali-

1876 5538 2028 5605 gine;
2061 5536 2199 5588 unde
2238 5541 2292 5587 et
2323 5533 2375 5585 in
2407 5532 2589 5586 Exodo
2615 5529 2905 5584 scribitur:
2943 5547 2961 5578 ι
2991 5528 3058 5581 Et
3100 5526 3200 5581 sub
3226 5527 3453 5595 pedibus

1880 5624 1972 5677 Dei
1994 5625 2125 5684 erat,
2151 5621 2301 5689 quasi
2328 5636 2460 5688 opus
2486 5619 2669 5672 lateris
2688 5616 2921 5689 [lapidis]
2945 5616 3207 5685 sapphiri,
3230 5624 3285 5670 et
3311 5615 3451 5668 sicut

1877 5715 2084 5782 species
2115 5712 2436 5765 ﬁrmamenti
2468 5711 2590 5765 curli
2635 5709 2970 5763 mundissimi
3002 5706 3196 5775 (Exod.
3228 5706 3396 5773 xxiv).
3426 5725 3444 5757 ι

1953 5802 2099 5859 Unde
2125 5812 2177 5859 et
2207 5818 2397 5873 sponsa
2428 5800 2873 5871 pulchritudinem
2904 5798 3087 5868 sponsi
3115 5796 3368 5851 describit
3397 5797 3448 5849 in
