3948 6368
465 407 570 460 545

1098 402 1157 455 Β.
1202 396 1450 454 RABANI
1491 393 1706 450 MAURI
1744 386 2057 446 ARCHIEP.
2103 383 2406 440 MOGUNT.
2446 379 2727 438 OPERUM
2766 377 2941 433 PARS
2981 380 3042 431 ll.

3634 366 3746 420 5M

467 524 730 581 Cantica:
769 539 785 569 ‹
819 519 1015 574 Venter
1043 514 1156 581 ejus
1184 512 1335 580 quasi
1386 509 1565 562 tabula
1602 508 1836 561 eburnea
1885 515 2047 571 super
2080 501 2122 559 Λ
2151 515 2254 550 non
2297 505 2484 558 eruat,
2516 495 2606 564 qui
2651 495 2752 546 huc
2799 507 2921 546 eum
2969 498 3187 560 peccato
3228 484 3522 537 venerunt?
3561 480 3746 550 lp.-.um

471 617 698 686 lapidem
730 609 1039 678 sapphirum
1075 605 1251 675 (Cant.
1274 611 1376 673 v).i
1413 601 1478 654 Et
1509 600 1557 652 in
1595 595 1815 650 Joannis
1847 594 2048 662 Apoca-

473 706 604 776 lypsi
635 724 646 756 :
680 701 944 754 «Primum
977 697 1377 749 furidamentum
1391 690 1583 759 jaspis,
1610 686 1903 741 secundum
1934 699 2052 752 sap—

472 773 614 867 phiri
651 792 904 846 scribitur
952 789 1134 858 (Apoc.
1172 784 1304 854 xm).
1333 802 1347 831 ι
1379 782 1444 833 Et
1493 780 1544 832 in
1599 775 1841 830 rationali
1875 773 2051 843 ponti-

474 888 590 939 ticis
634 886 685 938 in
727 898 884 937 versu
931 891 984 933 et
1013 879 1202 931 ordine
1253 875 1484 943 lapidum
1519 868 1869 939 singulorum,
1909 885 1926 916 ‹
1972 879 2052 917 se-

474 978 682 1031 cundus
728 976 859 1026 ordo
905 970 1289 1025 cmdmnculum
1337 966 1489 1019 habet
1538 971 1592 1015 et
1621 958 1970 1028 sapphirum,
2002 964 2056 1007 et

470 1066 735 1136 jaspidem
781 1053 975 1133 (Exod.
1002 1057 1215 1129 xxviii).
1241 1076 1258 1107 ι
1287 1051 1489 1125 [Crcg.]
1515 1051 1650 1116 Quid
1677 1063 1772 1118 per
1803 1048 2057 1132 thronum

476 1157 578 1212 nisi
634 1155 734 1209 illa:
779 1156 1007 1208 virtutes
1045 1150 1297 1220 angelicae
1347 1147 1714 1215 designantur,
1751 1156 1870 1211 qute
1914 1140 2057 1208 ipsos

477 1261 690 1317 quoque
722 1245 939 1313 angelos
976 1243 1236 1309 dignitate
1284 1238 1384 1293 loci
1432 1235 1752 1321 superioris.
1769 1232 2056 1286 excedunt.

481 1337 610 1390 Nam
650 1351 771 1389 cum
817 1332 987 1402 angeli
1029 1331 1199 1384 nuntii
1234 1330 1481 1383 dicantur
1529 1324 1716 1387 (Hebr.
1746 1323 1808 1394 t),
1839 1331 1893 1375 et
1920 1335 2060 1390 saepe

481 1429 651 1498 angeli
685 1429 750 1480 ad
787 1424 1152 1479 annuntiauda
1187 1421 1429 1488 uitredam
1473 1419 1781 1473 hominibus
1820 1416 2058 1478 veniant,

479 1518 681 1571 Throni
715 1516 861 1570 missi
886 1517 950 1569 ad
984 1513 1338 1567 ministerium
1369 1510 1537 1564 nuntii
1570 1523 1843 1577 nunquam
1879 1507 2061 1577 leguttv

481 1619 584 1660 tur.
620 1607 753 1671 Quia
777 1606 856 1658 eis
890 1604 1042 1672 longe
1083 1601 1366 1656 sublimius
1395 1606 1607 1652 creator
1651 1595 1891 1650 omnium
1928 1610 2064 1663 pne-

480 1697 520 1748 si
548 1698 637 1748 Yet.
671 1693 822 1748 Unde
863 1691 1058 1744 Paulus
1089 1687 1361 1759 apostolus
1390 1686 1610 1741 ordines
1637 1683 1939 1740 caelestium
1972 1698 2064 1752 ag-

482 1786 680 1837 mitium
709 1796 846 1851 quos
890 1781 956 1834 ad
986 1783 1204 1834 tertium
1255 1779 1449 1831 cmlum
1482 1783 1669 1844 raptus
1712 1773 1920 1828 viderat
1965 1770 2060 1825 de-

2148 604 2277 643 vero
2309 587 2707 640 ﬁrmamentum
2737 583 2878 650 quod
2907 591 2989 636 est
3015 593 3175 649 super
3204 584 3367 644 caput
3399 573 3748 632 animalium,

2151 681 2202 734 id
2238 688 2339 743 est,
2369 678 2509 748 quod
2545 675 2762 728 transiit
2793 682 3002 728 mentes
3027 672 3322 740 iustorum,
3355 668 3555 720 habeat
3580 678 3753 733 super

2151 788 2208 826 se
2256 786 2440 824 vocem
2464 811 2477 832 ,
2506 769 2630 837 quia
2667 767 2998 835 Redemptor
3027 772 3211 816 noster
3239 774 3357 814 eam
3404 771 3567 825 quam
3616 770 3750 809 cum

2152 862 2312 915 Patre
2337 860 2600 928 disposuit
2623 872 2745 910 cum
2777 853 2889 927 [ex]
2918 853 3200 906 divinitate
3241 846 3588 907 sententiam,
3626 859 3757 913 pcr-

2155 951 2272 1004 tulit
2316 951 2368 1003 in
2412 964 2595 1003 carne.
2625 947 2795 1012 Quam
2852 945 3131 998 audientes
3173 940 3307 1008 justi
3342 946 3640 998 terrentur,
3691 944 3754 988 et

2155 1057 2367 1095 omnem
2414 1040 2481 1094 de
2527 1041 2638 1094 suis
2674 1039 2880 1091 viribus
2927 1034 3400 1105 praesumptionem
3448 1030 3752 1098 deponunt.

2157 1129 2676 1197 Qiiibuslibet.cniin
2703 1126 2997 1181 virtutibus
3025 1122 3242 1193 polleat,
3293 1119 3422 1190 quid
3469 1118 3634 1189 digna
3665 1125 3758 1172 est

2160 1220 2264 1272 vita
2304 1228 2666 1288 peccatorum,
2707 1217 2750 1270 si
2801 1223 2856 1269 et
2902 1213 3018 1278 eius
3046 1213 3157 1266 vita
3205 1225 3304 1280 pro
3351 1208 3506 1264 nobis
3537 1206 3570 1260 ll
3608 1205 3760 1276 gellu

2161 1310 2446 1378 subiacuit,
2478 1323 2598 1377 qua:
2643 1306 2856 1361 subdita
2890 1304 3020 1358 nulli
3051 1312 3275 1373 peccato
3301 1299 3445 1354 fuit?
3470 1297 3578 1353 Sed
3623 1309 3763 1350 cccc

2161 1404 2342 1473 gravis
2382 1400 2536 1454 nobis
2561 1399 2786 1468 quzestio
2812 1398 2985 1452 oritur
3009 1410 3129 1449 cum
3165 1393 3382 1454 dicitur,
3413 1390 3556 1459 quod
3588 1400 3764 1456 super

2164 1495 2558 1548 ﬁrmamentum
2621 1490 2762 1558 quod
2807 1496 2925 1542 erat
2980 1487 3266 1540 imminens
3311 1481 3471 1552 capiti
3519 1493 3713 1534 eorum
3742 1517 3762 1539 .

2163 1585 2317 1653 quasi
2364 1592 2615 1651 aspectus
2646 1579 2838 1650 lapidis
2869 1577 3109 1648 sapphiri
3139 1574 3434 1630 similitudo
3465 1570 3667 1626 throni.
3697 1567 3762 1622 Si

2164 1677 2307 1732 enim
2332 1691 2428 1745 per
2453 1673 2850 1727 ﬁrmamentum
2880 1668 3156 1728 Dominus,
3174 1674 3227 1719 et
3252 1681 3348 1734 per
3375 1663 3611 1732 lapidem
3642 1675 3767 1730 sap-

2166 1767 2378 1836 phirum
2421 1773 2475 1819 et
2502 1761 2908 1818 similitudinem
2949 1757 3150 1820 throni,
3191 1769 3416 1811 summae
3460 1752 3566 1807 illae
3593 1767 3766 1819 ange-

479 1876 744 1937 ιι‹ϊίὶιριιδ,
777 1873 890 1925 ait:
931 1891 946 1921 ι
979 1870 1103 1924 Sive
1131 1869 1333 1930 throni,
1364 1868 1476 1921 sive
1505 1865 1920 1927 dominationes,
1948 1863 2062 1917 sive
2092 1841 2136 1898 Β
2167 1856 2282 1910 lica;
2327 1861 2621 1925 potestates
2668 1852 2990 1920 ﬁgurantur,
3036 1845 3303 1916 quomodo
3352 1858 3513 1913 super
3569 1841 3759 1893 ﬁrma-

481 1963 833 2033 priucipatus,
862 1961 975 2015 sive
1014 1969 1325 2029 potestates,
1360 1959 1539 2010 omnia
1558 1972 1656 2025 per
1685 1956 1882 2024 ipsum,
1902 1963 1967 2025 ‘et
2009 1952 2064 2007 in

485 2068 602 2120 ipso
642 2061 821 2107 creata
865 2062 988 2106 sunt
1020 2050 1238 2121 (lloloss.
1272 2048 1329 2118 ι).
1360 2068 1376 2099 ι
1414 2048 1662 2101 Thronos
1711 2045 1895 2115 igitur,
1941 2051 2068 2098 ante

482 2156 577 2195 eos
619 2143 930 2211 angelorum
977 2141 1193 2192 omnes
1225 2139 1380 2198 dixit,
1429 2136 1620 2204 quibus
1668 2134 1784 2189 illos
1816 2132 2069 2202 praelatos

484 2247 602 2288 esse
646 2232 911 2302 Cognovit.
961 2231 1105 2283 Bene
1141 2238 1318 2282 autem
1359 2231 1585 2281 thronus
1625 2225 1785 2294 lapidi
1816 2222 2068 2292 sapphiro

485 2335 852 2395 comparatur,
892 2324 1146 2392 quoniam
1173 2321 1308 2391 lapis
1353 2319 1640 2389 sapphirus
1661 2330 1879 2370 aereum
1910 2314 2071 2368 habet

487 2417 741 2472 Colorem.
791 2416 1022 2468 \‘irtutes
1076 2426 1203 2480 ergo
1263 2409 1562 2463 caelestium
1615 2405 1777 2475 lapidi
1817 2403 2070 2473 sapphiro

486 2518 889 2578 comparantur,
939 2507 1066 2576 quia
1105 2505 1157 2557 hi
1188 2503 1412 2572 spiritus
1435 2500 1630 2571 quibus
1659 2499 1798 2552 Deus
1827 2495 2071 2564 omnipo-

489 2609 608 2654 tens
653 2598 813 2652 altius
856 2595 1125 2664 prmsidet,
1175 2592 1472 2662 superioris
1519 2590 1618 2643 loci
1665 2590 1714 2641 in
1761 2586 2073 2641 coelestibus

488 2692 799 2762 dignitatem
834 2697 1034 2751 tcncut.
1067 2706 1084 2738 ι
1117 2685 1290 2755 Super
1331 2685 1586 2738 thronum
1624 2695 1750 2735 vero
1780 2678 2073 2733 similitudo

491 2783 742 2840 hominis.
768 2802 784 2832 ι
820 2781 954 2848 Quia
990 2789 1046 2834 et
1079 2793 1242 2848 super
1271 2777 1388 2830 illas
1416 2777 1661 2836 virtutes,
1695 2787 1814 2842 qua:
1840 2779 1896 2824 et
1931 2771 2077 2839 ipsos

491 2875 709 2944 angelos
738 2872 1095 2934 antecedunt,
1151 2869 1320 2923 nostri
1361 2875 1444 2921 est
1485 2865 1651 2936 gloria
1677 2863 2073 2931 Redemptoris.

495 2962 797 3017 Notandum
825 2976 973 3030 ergo,
1019 2959 1110 3030 qui
1141 2959 1273 3013 ordo
1317 2965 1778 3026 servaturasuper
1823 2952 2075 3007 animalia

492 3054 636 3110 enim
687 3055 1114 3115 (irritamentum,
1163 3063 1322 3118 super
1371 3047 1769 3102 ﬁrmamentum
1829 3044 2074 3106 thronus,

493 3159 656 3213 Super
692 3144 941 3195 thronum
976 3143 1133 3195 homo
1159 3153 1277 3194 esse
1308 3137 1653 3200 desrrihitur,
1681 3135 1807 3204 quia
1835 3145 1888 3188 et
1916 3148 2078 3202 super

496 3245 712 3289 sanctos
749 3233 991 3288 homines
1021 3231 1198 3284 adhuc
1234 3231 1284 3283 in
1326 3230 1426 3283 hac
1461 3226 1806 3295 corruptione
1835 3224 2080 3293 corporis

496 3326 736 3378 viventes
779 3322 973 3393 angeli,
1003 3327 1055 3376 et
1095 3337 1257 3390 super
1299 3319 1518 3388 angelos
1550 3317 1857 3386 superiores
1885 3325 1938 3369 et
1971 3316 2081 3369 Deo

498 3415 756 3484 proximae
785 3413 1039 3482 angelica)
1069 3419 1383 3481 potestates,
1422 3423 1584 3478 super
1625 3414 1922 3477 potestates
1951 3421 2082 3461 vero

501 3507 611 3561 Deo
643 3508 940 3576 proximas,
989 3505 1229 3558 elevatus
1274 3512 1356 3557 est
1391 3521 1406 3552 ι
1439 3501 1703 3555 mediator
1742 3499 1834 3552 Dei
1877 3507 1934 3552 et
1985 3500 2083 3552 ho-

501 3597 705 3650 minum
739 3597 899 3649 homo
925 3594 1172 3649 Christus
1203 3592 1358 3647 Jesus
1389 3591 1438 3663 (I
1473 3591 1607 3644 Tim.
1638 3592 1719 3659 ιι).
1753 3609 1770 3640 ι
1810 3588 1904 3643 Siti
1932 3603 2084 3653 vero,

502 3697 562 3742 ut
593 3686 964 3756 praediximus.
1013 3683 1337 3738 ﬁrmamenti
1365 3681 1579 3735 nomine
1606 3680 1873 3734 mediator
1908 3678 2001 3732 Dei
2033 3685 2089 3731 et

505 3779 782 3833 hominum
816 3793 912 3847 pro
943 3785 1218 3844 assumpta
1251 3775 1587 3828 humanitate
1637 3772 1796 3826 debet
1838 3770 2086 3840 intelligi,

504 3869 627 3938 quia
659 3870 759 3923 sub
789 3869 946 3921 unius
984 3865 1218 3920 nominis
1261 3864 1616 3934 appellatione
1659 3862 1832 3917 solent
1863 3861 2092 3930 propho‘

507 3960 594 4013 tiae
622 3959 868 4027 spiritum
899 3959 1060 4012 multa
1098 3957 1320 4026 signari,
1355 3971 1455 4009 vox
1488 3970 1648 4023 super
1691 3953 2091 4020 ﬁrmamentum

507 4049 649 4104 [acta
674 4060 777 4113 est,
806 4065 924 4118 qum
952 4065 1113 4119 super
1141 4048 1470 4116 baptizatum
1520 4047 1804 4101 Dominum
1859 4048 1926 4102 de
1955 4046 2092 4101 cmlo

507 4141 690 4195 sonuit
715 4141 937 4194 dicens:
975 4157 991 4189 ε
1025 4139 1104 4192 Tu
1140 4154 1199 4193 es
1227 4137 1395 4192 Filius
1439 4152 1591 4191 meus
1617 4137 1864 4201 dilectus,
1897 4136 1949 4190 in
1986 4151 2092 4204 quo

509 4230 642 4284 mihi
687 4229 985 4298 complacui
1026 4227 1219 4300 (Marc.
1248 4226 1361 4294 1).»
1408 4225 1723 4293 Qumramus
1764 4227 1926 4295 igitur
1956 4240 2091 4294 quo-

513 4326 672 4381 modo
693 4325 831 4378 hanc
853 4338 1037 4378 vocem
1062 4322 1312 4377 animalia
1337 4320 1777 4386 audiunt,ctalas
1801 4321 2091 4388 deponunt.

512 4417 762 4472 Habacuc
791 4416 1080 4484 requisitos
1108 4416 1288 4469 dicat:
1322 4431 1340 4463 (
1371 4413 1613 4476 Domine,
1645 4414 1820 4467 audivi
1852 4413 2094 4466 auditum

513 4515 663 4562 tuum
689 4515 742 4561 et
773 4506 944 4567 timui,
975 4504 1309 4558 consideravi
1341 4519 1502 4574 opera
1540 4511 1628 4557 tua
1657 4512 1713 4557 et
1739 4504 1929 4570 expavi
1963 4501 2094 4573 (Ila-

513 4598 627 4652 bac.
659 4599 760 4665 ιιι).
787 4615 804 4648 ›
837 4596 1032 4650 Sancta
1068 4596 1247 4663 itaque
1291 4593 1543 4648 animalia
1585 4608 1769 4648 vocem
1809 4608 1970 4662 super
2005 4592 2095 4646 ﬁr-

515 4695 846 4739 mamentum
886 4685 1110 4738 audiunt
1159 4693 1214 4737 et
1257 4685 1644 4752 pertimescunt
1690 4702 1704 4736 :
1754 4684 1878 4752 quia
1928 4684 1972 4737 si
2009 4698 2096 4736 so-

517 4776 602 4831 lus
643 4777 761 4830 sine
792 4784 1014 4845 peccato
1061 4783 1166 4838 est,
1195 4775 1248 4827 in
1297 4775 1413 4842 ejus
1453 4773 1758 4828 innocentia
1809 4773 2097 4843 aspiciunt,

517 4868 572 4922 in
599 4876 858 4937 quantum
889 4867 986 4936 ipsi
1011 4867 1252 4936 quotidie
1279 4851 1744 4935 delinquant,qu:n
1777 4881 1996 4921 necesse
2021 4874 2102 4919 est

519 4966 582 5011 ut
631 4959 963 5012 incessanter
999 4956 1246 5011 deﬂeant.
1296 4957 1652 5012 Considerant
1694 4971 1927 5026 quoque,
1975 4959 2099 5026 quia

519 5055 576 5100 et
606 5047 718 5115 ipse
747 5054 935 5100 auctor
957 5047 1093 5107 vitae,
1125 5047 1240 5100 sine
1267 5047 1532 5114 passionis
1559 5047 1743 5100 dolore
1767 5062 1831 5100 ex
1861 5048 1959 5102 hac
1991 5048 2096 5100 vita

524 5151 627 5189 non
674 5135 858 5190 exivit.
911 5135 978 5189 Et
1021 5135 1135 5190 hmo
1173 5151 1302 5206 ergo
1349 5151 1446 5189 vox
1496 5151 1657 5204 super
1702 5137 2099 5191 ﬁrmamentum

526 5227 664 5279 facta
709 5236 819 5288 est,
859 5225 983 5294 quia
1017 5225 1399 5293 omnipotentis
1435 5225 1609 5280 Patris
1642 5227 1906 5281 sententia
1937 5228 2100 5284 etiam

526 5316 591 5370 de
624 5323 796 5368 morte
825 5330 888 5367 ac
936 5314 1334 5368 resurrectione
1373 5315 1630 5383 unigeniti
1676 5315 1959 5384 processit.
1995 5314 2102 5368 Sed

527 5421 650 5460 cum
681 5421 783 5459 vox
825 5420 986 5474 super
1013 5404 1410 5459 ﬁrmamentum
1457 5407 1534 5466 tit,
1567 5416 1712 5461 stant
1741 5407 2014 5471 animalia,
2049 5414 2104 5459 et

527 5495 853 5551 submittunt
876 5494 988 5548 alas
1012 5511 1155 5549 suas.
1174 5496 1307 5562 Quia
1335 5496 1503 5550 sancti
1532 5512 1767 5565 quoque,
1785 5513 1904 5552 cum
1930 5499 2102 5566 ip~um

528 5585 860 5654 unigenitum
907 5583 1226 5655 ﬂagellztttlm
1261 5587 1314 5640 in
1364 5589 1466 5640 lioe
1503 5587 1701 5641 mundo
1743 5588 2105 5657 conspiciunt,

530 5674 802 5742 deponunt
832 5677 876 5729 si
907 5677 1033 5745 quid
1060 5678 1125 5730 de
1156 5677 1268 5730 suis
1316 5678 1520 5731 meritis
1568 5686 1919 5744 pt‘:l‘.Stlltlltlll.
1973 5675 2104 5728 Nam

533 5762 577 5817 si
607 5765 718 5835 ipse
750 5765 873 5821 hinc
899 5767 1014 5822 sine
1057 5765 1266 5836 ﬂagello
1291 5783 1396 5821 non
1424 5768 1577 5832 exiit,
1607 5784 1670 5819 au
1705 5766 1924 5836 ilitg'dlis
1961 5765 2106 5836 digni

2167 1953 2446 2008 mentum,
2501 1944 2552 1997 id
2597 1950 2719 2006 est,
2767 1954 2928 2010 super
2969 1937 3257 1996 Dominum
3307 1949 3426 1988 esse
3474 1932 3765 1986 credenda:

2167 2044 2314 2100 sunt,
2346 2051 2467 2090 cum
2495 2041 2546 2088 et
2575 2047 2696 2086 mox
2727 2030 2993 2094 subditur,
3028 2027 3121 2080 «Et
3143 2041 3308 2094 super
3343 2023 3760 2078 similitudinem

2169 2128 2371 2191 throni,
2414 2126 2708 2181 similitudo
2743 2122 2896 2193 quasi
2932 2129 3185 2191 aspectus
3219 2117 3456 2172 hominis
3503 2116 3762 2184 desuper.

2170 2218 2304 2270 Nam
2329 2216 2375 2271 si
2403 2218 2499 2279 ita,
2529 2222 2589 2268 ut
2614 2214 2816 2268 dictum
2848 2218 2951 2274 est,
2980 2208 3381 2263 ﬁrmamentum
3410 2204 3768 2270 exprimitur,

2171 2306 2427 2359 Dominus
2453 2313 2509 2358 et
2558 2317 2742 2357 rursus
2789 2302 2949 2356 homo
2992 2299 3256 2366 accipitur
3304 2295 3566 2349 Dominus
3601 2307 3615 2346 :
3653 2308 3768 2362 qua

2171 2398 2380 2453 ratione
2424 2403 2603 2465 potest
2645 2393 2874 2463 intelligi
2922 2402 2975 2446 et
3005 2391 3118 2460 ipse
3163 2405 3325 2459 super
3370 2388 3666 2446 thronum.
3712 2393 3771 2440 et

2172 2488 2286 2556 ipse
2329 2484 2428 2540 sub
2475 2483 2710 2539 throno?
2749 2481 2855 2537 Sed
2898 2479 3392 2548 adstrictoshujus
3447 2475 3780 2545 quaestionis

2175 2579 2341 2632 nodos
2388 2576 2501 2646 ipse
2549 2574 2730 2639 solvit,
2781 2573 2847 2627 de
2899 2586 3008 2641 quo
3057 2570 3360 2640 loquimur,
3404 2569 3527 2638 quia
3579 2564 3776 2620 afﬂatu

2175 2669 2345 2724 sancti
2375 2668 2628 2739 Spiritus,
2656 2682 2720 2721 ea
2759 2681 2880 2734 qua:
2921 2663 3104 2717 clausa
3145 2671 3272 2716 sunt
3310 2659 3776 2732 laperuit.gincar-

2176 2773 2334 2820 natus
2362 2765 2504 2819 enim
2533 2761 2839 2832 unigenitus
2884 2757 3081 2830 Patris,
3109 2770 3205 2823 per
3232 2755 3334 2808 hac
3365 2753 3506 2824 quod
3549 2769 3567 2800 ι
3598 2753 3780 2804 homo

2177 2856 2349 2910 factus
2377 2864 2476 2917 est,
2500 2873 2516 2906 ι
2553 2852 2690 2906 infra
2717 2849 2937 2920 angelos
2980 2849 3102 2913 fuit,
3130 2847 3270 2902 sicut
3311 2847 3376 2899 de
3411 2860 3476 2911 eo
3503 2845 3780 2912 scriptum

2178 2955 2300 3002 est:
2339 2966 2358 2998 ι
2388 2944 2624 2999 Minuisti
2665 2957 2788 2996 eum
2835 2939 2992 3011 paulo
3033 2939 3212 2993 minus
3242 2939 3310 2992 ab
3338 2935 3539 3005 angelis
3586 2932 3778 2995 (Psal.

2178 3033 2320 3106 vni).
2363 3054 2381 3086 ι
2432 3033 2743 3102 Resurgens
2785 3041 2840 3085 et
2885 3029 3183 3084 ascendens
3230 3028 3283 3082 in
3313 3026 3489 3088 caelis,
3516 3024 3784 3078 omnibus

2181 3125 2436 3194 angelicis
2467 3121 2827 3192 potestatibus
2871 3121 3144 3190 prfesidet,
3177 3118 3324 3173 sicut
3345 3117 3416 3172 de
3439 3131 3504 3171 eo
3551 3129 3783 3169 rursum

2181 3215 2440 3284 scriptum
2470 3223 2554 3267 est
2579 3231 2590 3264 :
2627 3231 2644 3264 ι
2673 3209 2864 3266 Omnia
2896 3209 3170 3278 subjecisti
3199 3207 3298 3261 sub
3325 3206 3548 3276 pedibus
3575 3205 3726 3274 ejus.
3756 3222 3782 3257 ι

2183 3309 2247 3361 Et
2277 3307 2418 3360 sicut
2445 3305 2556 3374 ipse
2585 3303 2694 3356 ait:
2727 3321 2746 3352 ε
2779 3302 2910 3354 Data
2937 3312 3022 3354 est
3054 3299 3185 3353 mihi
3214 3298 3392 3352 omnis
3435 3302 3680 3366 potestas
3727 3295 3784 3348 in

2183 3398 2318 3454 cmlo
2349 3405 2403 3451 et
2447 3396 2501 3449 in
2540 3403 2702 3449 terra.
2728 3413 2746 3444 ι
2785 3384 3205 3446 Firmamentum
3252 3403 3382 3459 ergo
3425 3386 3522 3441 sub
3553 3385 3786 3448 throno.

2183 3497 2236 3543 et
2274 3490 2435 3542 homo
2460 3501 2621 3555 super
2661 3468 2916 3539 thromun
2954 3489 3033 3536 est
3057 3521 3072 3546 ,
3115 3481 3240 3550 quia
3273 3495 3370 3549 per
3419 3480 3669 3533 humanae
3700 3493 3791 3532 as-

2185 3575 2504 3646 sumptionis
2535 3583 2783 3627 naturam
2811 3581 2866 3626 et
2893 3579 2976 3626 est
3007 3572 3121 3641 ipse
3149 3571 3250 3625 sub
3278 3567 3481 3639 angelis
3508 3575 3696 3632 natus,
3728 3581 3789 3622 ct

2189 3672 2302 3740 ipse
2342 3683 2504 3737 super
2531 3665 2750 3737 angelos
2790 3663 3078 3718 exaltatns.
3113 3661 3298 3728 Quict
3329 3660 3648 3730 priusquam
3681 3673 3790 3728 per

2189 3757 2604 3814 resurrectionis
2637 3755 2970 3809 exaltaretur
3006 3752 3250 3823 gloriam,
3300 3750 3580 3804 divinitate
3609 3764 3791 3819 super

2188 3851 2406 3922 angelos
2439 3848 2540 3902 fuit
2567 3865 2578 3902 :
2622 3848 2713 3902 sed
2742 3855 2919 3900 tamen
2951 3843 3173 3914 angelis,
3200 3851 3259 3896 ut
3293 3842 3497 3896 dictum
3536 3848 3637 3902 est,
3682 3838 3791 3893 hu-

2190 3940 2450 3996 manitate
2476 3939 2796 3997 minoratus,
2824 3951 2891 3989 ex
2922 3949 3026 4004 qua
3066 3940 3120 3988 et
3162 3932 3322 3987 morti
3353 3928 3642 3997 subiacuit.
3694 3928 3793 3982 At-

2190 4045 2296 4100 que
2339 4037 2626 4098 postquam
2670 4033 2898 4079 mortem
2945 4022 3276 4093 resurgendo
3305 4020 3553 4084 calcavit,
3585 4019 3789 4073 imma-

2193 4121 2417 4175 nitatem
2443 4135 2595 4174 suam
2623 4117 2785 4172 etiam
2817 4112 3195 4181 majestatibus
3239 4112 3556 4181 angelorum
3587 4124 3789 4178 super-

2193 4212 2388 4281 posuit.
2442 4210 2598 4264 Prius
2643 4208 2824 4276 itaque
2861 4207 3086 4260 thronus
3132 4219 3295 4273 super
3342 4203 3792 4265 ﬁrmamentum,

2195 4310 2251 4356 et
2277 4309 2396 4370 post
2426 4301 2585 4353 homo
2612 4313 2776 4367 super
2804 4297 3057 4350 thronum
3088 4295 3236 4348 visus
3261 4308 3383 4348 esse
3413 4292 3790 4346 describitur:

2195 4391 2319 4459 quia
2364 4389 2751 4443 humanitatem
2784 4402 2936 4441 suam
2967 4385 3184 4439 humani
3212 4385 3426 4454 generis
3457 4383 3798 4454 Redemptor

2145 4526 2170 4546 Αἱ
2197 4478 2568 4533 descendendo
2595 4477 2695 4530 sub
2725 4475 2932 4546 angelis
2969 4474 3216 4542 sumpsit,
3249 4482 3304 4528 et
3331 4473 3673 4528 ascendendo
3705 4489 3797 4530 su-

2202 4584 2298 4639 per
2335 4567 2551 4637 angelos
2585 4567 2862 4620 exaltavit.
2894 4564 2984 4620 Sic
3013 4580 3140 4619 vero
3176 4563 3377 4618 factum
3407 4579 3531 4618 eum
3559 4563 3659 4617 sub
3703 4579 3799 4632 an-

2203 4661 2334 4731 gelis
2377 4659 2637 4721 dicimus,
2681 4658 2822 4711 sicut
2867 4657 3071 4710 factum
3128 4655 3231 4710 sub
3282 4655 3398 4725 lege
3458 4654 3798 4722 pnedicante

2202 4749 2458 4819 Apostolo
2500 4747 2801 4802 audivimus
2844 4745 2989 4814 (Gal.
3017 4744 3115 4814 iv),
3148 4752 3481 4812 assumptam
3518 4760 3647 4811 ergo
3703 4745 3798 4799 hu-

2206 4840 2518 4892 manitatem
2565 4838 2664 4891 sub
2710 4836 2916 4907 angelis
2963 4835 3279 4906 accipimus,
3308 4849 3408 4904 pro
3437 4847 3501 4887 ea
3549 4834 3803 4888 minora-

2208 4930 2353 4984 tione
2396 4931 2450 4984 in
2499 4943 2606 4996 qua
2646 4927 2898 4998 dignatus
2941 4933 3027 4982 est
3071 4939 3350 4994 apparere.
3390 4923 3527 4977 Nam
3571 4939 3700 4977 mox
3741 4934 3801 4979 ut

2207 5021 2427 5073 verbum
2457 5033 2585 5072 caro
2613 5017 2812 5072 factum
2855 5026 2960 5079 est,
2990 5032 3114 5070 mox
3160 5016 3303 5071 Deus
3336 5018 3498 5069 homo
3529 5025 3802 5084 potestate

2208 5129 2368 5182 super
2394 5111 2610 5180 angelos
2649 5112 2768 5165 fuit.
2815 5113 2889 5165 De
2938 5111 3054 5180 ipso
3080 5110 3278 5180 quippe
3319 5118 3444 5164 ante
3484 5111 3801 5180 pasaioncm

2207 5205 2468 5272 scriptum
2513 5214 2636 5257 est:
2673 5221 2691 5254 α
2724 5203 2861 5257 Ecce
2909 5203 3081 5273 angeli
3130 5210 3498 5266 accesserunt,
3541 5211 3597 5256 et
3633 5203 3802 5258 mini-

2209 5291 2454 5345 strabant
2483 5291 2529 5344 ei
2570 5291 2781 5360 (ιιιιιειΙι.
2813 5290 2910 5358 iv).
2939 5309 2956 5340 ι
2991 5289 3098 5345 Sed
3133 5301 3312 5344 tamen
3351 5298 3411 5343 ut
3440 5289 3806 5346 humanitatis

2209 5382 2327 5450 ejus
2371 5384 2656 5437 inﬁrmitas
2707 5391 3126 5444 monstraretur,
3174 5397 3392 5436 rursum
3437 5382 3505 5436 de
3545 5397 3612 5436 eo
3661 5383 3804 5436 scri-

2210 5483 2356 5541 ptum
2393 5483 2476 5527 est
2507 5491 2519 5524 :
2557 5491 2575 5522 ι
2598 5471 2861 5542 Apparuit
2911 5473 2984 5526 illi
3022 5471 3247 5540 angelus
3296 5470 3363 5525 de
3409 5471 3552 5526 ccelo
3578 5473 3807 5526 conror~

2210 5575 2331 5618 tans
2376 5580 2496 5619 eum
2539 5564 2688 5633 (Luc.
2721 5564 2878 5633 xvii).
2907 5585 2923 5616 ι
2975 5565 3028 5617 lu
3059 5563 3383 5618 documento
3421 5579 3552 5633 ergo
3599 5563 3802 5618 utrius~

2211 5671 2314 5724 quc
2347 5667 2574 5718 naturte,
2624 5658 2750 5711 huic
2794 5667 2847 5711 et
2893 5656 3064 5725 angeli
3109 5657 3520 5717 ministrarunt,
3572 5656 3723 5709 hunc
3754 5665 3807 5708 ct

2213 5746 2430 5816 angelus
2495 5745 2800 5802 confer-tare
2859 5747 3202 5802 describitur.
3267 5745 3419 5800 Unus
3479 5747 3681 5814 quippe
3750 5746 3803 5799 in
