3948 6330
158 395 262 449 515

1120 389 1472 446 ΟΟΜΜΕΝΤ.
1517 389 1580 444 ΙΝ
1621 388 2067 444 EZEClIli-ILEM.
2108 419 2177 430 —-
2213 389 2338 446 LIB.
2381 391 2445 445 ll.

3297 395 3400 448 5.56

155 512 382 570 utraque
412 510 625 560 natura,
671 498 926 565 quoniam
967 498 1054 566 qui
1091 497 1230 551 Deus
1261 506 1384 551 ante
1414 496 1607 550 smenla
1637 511 1728 549 ex-
1760 497 1801 555 Λ
1833 511 2029 557 rorem,
2077 498 2233 551 datur
2258 500 2466 568 signum
2517 498 2910 562 miscricordire,
2959 499 3101 553 velut
3149 514 3397 570 aspectus

155 589 314 653 stitit,
343 591 501 643 homo
532 587 705 640 factus
728 596 809 639 est
836 586 886 638 in
917 584 1020 639 iiue
1051 583 1390 638 szecnlorum.
1422 584 1516 636 (lui
1551 594 1728 636 tamen

154 692 278 736 ante
327 681 631 750 passionem
688 693 839 731 suam
895 686 946 730 ct
1003 676 1175 746 angeli
1226 676 1634 738 ministrabant,
1678 686 1731 728 et

156 771 299 822 hunc
333 768 553 837 angelus
583 764 867 819 confortat.
899 765 1026 817 Post
1073 764 1376 832 passionem
1405 777 1531 815 vero
1574 772 1732 831 atque

156 858 606 911 resurrectionem
639 856 754 924 ejus
788 854 911 908 huic
943 854 1117 924 angeli
1155 854 1461 906 ministrare
1489 863 1726 921 possunt,

153 948 246 1000 sed
281 947 392 1014 jam
441 947 582 999 hunc
627 944 932 998 confortare
979 959 1084 997 non
1130 952 1373 1013 possunt,
1419 944 1543 1011 quia
1595 943 1732 996 sicut

154 1038 357 1090 dictum
403 1044 513 1100 est,
565 1047 616 1090 et
665 1037 709 1089 si
759 1036 908 1105 prius
957 1035 1354 1115 ﬁrmamentum
1394 1033 1493 1086 sub
1539 1031 1731 1086 throno

155 1131 422 1200 apparuit,
449 1130 561 1198 jam
594 1139 771 1183 tamen
819 1129 980 1181 homo
1025 1143 1187 1195 super
1238 1127 1488 1178 thronum
1538 1135 1638 1180 cst.
1676 1125 1728 1178 in

154 1220 310 1289 cujus
358 1236 584 1290 persona
629 1228 688 1273 ut
738 1221 997 1288 propheta
1067 1227 1284 1273 sanctus
1350 1216 1729 1270 adunationem

156 1309 601 1381 [adjunctionem]
649 1313 927 1377 utriusque
966 1317 1173 1361 natura:
1209 1321 1266 1361 se
1303 1307 1500 1360 vidisse
1543 1315 1728 1360 osten-

153 1397 326 1460 deret,
353 1399 600 1467 protinus
626 1398 868 1466 adjunxit
898 1416 910 1450 :

229 1509 248 1540 σ
284 1491 348 1542 Et
396 1490 538 1551 vidi,
571 1490 723 1558 quasi
773 1489 1008 1558 speciem
1059 1487 1242 1542 electri
1277 1487 1418 1539 velut
1453 1494 1728 1553 aspectum

158 1597 178 1631 σ
224 1580 369 1650 ignis
406 1579 730 1632 intrinsecus
757 1593 853 1647 per
899 1578 1182 1631 circuitum
1216 1591 1242 1628 a
1272 1574 1466 1628 lumbis
1510 1574 1642 1640 ejus,
1676 1582 1729 1625 et

157 1687 174 1719 ι
220 1669 472 1736 desuper,
518 1678 573 1722 et
619 1684 650 1721 a
697 1668 892 1722 lumbis
939 1667 1054 1736 ejus
1102 1681 1270 1734 usque
1316 1665 1589 1727 deorsum,
1621 1663 1726 1716 vidi

156 1775 176 1808 ι
220 1759 380 1828 quasi
422 1757 656 1825 speciem
687 1757 825 1827 ignis
869 1758 1199 1827 splendentis
1228 1757 1278 1810 in
1310 1755 1559 1816 circuitu,
1581 1753 1729 1806 velut

1832 601 2012 643 arens.
2053 603 2171 640 cum
2212 587 2369 642 fuerit
2410 589 2458 641 in
2501 590 2640 643 nube
2687 592 2737 643 in
2773 592 2857 644 die
2896 592 3104 660 pluvim.
3132 591 3394 665 (Cragon)

1832 674 1964 737 Quid
1998 685 2099 736 est,
2154 678 2293 745 quod
2321 687 2567 746 aspectus
2598 679 2828 733 hominis
2864 682 3071 735 videtur
3103 683 3152 736 in
3185 685 3398 746 throno.

1829 767 1979 833 q'risi
2039 767 2242 834 species
2286 767 2491 830 electri,
2543 769 2640 820 nisi
2693 771 2930 838 quodin
2984 771 3207 834 electro,
3260 776 3402 828 sient

1832 855 1987 923 longe
2032 857 2278 922 superius
2305 839 2554 917 iliitiinus,
2582 872 2769 909 aurum
2801 866 2854 912 et
2881 870 3159 924 argentum
3213 865 3402 917 misce-

1830 953 1937 1003 tur,
1987 955 2152 997 utres
2181 959 2283 997 una
2317 959 2382 999 ex
2431 947 2635 999 duobus
2667 947 2895 1002 metallis
2934 951 3067 1002 liat?
3100 950 3152 1004 In
3200 968 3302 1020 qua
3345 965 3401 1006 et

1832 1049 1927 1102 per
1987 1045 2264 1100 argentum
2326 1035 2443 1088 auri
2500 1035 2716 1089 claritas
2785 1048 3146 1106 temperatur,
3201 1051 3249 1094 et
3307 1059 3403 1108 per

1830 1123 2131 1176 claritatem
2158 1125 2272 1178 auri
2304 1127 2507 1193 species
2549 1127 2798 1180 clarescit
2825 1132 3049 1193 argenti.
3107 1132 3160 1184 lu
3197 1134 3398 1186 redem-

1830 1229 1983 1286 ptore
2013 1229 2187 1270 autent
2226 1229 2428 1281 nostro,
2465 1229 2700 1288 utraeque
2735 1232 2958 1283 naturtp,
3003 1225 3052 1277 id
3079 1234 3181 1287 cst,
3215 1227 3405 1279 divini-

1834 1309 1958 1362 tatis
1985 1317 2037 1360 et
2075 1308 2422 1362 humanitatis
2450 1309 2717 1362 inconfuse
2767 1321 2927 1380 atque
2976 1315 3343 1382 inseparabilit
3379 1333 3404 1368 r

1831 1397 2045 1450 sibimet
2073 1407 2197 1451 sunt
2224 1398 2404 1458 unitas,
2452 1409 2507 1450 ut
2536 1401 3058 1464 perhumanitatem,
3109 1404 3404 1458 divinitatis

1829 1483 1946 1553 ejus
1997 1487 2214 1539 claritas
2278 1489 2477 1541 nostris
2524 1499 2703 1554 posset
2766 1490 2936 1542 oculis
2983 1493 3305 1560 temperari;
3349 1501 3404 1547 et

1830 1587 1926 1641 per
1998 1574 2332 1628 divinitatem
2386 1577 2612 1628 humana
2681 1591 2745 1629 eo
2794 1586 2983 1630 natura
3059 1580 3403 1644 claresceret,

1805 1653 1991 1731 'atque
2005 1664 2234 1716 exaltata
2267 1663 2525 1733 fulgorem
2555 1665 2688 1717 ultra
2722 1666 2834 1748 hoc.
2848 1666 2987 1732 quod
3015 1678 3195 1721 creata
3226 1667 3410 1723 fuerat

1834 1755 2075 1808 haberet.
2128 1753 2244 1822 ipse
2269 1770 2396 1808 vero
2420 1765 2664 1822 aspectus
2691 1757 2920 1811 hominis
2950 1773 3111 1826 super
3148 1761 3402 1814 thronum

159 1867 174 1896 ι
221 1856 500 1915 aspectum
529 1862 688 1902 arcus
715 1863 837 1902 eum
871 1848 1028 1902 fuerit
1062 1848 1112 1901 in
1147 1847 1286 1901 nube
1315 1847 1367 1898 in
1405 1847 1489 1900 die
1515 1845 1723 1914 pluvim.
1760 1849 1802 1905 Β
1831 1852 1884 1896 et
1943 1843 2150 1910 species
2169 1843 2375 1906 electri,
2426 1857 2585 1910 quam
2618 1845 2766 1906 vidit,
2811 1845 2982 1912 qualis
3013 1848 3061 1901 ei
3100 1851 3408 1918 apparuerit

159 1955 176 1985 ι
222 1935 324 1990 Hic
351 1946 467 1990 erat
493 1946 742 2004 aspectus
771 1935 1067 2005 splendoris
1093 1951 1187 2004 per
1217 1951 1426 2006 gyrum,
1457 1937 1570 1988 haec
1600 1935 1733 1986 visio

159 2045 176 2075 ε
223 2025 597 2079 similitudinis
649 2025 832 2095 gloria:
877 2024 1110 2078 Domini.
1145 2044 1163 2076 ›
1218 2022 1486 2095 (Ηίενοη.)
1529 2021 1732 2076 Simili-

156 2116 289 2168 tudo
351 2115 617 2177 hominis,
670 2115 762 2183 qui
833 2115 1054 2170 sedebat
1116 2129 1281 2183 super
1330 2113 1731 2168 similitudinem

155 2206 382 2258 throni:
415 2205 504 2274 qui
534 2206 758 2259 thronus
809 2206 1040 2260 habebat
1087 2204 1492 2282 similitudinem
1544 2203 1734 2271 lapidis

154 2297 392 2367 sapphiri
440 2313 466 2350 a
503 2297 698 2351 lumbis
741 2304 794 2351 et
841 2297 1090 2366 desuper,
1123 2297 1324 2350 electro
1367 2302 1731 2362 comparatur.

155 2387 307 2454 Quod
337 2387 594 2441 electrum
638 2395 692 2440 et
740 2386 1062 2440 intrinsecus
1096 2393 1151 2439 et
1198 2386 1534 2439 extrinsecus
1574 2383 1734 2437 hahe-

158 2477 271 2536 bat,
299 2476 452 2544 quasi
503 2475 639 2544 ignis
670 2484 966 2544 aspectum.
1014 2475 1058 2527 Α
1097 2475 1291 2528 lumbis
1329 2489 1457 2527 vero
1480 2481 1536 2527 et
1579 2474 1736 2530 deor-

157 2582 297 2631 sum,
329 2567 466 2638 ignis
493 2577 610 2621 erat
637 2566 983 2636 resplendens
1025 2567 1078 2620 in
1123 2565 1373 2629 circuitu,
1405 2574 1462 2618 ut
1488 2567 1738 2621 ostende-

160 2670 240 2716 ret
269 2675 331 2714 ca
365 2675 484 2728 qute
517 2674 678 2728 supra
710 2659 918 2714 lumbos
945 2667 1087 2721 sunt,
1119 2657 1209 2712 ubi
1266 2672 1459 2710 sensus
1491 2668 1740 2712 versatur

158 2759 213 2803 et
257 2751 419 2813 ratio,
453 2763 558 2803 non
590 2749 828 2818 indigere
875 2749 997 2819 igne
1033 2763 1134 2803 nec
1175 2747 1435 2810 “animis,
1485 2749 1577 2802 sed
1619 2765 1740 2818 pre-

159 2840 454 2894 tiosissimo
485 2838 698 2894 metallo
734 2848 790 2894 et
814 2839 1118 2908 purissimo.
1148 2839 1221 2892 Ea
1251 2853 1378 2892 vero
1403 2853 1522 2906 qua:
1546 2839 1740 2893 a-lam-

157 2929 242 2984 bis
279 2929 550 2991 deorsum,
583 2927 671 2981 ubi
704 2929 895 2992 coitus,
938 2929 1026 2995 ubi
1073 2929 1369 2998 generatio,
1413 2929 1500 2982 ubi
1552 2929 1737 2984 incen-

161 3011 272 3074 tiva
306 3021 588 3083 vitiorum,
636 3021 953 3090 purgatione
998 3019 1236 3089 indigere
1281 3017 1650 3084 ﬂammarum,
1683 3029 1742 3073 ut

161 3125 283 3163 cum
332 3120 554 3180 purgata
588 3109 811 3172 fuerint,
863 3109 1095 3164 habeant
1123 3110 1260 3163 sicut
1300 3125 1458 3164 arcus
1493 3110 1741 3164 similitu-

1834 1933 2012 1987 adbue
2041 1932 2396 1986 describenda
2422 1933 2680 2003 adjnugit.
2734 1951 2751 1983 ‹
2785 1933 2942 1988 Velut
2985 1947 3231 2005 aspectus
3271 1940 3410 2008 ignis

1832 2020 2158 2076 intrinsecus
2219 2019 2333 2087 ejus
2378 2037 2476 2090 per
2520 2022 2842 2086 circuitum,
2895 2039 2923 2076 a
2962 2024 3157 2079 lumbis
3201 2027 3318 2095 ejus
3359 2037 3411 2082 rt

1836 2111 2087 2179 desuper,
2115 2122 2170 2165 et
2200 2126 2229 2164 a
2254 2112 2452 2166 lumbis
2479 2113 2594 2178 ejus
2622 2129 2792 2182 usque
2817 2115 3066 2169 deorsum
3109 2119 3217 2173 vidi
3253 2121 3406 2188 quasi

1835 2203 2068 2270 speciem
2123 2202 2261 2272 ignis
2311 2202 2641 2270 splendentis
2672 2204 2723 2256 in
2759 2206 3009 2259 circuitu.
3053 2226 3071 2258 ι
3126 2207 3264 2274 Quid
3317 2221 3402 2265 est

1833 2292 1973 2360 quoi
2016 2291 2276 2346 metiatur
2315 2292 2406 2346 Dei
2431 2302 2487 2346 et
2509 2294 2784 2347 hominum
2832 2297 2992 2348 homo
3049 2297 3202 2352 Jesus
3253 2298 3411 2353 Chri-

1835 2392 1950 2436 stus
2005 2381 2054 2453 (1
2103 2380 2236 2435 Tim.
2293 2382 2393 2453 ιι),
2437 2399 2464 2436 a
2515 2384 2706 2437 lumbis
2755 2395 2809 2438 et
2853 2385 3083 2454 desuper
3133 2402 3410 2458 aspectum

1838 2472 1976 2541 ignis
2019 2472 2343 2526 intrinsecus
2381 2488 2475 2541 per
2514 2473 2798 2527 circuitum
2823 2473 3023 2529 habere
3068 2475 3408 2541 describitur,

1835 2572 1891 2615 et
1916 2578 1946 2614 ει
1978 2561 2172 2616 lumbis
2198 2571 2253 2616 et
2279 2563 2526 2617 deorsum
2567 2564 2804 2632 speciem
2832 2565 2970 2634 ignis
2997 2565 3325 2634 splendentis
3357 2570 3410 2623 in

1839 2655 2108 2709 circuitu?
2145 2656 2570 2726 investigandum
2602 2672 2832 2725 namque
2856 2670 2959 2718 est,
3016 2674 3186 2728 qua-re
3217 2674 3248 2712 τι
3279 2659 3413 2713 Ιυιιι-

1839 2747 1920 2802 bis
1949 2756 2002 2802 et
2029 2749 2256 2818 desuper
2288 2749 2460 2819 ignem
2489 2749 2828 2812 intrinsecus,
2886 2765 2984 2804 nec
3026 2759 3202 2804 tamen
3234 2749 3408 2819 splen-

1839 2837 2055 2890 dentem
2104 2837 2280 2907 ignem
2327 2840 2524 2894 habere
2563 2849 2832 2893 narratur.
2866 2840 2908 2892 Α
2959 2839 3150 2894 lumbis
3188 2855 3314 2894 vero
3359 2848 3414 2894 et

1840 2925 2089 2980 deorsum
2130 2927 2329 2982 habere
2355 2930 2490 2998 ignis
2534 2930 2766 2996 speciem
2817 2929 3031 2992 dicitur,
3086 2946 3190 2984 non
3228 2939 3406 2984 tamen

1841 3015 1985 3070 hunc
2023 3016 2222 3069 habere
2254 3018 2573 3072 intrinsecus
2605 3030 2956 3082 memoratur,
2988 3021 3112 3090 quia
3142 3031 3194 3075 et
3221 3022 3419 3076 descri-

1840 3105 2012 3159 bitur.
2037 3104 2172 3173 Quid
2194 3107 2335 3160 enim
2360 3096 2490 3160 lum:
2505 3124 2656 3162 orum
2675 3109 2886 3163 nomine
2906 3110 3006 3162 nisi
3023 3124 3256 3179 propago
3272 3125 3417 3164 mor-

161 3198 364 3261 dicem,
392 3214 510 3267 qua:
539 3199 694 3268 vulgo
740 3198 839 3253 iris
868 3198 1080 3261 dicitur,
1112 3212 1232 3251 cum
1287 3196 1450 3252 fuerit
1500 3198 1554 3251 in
1603 3198 1741 3252 nube
1770 3181 1813 3242 C
1849 3195 2070 3249 talitatis
2097 3197 2451 3266 eXprimitur?
2475 3197 2694 3268 Propter
2724 3200 2864 3268 quod
2903 3199 3059 3253 etiam
3084 3199 3148 3252 de
3183 3199 3307 3253 Levi
3334 3199 3417 3254 di-

163 3288 217 3341 in
242 3287 329 3342 die
345 3288 554 3357 pluviaz;
577 3287 672 3365 ἶρις
691 3288 988 3356 cnim,qu:e
1011 3287 1064 3340 in
1089 3295 1274 3341 sancta
1298 3286 1571 3356 Scriptura
1587 3285 1738 3358 (Gen.

165 3379 258 3448 ix)
315 3387 536 3434 vocatur
573 3395 747 3443 arcus,
799 3388 854 3432 et
882 3378 933 3431 in
962 3377 1280 3447 Apocalypsi
1305 3377 1525 3433 Joannis
1553 3380 1741 3433 eodem

165 3468 384 3522 nomine
414 3465 512 3540 ἶρις
538 3469 733 3522 dicitur
762 3468 944 3538 (Apoc.
977 3483 1027 3520 tv
1051 3476 1097 3520 et
1127 3468 1205 3536 κ).
1252 3467 1353 3522 nisi
1386 3469 1438 3522 in
1483 3467 1657 3538 pluvia
1689 3477 1742 3522 et

166 3563 222 3612 in
254 3559 626 3628 aquosa‘nube
647 3574 750 3612 non
780 3567 955 3627 potest
984 3571 1266 3625 apparere,
1297 3558 1635 3612 diversorum
1655 3576 1743 3614 c0-

165 3648 343 3703 lorum
372 3656 426 3704 et
453 3648 958 3718 pulcherrimorum,
992 3659 1045 3700 et
1083 3648 1283 3701 sensim
1324 3648 1374 3701 in
1409 3647 1541 3701 alios
1573 3657 1744 3701 trans-

165 3740 432 3794 euntium.
481 3737 574 3792 llic
602 3752 758 3791 arcus
801 3737 1005 3806 signum
1038 3744 1120 3790 cst
1165 3735 1461 3790 clementia:
1491 3747 1544 3790 et
1577 3747 1741 3790 testa-

167 3828 338 3883 menti
367 3827 482 3889 Dei,
513 3827 652 3896 quod
685 3825 809 3880 fecit
839 3842 959 3880 cum
991 3825 1294 3880 hominibus
1321 3833 1377 3878 ut
1407 3827 1622 3894 quando
1654 3842 1744 3895 ap-

167 3917 411 3986 paruerit
438 3917 488 3969 in
518 3915 679 3976 nube,
706 3916 938 3968 sciamus
968 3929 1065 3966 nos
1090 3911 1380 3967 secundum
1408 3913 1746 3982 antiquitatis

167 4005 478 4074 exemplum
525 4018 858 4072 nequaquam
909 4003 1175 4072 perituros
1237 4017 1355 4057 esse
1396 4002 1611 4056 diluvio.
1668 4003 1741 4057 lix

167 4110 274 4163 quo
302 4094 602 4148 ostenditur
629 4102 750 4161 pust
779 4106 966 4162 pcenas
1011 4102 1170 4160 atque
1215 4091 1494 4161 supplicia,
1525 4101 1579 4146 et
1614 4107 1743 4162 pur-

167 4187 442 4256 gationem
472 4194 830 4254 peccatorum,
863 4183 1097 4237 futuram
1133 4184 1586 4238 misericordiam:
1615 4186 1748 4238 dun-

169 4284 323 4329 taxat
349 4275 404 4328 in
436 4275 517 4328 his
558 4275 647 4343 qui
681 4274 846 4328 Deum
874 4273 1170 4327 meruerint
1196 4274 1375 4327 videre
1410 4283 1741 4343 regnantem.

172 4365 328 4421 Unde
370 4380 511 4418 nunc
540 4365 776 4419 dicitur:
814 4380 834 4412 ι
865 4362 962 4416 Hic
1006 4370 1126 4417 erat
1155 4373 1405 4432 aspectus
1449 4362 1744 4430 splendoris

169 4471 266 4526 per
315 4471 525 4526 gyrum.
551 4475 569 4507 ι
606 4455 710 4508 Per
753 4469 939 4524 gyrum
987 4453 1080 4506 Dei
1118 4453 1201 4506 vel
1249 4454 1459 4517 tlnoni,
1502 4454 1581 4506 vel
1627 4469 1744 4506 oat-

1845 3288 1986 3340 cItur
2014 3285 2165 3356 (Gen.
2211 3286 2345 3358 xxv),
2379 3288 2503 3356 quia
2543 3285 2716 3342 adhuc
2756 3290 2808 3365 in
2844 3289 3037 3342 lumbis
3073 3290 3242 3357 patris
3280 3300 3417 3355 erat,

1845 3397 1970 3434 cum
2003 3379 2388 3434 Melchisedech
2416 3382 2646 3434 occurrit
2684 3381 2929 3435 Abrahae.
2962 3381 3037 3434 De
3071 3382 3262 3435 lumbis
3289 3398 3417 3435 vero

1845 3469 2249 3538 AbrahzeVirgo
2274 3469 2435 3523 Maria
2465 3471 2613 3534 exiit,
2656 3472 2706 3525 in
2739 3472 2890 3541 cujus
2919 3480 3069 3526 utero
3099 3472 3416 3542 Unigcnitus

1851 3561 2029 3613 Patris
2070 3575 2166 3630 per
2191 3558 2448 3629 Spiritum
2472 3570 2714 3615 sanctum
2745 3563 3008 3614 nutat-nari
3034 3561 3285 3630 dignatus
3310 3571 3413 3626 est,

1845 3667 1908 3705 et
1938 3666 2042 3720 qua
2075 3651 2445 3706 incarnatione
2475 3653 2721 3706 universo
2754 3651 2982 3706 innotuit
3025 3653 3219 3705 mundo
3253 3651 3412 3712 Deus,

1844 3743 1984 3796 sicut
2009 3751 2064 3796 et
2091 3756 2188 3810 per
2210 3740 2546 3794 Psalmistam
2580 3741 2774 3796 dicatur
2811 3757 2827 3792 .'
2861 3761 2876 3792 ι
2916 3744 3211 3811 Accingere
3244 3743 3418 3812 gladio

1846 3842 1935 3884 tuo
1948 3832 2090 3886 circa
2105 3831 2844 3900 femurtuum,potentissime
2861 3830 3028 3902 (Prol.
3056 3831 3220 3902 xuv).
3245 3832 3416 3886 rGla-

1845 3923 1991 3975 dium
2035 3920 2232 3975 etenim
2279 3922 2420 3975 circa
2472 3921 2645 3975 femur
2699 3923 3104 3991 potentissimus
3152 3925 3416 3993 sumpsit,

1846 4012 1967 4079 quia
1997 4026 2176 4065 sermo
2204 4011 2598 4080 prmdicationis
2625 4013 2768 4067 illius
2792 4029 2853 4065 ex
2889 4013 3259 4067 incarnatione
3293 4028 3421 4067 con-

1849 4103 2027 4155 valuit.
2068 4099 2204 4167 Quid
2239 4116 2367 4154 vero
2402 4103 2500 4156 iste
2550 4103 2686 4171 ignis
2726 4103 2983 4171 designat,
3031 4104 3130 4157 nisi
3172 4103 3417 4157 ardorem

1847 4191 2020 4246 sancti
2048 4190 2301 4259 Spiritus,
2335 4191 2424 4259 qui
2460 4194 2618 4245 corda
2690 4208 2805 4260 qum
2835 4193 3116 4261 repleverit
3153 4192 3416 4256 accendit,

1847 4280 1912 4334 de
1933 4295 2040 4349 quo
2070 4281 2179 4348 ipsa
2212 4281 2424 4335 Veritas
2453 4282 2615 4335 dicit:
2654 4301 2670 4330 ς
2703 4282 2879 4351 ignem
2931 4283 3046 4335 veni
3097 4282 3311 4336 mittere
3359 4283 3414 4334 in

1848 4379 2046 4424 terram
2084 4369 2231 4439 (an.
2256 4372 2376 4440 xu).
2415 4392 2431 4421 ι
2466 4371 2602 4436 Quid
2625 4381 2706 4427 est
2727 4387 2854 4440 ergo
2883 4372 3023 4439 quod
3053 4371 3102 4424 in
3141 4371 3243 4425 hoc
3270 4385 3419 4439 aspe-

1847 4471 1935 4516 ctu
1985 4461 2255 4524 hominis,
2311 4461 2402 4528 qui
2459 4462 2728 4528 prophetat
2801 4459 3088 4529 apparuit,
3150 4476 3179 4514 a
3225 4460 3422 4514 lumbis

171 4547 358 4606 Itium,
399 4560 516 4613 qum
562 4552 837 4614 perspecta
891 4551 1034 4618 Stim-
1088 4559 1106 4592 ι
1139 4541 1202 4594 El
1239 4542 1355 4596 11ωο
1387 4541 1518 4595 Vibio
1563 4540 1744 4610 ςιοῐίίυ
1777 4532 1819 4588 ι)
1848 4548 2112 4617 superius,
2167 4547 2488 4601 intrinsecus
2514 4564 2608 4616 per
2657 4548 2936 4601 circuitum
2988 4548 3124 4616 ignis
3165 4549 3334 4609 ardet,
3388 4561 3420 4601 ει

170 4636 539 4691 similitudinis
583 4635 693 4688 Dei.
727 4653 745 4685 ι
800 4634 912 4687 Non
965 4648 1071 4702 quo
1119 4632 1344 4700 gloriam
1403 4633 1608 4686 Domini
1661 4633 1743 4685 vi-

172 4727 311 4781 derit
337 4765 351 4789 ,
394 4725 488 4779 sed
525 4723 926 4778 similitudinem
974 4723 1156 4801 gloriae
1198 4724 1334 4792 ejus.
1381 4724 1524 4777 Visio
1565 4733 1742 4777 autem

171 4815 355 4871 omnis
397 4815 509 4870 hzec
557 4823 655 4869 est.
695 4812 924 4882 Spiritus
967 4813 1182 4868 elevans
1230 4825 1282 4868 et
1319 4815 1485 4867 nubes
1530 4829 1742 4883 magna,

173 4913 227 4962 et
277 4914 516 4976 quatuor
560 4903 832 4968 animalia,
875 4911 930 4957 et
981 4912 1110 4957 rotze
1155 4906 1405 4973 totidem,
1461 4915 1746 4973 sequentes

173 4995 429 5051 animalia
483 5004 537 5049 et
590 4994 868 5064 spiritum,
925 5007 1042 5061 qua:
1104 4994 1204 5047 sub
1263 4993 1598 5050 ﬁrmamento
1651 4998 1743 5050 Dei

177 5101 298 5140 esse
339 5093 666 5138 meruerunt.
720 5081 848 5148 Quae
905 5092 1184 5150 postquam
1230 5083 1433 5137 elevata
1493 5094 1648 5147 sunt,
1690 5096 1745 5138 et

177 5176 470 5230 audierunt
511 5187 728 5234 vocem,
779 5173 930 5242 quasi
993 5186 1251 5240 aquarum
1318 5175 1638 5240 multarum,
1690 5183 1744 5227 et

176 5263 333 5334 quasi
379 5261 523 5316 verbi
574 5260 815 5315 sublimis
860 5259 975 5323 Dei,
1008 5274 1300 5327 vocemque
1346 5271 1643 5317 castrorum
1691 5272 1745 5318 et

177 5338 482 5414 cici-citus,
520 5352 837 5406 dimiserunt
890 5350 1032 5415 alas,
1077 5359 1131 5404 et
1190 5359 1462 5420 stuporem
1530 5355 1743 5409 silentio

179 5448 641 5500 demonstrarunt.
682 5444 1046 5513 Apparuitque
1075 5442 1266 5497 sedens
1295 5459 1454 5512 super
1499 5445 1749 5499 similitu-

180 5536 364 5589 dinem
416 5532 684 5604 sapphiri,
733 5533 887 5602 quasi
938 5531 1230 5586 similitudo
1274 5532 1546 5596 hominis,
1577 5536 1666 5603 qui
1719 5550 1748 5587 a

179 5625 384 5680 lumbis
407 5638 566 5694 supra
618 5623 843 5678 habebat
888 5623 1118 5693 speciem
1161 5622 1365 5686 electri,
1398 5634 1452 5678 et
1496 5640 1524 5678 a
1559 5625 1750 5678 lumhis

181 5715 434 5769 deorsum
463 5713 691 5784 speciem
729 5714 863 5782 ignis
896 5714 945 5768 in
977 5713 1224 5768 circuitu.
1270 5712 1397 5768 Post
1444 5728 1600 5782 quem
1647 5724 1752 5768 ter-

1847 4637 2042 4691 lumbis
2070 4652 2196 4690 vero
2220 4637 2486 4696 deorsum,
2523 4653 2626 4689 non
2663 4638 2796 4706 ignis
2838 4638 3186 4699 intrinsecus,
3233 4635 3329 4688 sed
3365 4634 3418 4687 in

1845 4728 2072 4783 circuitu
2130 4726 2446 4805 resplendet,
2497 4727 2593 4778 nisi
2639 4728 2780 4794 quod
2833 4736 2956 4778 ante
2996 4725 3416 4778 incarnationem

1845 4818 2102 4887 unigeniti
2159 4816 2510 4883 redemptoris
2567 4817 2733 4868 nostri
2793 4815 2902 4869 sola
2964 4818 3104 4868 intra
3161 4812 3416 4867 seJuuma

1845 4909 2090 4963 ardorem
2141 4906 2344 4960 amoris
2393 4905 2507 4975 ejus
2549 4907 2772 4966 habuit,
2825 4914 2942 4973 post
2990 4903 3414 4956 incarnationem

1848 5015 1975 5054 vero
2011 4999 2151 5054 illius
2176 5000 2227 5053 in
2251 5000 2478 5053 circuitu
2508 4999 2622 5067 ejus
2653 4999 2786 5065 ignis
2819 4993 3162 5064 rcsplendnit,
3207 4993 3332 5061 quia
3362 4992 3415 5044 in

1850 5091 2100 5144 universo
2123 5090 2318 5143 mundo
2355 5090 2602 5158 gentibus
2647 5089 2946 5141 claritatem
2982 5084 3151 5138 sancti
3183 5083 3417 5151 Spiritus

1847 5178 2257 5234 elT:tdit?Prius
2323 5195 2449 5249 ergo
2514 5179 2840 5230 intrinsecus
2910 5176 3045 5245 ignis
3096 5184 3252 5236 erat,
3319 5174 3414 5227 sed

1848 5269 2099 5338 splendor
2145 5284 2250 5323 non
2279 5277 2414 5332 erat,
2471 5270 2595 5336 quia
2625 5268 2855 5336 Spiritus
2895 5274 3111 5320 sanctus
3155 5264 3206 5318 in
3237 5264 3418 5318 multis

1849 5359 2061 5426 quidem
2085 5359 2326 5424 partibus
2360 5356 2594 5410 Judzeam
2629 5357 2882 5424 replebat,
2935 5355 3026 5409 sed
3059 5356 3124 5408 ad
3172 5355 3415 5408 notitiam

1853 5447 2087 5517 gentium
2141 5447 2364 5500 necdum
2398 5447 2511 5514 ejus
2552 5447 2725 5500 lumen
2773 5447 3084 5498 czitirnerat.
3136 5444 3179 5497 Α
3223 5443 3422 5498 lumbis

1854 5551 1980 5589 vero
2016 5534 2130 5602 ejus
2179 5545 2231 5587 et
2287 5536 2533 5589 deorsum
2586 5535 2721 5601 ignis
2781 5536 2828 5586 in
2873 5534 3098 5587 circuitu
3154 5531 3420 5600 splendet.

1856 5629 1988 5694 Quia
2025 5636 2306 5696 pestquam
2340 5629 2404 5682 de
2449 5627 2653 5694 virgine
2681 5641 2896 5680 carnem
2924 5625 3168 5691 sumpsit,
3232 5623 3283 5676 in
3315 5624 3416 5676 hu-

1859 5731 2016 5771 mano
2068 5730 2261 5785 genere
2318 5717 2471 5783 longe
2531 5716 2743 5784 lateque
2779 5712 2948 5769 sancti
2986 5714 3220 5782 Spiritus
3281 5713 3419 5766 dona
