3948 6368
512 401 614 459 ῦ-ιτ

1146 399 1209 454 Β.
1253 397 1503 455 RABANI
1540 397 1760 456 MAURI
1799 397 2116 454 ARCHIEP.
2159 396 2472 456 MOGUNT.
2505 397 2788 457 OPERUM
2828 400 3007 457 PARS
3041 403 3102 458 ll.

3676 409 3776 464 5l8

507 511 770 567 dilatavit.
843 507 912 564 Et
953 508 1247 564 notandum
1294 510 1438 579 quod
1485 509 1626 580 ignis
1669 509 1772 563 iste
1809 523 1841 562 a
1892 507 2093 562 lumbis
2124 518 2166 573 Α
2199 516 2355 562 eente
2382 516 2723 563 revocentur.
2765 509 2975 565 Nubem
3003 513 3147 567 enim
3179 513 3537 585 redemptoris
3560 531 3778 575 carnem

506 603 754 671 superius
778 615 875 670 per
901 600 1186 655 circuitum
1210 613 1330 656 esse
1355 601 1697 666 describitur,
1747 615 1854 654 non
1889 600 2093 654 extrin-

506 704 684 754 secus,
737 688 829 743 sed
858 688 1219 743 intrinsecus:
1259 689 1387 759 quia
1432 689 1640 746 amoris
1679 687 1918 752 ﬂamma,
1954 687 2111 742 sicut-

508 779 709 834 dictum
755 787 880 844 est,
957 778 1013 832 in
1076 779 1265 834 electis
1333 788 1496 849 atque
1560 778 1894 850 spiritalibus
1959 777 2093 832 viris

508 868 704 937 ubique
743 869 796 921 in
839 868 954 923 suis
989 867 1186 923 ﬁnibus
1205 867 1441 923 Judaaam
1470 868 1740 938 replebat,
1769 883 1871 922 nec
1913 876 2088 921 tamen

504 962 685 1015 exibat
721 961 1078 1024 extrinsecus,
1136 961 1262 1031 quia
1301 976 1419 1015 sese
1463 963 1515 1014 in
1565 960 1905 1013 multitudine
1961 973 2090 1029 gen-

504 1050 635 1103 tium
677 1064 785 1104 non
839 1049 1117 1104 dilatabat.
1167 1049 1298 1116 Qua:
1322 1049 1530 1103 ardoris
1566 1046 1782 1102 ﬂamma
1833 1049 1944 1102 visa
1983 1057 2078 1112 est.

500 1139 841 1208 postmodum
874 1139 926 1192 in
957 1141 1188 1194 circuitu
1222 1139 1586 1209 resplendere,
1628 1140 1755 1208 quia
1781 1153 1877 1206 per
1905 1138 2086 1192 mundi

501 1228 750 1282 cardines
792 1228 844 1281 in
892 1229 1159 1284 universis
1227 1228 1478 1298 gentibus
1543 1227 1928 1298 omnipotentis
1991 1226 2085 1280 Dei

501 1319 664 1388 εαξρῆ
726 1335 881 1374 amor
921 1333 1255 1374 excrescerc.
1325 1319 1477 1386 Quod
1531 1329 1712 1375 tamen
1768 1319 1989 1388 intelligi
2029 1328 2084 1374 et

499 1407 661 1464 aliter
679 1417 877 1479 potest.
910 1409 1046 1475 Quia
1097 1410 1404 1480 redemptor
1432 1419 1619 1465 noster
1643 1411 1786 1465 Deus
1812 1417 1867 1464 et
1903 1410 2085 1463 Domi-

499 1514 602 1553 nus
629 1507 812 1553 noster
838 1497 996 1554 Jesus
1047 1497 1316 1563 Christus,
1367 1515 1465 1568 per
1487 1499 1880 1553 humanitatem
1929 1513 2083 1552 suam

499 1587 804 1643 hominibus
832 1581 1084 1652 inuetuit,
1127 1589 1217 1657 qui
1250 1603 1346 1657 per
1367 1588 1704 1642 divinitatem
1738 1604 1893 1644 suam
1922 1597 2082 1643 notus

497 1678 703 1749 angelis
741 1687 798 1732 et
850 1688 974 1732 ante
1023 1679 1449 1754 incarnationem
1502 1678 1622 1734 fuit.
1670 1679 1834 1734 Nobis
1876 1696 2004 1750 ergo
2051 1695 2082 1733 a

497 1767 695 1822 lumbis
733 1767 956 1822 inferius
1003 1769 1305 1838 resplendet
1355 1772 1409 1824 in
1447 1771 1700 1835 circuitu,
1744 1771 1897 1840 cujus
1939 1771 2079 1840 ignis

2195 609 2300 648 non
2343 595 2783 652 inconvenienter
2818 601 3132 669 accipimus.
3170 604 3246 659 De
3275 621 3381 675 qua
3424 621 3520 675 per
3550 606 3778 663 Psalmi-

2193 693 2330 738 stam
2364 685 2563 740 dicitur
2593 702 2609 737 :
2649 705 2669 737 α
2699 687 2800 754 Qui
2828 690 3192 756 ponitnubem
3226 709 3514 750 ascensura
3543 710 3719 750 suum.
3757 719 3774 749 ι

2191 774 2396 830 Nubem
2455 778 2652 848 quippe
2717 794 3006 836 ascensum
3069 799 3224 839 suum
3277 789 3491 858 posuit,
3552 790 3679 859 quia
3739 792 3783 846 is

2189 866 2281 934 qui
2312 881 2408 935 per
2456 869 2791 925 divinitatem
2823 873 3022 943 ubique
3039 885 3158 961 .est,
3209 893 3373 934 carne
3415 881 3483 935 ad
3535 882 3779 936 caelestia

2191 958 2452 1011 ascendit.
2485 959 2713 1030 Expleta
2741 977 2868 1018 vero
2893 958 3050 1020 omni
3075 971 3298 1038 mystica
3325 972 3532 1028 visione
3558 975 3782 1044 subjun-

2189 1047 2492 1115 gituruilic
2509 1059 2625 1103 erat
2646 1064 2897 1121 aspectus
2914 1055 3214 1124 splendoris
3239 1075 3332 1129 per
3355 1077 3566 1132 gyrum,
3589 1076 3643 1118 et
3668 1067 3783 1120 lucc

2193 1137 2324 1192 visro
2346 1139 2713 1196 similitudinis
2741 1142 2924 1214 gloria:
2953 1146 3098 1200 Dei.»
3117 1149 3251 1214 Quid
3275 1152 3418 1204 enim
3447 1153 3499 1205 in
3529 1155 3783 1208 universo

2188 1226 2388 1280 mundo
2435 1231 2609 1282 ‘sancti
2645 1229 2879 1299 Spiritus
2925 1236 3099 1304 gratia
3143 1248 3286 1307 agat,
3331 1240 3618 1310 aspiciens,
3669 1243 3777 1297 ait:

2193 1332 2211 1364 ι
2242 1315 2339 1369 l-lie
2363 1325 2479 1371 erat
2497 1316 3072 1391 aspectus‘splendoris
3093 1343 3189 1395 per
3212 1345 3421 1399 gyrum.
3459 1350 3476 1382 ι
3507 1331 3638 1398 Qua:
3655 1347 3782 1387 vero

2186 1404 2412 1459 interius
2431 1406 2671 1475 ejusdem
2699 1411 2870 1465 sancti
2891 1410 3125 1480 Spiritus
3149 1416 3316 1485 gloria
3340 1429 3575 1486 maneat,
3602 1425 3783 1476 consi-

2186 1494 2376 1548 derare
2403 1495 2608 1561 volens,
2637 1499 2730 1552 sed
2753 1500 2892 1554 sicut
2911 1512 3031 1556 erat
3060 1520 3166 1558 non
3190 1507 3392 1572 valens,
3416 1508 3709 1578 adjungitu
3726 1511 3788 1563 l-It

2184 1584 2300 1638 haec
2329 1585 2465 1638 visio
2496 1586 2863 1644 similitudinis
2884 1591 3067 1660 gloria:
3102 1593 3344 1660 Domini;
3365 1600 3658 1654 inonenim
3682 1600 3778 1662 ait,

2188 1673 2336 1728 Visio
2363 1673 2569 1744 gloriaa,
2597 1678 2688 1730 sed
2715 1679 3083 1736 similitudinis
3113 1682 3294 1753 gloriae
3325 1685 3554 1740 Domini.
3599 1687 3666 1742 Ut
3703 1690 3782 1741 vi-

2184 1762 2382 1817 delicet
2397 1766 2712 1820 ostendatur
2737 1769 2881 1835 quia,
2893 1771 3227 1838 quantalibet
3242 1789 3299 1828 se
3317 1775 3614 1831 intentione
3630 1792 3782 1831 meus

497 1858 821 1914 intrinsecus
869 1874 900 1913 a
940 1859 1136 1914 lumbis
1169 1861 1418 1929 superius
1459 1861 1612 1915 ardet
1643 1862 1694 1915 in
1738 1861 1896 1916 coelo.
1945 1861 2079 1928 Quia
2111 1852 2155 1910 Β
2185 1853 2416 1909 humana
2449 1859 2758 1922 tetenderit,
2787 1861 2995 1916 etiamsi
3017 1861 3128 1930 jam
3151 1866 3462 1932 phantasias
3485 1868 3779 1938 imaginum

497 1951 570 2006 illi
620 1951 866 2007 caelestes
920 1952 1141 2021 spiritus
1173 1967 1294 2006 cum
1354 1952 1406 2006 in
1461 1952 1744 2008 divinitate
1792 1967 1887 2007 sua
1946 1968 2078 2008 eon-

497 2042 754 2112 spieiunt,
784 2050 838 2096 et
867 2043 1069 2097 amoris
1089 2042 1204 2112 ejus
1233 2044 1351 2112 igne
1377 2043 1762 2098 accenduntur.
1796 2043 1904 2098 Nos
1928 2059 2078 2110 vero,

494 2132 588 2202 qui
615 2138 758 2188 hunc
785 2147 852 2186 ex
881 2141 1156 2202 assumpta
1185 2132 1523 2187 humanitate
1562 2131 1856 2204 diligimus,
1906 2133 2083 2187 adhuc

497 2224 552 2278 in
608 2225 710 2279 hac
756 2225 1094 2296 corruptibili
1144 2227 1251 2280 vita
1316 2226 1478 2296 positi
1540 2227 1881 2296 splendorem
1944 2226 2084 2296 ignis

499 2313 645 2369 illius
692 2311 824 2368 foris
854 2314 1136 2370 habemus.
1193 2315 1341 2369 Unus
1377 2315 1557 2384 itaque
1588 2316 1688 2370 sub
1734 2315 1927 2369 throno
1976 2322 2079 2377 est,

495 2403 588 2474 qui
634 2412 690 2460 et
731 2420 892 2475 super
939 2405 1150 2461 lumbos
1197 2407 1377 2476 ignem
1439 2406 1769 2460 intrinsecus
1813 2407 1978 2460 habet
2028 2405 2080 2458 in

496 2496 723 2564 angelis,
768 2505 824 2551 et
866 2497 964 2552 sub
990 2496 1190 2552 lumbis
1232 2498 1407 2568 ignem
1440 2498 1493 2552 in
1547 2498 1776 2552 circuitu
1826 2498 1987 2552 habet
2028 2498 2081 2552 in

497 2584 840 2640 hominibus:
891 2586 1020 2655 quia
1051 2586 1103 2640 in
1135 2601 1296 2640 omne
1338 2587 1481 2655 quod
1508 2588 1575 2641 ab
1611 2587 1816 2658 angelis
1845 2598 2078 2651 amatur,

498 2690 597 2745 per
634 2690 793 2729 omne
817 2676 958 2744 quod
986 2676 1054 2728 ab
1085 2675 1395 2732 hominibus
1423 2677 1774 2741 desideratur,
1811 2692 1951 2732 unus
1977 2685 2085 2754 est,

495 2765 583 2834 qui
609 2765 662 2818 in
713 2765 965 2820 cordibus
994 2766 1147 2820 ardet
1180 2766 1498 2819 amantium.
1557 2784 1575 2816 ι
1615 2766 1773 2820 Velut
1806 2776 2078 2836 aspectus,

496 2857 686 2926 inquit,
741 2872 899 2911 arcus
948 2871 1070 2910 cum
1110 2855 1274 2910 fuerit
1305 2857 1355 2910 in
1388 2857 1532 2911 nube
1581 2858 1636 2911 in
1682 2856 1768 2912 die
1801 2857 2015 2927 pluvize.
2058 2877 2077 2910 ι

492 2947 693 3002 Arcum
735 2948 1075 3017 omnipotens
1132 2948 1274 3001 Deus
1323 2947 1466 3001 inter
1521 2962 1579 3002 se
1625 2956 1677 3002 et
1731 2949 1976 3003 homines
2028 2949 2082 3002 in

498 3037 652 3105 signo
683 3037 881 3104 posuit,
926 3047 987 3090 ut
1013 3037 1155 3089 ultra
1193 3037 1450 3091 mundum
1487 3037 1688 3092 diluvio
1725 3053 1832 3092 non
1878 3038 2084 3094 deleret

496 3128 720 3184 dicens:
765 3147 781 3178 ι
814 3127 1012 3182 Ponam
1046 3144 1233 3182 areum
1287 3143 1465 3182 meum
1508 3129 1562 3182 in
1596 3129 1849 3193 nubibus,
1881 3138 1933 3183 ct
1980 3130 2084 3186 erit

2185 1945 2546 2012 corporalium
2584 1964 2612 1999 a
2649 1950 2975 2018 cogitatione
3001 1962 3328 2021 compescat,
3368 1956 3412 2009 si
3441 1955 3556 2022 jam
3586 1974 3779 2011 omnes

2185 2033 2622 2103 eireumscriptos
2664 2038 2887 2106 spiritus
2939 2041 3004 2092 ab
3033 2042 3204 2096 oculis
3255 2043 3436 2097 cordis
3487 2049 3777 2110 amaverit,

2183 2123 2358 2177 adhuc
2409 2133 2589 2179 tamen
2622 2127 2674 2178 in
2707 2143 2871 2181 carne
2925 2129 3135 2184 mortali
3191 2133 3384 2200 posita,
3437 2135 3620 2189 videre
3666 2137 3776 2204 glo-

2188 2211 2322 2266 riam
2357 2213 2450 2268 Dei
2500 2230 2605 2269 non
2654 2216 2798 2270 valet
2827 2219 2969 2274 sicut
3001 2229 3105 2286 est,
3152 2224 3246 2276 sed
3277 2224 3535 2294 quidquid
3572 2227 3639 2280 de
3688 2229 3777 2281 illa

2184 2310 2289 2366 est,
2333 2303 2477 2372 quod
2527 2306 2580 2357 in
2613 2317 2790 2362 mente
2851 2309 3171 2378 resplendet,
3221 2312 3537 2379 similitudo,
3581 2325 3637 2368 et
3667 2332 3776 2371 non

2187 2391 2299 2460 ipsa
2349 2401 2452 2447 est.
2508 2393 2662 2449 Unde
2703 2406 2759 2449 et
2786 2396 2873 2450 ille
2929 2400 3284 2468 prmdicator,
3333 2403 3424 2471 qui
3471 2414 3660 2474 raptus
3709 2409 3776 2460 ad

2186 2482 2404 2535 tertium
2426 2482 2621 2537 cwlum
2650 2483 2842 2548 fuerat,
2896 2489 3143 2543 dicebat:
3180 2509 3198 2541 ι
3229 2492 3481 2547 Videmus
3508 2511 3649 2549 nunc
3678 2512 3778 2566 per

2183 2572 2460 2639 speculum
2515 2576 2658 2629 etin
2707 2578 2994 2647 zenigmatc
3020 2579 3070 2650 (1
3106 2578 3230 2634 Cor.
3292 2584 3435 2654 xm).
3493 2605 3511 2636 ι
3566 2586 3682 2652 Qua
3723 2587 3775 2640 in

2184 2676 2244 2716 re
2278 2679 2383 2716 non
2420 2665 2763 2733 desp‘cienda
2795 2670 2950 2724 nobis
2997 2673 3224 2740 qumstio
3254 2676 3448 2738 oritur,
3498 2680 3773 2746 quomodo

2181 2749 2414 2808 Joannes
2441 2756 2786 2826 evangelista,
2815 2773 2936 2812 cum
2967 2775 3095 2831 erga
3125 2763 3382 2817 miracula
3401 2763 3776 2836 Redemptoris

2183 2848 2356 2901 nostri
2392 2847 2696 2904 Iuda-orum
2730 2851 3010 2920 perﬁdiam
3039 2855 3202 2908 etiam
3237 2870 3302 2908 ex
3331 2857 3510 2911 verbis
3537 2859 3776 2927 prophe-

2185 2938 2305 2993 ticis
2327 2939 2723 3010 descripsisset,
2748 2944 2986 3014 adjangit
3003 2945 3188 3000 dicens
3212 2963 3224 2999 ε
3264 2965 3282 2996 ι
3305 2945 3430 3002 Haec
3451 2948 3581 3002 dicit
3603 2949 3777 3004 Isaias

2182 3028 2400 3096 quando
2424 3030 2556 3102 vidit
2576 3031 2800 3100 gloriam
2823 3032 3032 3102 ejus,et
3053 3034 3262 3090 locutus
3288 3046 3370 3090 est
3397 3036 3466 3090 de
3491 3052 3556 3092 eo
3586 3036 3772 3108 (Jour.

2183 3121 2306 3193 xu).
2356 3141 2373 3174 ι
2404 3122 2470 3175 Et
2499 3123 2545 3177 si
2577 3123 2819 3179 Ezechiel
2848 3141 2952 3180 non
2982 3126 3229 3197 gloriam,
3253 3130 3344 3182 sed
3372 3129 3555 3198 gloria:
3580 3131 3775 3184 simili-

501 3217 713 3288 signmn
750 3215 971 3272 [ameris
1013 3217 1153 3270 inter
1197 3233 1282 3271 me
1315 3227 1370 3272 οι
1411 3217 1552 3271 inter
1584 3229 1804 3272 mnam,
1838 3218 2081 3287 Cumque
2109 3194 2152 3255 Ο
2189 3211 2426 3265 tudinem
2452 3212 2604 3277 vidit,
2637 3215 2764 3283 quid
2787 3225 2872 3270 est
2900 3219 3042 3287 quod
3072 3219 3174 3272 iste
3203 3219 3616 3274 similitudinem
3655 3221 3770 3292 glo-

494 3309 774 3363 obduxero
819 3308 1050 3362 nubibus
1099 3307 1331 3373 cmlum,
1384 3309 1662 3378 apparebit
1712 3324 1871 3363 arcus
1927 3325 2082 3364 meus

499 3398 553 3453 in
613 3399 877 3462 nubibus,
919 3409 973 3453 et
1009 3399 1335 3462 recordabor
1387 3398 1607 3453 hederis
1656 3400 1760 3452 mei
1805 3400 2080 3454 vobiscum

495 3488 648 3561 (Gen.
678 3488 775 3559 ix).
805 3489 955 3544 Unde
979 3499 1034 3544 et
1054 3491 1106 3544 in
1137 3505 1264 3544 arcu
1291 3489 1477 3545 eodem
1504 3490 1652 3545 color
1682 3506 1833 3559 aqua:
1861 3501 1914 3546 et
1941 3493 2080 3564 ignis

495 3581 654 3636 simul
682 3581 1007 3646 ostenditur,
1049 3584 1174 3652 quia
1215 3597 1280 3637 ex
1305 3592 1456 3653 parte
1480 3585 1879 3648 estcoeruleus,
1931 3594 1985 3640 et
2011 3602 2076 3640 ex

491 3683 647 3745 parte
672 3673 1046 3737 rubicundus;
1095 3682 1155 3727 ut
1203 3675 1488 3743 utriusque
1538 3673 1727 3742 judieii
1775 3676 1928 3729 testis
1982 3677 2072 3740 sit,

491 3765 650 3820 unius
673 3765 924 3820 videlicet
949 3765 1201 3831 faciendi,
1244 3774 1300 3820 et
1342 3767 1568 3821 alterius
1610 3767 1760 3833 facti,
1818 3770 1913 3824 sed
1959 3770 2071 3838 jam

491 3872 595 3910 non
624 3857 848 3911 ulterius
875 3856 1126 3912 faciendi.
1179 3857 1316 3923 Quia
1345 3859 1576 3913 mundus
1615 3861 1832 3929 quidem
1883 3859 2070 3928 judicii

489 3948 609 4018 igne
643 3947 994 4012 cremabitur,
1046 3949 1141 4002 sed
1173 3963 1312 4016 aqua
1339 3946 1452 4017 jam
1481 3949 1668 4002 diluvii
1715 3966 1820 4003 non
1870 3951 2074 4006 delebi-

487 4044 593 4090 tur.
635 4035 773 4102 Quid
825 4045 906 4090 est
944 4047 1147 4100 autem,
1205 4037 1350 4106 quod
1397 4037 1764 4106 splendentem
1811 4040 1990 4108 ignem
2039 4056 2069 4094 a

489 4124 682 4178 lumbis
737 4125 968 4180 hominis
1010 4126 1203 4180 throno
1256 4127 1609 4196 prasidentis,
1641 4128 1781 4182 sicut
1822 4138 2072 4198 aspectus

489 4228 650 4267 arcus
679 4230 802 4268 cum
830 4213 993 4269 fuerit
1042 4216 1094 4268 in
1138 4216 1279 4270 nube
1337 4217 1389 4269 in
1438 4215 1526 4272 die
1568 4218 1759 4286 pluvire
1806 4223 2070 4290 propheta

486 4305 810 4375 conspexit?
852 4306 988 4372 Quia
1019 4307 1162 4360 enim
1195 4323 1290 4376 per
1333 4309 1528 4378 ignem.
1561 4310 1700 4364 sicut
1727 4311 1926 4364 dictum
1963 4321 2067 4375 et,

488 4395 651 4450 ardor
684 4397 856 4450 sancti
890 4394 1123 4465 Spiritus
1152 4397 1485 4466 designatur,
1514 4414 1634 4468 quae
1663 4401 1958 4455 similitudo
1984 4411 2069 4456 est

485 4503 646 4543 arcus
675 4497 728 4542 et
753 4488 975 4557 spiritus
1004 4497 1062 4542 ut
1096 4489 1253 4559 ignis,
1305 4491 1396 4558 qui
1427 4492 1695 4561 apparuit,
1729 4493 1885 4561 quasi
1912 4509 2068 4563 aspc-

484 4585 604 4631 ctus
633 4591 793 4631 arcus
840 4577 1158 4646 apparuisse
1196 4577 1490 4643 diceretur,
1533 4579 1628 4633 sed
1665 4580 1710 4634 si
1738 4581 1859 4650 ipsi,
1903 4597 2064 4650 quam

484 4664 848 4735 przediximus,
866 4665 1058 4719 visioni
1077 4682 1235 4719 arcus
1258 4665 1606 4730 intendimus,
1624 4668 1894 4735 quomodo
1909 4685 2069 4725 arcus

483 4752 752 4821 significat
799 4751 1071 4822 spiritum,
1126 4754 1386 4808 videmus.
1437 4754 1492 4808 ln
1517 4770 1644 4809 arcu
1682 4756 1901 4826 quippe,
1927 4759 2069 4813 sicut

483 4839 740 4910 praefatus
769 4857 910 4905 sum,
945 4858 1078 4910 aqua
1109 4854 1162 4896 et
1195 4843 1332 4912 ignis
1357 4855 1599 4913 apparet,
1628 4854 1681 4899 et
1711 4858 1829 4915 post
1857 4848 2062 4902 media-

489 4930 622 4982 toris
649 4931 934 4984 adventum
965 4947 1030 4984 eo
1071 4932 1243 4985 virtus
1279 4933 1454 4987 sancti
1482 4933 1714 5002 Spiritus
1744 4937 1794 4988 in
1831 4938 2063 4992 humano

485 5035 680 5088 genere
717 5020 930 5084 claruit,
979 5037 1084 5091 quo
1113 5022 1313 5077 electos
1347 5024 1437 5078 Dei
1461 5033 1514 5077 et
1539 5041 1676 5094 aqua
1729 5028 2067 5095 baptismatis

485 5111 614 5164 lavit
655 5121 709 5165 ct
755 5113 894 5182 ignis
942 5115 1107 5167 divini
1145 5117 1346 5169 amoris
1390 5117 1649 5172 incendit.
1703 5117 1866 5183 Quasi
1916 5120 2061 5172 enim

485 5203 722 5256 admixto
751 5203 928 5256 colore
958 5219 1109 5271 aqum
1139 5205 1299 5259 simul
1325 5216 1377 5258 et
1415 5207 1552 5276 ignis
1578 5208 1793 5276 quidam
1826 5224 1984 5264 arcus
2006 5209 2057 5263 in

465 5277 625 5347 'nube
661 5295 725 5347 ad
757 5299 1190 5365 propitiatiuuem
1234 5299 1467 5366 ponitur,
1503 5315 1624 5353 cum
1657 5299 1864 5354 Veritas
1886 5302 2053 5355 dicit:

491 5404 507 5435 ι
542 5385 651 5437 Nisi
675 5388 797 5454 quis
826 5398 1041 5440 renatus
1071 5387 1232 5441 fuerit
1255 5405 1318 5443 ex
1349 5405 1486 5457 aqua
1517 5401 1570 5444 et
1601 5391 1802 5460 Spiritu
1845 5404 2051 5454 sancto,

486 5492 589 5529 non
642 5487 815 5544 potest
869 5480 1050 5534 videre
1097 5496 1314 5552 regnum
1345 5482 1436 5535 Dei
1485 5482 1685 5552 (Joau.
1719 5485 1828 5555 Ill).
1873 5506 1889 5538 ι
1955 5486 2055 5552 Qui

487 5580 644 5617 arcus
689 5566 739 5618 in
788 5568 927 5621 nube
953 5578 1033 5621 est
1067 5569 1118 5622 in
1143 5571 1231 5623 die
1261 5570 1452 5638 pluviae
1479 5587 1491 5633 ;
1521 5573 1644 5639 quia
1700 5574 1750 5626 in
1783 5575 2055 5628 Dmniniea

489 5654 858 5732 incarnatione
887 5669 940 5710 et
988 5659 1038 5710 in
1083 5659 1338 5712 cilusione
1387 5662 1780 5728 pra‘dirationis
1826 5666 2060 5718 ostendi-

494 5753 594 5806 tur,
653 5758 707 5814 ut
735 5749 800 5801 ad
831 5750 1037 5803 veniam
1087 5751 1245 5805 corda
1294 5753 1624 5806 credentium
1675 5754 1896 5808 Dou'iino
1942 5772 2061 5824 par-

2188 3302 2302 3367 τίω,
2329 3311 2384 3357 et
2400 3303 2486 3356 ille
2510 3303 2733 3371 gloriam
2751 3306 2945 3362 vidisse
2969 3309 3324 3364 describitur?
3349 3309 3456 3365 Sed
3473 3327 3595 3365 eum
3611 3310 3776 3367 Joan-

2186 3408 2281 3447 nes
2304 3395 2631 3464 evangelista
2661 3397 2810 3465 prius
2859 3400 3116 3454 miracula
3154 3401 3530 3470 Redemptoris
3593 3407 3769 3458 nostri

2184 3487 2440 3550 narravit,
2491 3498 2653 3556 atque
2683 3489 3057 3548 infidelitatem
3081 3495 3423 3564 postmodum
3453 3495 3769 3551 Judmorum

2183 3576 2438 3637 subdidit,
2471 3580 2610 3633 hanc
2640 3578 2882 3647 ejusdem
2905 3581 3281 3652 Redemptoris
3312 3586 3479 3638 nostri
3513 3585 3767 3655 gloriam,

2181 3679 2300 3731 qua:
2332 3665 2384 3718 in
2424 3667 2623 3721 mumlo
2668 3671 2935 3738 apparuit,
2962 3670 3154 3725 Isaiam
3200 3673 3401 3728 vidisse
3431 3673 3769 3729 manifestat.

2181 3753 2351 3808 Omne
2393 3755 2537 3808 enim
2573 3758 2716 3824 quod
2749 3759 2802 3810 in
2836 3767 2980 3814 terra
3026 3761 3221 3814 mirum
3265 3762 3526 3816 divinitus
3561 3765 3766 3832 agitur,

2179 3843 2346 3912 gloria
2373 3845 2756 3913 omnipotentis
2786 3848 2878 3901 Dei
2903 3857 3005 3912 est,
3023 3856 3076 3902 et
3102 3847 3217 3916 ejus
3237 3849 3405 3919 gloria
3439 3851 3768 3906 inomnibus

2179 3932 2336 3987 factis
2359 3935 2589 3988 videtur.
2613 3936 2780 3990 ls.:ias
2802 3952 2930 4005 ergo
2955 3936 3070 4006 ejus
3097 3938 3322 4008 gloriam
3350 3941 3400 3992 in
3430 3949 3571 3992 terra
3607 3941 3765 3994 vidit:

2177 4023 2423 4076 Ezechiel
2458 4039 2586 4078 vero
2613 4022 2726 4090 ejus
2765 4026 3072 4096 gloriam'in
3095 4029 3233 4084 caelo
3274 4030 3419 4082 sicut
3447 4040 3532 4084 est
3576 4031 3768 4086 videre

2178 4127 2284 4165 non
2335 4114 2526 4182 potuit.
2585 4115 2716 4180 Qua
2743 4118 2899 4172 aliter
2947 4128 3030 4173 est
3065 4120 3292 4188 gloriam
3341 4120 3457 4188 ejus
3490 4123 3543 4174 in
3598 4124 3766 4178 rebus

2175 4200 2331 4255 factis
2363 4211 2522 4271 atque
2549 4206 2705 4259 aliter
2759 4208 2810 4260 in
2864 4210 3154 4278 semetipso
3201 4211 3405 4266 videre.
3457 4211 3585 4268 Ilzee
3631 4230 3766 4284 ergo

2175 4292 2291 4361 ejus
2338 4292 2529 4361 gloria,
2580 4309 2699 4363 qua:
2751 4297 2802 4350 in
2860 4300 3020 4353 rebus
3066 4308 3171 4367 est,
3197 4299 3364 4354 videri
3420 4312 3620 4370 potest.
3675 4304 3766 4357 Illa

2171 4401 2317 4447 vero,
2350 4401 2469 4454 qua:
2504 4387 2554 4440 in
2586 4387 2700 4456 ipso
2729 4401 2832 4452 est,
2869 4391 3036 4444 videri
3062 4392 3218 4445 modo
3249 4392 3348 4446 nisi
3379 4408 3477 4462 per
3502 4395 3765 4449 similitu-

2174 4478 2350 4530 dinem
2378 4494 2480 4530 non
2517 4488 2682 4546 potes:
2705 4482 2828 4535 :sed
2850 4482 2894 4534 si
2923 4482 3166 4536 eamdem
3197 4483 3608 4541 similitudinem
3643 4488 3764 4558 glo—

2174 4567 2267 4621 rite
2299 4568 2379 4621 vel
2406 4569 2712 4624 sublevatus
2738 4571 2996 4642 propheta
3022 4583 3241 4642 portare
3285 4577 3544 4645 potuerit,
3591 4594 3765 4650 agno-

2175 4670 2414 4710 scamus.

2802 4750 3026 4807 CAPUT
3064 4751 3127 4806 ll.

2170 4836 2401 4891 Mittitur
2423 4839 2671 4906 prouhcta
2697 4842 2765 4893 ad
2800 4843 3145 4898 revocandum
3166 4860 3417 4913 popinam
3447 4847 3511 4897 ab
3558 4850 3764 4901 errori-

2834 4931 2928 4985 bus
2951 4934 3083 4986 suis.

2247 5056 2264 5089 ι
2294 5039 2734 5094 Etvidietcecidi
2767 5043 2818 5094 in
2843 5041 3037 5096 faciem
3059 5059 3254 5098 meam.
3281 5065 3298 5096 ι
3330 5044 3606 5117 (IIicron.)
3645 5048 3765 5102 Non

2166 5139 2248 5184 est
2270 5130 2442 5184 elatus
2467 5132 2732 5186 visionum
2759 5134 3146 5202 magnitudine,
3173 5135 3264 5189 sed
3285 5137 3622 5190 conscientia
3647 5139 3763 5191 fra-

2163 5223 2386 5290 gilitatis
2429 5225 2676 5276 humana:
2720 5226 2947 5292 procidit
2989 5226 3039 5278 iu
3084 5225 3275 5279 faciem
3304 5242 3478 5280 suam.
3513 5226 3678 5284 Unde
3712 5239 3767 5282 et

2164 5312 2358 5366 Paulus
2403 5316 2674 5382 apostolus
2713 5326 2830 5383 post
2870 5318 3240 5369 ascensionem
3281 5319 3402 5372 caeli
3431 5327 3485 5371 et
3510 5323 3759 5387 paradisi

2165 5412 2216 5454 et
2266 5404 2593 5458 auditionem
2638 5408 2924 5459 verborum
2976 5408 3354 5471 ineflahilinm,
3416 5410 3604 5464 datum
3656 5412 3762 5466 sibi

2166 5493 2292 5544 dicit
2323 5494 2568 5562 angelum
2603 5494 2832 5557 Satanze,
2882 5498 2971 5562 qui
2999 5512 3056 5549 se
3085 5498 3446 5566 colaphizarct
3476 5515 3542 5552 ue
3576 5502 3762 5554 extol-

2167 5582 2367 5633 lcretur
2403 5581 2454 5650 (I
2489 5581 2611 5634 Cor.
2661 5584 2788 5652 xu);
2833 5594 2887 5636 et
2923 5585 3195 5638 Abraham
3245 5587 3438 5639 cecidit
3471 5586 3526 5640 in
3560 5589 3760 5642 faciem

2168 5681 2446 5738 postquam
2502 5673 2705 5726 audivit
2761 5688 3042 5728 sermones
3095 5675 3204 5727 Dei.
3248 5676 3313 5728 Et
3355 5686 3562 5734 tamen.
3632 5678 3760 5745 quia

2167 5777 2271 5814 non
2332 5773 2570 5830 peccato,
2619 5764 2710 5816 sed
2760 5763 3059 5817 humilitate
3097 5776 3393 5830 corruerat.
3442 5783 3473 5820 δ
3525 5769 3759 5822 Domino
