3948 6378
225 432 336 490 549

1139 433 1487 489 COMMENT.
1530 433 1594 489 IN
1627 433 2087 514 .EZECIIIELEM.
2127 465 2196 475 —
2234 435 2360 490 LIB.
2398 435 2482 491 IIl.

3367 439 3473 496 550

222 545 561 607 sublevatur,
599 551 652 598 et
678 544 835 598 verba
875 544 990 614 ejus
1017 539 1204 599 audire
1224 545 1458 614 iubetur.
1513 544 1798 600 Sciendum
1832 553 1874 607 Α
1903 560 2065 614 opera
2097 545 2280 599 conari
2331 547 2544 615 quidem
2600 561 2902 617 possrnins,
2954 535 3212 603 sed‘bzec
3249 547 3472 618 implere

226 648 444 704 quoque
469 633 611 702 quod
634 632 777 686 aliud
800 632 870 686 sit
894 633 948 686 in
977 630 1169 688 faciem
1189 635 1405 698 cadere,
1423 634 1563 687 aliud
1589 643 1800 687 retror-

226 740 374 782 sum.
434 724 706 779 Abraham
765 733 1049 794 postquam
1117 727 1324 780 audivit
1389 727 1454 781 de
1519 727 1798 780 nativitate

227 815 381 869 Isaac
406 854 422 877 ,
475 814 689 883 cecidit
711 814 762 868 in
807 813 1000 877 faciem
1041 824 1097 869 et
1118 815 1235 869 risit
1261 813 1414 886 (Gen.
1453 831 1518 868 xv
1539 826 1585 868 et
1610 817 1794 887 xviii).

228 903 350 958 Heli
373 906 678 974 autem,qui
707 914 1042 974 peccaverat,
1061 917 1356 962 retrorsum
1384 908 1576 963 cecidit
1601 909 1648 980 (Ι
1669 907 1796 979 Reg.

229 995 294 1061 ιι)
322 1011 339 1057 ;
394 995 540 1048 etde
569 994 682 1048 Dan
716 995 768 1048 in
797 993 990 1050 Genesi
1020 998 1281 1066 scriptum
1311 1007 1429 1053 est:
1469 1019 1486 1050 ι
1522 999 1639 1054 Fiat
1689 1000 1800 1054 Dan

226 1083 454 1138 coluber
488 1083 541 1136 in
568 1085 777 1150 semita,
825 1085 1077 1140 mordens
1111 1086 1346 1155 plantam
1375 1079 1520 1157 equi},
1560 1097 1612 1142 et
1649 1092 1804 1144 cadet

226 1189 398 1241 eques
449 1183 763 1238 retrorsum,
812 1176 1039 1230 salutem
1083 1186 1400 1248 exspectans
1444 1179 1558 1233 Dei.
1595 1199 1611 1230 ι
1648 1178 1799 1251 (Gen.

228 1265 407 1334 χιιι).
439 1265 572 1332 Quia
612 1265 753 1318 enim
784 1265 851 1318 ad
893 1281 1131 1320 morsum
1169 1267 1374 1322 colubri
1421 1269 1689 1324 ceciderat
1737 1285 1801 1323 ex

225 1370 392 1422 equo,
429 1359 710 1422 propterea
741 1353 1034 1409 Saivatoris
1063 1365 1340 1426 exspectat
1377 1357 1685 1412 adventum.
1741 1360 1804 1413 Et

230 1443 286 1496 in
328 1443 612 1513 Evangelio
640 1445 931 1498 secundum
984 1442 1267 1510 Joannem,
1313 1445 1403 1514 qui
1441 1447 1507 1500 ad
1561 1462 1806 1516 compre-

227 1533 574 1588 hendendum
626 1543 888 1588 venerant
915 1534 1224 1601 Dominum,
1276 1545 1561 1606 postquam
1589 1538 1678 1598 ille
1719 1555 1802 1593 re—

226 1622 484 1691 spondit:
527 1641 544 1673 ι
579 1623 1211 1694 Ego-suin,ieeciderunt
1283 1633 1576 1682 retrorsum
1600 1630 1652 1682 in
1702 1636 1810 1684 ter-

227 1729 351 1767 ram
384 1711 565 1784 (Joun.
600 1715 752 1784 xvm)
780 1730 794 1778 ;
826 1730 1132 1770 sermonem
1164 1715 1303 1784 ejus,
1332 1718 1422 1786 qui
1461 1717 1627 1789 Moysi
1659 1720 1809 1774 dixe-

225 1811 339 1866 rat,
379 1821 395 1852 ι
429 1800 591 1866 Vade,
623 1795 710 1857 dic
754 1802 877 1858 filiis
917 1803 1122 1858 Israel:
1154 1805 1255 1871 Qui
1294 1814 1396 1875 est,
1423 1806 1572 1861 misit
1618 1822 1702 1861 me
1743 1810 1808 1862 ad

1900 651 2005 690 non
2035 650 2340 703 possumus,
2388 637 2434 691 si
2462 638 2573 707 ipse
2620 653 2725 692 non
2757 638 2991 707 adjuvat,
3041 639 3133 709 qui
3155 637 3328 706 jubet.
3381 639 3474 696 Sic

1899 725 2096 780 Paulus
2137 741 2257 779 cum
2305 727 2590 798 discipulos
2630 729 2961 794 admoneret,
3000 729 3227 784 dicens:
3279 747 3297 781 ι
3336 729 3471 803 Cum

1901 823 2044 868 metu
2122 824 2176 870 et
2258 824 2489 872 tremore
2557 831 2788 875 vestram
2879 819 3099 874 salutem
3174 819 3472 890 Operamini

1903 903 2134 975 (Philip.
2154 923 2197 970 ,ιι
2227 907 2270 978 ),
2323 927 2340 960 ι
2372 908 2514 963 illico
2545 910 2665 977 quis
2691 909 2743 963 in
2770 910 2848 965 eis
2876 911 2990 965 lucc
3021 912 3133 980 ipsa
3165 912 3303 966 bona
3353 926 3485 981 ope-

1902 1004 2114 1048 raretur
2165 989 2422 1067 adjunxit,
2471 999 2696 1054 dicens:
2764 1017 2782 1050 ‹
2832 1001 2972 1056 Deus
3015 1010 3094 1057 est
3138 1002 3323 1063 enim,
3379 1001 3473 1070 qui
3557 1039 3560 1042 ~

1901 1094 2154 1153 operatur
2203 1086 2254 1139 in
2309 1088 2465 1143 vobis
2517 1097 2572 1143 et
2620 1088 2753 1144 velle
2779 1097 2832 1144 et
2879 1091 3136 1159 perﬁcere
3189 1107 3288 1161 pro
3332 1091 3471 1146 bona

1909 1173 2176 1228 voluntate
2200 1174 2410 1246 (Ibid.).
2445 1197 2462 1229 ι
2499 1178 2636 1232 Hine
2661 1189 2745 1234 est
2766 1177 2907 1248 quod
2935 1181 3050 1250 ipsa
3075 1181 3287 1237 Veritas
3309 1183 3472 1244 disci-

1905 1262 2041 1330 pulis
2071 1263 2236 1316 dicit:
2291 1283 2310 1315 ι
2343 1265 2469 1319 Sine
2516 1281 2602 1320 me
2627 1267 2763 1321 nihil
2809 1269 3034 1338 potestis
3082 1268 3260 1324 facere
3282 1268 3465 1340 (Joam

1904 1357 2014 1422 xv).
2056 1372 2074 1402 ι
2112 1351 2216 1407 Sed
2242 1353 2294 1406 in
2329 1354 2411 1421 bis
2453 1339 2897 1411 considerandum
2940 1365 3044 1422 est,
3095 1357 3221 1427 quia
3243 1339 3299 1412 si
3332 1357 3472 1412 bona

1905 1451 2087 1515 nostra
2118 1444 2198 1498 sic
2237 1439 2618 1515 omnipotentis
2648 1446 2742 1518 Dei
2776 1447 2914 1502 dona
2935 1438 3078 1512 sunt,
3107 1455 3166 1501 ut
3199 1447 3360 1503 ineis
3385 1447 3483 1502 ali-

1905 1531 2033 1601 quid
2057 1542 2299 1588 nostrum
2324 1548 2432 1587 non
2453 1534 2546 1598 sit,
2574 1549 2671 1589 cur
2688 1549 2788 1589 nos
2809 1535 2960 1604 quasi
2980 1550 3078 1605 pro
3099 1535 3306 1590 meritis
3325 1546 3484 1590 teter-—

1907 1643 2029 1683 nam
2067 1625 2472 1682 retributionem
2506 1623 2840 1694 quaerimus?
2875 1623 2933 1679 Si
2965 1632 3140 1680 autem
3179 1625 3252 1679 ita
3294 1635 3480 1681 nostra

1909 1727 2055 1782 sunt,
2097 1725 2155 1771 ut
2181 1717 2318 1772 dona
2343 1715 2437 1770 Dei
2467 1715 2850 1785 omnipotentis
2879 1730 2986 1771 non
3015 1715 3121 1779 sint
3145 1733 3158 1781 ;
3191 1731 3287 1769 cur
3314 1729 3380 1768 ex
3403 1714 3481 1768 eis

1909 1808 2264 1879 omnipotenti
2330 1807 2440 1862 Deo
2490 1807 2694 1875 gratias
2743 1806 2994 1876 agimus?
3046 1805 3153 1861 Sed
3202 1806 3478 1860 sciendum

223 1909 328 1948 vos
356 1893 551 1964 (Exod.
577 1893 681 1962 Ill),
714 1893 975 1948 imiuime
1001 1895 1583 1959 sustinentes.cEtvidi,
1611 1897 1804 1966 inquit,
1839 1903 1882 1961 Β
1909 1907 2032 1961 est,
2090 1897 2215 1966 quia
2274 1894 2414 1948 mala
2469 1896 2838 1948 tantummodo
2881 1903 3064 1948 nostra
3108 1903 3271 1958 sunt,
3334 1893 3475 1948 bona

222 1992 282 2036 et
320 1983 489 2038 cecidi
519 1983 571 2037 in
609 1981 800 2037 faciem
850 1997 1047 2037 meam.
1087 2004 1106 2036 ›
1141 1983 1346 2054 (6ης.)
1397 1984 1537 2051 Quid
1586 2000 1714 2040 vero
1741 1986 1807 2040 de

225 2075 334 2128 hoc
364 2073 480 2127 viro
508 2071 679 2137 ﬁeret,
733 2073 776 2127 si
803 2074 873 2126 ita
905 2083 963 2126 ut
988 2082 1091 2138 est,
1146 2073 1260 2142 ejus
1303 2074 1526 2144 gloriam
1563 2076 1802 2142 vidisset,

221 2162 321 2231 qui
354 2161 756 2216 similitudinem
797 2161 986 2232 gloriae
1017 2161 1160 2216 illius
1183 2162 1392 2228 videns,
1449 2161 1672 2218 suﬂ‘crre
1701 2179 1804 2219 non

223 2251 415 2304 valens
439 2249 675 2305 cecidit?
712 2251 826 2317 Qua
869 2251 923 2304 in
948 2265 1008 2306 re
1037 2266 1160 2306 cum
1189 2267 1384 2324 magno
1413 2268 1646 2309 mirarere
1677 2269 1799 2323 pui-

222 2354 354 2394 sare
401 2348 456 2395 et
503 2340 848 2397 considerare
920 2356 1042 2396 cum
1108 2339 1361 2410 laerymis
1411 2344 1697 2408 debemus,
1751 2344 1804 2398 in

221 2442 486 2502 quautam
525 2432 800 2488 miseriam
840 2440 893 2488 et
939 2432 1307 2489 infirmitatem
1355 2435 1666 2498 cecidimus.
1716 2437 1808 2505 qui

223 2535 285 2580 et
345 2525 520 2594 ipsum
567 2524 764 2579 bonum
820 2523 964 2580 ferre
1010 2539 1117 2580 non
1163 2540 1479 2594 possumus,
1544 2528 1611 2581 ad
1664 2530 1807 2597 quod

221 2615 519 2670 videndum
551 2614 717 2686 creati
741 2629 947 2669 sumus.
980 2615 1074 2669 Est
1103 2624 1283 2670 tamen
1309 2624 1368 2670 et.
1401 2616 1543 2671 aliud
1569 2618 1712 2686 quod
1743 2617 1808 2672 de

220 2706 506 2776 prophetae
532 2703 677 2759 facto
706 2702 1109 2760 consideremus
1141 2706 1193 2760 in
1225 2706 1400 2761 nobis.
1425 2705 1636 2760 Domini
1659 2700 1809 2761 simi-

223 2796 514 2850 litudinem
539 2795 738 2866 gloriae,
787 2797 913 2866 quia
941 2813 1040 2852 nos
1069 2813 1166 2868 per
1211 2799 1462 2870 spiritum
1513 2799 1808 2870 prophetiae

224 2888 417 2941 videre
443 2901 548 2941 non
584 2901 888 2956 possumus,
942 2888 1081 2942 hanc
1105 2889 1318 2943 assidue
1348 2901 1695 2958 cognoscere,
1753 2897 1808 2943 et

221 2978 458 3034 sollicite
500 2976 849 3046 contemplari
880 2978 935 3031 in
963 2993 1120 3033 sacro
1148 2978 1384 3048 eloquio,
1412 2979 1466 3032 in
1497 2977 1807 3034 coelestibus

221 3069 469 3129 monitis,
498 3067 550 3121 in
583 3067 862 3137 praeceptis
886 3067 1218 3136 spiritalibus
1247 3067 1521 3123 debemus.
1555 3067 1656 3134 Qui
1682 3083 1802 3123 cum

223 3157 434 3228 aliquid
481 3158 546 3212 de
594 3157 702 3210 Deo
754 3157 1154 3226 conspicimus,
1184 3158 1266 3231 “in
1310 3156 1502 3213 faciem
1561 3164 1803 3212 nostram

1910 1995 2088 2040 autem
2120 1991 2300 2038 nostra
2329 1982 2712 2059 omnipotentis
2749 1978 2848 2036 Dei
2889 1989 3012 2037 sunt
3041 1991 3096 2037 et
3139 1992 3343 2046 nostra,
3386 1982 3478 2049 qui

1907 2077 2021 2146 ipse
2067 2075 2353 2143 aspirando
2413 2089 2512 2128 nos
2566 2073 2855 2142 prevenit,
2910 2081 2969 2128 ut
3030 2059 3302 2136 velimus,
3350 2071 3476 2140 quia

1905 2166 2204 2236 adjuvando
2264 2163 2612 2232 subsequitur
2668 2179 2736 2219 ne
2799 2163 3032 2218 inaniter
3071 2163 3338 2228 velimus,
3384 2163 3480 2218 sed

1905 2256 2173 2327 possimus
2208 2253 2430 2324 implere
2475 2269 2595 2323 qua:
2633 2253 2919 2309 volumus:
2951 2254 3310 2322 przeveniente
3346 2268 3475 2324 ergo

1906 2346 2077 2417 gratia
2097 2354 2151 2399 et
2168 2345 2305 2399 bona
2327 2344 2598 2400 voluntate
2620 2346 2999 2414 subsequente,
3020 2346 3123 2398 hoc
3138 2346 3280 2414 quod
3302 2332 3472 2399 omni-

1905 2439 2138 2507 potentis
2154 2436 2245 2490 Dei
2263 2437 2457 2489 donum
2471 2445 2572 2498 est,
2591 2434 2648 2488 tit
2661 2437 2909 2490 meritum
2924 2445 3186 2490 nostrum.
3205 2434 3474 2508 (mei-on.)

1913 2540 1933 2575 ι
1973 2523 2041 2578 Ει
2070 2523 2205 2578 dixit
2235 2523 2302 2578 ad
2329 2538 2435 2587 me,
2493 2521 2686 2590 inquit,
2731 2522 2831 2576 Fili
2862 2524 3124 2589 hominis,
3183 2532 3264 2578 sta
3313 2538 3476 2592 super

1907 2615 2071 2683 pedes
2117 2619 2256 2676 tuos,
2307 2618 2360 2667 et
2387 2611 2578 2681 loquar
2603 2611 2719 2665 tibi.
2751 2631 2769 2662 ι
2800 2611 3014 2677 laetus,
3041 2627 3345 2674 sermonem
3383 2611 3478 2666 Dei

1907 2704 2095 2759 audire
2135 2718 2239 2757 non
2264 2710 2493 2771 poterat.
2527 2699 2632 2756 Sed
2661 2702 2807 2758 audit
2831 2717 2951 2757 cum
2981 2701 3182 2773 Moyse,
3214 2722 3232 2754 ι
3265 2711 3317 2756 ιιι
3347 2716 3476 2757 vero

1908 2794 1994 2848 hic
2016 2801 2098 2848 sta
2121 2807 2360 2854 .mccum.
2395 2811 2414 2845 ι
2446 2793 2595 2860 Quod
2621 2803 2676 2848 et
2698 2791 2879 2847 Daniel
2915 2788 3174 2849 accidisse
3199 2793 3300 2847 sibi
3323 2808 3475 2847 eom-

1905 2891 2186 2938 memorat.
2214 2881 2417 2956 (Greg.)
2446 2883 2721 2939 Notandus
2749 2893 2832 2939 est
2861 2885 3014 2938 nobis
3039 2885 3171 2938 ordo
3195 2883 3476 2938 locutionis

1909 2984 1960 3032 et
1991 2975 2191 3045 operis.
2223 2976 2357 3042 Quia
2380 2975 2528 3044 prius
2550 2975 2841 3030 similitudo
2874 2975 3055 3044 gloria:
3081 2975 3290 3030 Domini
3321 2989 3484 3044 appa-

1908 3075 1992 3140 ret
2055 3075 2116 3122 ut
2165 3067 2400 3137 dejiciat,
2446 3069 2782 3136 postmodum
2835 3066 3125 3136 alloquitur
3174 3078 3232 3122 ut
3281 3067 3476 3132 elevet,

1907 3160 2102 3215 deinde
2143 3159 2627 3229 superabundantis
2669 3160 2857 3230 gratia:
2901 3160 3150 3229 spiritum
3210 3161 3371 3214 mittit
3421 3170 3482 3214 ut

221 3251 473 3304 eadimus
494 3291 508 3314 ,
569 3251 693 3319 quia
738 3264 804 3303 ex
857 3249 1012 3304 malis
1060 3249 1430 3304 erubescimus
1456 3288 1470 3312 ,
1533 3264 1652 3318 quae
1704 3264 1804 3304 nos
1831 3248 1874 3308 C
1909 3251 2070 3314 levet,
2097 3264 2160 3304 ac
2187 3265 2349 3319 super
2383 3249 2546 3317 pedes
2572 3258 2792 3303 statuat.
2823 3248 2936 3302 Nisi
2979 3251 3120 3303 enim
3167 3251 3372 3318 aliquid
3406 3253 3473 3305 de

223 3341 574 3394 meimnimus
606 3348 961 3409 perpetrasse.
997 3339 1072 3393 Ibi
1099 3339 1243 3394 enim
1290 3339 1435 3393 cadit
1475 3340 1659 3404 homo,
1711 3339 1802 3392 ubi

220 3429 593 3485 confunditur.
624 3430 773 3485 Unde
800 3439 854 3484 et
887 3429 1082 3484 Paulus
1106 3431 1258 3500 quasi
1289 3430 1605 3498 quibusdam
1625 3428 1805 3498 jacen-

223 3521 376 3574 tibus
449 3521 700 3574 dicebat:
778 3537 795 3569 ι
842 3519 1011 3586 Quem
1063 3535 1193 3590 ergo
1250 3519 1484 3574 fructum
1541 3521 1804 3576 habuistis

221 3622 360 3666 tunc
385 3614 434 3666 in
464 3613 584 3676 illis,
619 3614 669 3666 in
695 3613 890 3681 quibus
913 3627 1052 3668 nunc
1078 3611 1432 3667 erubescitis?
1455 3611 1630 3684 (Rom.
1656 3614 1756 3682 γι.)
1779 3632 1797 3665 ι

214 3706 519 3775 Postquam
585 3707 842 3775 propheta
889 3704 1294 3760 similitudinem
1360 3705 1544 3777 gloriae
1593 3705 1801 3759 Domini

215 3795 620 3864 contemplatus
655 3795 703 3848 in
731 3793 924 3850 faciem
959 3809 1110 3849 suam
1141 3794 1360 3863 cecidit,
1411 3795 1652 3866 adjungit
1684 3813 1696 3848 :

303 3903 323 3936 ε
361 3884 426 3938 Ει
451 3884 626 3938 audivi
650 3899 834 3938 vocem
865 3883 1155 3954 loquentis,
1207 3894 1258 3936 et
1289 3884 1426 3937 dixit
1449 3882 1513 3936 ad
1548 3897 1651 3946 me,
1700 3882 1801 3936 Fili

223 3993 244 4024 ι
287 3973 546 4037 hominis,
578 3981 659 4027 sta
696 3989 856 4042 super
877 3975 1038 4042 pedes
1071 3981 1211 4038 tuos,
1244 3981 1298 4027 et
1324 3973 1513 4043 loquar
1546 3981 1742 4027 tecum.
1779 3991 1796 4023 ι

217 4067 333 4123 Ubi
362 4065 536 4120 adhuc
557 4064 840 4120 subditur:
890 4085 907 4116 ι
949 4066 1012 4119 Et
1039 4049 1312 4137 ingressus
1336 4076 1418 4120 est
1445 4066 1499 4119 in
1531 4080 1616 4119 me
1646 4065 1804 4135 spiri-

221 4176 242 4207 ι
287 4166 398 4218 lus,
437 4163 712 4224 postquam
734 4155 942 4209 locutus
963 4165 1046 4209 est
1069 4156 1219 4220 mihi,
1252 4163 1307 4210 et
1329 4155 1516 4209 statuit
1538 4169 1624 4209 me
1644 4169 1804 4224 super

223 4263 242 4294 ι
289 4245 460 4313 pedes
493 4259 657 4306 meos,
692 4253 827 4298 etc.»
850 4245 986 4299 Ecce
1018 4245 1195 4298 divina
1219 4261 1320 4300 vox
1341 4244 1804 4314 jacentiprophe-

217 4347 293 4388 tu:
335 4333 497 4402 jussit
542 4342 601 4387 ut
635 4345 955 4404 resurgeret.
1002 4334 1107 4389 Sed
1150 4349 1370 4405 surgere
1417 4336 1638 4388 omnino
1696 4349 1800 4388 non

216 4421 540 4493 potuisset,
603 4423 704 4476 nisi
747 4422 800 4477 in
858 4425 1001 4478 hunc
1047 4424 1388 4493 omnipotens
1435 4425 1528 4478 Dei
1583 4425 1804 4493 spiritus

215 4517 510 4568 intrasset.
543 4512 673 4579 Quia
700 4529 765 4568 ea
795 4517 1176 4585 omnipotentis
1201 4517 1297 4571 Dei
1323 4517 1517 4588 gratia,
1564 4517 1630 4570 ad
1662 4518 1802 4573 bona

229 4686 589 4701 ——-——_

669 5051 1011 5118 SEQUITUR
1046 5053 1272 5109 CAPUT
1310 5056 1370 5109 II.

299 5159 318 5189 ι
369 5139 435 5191 Ει
463 5139 640 5193 audivi
674 5156 859 5196 vocem
889 5143 1191 5210 loquentem
1223 5145 1288 5198 ad
1323 5145 1428 5210 me,
1457 5154 1510 5200 et
1536 5148 1800 5204 dicentem

219 5249 237 5280 ι
286 5228 426 5281 mihi
458 5245 469 5279 :
501 5228 600 5282 Fili
629 5229 878 5294 hominis,
912 5229 1116 5286 mittam
1153 5249 1250 5303 ego
1282 5241 1332 5288 te
1353 5237 1419 5289 ad
1457 5237 1591 5292 filios
1618 5237 1797 5302 Israel,

219 5339 238 5368 ι
285 5319 360 5371 ad
395 5327 584 5386 gentes
617 5322 984 5386 apostatrlces,
1027 5337 1146 5390 qua:
1177 5335 1514 5379 recesserunt
1553 5342 1581 5380 a
1622 5345 1728 5392 me,
1778 5349 1796 5379 ι

211 5419 334 5462 etc.
369 5405 570 5487 (στου.)
599 5408 689 5464 Sic
729 5413 982 5481 prOpheta
1009 5413 1262 5466 describit
1301 5429 1417 5478 sua,
1451 5425 1508 5468 ut
1537 5419 1804 5488 signiticet

213 5506 433 5553 nostra.
453 5497 584 5551 Nam
603 5500 729 5568 quid
752 5511 853 5564 est,
869 5503 1007 5570 quod
1025 5500 1226 5570 jacenti
1244 5504 1438 5557 dicitur
1457 5524 1468 5558 :
1495 5526 1510 5556 ι
1535 5505 1624 5561 Sta
1643 5524 1804 5577 super

211 5587 390 5657 pedes
430 5596 548 5642 tuos
589 5599 645 5643 et
681 5589 868 5658 loquar
899 5593 1108 5646 tecum?
1141 5613 1158 5644 ι
1189 5594 1284 5660 Qui
1320 5597 1462 5649 enim
1497 5598 1695 5666 jacenti
1726 5601 1802 5654 lo-

209 5679 530 5749 quebatur,
564 5696 661 5735 cur
705 5699 806 5734 non
840 5700 896 5737 se
934 5685 1030 5738 nisi
1063 5687 1222 5739 stanti
1257 5688 1520 5756 promittit
1549 5705 1668 5745 esse
1721 5692 1800 5745 lo-

206 5772 516 5824 cuturum?
554 5769 658 5824 Sed
703 5772 974 5825 St'lt'lltlltlll
1013 5773 1134 5841 quia
1170 5774 1269 5827 alia
1297 5785 1439 5839 sunt,
1471 5793 1588 5844 qznc
1611 5777 1797 5845 jacen-

1905 3340 2208 3395 teternitatc
2242 3340 2296 3394 in
2340 3348 2516 3394 mente
2538 3339 2861 3406 videremus,
2895 3356 3165 3409 nunquam
3197 3341 3248 3394 in
3283 3341 3471 3396 faciem

1904 3439 2143 3484 nostram
2200 3427 2510 3499 paenitendo
2553 3429 2883 3496 eaderemns,
2935 3432 3028 3489 sed
3068 3430 3180 3499 jam
3238 3431 3482 3499 jaccntcs

1905 3537 2007 3575 vox
2076 3519 2287 3574 Domini
2340 3521 2688 3587 consolatur,
2737 3529 2796 3574 ut
2840 3523 2893 3575 in
2938 3537 3100 3592 Opere
3155 3537 3472 3593 surgamus,

1905 3613 2046 3680 quod
2080 3622 2256 3667 tamen
2294 3612 2470 3667 facere
2508 3628 2607 3667 nos
2652 3622 2834 3667 nostra
2889 3613 3082 3667 virtute
3129 3629 3234 3666 non
3281 3628 3473 3681 possu-

1907 3719 2044 3757 mus.
2091 3702 2265 3772 Ipsius
2308 3719 2437 3773 ergo
2488 3718 2586 3757 nos
2629 3703 2849 3772 spiritus
2889 3702 3076 3772 implet
3121 3712 3174 3756 et
3218 3702 3379 3767 levat,
3423 3710 3478 3756 et

1905 3810 2066 3864 super
2093 3794 2257 3864 pedes
2299 3804 2513 3847 nostros
2558 3793 2764 3856 statuit,
2813 3802 2869 3846 ut
2897 3793 2985 3860 qui
3016 3793 3168 3862 proni
3201 3793 3253 3846 in
3305 3793 3477 3862 poeni-

1905 3885 2071 3937 tentia
2127 3899 2224 3952 pro
2286 3883 2442 3952 culpa
2499 3883 2783 3953 jacuimus,
2855 3883 2985 3938 recti
3035 3884 3372 3950 postmodum
3425 3883 3477 3936 in

1902 3975 2043 4029 bono
2075 3987 2239 4041 opere
2266 3980 2487 4026 stemus.
2542 3972 2687 4026 [inde
2712 3983 2765 4025 et
2793 3973 3032 4041 sequitur
3070 3991 3083 4027 :
3121 3991 3139 4022 ‹
3179 3972 3248 4026 Et
3273 3973 3482 4042 ingres‘

1905 4081 1996 4120 sus
2043 4076 2126 4119 est
2169 4064 2364 4128 inme,
2423 4063 2616 4132 inquit,
2671 4048 2890 4134 spiritus
2939 4072 3222 4134 postquam
3273 4061 3480 4119 locutus

1904 4167 1987 4210 est
2057 4156 2213 4222 mibi,
2240 4161 2288 4208 et
2339 4154 2524 4208 statuit
2569 4169 2652 4207 me
2702 4168 2862 4222 super
2901 4153 3065 4222 pedes
3111 4168 3280 4207 meos.
3317 4174 3334 4205 ι
3371 4152 3476 4207 Sed

1904 4247 1990 4302 his
2013 4247 2086 4300 ita
2125 4247 2176 4300 in
2225 4247 2474 4314 praesenti
2523 4245 2660 4300 libro
2702 4245 2980 4316 expositis,
3028 4255 3312 4314 postquam
3355 4260 3478 4314 pro-

1906 4340 2064 4408 pheta
2099 4338 2164 4391 ad
2193 4337 2489 4406 jussionem
2521 4336 2731 4390 Domini
2759 4344 2970 4390 erectus
3029 4337 3198 4400 stetit,
3249 4335 3379 4404 quid
3426 4337 3476 4389 ei

1906 4445 2006 4483 vox
2031 4430 2208 4483 divina
2242 4427 2456 4496 juberet
2485 4428 2537 4481 in
2585 4426 2856 4497 sequentis
2890 4425 3010 4480 libri
3053 4425 3274 4480 exordio
3299 4425 3480 4480 consi-

1907 4518 2202 4574 derandum
2231 4527 2335 4573 est.

1279 4681 3472 4705 mm

1437 4835 1728 4913 LIBER
1804 4838 2280 4915 TERTIUS.

1831 5064 1881 5122 D
1910 5072 2006 5124 tes,
2038 5062 2138 5115 alia
2169 5078 2287 5132 quae
2316 5069 2518 5116 stantes
2553 5061 2736 5115 audire
2764 5061 3070 5115 debeamus.
3096 5059 3298 5117 Jacenti
3330 5064 3473 5118 enim

1909 5153 2105 5206 dicitur
2144 5162 2201 5206 ut
2247 5160 2509 5221 resurgat.
2560 5150 2732 5204 Stanti
2772 5153 2914 5205 enim
2961 5153 3265 5220 praicipitur
3306 5161 3361 5206 ut
3405 5153 3471 5207 ad

1909 5240 2336 5309 praxlicationem
2359 5238 2622 5306 proficisci
2648 5239 2853 5293 debeat.
2870 5239 3053 5292 Adhuc
3072 5241 3211 5292 enim
3239 5241 3390 5293 nobis
3417 5240 3470 5294 in

1910 5329 2236 5383 inlirmitatis
2258 5328 2569 5383 confusione
2588 5327 2890 5396 jacentibus
2919 5330 3144 5397 prmbcri
3187 5344 3288 5383 non
3312 5329 3468 5384 debet

1907 5419 2196 5473 auctoritas
2218 5419 2625 5488 praedicationis,
2655 5420 2746 5474 sed
2782 5435 2901 5474 cum
2920 5419 3029 5487 jam
3060 5420 3112 5474 in
3145 5421 3283 5474 bono
3309 5435 3471 5490 opere

1905 5509 2197 5578 surgimus,
2231 5525 2350 5562 cum
2387 5510 2514 5563 recti
2541 5508 2650 5575 jam
2687 5519 2830 5564 stare
2868 5511 3211 5580 emperimus,
3247 5511 3467 5581 dignum

1901 5607 2003 5661 est,
2032 5607 2092 5652 ut
2117 5600 2180 5651 ad
2211 5599 2494 5653 lucrandos
2520 5599 2652 5653 alios
2682 5600 2733 5653 in
2760 5601 3188 5668 prredicationcm
3220 5601 3354 5654 mitti
3377 5601 3468 5656 de-

1903 5689 2138 5742 beamus.
2179 5687 2340 5743 Stans
2379 5704 2506 5759 ergo
2549 5691 2823 5759 propheta,
2865 5689 3124 5745 visionem
3172 5690 3462 5760 spiritalem

1905 5779 2052 5843 vidit,
2086 5788 2136 5833 ct
2166 5780 2382 5849 cecidit,
2421 5781 2615 5836 cadens
2656 5797 2780 5835 vero
2808 5780 2920 5850 jam
2949 5782 3254 5838 monitionis
3280 5781 3461 5847 verba,
