3948 6358
494 390 591 445 53!

1141 386 1201 441 Β.
1244 385 1495 441 [MBAN]
1536 384 1751 441 MAURI
1793 382 2111 447 ARCHIEP.
2154 380 2462 439 MOGUNT.
2505 378 2790 438 OPERUM
2832 378 3011 435 PARS
3050 380 3111 434 ll.

3657 378 3767 436 552

495 499 732 569 suscepit
760 508 817 553 ut
858 506 1121 568 surgeret.
1156 498 1391 566 Surgcas
1420 504 1595 550 autem
1626 503 1952 565 praereptum
1982 510 2076 547 au-
2104 497 2150 553 Α
2178 494 2258 547 dit
2296 504 2540 562 apostata
2588 502 2692 558 est,
2729 495 2801 547 ita
2852 493 2943 561 qui
2985 494 3049 545 ad
3093 505 3406 562 perversum
3449 508 3586 563 opus
3616 496 3762 563 quod

496 588 651 654 divit,
695 596 754 641 ut
796 589 1131 657 praedicaret.
1171 583 1326 650 Nam,
1368 589 1457 655 qui
1502 587 1674 640 adhuc
1710 602 1774 639 ex
1817 584 2080 653 superbia:

498 682 702 737 vertice
737 687 963 744 stamus,
996 694 1119 733 cum
1157 678 1267 747 jatn
1306 681 1371 733 de
1398 676 1715 733 aeternitatis
1754 678 1949 732 timore
1983 676 2081 729 ali—

498 771 626 840 quid
670 770 873 825 sentire
925 768 1269 839 cuzpcrimus,
1309 769 1528 839 dignum
1582 779 1664 822 est
1696 777 1753 821 ut
1798 767 1864 821 ad
1902 766 2078 835 poeni-

501 862 721 917 tentiam
781 859 1055 914 cadamus.
1115 857 1182 911 Et
1233 875 1355 912 eum
1412 858 1778 912 inﬁrmitatem
1835 867 2077 910 nostram

500 950 771 1005 subtiliter
825 957 1244 1019 cognoscentes,
1304 948 1580 1002 humiliter
1631 946 1932 1013 jacuimus,
1987 961 2080 1014 per

498 1041 664 1095 divini
695 1041 843 1095 verbi
868 1040 1287 1095 consolationem
1310 1052 1549 1109 surgere,
1575 1038 1642 1091 ad
1671 1036 1893 1091 fortiora
1916 1050 2079 1105 opera

494 1130 765 1199 jubemur.
798 1131 862 1184 Et
906 1146 1025 1183 cum
1045 1129 1157 1198 jam
1190 1131 1240 1183 in
1267 1130 1531 1183 bonorum
1560 1142 1781 1197 operum
1812 1126 2081 1181 soliditate

498 1218 857 1289 persistimus,
880 1232 1101 1273 necesse
1130 1224 1226 1279 est,
1273 1223 1328 1269 et
1351 1216 1491 1269 unde
1517 1214 1877 1281 nosmetipsos
1900 1226 2082 1266 corre-

498 1308 699 1375 ximus,
733 1307 855 1362 inde
868 1308 980 1375 jam
1001 1306 1355 1376 praedicantes
1374 1311 1429 1357 et
1444 1305 1579 1357 alios
1595 1302 1851 1356 levemus.
1871 1300 2080 1354 .lacenti

496 1414 625 1469 ergo
647 1414 756 1453 non
779 1398 1105 1468 praecipitur,
1132 1403 1191 1450 ut
1216 1396 1283 1449 ad
1309 1393 1751 1464 prtedicationem
1774 1402 1985 1464 pergat,
2011 1408 2081 1447 ne

497 1489 747 1544 inﬁrmus
782 1490 1009 1558 quisque
1051 1488 1154 1542 hoc
1182 1486 1327 1556 quod
1370 1484 1537 1541 verbo
1570 1485 1839 1540 aediﬁcare
1880 1493 2079 1553 potest,

496 1594 662 1648 opere
697 1582 960 1634 destruat.
996 1578 1149 1635 Unde
1192 1585 1338 1631 recte
1365 1590 1579 1646 quoque
1610 1592 1709 1645 per
1737 1576 2079 1630 Psalmistam

498 1671 730 1725 dicitur:
766 1689 783 1720 ι
808 1669 1005 1724 Eduxit
1027 1683 1112 1722 me
1134 1668 1200 1722 de
1226 1668 1341 1722 lacu
1365 1668 1598 1721 miseriae
1624 1666 1759 1720 etde
1779 1666 1891 1720 luto
1912 1664 2077 1720 faecis.

498 1762 563 1815 Et
592 1760 783 1817 statuit
802 1775 966 1830 supra
984 1768 1192 1830 petram
1216 1760 1380 1829 pedes
1405 1773 1555 1814 meos
1576 1770 1629 1814 et
1650 1760 1845 1815 direxit
1864 1774 2082 1830 gressus

2178 585 2497 643 deseruerat
2528 584 2686 646 redit,
2719 584 2786 637 ab
2815 583 3182 651 omnipotente
3217 581 3325 637 Deo
3366 591 3611 651 apostata
3642 584 3766 637 abs-

2182 688 2287 743 que
2317 674 2590 728 dubietate
2627 673 2732 727 ulla
2765 673 3085 743 deputatur,
3116 673 3329 727 etiamsi
3359 674 3517 728 ﬁdem
3575 681 3768 728 tenere

2181 764 2445 819 videatur.
2492 764 2668 819 Unum
2700 764 2843 819 enim
2872 765 2996 819 sine
3016 764 3185 818 altero
3223 766 3480 833 prodesse
3510 765 3644 820 nihil
3666 782 3765 820 va-

2182 853 2271 918 let,
2301 856 2425 923 quia
2450 869 2549 908 nec
2578 854 2711 908 ﬁdes
2740 856 2856 908 sine
2877 855 3151 923 operibus,
3186 870 3286 909 nec
3306 870 3471 925 Opera
3501 855 3767 923 adjuvant

2182 944 2300 998 sine
2341 942 2465 1009 ﬁde,
2519 944 2623 998 nisi
2651 943 2882 999 fortasse
2919 959 3019 1015 pro
3065 944 3170 999 fide
3218 947 3559 1014 percipienda
3601 947 3761 1001 ﬁant.

2184 1026 2343 1087 Sicut
2362 1031 2644 1087 Cornelius
2670 1041 2797 1087 ante
2827 1048 2926 1104 pro
2954 1034 3110 1089 bonis
3150 1034 3404 1103 operibus
3436 1037 3634 1090 meruit
3666 1052 3765 1090 au—

2182 1122 2317 1189 diri,
2357 1138 2521 1193 quam
2561 1121 2735 1179 ﬁdelis
2776 1125 3051 1179 existeret.
3097 1125 3213 1193 Qua
3250 1140 3315 1180 ex
3367 1141 3427 1181 re
3463 1128 3762 1197 colligitur,

2181 1212 2309 1281 quia
2334 1212 2472 1267 bona
2502 1228 2663 1283 opera
2689 1228 2789 1283 pro
2828 1213 2931 1270 ﬁde
2958 1216 3304 1285 percipienda
3333 1216 3585 1283 faciebat,
3631 1235 3765 1273 nam

2183 1303 2269 1356 cui
2313 1302 2381 1355 ab
2416 1303 2607 1373 angelo
2648 1303 2885 1358 dicitur:
2919 1321 2937 1354 ι
2970 1303 3257 1360 Orationes
3290 1314 3398 1360 tua:
3439 1315 3495 1360 et
3528 1306 3763 1361 eleemo-

2182 1408 2329 1464 syme
2353 1401 2453 1448 tua:
2479 1395 2838 1451 ascenderunt
2858 1395 2913 1450 in
2935 1397 3249 1451 memoriam
3272 1398 3327 1452 in
3352 1408 3641 1467 conspectu
3664 1397 3763 1454 Dei

2183 1483 2321 1553 (Act.
2353 1482 2436 1549 χ),
2465 1503 2484 1535 ι
2514 1482 2569 1538 et
2598 1499 2722 1539 mox
2745 1500 2843 1555 pro
2866 1485 3058 1541 eadem
3088 1487 3408 1542 ascensione
3447 1488 3767 1558 praecipitur

2182 1581 2241 1626 ut
2278 1574 2345 1628 ad
2376 1572 2653 1628 Simonem
2690 1575 2889 1641 mittat,
2915 1577 3007 1645 qui
3033 1576 3083 1631 ei
3101 1577 3326 1632 veniens
3350 1578 3645 1646 praedicare
3670 1578 3765 1631 de-

2182 1663 2355 1729 beret,
2382 1672 2595 1719 constat
2642 1667 2769 1734 quia
2801 1666 2904 1721 hoc
2920 1668 3076 1737 petiit
3104 1669 3245 1723 unde
3268 1668 3465 1741 meruit
3488 1670 3760 1725 exaudiri.

2259 1773 2278 1806 ‹
2313 1755 2379 1809 Et
2419 1755 2513 1810 lilii
2542 1755 2675 1809 dura
2717 1754 2855 1811 faeie
2883 1766 2939 1811 et
2975 1756 3287 1812 indomabili
3318 1758 3481 1813 corde
3524 1766 3649 1812 sunt
3689 1758 3763 1813 ad

496 1866 664 1906 meos.
691 1851 917 1921 immisit
939 1857 993 1906 in
1015 1867 1077 1907 os
1098 1868 1183 1907 me
1221 1869 1273 1906 m
1292 1853 1560 1907 canticum
1586 1867 1801 1913 novum,
1820 1852 2074 1923 hymnum

2187 1862 2208 1897 ε
2236 1859 2372 1915 quos
2394 1860 2492 1915 ego
2514 1836 2669 1901 mitto
2687 1854 2758 1911 te,
2784 1865 2801 1899 ι
2823 1856 2927 1901 etc.
2946 1843 3217 1918 (Hierom)
3235 1845 3763 1917 Hocin‘Scptuagin-

495 1939 607 1995 Deo
636 1950 836 1995 nostro.
852 1960 869 1992 ι
890 1941 1044 1995 Prius
1063 1943 1205 1997 enim
1234 1942 1301 1997 de
1326 1942 1439 1997 luto
1465 1945 1743 2013 pravitatis
1766 1942 2069 2007 deducitur,

497 2038 556 2083 ut
590 2044 703 2099 per
742 2030 859 2099 ejus
906 2031 1065 2085 tidem
1113 2033 1168 2084 in
1210 2042 1359 2100 petra
1395 2033 1559 2101 pedes
1598 2033 1915 2087 solidentur.
1966 2032 2073 2088 Sed

495 2120 621 2189 quia
667 2132 871 2176 rectam
922 2121 1081 2176 ﬁdem
1125 2130 1273 2177 recta
1314 2123 1472 2177 debet
1521 2124 1775 2194 subsequi
1807 2126 2068 2193 operatio,

494 2222 712 2278 gressus
739 2210 857 2280 ejus
887 2212 1076 2265 directi
1114 2220 1260 2275 sunt,
1294 2222 1348 2265 ut
1382 2217 1500 2281 post
1533 2214 1882 2269 directionem
1918 2231 2073 2286 gres-

494 2314 675 2365 suum,
704 2301 756 2355 id
784 2308 898 2367 est,
933 2310 1054 2370 post
1080 2300 1463 2371 perfectionem
1504 2303 1625 2359 boni
1662 2307 1843 2375 operis
1883 2307 1934 2360 in
1977 2322 2073 2363 ore

496 2383 766 2457 acCiperet
809 2390 971 2442 etiam
999 2405 1192 2443 novum
1234 2392 1500 2445 canticum
1535 2394 1950 2461 prcedicationis.
1982 2395 2075 2453 Sic

492 2476 692 2533 Paulus
738 2478 864 2533 dum
890 2482 1153 2549 superbus
1177 2480 1492 2536 Damascum
1527 2493 1795 2553 pergeret,
1847 2486 2075 2541 Redem-

494 2570 664 2640 ptoris
690 2584 818 2624 voce
836 2578 1137 2638 prostratus
1160 2570 1351 2641 jacuit,
1379 2582 1431 2626 et
1456 2572 1546 2642 qui
1578 2575 1895 2643 prazdicator
1924 2575 2069 2631 futu-

496 2675 590 2714 rus
619 2667 760 2724 erat,
807 2674 912 2713 non
944 2669 1121 2714 tamen
1159 2674 1283 2715 mox
1313 2672 1365 2715 ut
1395 2664 1712 2731 [il‘tlfdicarCl
1742 2666 1884 2735 quod
1927 2666 2074 2721 vide-

497 2758 582 2803 rat
603 2747 829 2815 audivit,
859 2749 950 2804 sed
977 2750 1024 2803 ei
1053 2748 1252 2817 iacenti
1282 2750 1514 2805 dicitur:
1546 2772 1562 2803 ‹
1597 2750 1883 2823 Ingredere
1912 2756 1965 2808 in
1996 2756 2073 2811 ci-

496 2839 737 2904 vitatem,
779 2849 835 2894 et
883 2840 1093 2894 dicetur
1149 2841 1241 2895 tibi
1311 2843 1438 2912 quid
1496 2850 1546 2897 te
1599 2852 1847 2913 oporteat
1894 2844 2073 2901 facere

496 2931 632 3000 (Act.
673 2946 723 2983 ix
750 2934 789 3001 ).
830 2950 848 2982 ι
884 2930 1079 2986 Jacens
1119 2947 1249 3000 ergo
1287 2932 1385 2986 hoc
1425 2932 1597 2986 solum
1650 2935 1836 2989 audire
1875 2936 2070 3005 potuit,

497 3032 559 3075 ut
590 3037 816 3092 surgens
859 3023 1093 3077 disceret
1144 3024 1273 3094 quid
1324 3024 1555 3079 audiret.
1609 3022 1847 3095 Surgens
1893 3037 2071 3081 autem

482 3106 602 3166 hoc
633 3112 841 3176 didicit,
866 3122 922 3167 ut
945 3128 1063 3180 quae
1092 3122 1413 3183 cognoverat
1440 3114 1774 3183 praedicaret.
1801 3113 2071 3185 (Ηὶενοη.)

2182 1946 2235 1991 ta
2266 1951 2373 1991 non
2412 1937 2660 2004 habetur;
2706 1951 3021 2008 magnaique
3066 1937 3365 1993 clementiae
3387 1948 3472 1992 est
3510 1940 3578 1993 ad
3621 1938 3765 1993 tales

2180 2024 2347 2079 Deum
2364 2026 2602 2091 mittere,
2620 2040 2720 2081 nec
2736 2025 3025 2095 desperare
3044 2041 3231 2081 eorum
3247 2026 3500 2091 salutem,
3520 2040 3573 2081 et
3590 2028 3766 2081 eonﬁ-

2179 2115 2373 2170 dentiae
2406 2116 2735 2185 pmpbetalis
2764 2116 2907 2185 quod
2933 2117 3000 2171 ad
3028 2117 3164 2172 tales
3191 2118 3268 2172 ire
3303 2133 3519 2187 quoque
3546 2135 3653 2174 non
3696 2121 3765 2172 ti-

2180 2210 2346 2257 meat.
2387 2201 2697 2257 lndomabili
2741 2210 2921 2256 autem
2962 2204 3127 2257 corde
3162 2213 3217 2257 et
3257 2204 3391 2258 dura
3429 2205 3569 2259 facie
3600 2204 3761 2273 juxta

2179 2292 2308 2347 illud
2336 2293 2594 2348 debemus
2608 2293 2853 2362 accipere
2873 2295 3015 2364 quod
3040 2295 3311 2364 peccaturi
3336 2294 3534 2350 dicitur
3554 2315 3597 2349 ε(
3623 2296 3763 2351 Ner-

2179 2399 2277 2437 vus
2298 2381 2507 2438 ferreus
2531 2384 2730 2438 collum
2756 2392 2925 2449 tuum,
2950 2392 3006 2439 et
3032 2383 3181 2440 frons
3206 2395 3295 2439 tua
3324 2400 3528 2440 aenea.»
3561 2389 3663 2452 Qui
3704 2388 3760 2441 in

2178 2477 2528 2547 sequentibus
2580 2486 2875 2547 arguuntur
2912 2477 3092 2533 cordis
3142 2478 3379 2548 lapidei,
3426 2480 3568 2548 quod
3620 2481 3763 2535 Dens

2178 2569 2485 2623 evulsurum
2515 2582 2636 2624 esse
2674 2584 2731 2624 se
2759 2569 2925 2635 dicit,
2960 2578 3016 2624 et
3042 2584 3141 2639 pro
3169 2570 3256 2625 ille
3291 2584 3543 2625 carneum
3578 2573 3763 2625 reddi-

2179 2669 2378 2727 turum,
2408 2669 2467 2714 ut
2488 2660 2711 2715 mollitie
2739 2677 2835 2715 sua
2859 2662 2952 2717 Dei
2977 2671 3245 2732 pratccpta
3272 2663 3555 2732 suscipiat.

2254 2770 2272 2801 ι
2309 2752 2376 2806 Ει
2414 2753 2559 2807 dices
2603 2752 2670 2806 ad
2713 2768 2807 2808 eos
2835 2770 2847 2805 :
2879 2752 3005 2808 [lch
3049 2754 3175 2809 dicit
3217 2754 3480 2808 Dominus
3516 2753 3677 2815 Dens,
3714 2755 3759 2807 si

2186 2862 2201 2893 ι
2240 2842 2375 2897 forte
2402 2843 2485 2896 vel
2530 2843 2628 2912 ipsi
2659 2844 2907 2908 audiant,
2948 2851 3001 2897 et
3037 2844 3079 2897 si
3130 2842 3268 2899 forte
3300 2844 3599 2912 quiescant,
3622 2860 3761 2912 quo.

2185 2952 2201 2983 ‹
2238 2933 2382 2987 uiam
2414 2934 2603 2988 domus
2628 2948 2954 3002 exasperans
2981 2942 3080 2998 est,
3127 2942 3181 2987 et
3222 2934 3417 2997 scit-nt,
3474 2936 3597 3004 quia
3632 2951 3757 3003 pm-

2185 3038 2203 3071 ι
2236 3020 2393 3088 pheta
2423 3019 2584 3075 fuerit
2608 3021 2660 3073 in
2688 3020 2863 3075 medio
2892 3036 3100 3086 eorum,
3134 3041 3150 3071 ι
3194 3032 3298 3077 etc.
3333 3021 3519 3078 Simile
3544 3026 3675 3093 quid
3706 3035 3762 3079 et

2180 3113 2232 3165 in
2261 3109 2773 3180 Jeremia'scriptum
2807 3119 2889 3166 est
2916 3129 2927 3163 :
2961 3133 2978 3163 ο
3002 3112 3057 3166 Si
3105 3111 3242 3166 forte
3267 3114 3487 3167 audiant
3513 3128 3565 3187 et
3594 3125 3761 3185 agant

497 3202 699 3259 Crebro
715 3203 781 3257 ad
796 3202 1044 3257 Ezechiel
1067 3205 1279 3266 dicitur,
1304 3223 1320 3253 ι
1353 3204 1449 3258 Fili
1470 3206 1719 3271 hominis,
1752 3227 1770 3257 ι
1798 3214 1853 3260 ct
1880 3208 1945 3262 ad
1972 3206 2081 3260 Da-
2110 3208 2152 3268 C
2184 3201 2554 3270 ptBnitentiam
2586 3216 2601 3266 ;
2638 3220 2657 3254 ι
2687 3210 2742 3256 el
2772 3202 2822 3255 in
2869 3202 3154 3271 Evangelia
3189 3221 3201 3253 ε
3238 3224 3255 3254 ί
3290 3188 3557 3257 Εοτδίιηά
3587 3206 3757 3258 lilium

499 3293 603 3347 niel
637 3307 777 3347 raro.
816 3292 1055 3359 Quorum
1082 3303 1305 3364 uterque
1336 3295 1387 3347 in
1414 3310 1641 3364 persona
1671 3297 1787 3366 ejus
1812 3298 1900 3365 qui
1925 3297 2074 3352 dixe-

500 3390 601 3441 rat.
638 3400 654 3431 ι
675 3380 843 3434 Filius
870 3382 1101 3435 hominis
1127 3396 1231 3435 non
1261 3383 1413 3436 habet
1447 3384 1537 3437 ubi
1558 3395 1720 3453 caput
1740 3402 1895 3440 suum
1919 3388 2074 3442 recli—

500 3480 612 3534 net,
649 3489 665 3520 ι
702 3473 970 3540 captivum
1002 3471 1253 3540 populum
1296 3471 1618 3533 consolatur,
1662 3484 1715 3527 et
1742 3476 1967 3529 reti-abit
2006 3478 2073 3531 ad

499 3562 889 3630 pwnitentiam.
915 3580 933 3612 ‹
960 3562 1110 3616 Mitto
1130 3571 1323 3632 egote,
1345 3564 1536 3632 inquit,
1562 3566 1627 3619 ad
1652 3566 1789 3621 ﬁlios
1802 3567 1988 3631 lsrael,
2007 3569 2071 3621 ad

498 3661 682 3723 gentes
722 3653 1093 3721 apostatrices,
1121 3668 1241 3722 quae
1270 3665 1609 3710 recesserunt
1656 3672 1686 3709 a
1724 3673 1829 3721 me,
1872 3659 1971 3727 ipsi
2020 3669 2073 3714 et

500 3750 682 3811 patres
709 3738 898 3796 eorum
925 3743 1259 3810 prarvaricati
1292 3752 1416 3796 sunt
1440 3755 1653 3813 pactum
1686 3761 1861 3800 meum
1907 3764 2074 3817 usque

498 3833 566 3888 ad
593 3832 733 3887 diem
758 3834 945 3897 hanc,i
976 3844 1079 3886 etc.
1105 3832 1452 3901 Nequaquam
1483 3835 1734 3904 populum
1766 3837 1860 3890 Dei
1890 3836 2069 3902 lsracl,

500 3923 593 3977 sed
620 3933 806 3992 gentes
851 3923 1205 3993 apostatrices
1235 3934 1393 3977 vocat
1424 3937 1516 3977 eos
1542 3925 1632 3992 qui
1664 3939 1693 3977 a
1726 3924 1951 3978 Domino
1992 3942 2075 3979 re-

500 4022 798 4067 cesserunt.
844 4012 958 4068 Non
990 4014 1163 4067 solum
1199 4021 1398 4081 patres,
1430 4014 1522 4067 sed
1550 4023 1605 4068 et
1637 4014 1727 4068 ﬁlii
1755 4030 1820 4069 ne
1849 4029 2073 4083 peccato

500 4112 713 4172 patrum
757 4100 852 4156 ﬁlii
901 4101 1215 4156 viderentur
1251 4102 1488 4167 obnoxii,
1536 4103 1632 4157 sed
1655 4112 1712 4157 ut
1754 4120 1854 4175 par
1892 4114 1949 4159 et
1986 4122 2077 4175 pa-

504 4202 645 4245 trum
694 4202 746 4246 et
779 4190 1007 4246 ﬁliorum
1051 4201 1191 4248 esset
1243 4193 1509 4264 impietas.
1563 4194 1729 4249 Porro
1778 4196 1919 4264 quod
1976 4196 2074 4252 Se—

500 4282 777 4352 ptuaginta
800 4284 1207 4348 transtulerunt,
1227 4302 1246 4337 r
1259 4285 1533 4339 irritantes
1550 4299 1653 4349 me,
1671 4300 1690 4334 ι
1706 4286 1836 4346 sive,
1853 4308 1869 4339 σ
1886 4288 1935 4339 in
1953 4302 2091 4341 ama-

504 4373 794 4427 ritudinem
817 4373 1650 4445 convertentes,tilludsigniﬁcat
1681 4376 1821 4445 quod
1859 4376 1999 4431 Deus
2021 4388 2076 4432 et

502 4464 764 4533 benignus
792 4472 847 4517 et
872 4464 1041 4519 dulcis
1066 4473 1274 4530 natura,
1330 4466 1531 4520 nostris
1570 4467 1717 4520 vitiis
1752 4477 1988 4521 mutetur
2021 4470 2071 4523 in

2176 3304 2356 3345 meum
2374 3291 2752 3346 verebuntur.)
2770 3291 3031 3361 Loquitur
3057 3304 3233 3347 autem
3265 3294 3378 3349 banc
3406 3294 3547 3349 DUUS
3576 3297 3756 3349 ambi-

2174 3383 2351 3450 gentis
2394 3379 2612 3446 aﬁectu,
2662 3392 2722 3435 ut
2747 3380 2975 3435 liberum
3021 3383 3254 3438 hominis
3301 3394 3564 3438 monstret
3611 3386 3761 3439 arbi-

2179 3472 2358 3537 trium,
2396 3486 2461 3525 ne
2498 3470 2835 3539 priescientia
2879 3469 3181 3528 futurorum
3214 3474 3336 3526 mali
3378 3474 3455 3527 vel
3486 3475 3610 3528 boni
3654 3475 3760 3529 im-

2177 3562 2434 3617 mutabile
2477 3562 2642 3616 faciat
2687 3564 2831 3632 quod
2881 3564 3022 3617 Deus
3067 3562 3304 3617 futurum
3354 3565 3581 3618 noverit.
3633 3564 3755 3619 Non

2175 3653 2341 3714 cnim,
2373 3652 2499 3720 quia
2535 3652 2624 3706 ille
2658 3662 2879 3707 ventura
2925 3654 3222 3723 cognoscit,
3269 3669 3486 3709 necesse
3534 3664 3618 3708 est
3652 3672 3756 3709 nos

2180 3741 2358 3795 facere
2386 3741 2525 3809 quod
2554 3740 2642 3795 ille
2663 3742 2951 3811 pracscivit.
2984 3743 3089 3795 Sed
3120 3744 3261 3812 quod
3290 3759 3385 3796 nos
3415 3746 3628 3811 propria
3662 3760 3759 3795 vo-

2176 3830 2381 3884 luntate
2434 3845 2619 3884 sumus
2665 3830 2882 3892 facturi,
2933 3830 3019 3887 ille
3071 3834 3221 3886 nevit
3273 3834 3548 3894 futurum,
3597 3835 3756 3901 quasi

2180 3923 2335 3975 Deus.
2357 3921 2559 3993 (Greg.)
2587 3922 2725 3978 Ecce
2746 3932 2828 3977 est
2849 3938 2955 3977 una
2978 3924 3135 3992 culpa
3162 3924 3443 3993 superbiai,
3470 3928 3595 3994 quia
3618 3941 3759 3995 pra:-

2179 4014 2401 4067 varicati
2435 4022 2559 4067 sunt
2579 4023 2815 4082 pactum.
2847 4015 2983 4069 Ecce
3004 4014 3171 4069 altera
3194 4015 3595 4079 obstinationis,
3625 4019 3755 4086 quia

2177 4117 2347 4172 usque
2387 4102 2455 4156 ad
2494 4103 2634 4157 diem
2666 4103 2823 4157 hanc.
2866 4104 3024 4167 Ecce,
3070 4106 3121 4158 in
3164 4105 3447 4171 iniquitate
3493 4106 3754 4169 ﬁliorum,

2176 4193 2331 4261 culpa
2361 4193 2541 4263 gravis
2570 4193 2943 4261 impudentiae,
2977 4194 3102 4263 quia
3127 4196 3255 4248 dura
3293 4194 3449 4260 facie,
3495 4197 3753 4265 quoniam

2178 4284 2315 4338 mala
2365 4298 2483 4353 quin
2516 4283 2849 4351 faciuntjam
2883 4301 2982 4339 nec
3010 4288 3353 4349 erubescunt,
3383 4297 3437 4339 ct
3476 4304 3755 4356 tmnquaut

2175 4377 2259 4429 vel
2288 4386 2408 4446 post
2430 4376 2615 4446 culpas
2655 4378 2721 4431 ad
2757 4379 3125 4447 pumitentiam
3155 4379 3397 4440 redeunt,
3445 4381 3569 4448 quia
3600 4380 3756 4433 indo-

2177 4468 2358 4526 mabili
2403 4471 2566 4522 corde
2596 4478 2738 4523 sunt.
2754 4468 2902 4523 ’Cum
2937 4485 3063 4524 vero
3104 4478 3265 4524 tanta:
3306 4473 3588 4540 pravitatis
3627 4482 3752 4526 tan-

500 4555 933 4617 amaritudinem,
960 4558 1096 4610 sicut
1129 4561 1270 4609 enim
1307 4557 1511 4611 sanctis
1533 4557 1767 4611 dicitur:
1800 4577 1819 4609 ‹
1852 4559 2074 4615 Gustate
2100 4544 2150 4601 Ῐ)
2179 4566 2349 4628 neque
2376 4560 2757 4614 obstinationis
2794 4561 2901 4614 sint
2933 4562 2986 4615 bi
3019 4563 3085 4616 ad
3126 4577 3262 4631 quos
3291 4565 3551 4632 propinata
3584 4566 3751 4618 mitti-

502 4655 557 4699 et
578 4646 1041 4714 videte,quoniam
1056 4645 1231 4699 suavis
1250 4656 1330 4699 est
1351 4645 1610 4700 Dominus
1627 4647 1797 4718 (Psal.
1821 4650 2036 4720 xxxiii);
2052 4671 2068 4701 ι

504 4736 581 4789 sic
607 4744 922 4805 peccatores
938 4748 1061 4785 eum
1103 4748 1343 4788 amarum
1389 4736 1661 4801 sentiunt;
1692 4738 1834 4793 unde
1854 4749 1908 4791 et
1933 4741 2073 4809 Apo—

502 4827 673 4881 stolus
699 4825 993 4880 bonitatem
1018 4833 1073 4879 et
1100 4827 1441 4881 severitatem
1469 4827 1558 4880 Dei
1599 4843 1759 4897 super
1780 4841 1995 4886 sanctos
2020 4842 2075 4886 et

489 4925 812 4985 peceatores
859 4914 1051 4979 refert;
1090 4924 1146 4969 et
1172 4916 1237 4970 de
1280 4919 1655 4984 peccatoribus
1694 4922 1784 4989 qui
1816 4920 2073 4988 iacebant

503 5007 759 5074 scriptum
789 5014 908 5059 est:
936 5024 954 5056 ‹
985 5005 1241 5062 Dominus
1281 5009 1441 5077 erigit
1481 5010 1661 5074 elisos,
1696 5012 1951 5068 Dominus
1991 5017 2070 5069 di-

507 5096 623 5164 ligit
672 5095 883 5162 justos,
945 5095 1199 5148 Dominus
1268 5097 1427 5150 solvit
1485 5101 1817 5166 compeditos
1867 5101 2065 5169 (I‘sal.

503 5183 731 5251 cxn.v).i
778 5182 992 5235 Sanctis
1032 5199 1157 5236 vero
1198 5186 1464 5239 stantibus
1505 5189 1723 5255 praemia
1770 5189 2066 5256 pollicetur.

506 5269 727 5339 (Grcg.)
778 5269 1076 5325 Notandum
1118 5273 1257 5338 quod
1304 5274 1496 5327 dicitur
1544 5294 1555 5328 :
1603 5295 1619 5325 ι
1674 5277 1823 5331 Mitto
1870 5294 1967 5349 ego
2020 5293 2071 5337 te

506 5361 571 5411 ad
634 5359 770 5413 lilios
826 5358 1029 5422 Israel,
1094 5361 1161 5413 ad
1228 5372 1416 5430 gentes
1484 5368 1877 5432 apostatrices,
1953 5387 2072 5437 qua:

508 5456 847 5501 recesserunt
884 5464 913 5500 a
960 5463 1062 5501 me.
1118 5468 1136 5499 ι
1198 5448 1347 5504 Sicut
1391 5453 1534 5505 enim
1574 5454 1781 5508 duobus
1828 5460 2000 5513 modis
2042 5478 2068 5512 a

504 5533 612 5587 Deo
658 5535 945 5599 receditur,
990 5536 1061 5589 ita
1102 5537 1309 5591 duobus
1357 5542 1526 5596 modis
1571 5557 1599 5594 a
1642 5543 1750 5597 Deo
1812 5557 2071 5614 apostaue

511 5624 754 5678 homines
794 5623 951 5689 ﬁunt,
1005 5641 1129 5679 nam
1169 5631 1535 5699 unusquisque
1578 5648 1607 5685 a
1659 5636 1937 5689 conditore
1974 5654 2071 5691 suo

504 5722 598 5766 aut
628 5713 730 5767 lidc
760 5716 1069 5770 receditaut
1092 5731 1272 5786 opere.
1308 5719 1458 5773 Sicut
1489 5735 1633 5788 ergo,
1668 5724 1757 5787 qui
1790 5726 1890 5777 lidc
1925 5740 2072 5779 rece-

2178 4656 2283 4712 tnr,
2330 4650 2451 4718 quis
2471 4649 2581 4717 jam
2636 4666 2742 4703 non
2787 4652 2985 4714 videat,
3033 4652 3158 4720 quia
3198 4668 3425 4721 persona
3474 4657 3752 4723 propheta:

2175 4741 2337 4795 etiam
2367 4742 2635 4810 perversis
2677 4742 2982 4797 hominibus
3004 4744 3206 4813 despici
3241 4745 3445 4799 valeat?
3486 4748 3590 4800 Sed
3621 4762 3751 4803 ecce

2176 4832 2470 4884 auctoritas
2485 4845 2728 4898 personae
2748 4832 3000 4885 tribuitur
3020 4849 3139 4887 cum
3165 4834 3412 4889 subditur
3436 4854 3449 4889 :
3473 4856 3490 4885 ι
3515 4837 3578 4891 Et
3603 4839 3751 4894 uires

2174 4920 2238 4973 ad
2257 4932 2350 4973 eos
2373 4938 2383 4970 ε
2412 4919 2533 4974 Haec
2555 4919 2687 4974 dicit
2708 4920 2966 4976 Dominus
2988 4923 3145 4978 Deus.
3182 4945 3199 4976 ι
3227 4925 3304 4980 Ac
3326 4929 3369 4980 si
3392 4936 3574 4995 aperte
3596 4929 3746 4983 dice-

2178 5020 2328 5062 retur
2349 5027 2363 5065 :
2381 5009 2512 5075 Quia
2529 5025 2592 5063 ex
2612 5021 2662 5066 te
2684 5014 3013 5080 despieicris,
3037 5029 3099 5069 ex
3121 5031 3238 5070 mea
3253 5032 3384 5071 voce
3415 5033 3638 5074 necesse
3664 5033 3750 5075 est

2178 5110 2233 5153 ut
2256 5101 2510 5169 loquaris,
2530 5117 2626 5156 nec
2646 5106 3008 5160 contemnaris
3032 5107 3145 5175 ipse
3183 5109 3269 5177 qui
3307 5110 3559 5173 mitteris,
3587 5114 3748 5166 verba

2178 5207 2295 5243 mea
2325 5192 2635 5259 proferens,
2667 5195 2888 5249 ostende
2934 5212 3055 5250 cum
3106 5200 3195 5265 qui
3238 5199 3402 5252 misit.
3436 5199 3696 5268 Sequitur
3734 5223 3744 5254 :

2184 5300 2200 5329 ι
2227 5282 2283 5334 Si
2312 5280 2447 5335 forte
2474 5283 2714 5345 audiant,
2745 5296 2798 5337 ct
2823 5284 2865 5336 si
2896 5283 3034 5339 forte
3065 5288 3367 5354 quiescant,
3410 5289 3533 5357 quia
3558 5290 3753 5343 domus

2177 5387 2504 5440 exasperatis
2550 5380 2651 5424 est.
2686 5394 2701 5421 ο
2766 5372 2896 5425 Dum
2941 5385 3152 5427 constet
3198 5376 3339 5443 quod
3407 5378 3749 5447 omnipotens

2178 5463 2317 5516 Deus
2340 5464 2520 5516 omnia
2548 5464 2702 5525 sciat,
2738 5464 3039 5517 mirandum
3082 5464 3232 5518 valde
3274 5474 3356 5519 est
3396 5483 3493 5520 cur
3528 5468 3750 5530 dicitur,

2180 5570 2198 5601 ι
2228 5551 2272 5603 si
2298 5549 2433 5603 forte
2470 5552 2707 5611 audiant,
2730 5562 2786 5604 et
2820 5552 2862 5605 si
2892 5551 3029 5606 forte
3050 5554 3380 5619 quiescant.»
3412 5557 3755 5625 Quapropter

2175 5640 2449 5693 sciendum
2486 5650 2568 5694 est
2612 5642 2785 5704 nobis,
2839 5643 2962 5710 quia
3012 5644 3111 5695 ista
3160 5644 3423 5697 dubitatio
3462 5645 3757 5699 locutionis

2179 5728 2293 5793 Dei,
2327 5744 2429 5784 non
2461 5746 2523 5784 ex
2556 5731 2853 5801 ignorantia
2878 5771 2893 5796 ,
2935 5731 3027 5787 scd
3057 5748 3122 5787 ex
3153 5734 3327 5803 aliqua
3354 5734 3757 5803 signiﬁcatione
