3948 6380
196 438 297 503 2.2.15

1139 440 1492 505 COMMENT.
1532 443 1600 504 1N
1639 444 2090 506 EZEClilElEM.
2134 478 2202 488 --
2241 447 2366 501 LIB.
2412 448 2495 503 ιιι.

3315 454 3438 514 ,551

195 559 483 615 descendit.
523 558 654 613 Nam
689 562 810 630 quis
838 563 1046 616 ucsci.:t
1069 565 1209 631 quod
1240 564 1331 631 qui
1382 562 1510 618 fecit
1540 571 1593 618 ct
1624 563 1771 617 videt
1798 564 1843 623 Λ
1874 563 2231 617 damnationis
2281 562 2433 642 solet.
2478 563 2659 618 Scient
2702 578 2845 632 ergo,
2880 564 3001 634 quia
3049 565 3098 619 in
3144 566 3318 623 medio
3350 584 3442 625 eo.

192 650 369 703 omnia
390 690 403 713 ,
424 650 604 702 omnia
627 650 795 704 sciat?
815 650 882 704 Et
903 667 997 721 per
1025 654 1374 722 semetipsum
1398 652 1452 707 in
1481 652 1771 723 Evangelio

196 742 406 796 Veritas
421 743 487 797 de
506 741 825 797 Antichristi
852 745 1293 813 prmdicatoribus
1314 745 1478 801 dicit:
1508 765 1526 798 ι
1560 745 1773 801 Dabunt

194 832 343 903 signa
368 847 559 902 magna
592 842 645 887 et
671 834 939 905 prodigia,
966 835 1041 890 ita
1076 845 1133 890 ut
1160 836 1212 890 in
1244 851 1484 891 errorem
1510 836 1773 891 inducan—

197 932 303 988 tur,
328 922 372 977 si
403 923 519 977 ﬁeri
550 930 747 987 potest,
789 925 959 980 etiam
980 926 1138 981 eleCti
1176 925 1410 997 (Matth.
1438 941 1566 981 xxiv
1590 926 1631 997 ).
1663 925 1773 982 Cur

193 1013 295 1069 hoc
317 1013 418 1068 sub
455 1014 790 1071 dubitatione
826 1016 1048 1078 dicitur.
1080 1033 1203 1072 cum
1241 1017 1369 1085 quid
1413 1015 1666 1075 futurum
1690 1017 1773 1076 sit

192 1122 219 1159 a
256 1106 487 1161 Domino
534 1105 1088 1178 prmsciatur?Unum
1123 1120 1253 1164 vero
1302 1123 1370 1163 ex
1418 1107 1628 1163 duobus
1666 1115 1770 1175 est,

191 1197 319 1267 quia
345 1197 388 1252 si
413 1199 572 1254 electi
596 1207 743 1264 sunt,
766 1198 881 1271 fieri
909 1214 1013 1253 non
1042 1206 1247 1270 potest;
1273 1199 1317 1254 si
1340 1206 1519 1254 autem
1543 1200 1659 1255 fieri
1679 1215 1775 1271 po-

193 1296 328 1352 test,
357 1288 511 1345 electi
536 1305 641 1344 non
670 1298 813 1345 sunt.
843 1290 912 1344 Et
941 1299 1118 1345 tamen
1153 1289 1371 1355 dicitur,
1407 1309 1425 1341 c
1456 1300 1515 1345 ut
1539 1291 1591 1345 in
1620 1306 1774 1348 erro-

191 1394 307 1434 rem
351 1380 695 1443 inducantur,
734 1382 781 1435 si
816 1380 929 1436 ﬁeri
963 1389 1164 1451 potest,
1198 1382 1361 1438 etiam
1403 1383 1581 1438 electi.
1614 1403 1633 1435 ι
1666 1384 1773 1439 Ista

188 1485 322 1544 ergo
346 1473 609 1528 Dominici
639 1474 907 1529 sermonis
937 1474 1201 1533 dubitatio
1222 1486 1290 1529 ex
1326 1472 1620 1530 electorum
1654 1490 1775 1531 cor-

190 1564 382 1630 dibus,
424 1565 725 1635 designatio
776 1564 1093 1620 tentationis
1145 1564 1282 1631 fuit,
1330 1565 1457 1636 quia
1496 1566 1587 1636 qui
1617 1566 1773 1622 electi

186 1663 337 1718 sunt,
393 1655 460 1710 ad
519 1654 952 1725 persistendum,
997 1670 1097 1726 per
1148 1655 1303 1726 signa
1355 1656 1771 1726 praedicatorum

185 1737 505 1801 Antichristi
560 1745 912 1801 tentabuntur
973 1746 1040 1800 ad
1112 1745 1435 1801 cadendum.
1493 1742 1597 1801 Per
1670 1746 1774 1801 hoc

184 1848 317 1905 ergo
355 1834 498 1905 quod
535 1832 753 1901 dicitur,
798 1833 845 1891 si
881 1833 999 1891 ﬁeri
1042 1841 1249 1906 potest,’
1282 1837 1390 1893 hee
1427 1837 1766 1907 exprimitur,

1881 669 1995 706 rum
2033 655 2291 724 propheta
2343 654 2521 721 fuerit,
2572 663 2628 708 ut
2674 656 2853 709 audita
2904 656 3305 725 prmdicatione,
3350 667 3445 715 aut

1875 741 2211 809 adiuventur,
2235 752 2294 797 ut
2320 752 2567 816 surgant,
2596 753 2683 799 aut
2706 745 2787 800 sie
2811 745 3159 812 damnentur,
3190 756 3246 801 ut
3281 761 3445 805 excu—

1875 834 2083 889 satione
2108 843 2352 889 careant.

1952 941 1971 975 ι
2025 924 2103 979 Tu
2145 940 2299 996 ergo,
2352 925 2423 980 [ili
2467 925 2721 994 hominis,
2767 945 2833 1004 ne
2880 924 3069 984 timeas
3126 944 3224 995 eos,
3270 946 3445 1001 neque

1879 1035 1898 1066 ι
1929 1031 2205 1073 sermones
2252 1033 2441 1073 eorum
2490 1027 2734 1085 metuas,
2786 1021 3037 1090 quoniam
3094 1022 3349 1077 increduli
3390 1032 3447 1078 et

1880 1128 1897 1161 ι
1928 1112 2274 1187 subversqres
2298 1120 2425 1168 sunt
2454 1121 2628 1167 tecum
2662 1131 2675 1165 :
2704 1120 2761 1168 et
2794 1128 2914 1167 cum
2946 1115 3317 1184 scorpionibus
3344 1116 3446 1170 hac

1880 1220 1895 1251 ε
1935 1202 2095 1257 bitas.
2130 1201 2301 1257 Verba
2326 1217 2511 1258 eorum
2538 1218 2603 1257 ne
2628 1204 2837 1258 timeas.
2866 1203 2933 1258 Et
2953 1203 3129 1259 vultus
3150 1219 3335 1259 eorum
3378 1222 3447 1260 nc

1881 1311 1898 1341 ι
1936 1292 2209 1360 ΐυιᾚὶῐιῐρε,
2239 1293 2361 1361 quia
2389 1293 2578 1347 domus
2603 1308 2932 1364 exasperatis
2951 1303 3054 1360 est,
3076 1314 3094 1346 ι
3123 1304 3227 1350 etc.
3246 1296 3443 1367 (Ηίεν.)

1874 1382 2025 1437 Licet
2071 1383 2203 1437 dura
2240 1383 2449 1439 cervice
2487 1386 2595 1439 sint
2626 1393 2681 1440 et
2708 1386 2869 1442 corde
2905 1387 3239 1453 indomabili,
3270 1400 3447 1445 tamen

1875 1488 1993 1525 mea
2037 1480 2165 1528 sunt
2208 1471 2430 1528 fortiora
2465 1484 2753 1544 prtecepta,
2811 1491 2909 1530 nec
2946 1484 2999 1531 te
3024 1487 3179 1546 putes
3204 1493 3324 1532 esse
3353 1479 3448 1532 de-

1873 1570 2088 1632 ceptum
2138 1562 2183 1617 si
2231 1562 2466 1618 mittaris
2512 1564 2583 1618 ad
2606 1579 2733 1629 eos,
2763 1564 2853 1634 qui
2895 1573 2947 1620 te
2986 1566 3290 1635 loquentem
3339 1583 3446 1622 non

1876 1652 2110 1707 audiant.
2160 1652 2301 1708 Ecce
2325 1653 2563 1724 prtedico
2590 1654 2685 1709 tibi
2714 1655 2854 1725 quod
2900 1655 3187 1719 insaniant,
3227 1666 3281 1711 et
3320 1672 3449 1711 eon-

1873 1749 2160 1812 gregentur
2184 1742 2469 1798 adversum
2502 1751 2555 1799 te
2582 1751 2637 1800 et
2673 1744 3010 1800 circumdent
3033 1756 3106 1812 te,
3139 1747 3338 1801 nullum
3369 1746 3447 1802 cf-

1872 1833 2075 1905 fugium
2126 1826 2648 1906 tibirelinquentes.
2693 1836 2807 1894 [ioc
2846 1847 3026 1895 autem
3073 1838 3292 1905 facient,
3318 1842 3446 1910 quia

184 1925 331 1995 quod
371 1924 529 1981 electi
561 1926 614 1979 in
638 1926 801 1982 corde
832 1927 1218 1994 tentabuntur;
1253 1936 1448 1983 nutant
1474 1929 1641 1995 enim,
1669 1930 1763 1984 sed
1793 1917 1840 1977 Β
1869 1921 2127 1989 increduli
2146 1931 2294 1990 sunt,
2316 1931 2373 1978 et
2404 1923 2502 1980 Dei
2529 1926 2755 1995 imperia
2783 1936 3206 2005 contemnentes.
3240 1927 3443 2001 (Greg.)

185 2030 291 2069 non
322 2016 543 2070 cadunt.
582 2017 725 2073 Deus
752 2032 883 2089 ergo
913 2018 1049 2073 dicit
1077 2037 1096 2069 ι
1125 2018 1171 2073 si
1211 2018 1329 2074 ﬁeri
1356 2027 1557 2090 potest,
1588 2038 1607 2073 ι
1641 2020 1767 2091 quia

184 2104 551 2177 trepidabunt,
579 2116 635 2162 et
661 2116 843 2164 tamen
869 2109 1123 2165 dicuntur
1158 2109 1343 2177 electi,
1374 2112 1501 2181 quia
1543 2126 1648 2169 non
1679 2126 1769 2168 ca-

183 2196 339 2251 dunt.
369 2198 644 2253 Dubitatio
693 2199 876 2271 itaque
918 2202 1187 2257 sermonis
1218 2218 1248 2257 a
1286 2203 1530 2267 Domino,
1573 2204 1626 2258 in
1654 2202 1766 2261 ele-

180 2284 285 2342 ctis
313 2287 568 2356 exprimit
596 2289 1005 2360 trepidationem
1029 2292 1258 2358 mentis;
1285 2306 1420 2362 quos
1442 2292 1646 2349 electos
1667 2308 1766 2350 no-

182 2373 375 2437 minat,
408 2377 531 2445 quia
560 2379 737 2434 cernit
786 2380 930 2450 quod
964 2379 1019 2435 in
1062 2379 1164 2436 nde
1189 2389 1245 2437 et
1273 2382 1417 2438 bono
1452 2396 1616 2452 opere
1643 2396 1768 2454 per-

182 2465 397 2521 sistant.
428 2466 580 2523 Unde
607 2469 694 2526 hic
724 2486 940 2541 quoque
969 2473 1197 2528 dicitur:
1225 2492 1244 2525 ι
1274 2474 1333 2529 Si
1354 2475 1493 2531 forte
1522 2474 1763 2541 audiant,

180 2566 235 2611 et
264 2557 317 2612 si
337 2556 474 2613 forte
498 2560 798 2629 quiescant.
825 2582 843 2614 ι
865 2562 969 2617 Per
989 2563 1091 2619 hoc
1110 2564 1255 2636 enim
1277 2565 1419 2634 quod
1440 2564 1657 2631 dicitur,
1677 2566 1766 2621 «Si

182 2647 342 2713 forte,
370 2650 495 2720 quia
518 2664 583 2706 ex
605 2667 795 2722 magna
819 2652 1160 2709 multitudine
1185 2655 1338 2724 pauci
1367 2655 1602 2711 audituri
1617 2665 1764 2724 sunt,

180 2738 603 2824 dempustratur.
624 2742 724 2798 Per
748 2744 1137 2800 dubitationem
1160 2761 1289 2816 ergo
1315 2762 1624 2803 sermonum
1647 2748 1764 2815 Dei,

179 2829 314 2899 quid
341 2830 677 2900 signiﬁcatur
698 2832 842 2886 aliud
864 2833 967 2888 nisi
990 2836 1233 2902 paucitas
1256 2836 1597 2892 auditorum?
1623 2836 1766 2892 Pen-

180 2931 388 2982 semus,
412 2932 562 2992 rogo,
593 2928 711 2990 quae
738 2922 912 2987 virtus
939 2923 1010 2977 sit
1041 2925 1094 2987 in
1125 2924 1229 2979 hoc
1260 2925 1524 2982 Dominici
1562 2943 1767 2984 sermo.

182 3007 263 3061 nis
284 3007 501 3071 eli'ectu,
525 3017 586 3064 ut
605 3010 766 3077 dicat,
790 3031 807 3064 ι
833 3011 889 3067 Si
914 3012 1051 3069 forte
1072 3014 1156 3069 vel
1186 3016 1284 3085 ipsi
1309 3018 1550 3081 audiant,
1575 3036 1593 3070 ι
1613 3019 1769 3076 nobis

182 3102 283 3157 hoc
310 3112 497 3173 aperte
542 3105 693 3172 dicit,
724 3106 849 3176 quia
891 3105 1097 3171 afﬂicti,
1130 3109 1361 3174 obsessi,
1398 3110 1606 3176 inclusi,
1644 3126 1765 3166 om-

180 3192 290 3256 nia,
326 3210 445 3264 qure
478 3196 532 3250 in
557 3197 660 3252 hoc
682 3198 879 3253 mundo
903 3198 1214 3265 habuimus,
1244 3200 1384 3255 bona
1408 3200 1762 3270 perdidimus,

1867 2010 2021 2065 Patet
2042 2010 2112 2066 ad
2144 2027 2306 2081 quam
2331 2027 2612 2083 perversos
2635 2014 2690 2068 in
2714 2015 3145 2085 prmdicationem
3194 2018 3442 2083 mittitur,

1867 2098 1958 2168 qui
1982 2114 2050 2153 ne
2092 2098 2282 2156 timeat
2334 2113 2731 2158 eommonetur.
2776 2103 2843 2158 Et
2887 2105 3010 2174 quia
3053 2106 3447 2177 praviquiquc

1865 2187 2005 2243 bona
2045 2189 2143 2244 sibi
2188 2189 2534 2261 loquentibus
2557 2192 2661 2248 alia
2701 2194 2883 2264 iniqua
2912 2193 3117 2250 faciunt
3188 2206 3243 2250 et
3272 2198 3447 2251 adhuc

1865 2279 1969 2335 alia
1994 2266 2289 2348 minantur,
2316 2294 2537 2354 propter
2557 2282 2645 2339 illa
2677 2300 2797 2355 qua:
2827 2284 3029 2339 faciunt
3050 2284 3279 2341 dicitur:
3318 2304 3335 2336 ι
3370 2286 3447 2342 Nc

1868 2373 2062 2429 timeas
2099 2387 2215 2428 eos.
2247 2392 2267 2426 ι
2302 2374 2369 2429 Ει
2395 2382 2616 2446 propter
2638 2376 2741 2431 hoc
2766 2378 2909 2446 quod
2941 2376 3216 2431 minantur
3254 2375 3446 2445 adjun-

1869 2463 2016 2536 gitur
2040 2479 2057 2521 :
2085 2482 2105 2516 ι
2131 2463 2319 2535 Neque
2342 2479 2620 2527 sermones
2643 2482 2832 2522 eorum
2852 2476 3077 2523 metuas.
3104 2488 3123 2520 ι
3155 2467 3251 2525 Vel
3275 2477 3447 2534 certe,

1867 2556 1995 2627 quia
2020 2557 2239 2629 reprobi
2261 2566 2316 2613 et
2342 2558 2480 2612 mala
2522 2558 2679 2613 bonis
2715 2559 2980 2629 ingerunt,
3013 2568 3069 2615 et
3090 2576 3275 2617 eorum
3303 2577 3447 2617 sem—

1868 2651 2208 2719 per’actibus
2250 2650 2527 2720 derogant,
2568 2649 2837 2720 PrOphctu
2878 2650 3077 2707 missus
3127 2652 3450 2707 admonetur

1870 2756 1940 2797 ne
1972 2757 2163 2798 eorum
2206 2742 2291 2797 vel
2335 2741 2707 2798 crudelitatem
2737 2750 2972 2809 metuat,
3017 2743 3101 2798 vel
3131 2743 3290 2799 verba
3329 2760 3448 2813 per.

1870 2833 2138 2888 timeseat.
2192 2832 2249 2886 In
2297 2833 2400 2888 hoc
2448 2833 2629 2903 itaque
2677 2834 2820 2903 quod
2859 2833 3079 2899 dicitur,
3129 2850 3192 2887 ne
3239 2836 3443 2899 timeas,

1870 2925 2144 2996 prepheta:
2194 2925 2354 2980 datur
2393 2926 2687 2981 auctoritas
2732 2926 3150 2995 praedicationis.
3213 2927 3278 2980 Et
3320 2929 3447 2997 quia

1870 3028 2060 3068 omnes
2094 3013 2184 3083 qui
2224 3016 2276 3068 in
2313 3014 2423 3070 Deo
2453 3014 2680 3071 vivimus
2720 3030 2933 3086 organa-
2959 3008 3203 3071 veritatis
3238 3033 3444 3082 sumus,

1870 3110 1929 3156 ut
1952 3118 2092 3173 sape
2116 3119 2215 3174 per
2243 3104 2405 3159 alium
2427 3104 2558 3158 mihi
2576 3144 2593 3170 ,
2638 3118 2782 3174 sape
2808 3119 2937 3160 vero
2963 3114 3019 3161 et
3045 3106 3165 3161 aliis
3197 3107 3447 3176 loquatur

1871 3206 1971 3262 per
1995 3208 2081 3248 me
2110 3211 2124 3248 :
2155 3194 2236 3249 sic
2274 3194 2429 3249 nobis
2455 3194 2580 3249 boni
2612 3194 2763 3250 verbi
2791 3195 2969 3250 inesse
3013 3197 3309 3252 auctoritas
3349 3200 3448 3253 de-

179 3284 347 3338 urbes
380 3293 581 3348 erutas,
607 3301 792 3341 eversa
816 3296 1017 3354 castra,
1059 3288 1409 3360 depopulatos
1438 3306 1616 3361 agros,
1649 3292 1763 3347 suf-

1869 3286 1978 3351 bet,
2007 3293 2069 3341 ut
2102 3288 2148 3343 is
2183 3287 2276 3357 qui
2300 3294 2497 3357 praeest
2531 3288 2675 3343 dicat
2721 3296 2869 3344 recta
2914 3288 3099 3353 libere,
3168 3301 3223 3345 et
3268 3292 3314 3347 is
3353 3297 3447 3362 qui

181 3371 355 3429 fossas
388 3375 659 3431 Ecclesias
684 3377 934 3434 vidimus.
973 3380 1039 3434 Et
1084 3389 1259 3434 tamen
1299 3382 1475 3437 adhuc
1508 3391 1764 3451 parentes

179 3482 399 3525 nostros
429 3471 494 3525 ad
526 3471 842 3543 iniquitates
870 3474 1166 3545 sequimur,
1196 3476 1263 3531 ab
1290 3492 1477 3531 eorum
1504 3478 1759 3544 elatione,

178 3574 343 3628 quam
381 3563 635 3627 vidimus,
673 3581 779 3620 non
813 3574 1104 3622 mutamur.
1137 3567 1203 3622 Et
1248 3568 1325 3623 illi
1369 3569 1584 3639 quidem
1622 3572 1767 3627 inter

177 3655 401 3721 gaudia,
436 3670 534 3709 nos
570 3671 716 3723 vero,
745 3657 888 3726 quod
926 3668 1013 3713 est
1043 3658 1277 3730 gravius,
1309 3669 1363 3723 et
1394 3660 1533 3715 inter
1559 3660 1763 3731 ﬂagella

178 3758 490 3810 peccamus.
520 3744 627 3801 Sed
655 3760 781 3801 ecce
808 3747 1148 3817 omnipotens
1174 3748 1315 3803 Deus
1355 3749 1767 3819 iniquitatesju-

178 3833 389 3899 dicaris,
408 3833 521 3903 jam
538 3837 747 3906 priores
771 3846 986 3893 n03tros
1009 3838 1249 3903 abstulit,
1272 3836 1387 3905 jam
1416 3840 1482 3893 ad
1499 3840 1763 3909 judicium

175 3924 419 3989 vocavit,
467 3940 565 3980 nos
606 3925 783 3982 adhuc
820 3927 887 3981 ad
915 3927 1287 3997 penitentiam
1319 3936 1621 3999 exspectat,
1667 3944 1765 3985 nos

177 4012 245 4065 ad
272 4016 656 4069 revertendum
702 4016 951 4081 Sustinet,
996 4027 1053 4072 et
1091 4018 1182 4088 qui
1228 4018 1282 4072 in
1321 4018 1423 4073 illis
1456 4017 1571 4087 jam
1615 4018 1764 4087 judi-

176 4103 325 4156 cittm
360 4106 626 4170 exercuit,
658 4106 813 4163 nobis
839 4123 949 4162 sure
976 4107 1251 4177 patientim
1298 4108 1764 4181 longanimitatem

176 4203 457 4265 prorogat,
490 4210 589 4250 nec
612 4212 733 4251 cum
762 4198 961 4253 nostris
987 4199 1259 4267 prioribus
1289 4202 1504 4269 perdat,
1538 4200 1725 4256 dicens
1749 4216 1763 4253 :

186 4303 203 4334 r
240 4284 300 4340 Si
347 4285 487 4341 forte
531 4288 613 4341 vel
661 4284 760 4358 ipsi
802 4290 1041 4354 audiant,
1094 4300 1148 4345 et
1188 4292 1233 4346 si
1277 4291 1414 4347 forte
1462 4293 1763 4362 quiescant,

175 4378 306 4445 quia
339 4379 529 4433 domus
574 4396 907 4451 exasperans
950 4390 1053 4437 est.
1094 4400 1112 4432 ι
1153 4380 1341 4437 Omnis
1380 4383 1560 4436 anima
1598 4384 1764 4437 etiam

175 4480 301 4537 post
353 4482 628 4540 acceptam
678 4474 835 4527 {idem
880 4473 932 4527 in
972 4474 1325 4542 perversitate
1372 4488 1469 4528 sua
1512 4481 1603 4527 aut
1643 4488 1765 4542 pcr-

174 4576 408 4616 manens
444 4572 537 4616 aut
585 4574 863 4618 revertens
908 4564 1098 4618 domus
1146 4576 1473 4634 exasperans
1519 4572 1760 4618 vocatur.

1865 3376 2071 3440 subest,
2110 3375 2315 3431 inferre
2345 3376 2484 3431 bona
2522 3376 2795 3432 humiliter
2827 3392 2934 3432 non
2967 3388 3199 3434 recuset.
3236 3381 3443 3436 Bonum

1865 3469 2013 3524 enim
2055 3470 2197 3539 quod
2224 3469 2413 3540 majori
2448 3484 2477 3523 a
2506 3469 2714 3525 minore
2753 3469 2968 3534 dicitur,
3019 3479 3148 3525 tunc
3177 3487 3300 3526 vere
3348 3474 3446 3529 bo-

1866 3575 1992 3613 num
2016 3567 2118 3625 est,
2144 3560 2191 3614 si
2226 3558 2500 3615 humiliter
2526 3559 2754 3615 dicatur.
2787 3559 2923 3615 Nam
2946 3559 2991 3616 si
3021 3562 3289 3617 rectitude
3316 3580 3442 3618 sen—

1867 3652 2031 3706 tiendi
2060 3650 2420 3706 humilitatem
2445 3651 2695 3721 loquendi
2716 3652 3031 3723 perdiderit,
3062 3653 3298 3709 radicem
3321 3671 3443 3710 sem

1867 3757 1959 3797 sus
1990 3742 2041 3795 in
2075 3757 2225 3796 ramo
2271 3742 2465 3813 lingua:
2500 3742 2728 3817 vitiavit.
2760 3744 2913 3811 Quod
2946 3745 3193 3801 videlicet
3226 3748 3438 3812 vitium,

1860 3831 1971 3899 jam
2002 3848 2106 3886 non
2134 3849 2199 3887 ex
2228 3848 2401 3896 ramo,
2445 3833 2539 3887 sed
2585 3849 2650 3888 ex
2679 3835 2861 3889 radice
2904 3843 3005 3891 est.
3041 3835 3175 3903 Quia
3211 3838 3313 3892 nisi
3345 3854 3441 3893 cor

1866 3927 2287 3989 intumesceret,
2351 3926 2531 3997 lingua
2597 3927 2826 3983 minime
2885 3928 3205 3997 superbiret.
3262 3930 3443 3985 [nesse

1866 4031 1993 4086 ergo
2022 4015 2189 4085 priori
2212 4015 2280 4069 ad
2309 4014 2632 4085 loquendum
2661 4017 2879 4071 humilis
2907 4019 3223 4085 auctoritas,
3263 4020 3441 4075 inesse

1866 4115 2045 4160 autem
2093 4106 2285 4161 minori
2325 4105 2495 4162 libera
2539 4107 2815 4164 humilitas
2852 4109 3030 4165 debet.
3076 4111 3436 4169 Discernenda

1866 4210 1993 4265 ergo
2038 4211 2249 4266 semper
2287 4206 2411 4251 sunt
2451 4198 2670 4252 libertas
2686 4207 2752 4261 et
2779 4200 3361 4270 superbia,'humilitas
3386 4215 3442 4258 et

1868 4290 2049 4351 timor,
2094 4301 2160 4341 ne
2198 4297 2287 4343 aut
2320 4289 2485 4343 timor
2532 4290 2911 4357 humilitatem,
2957 4302 3050 4347 aut
3084 4307 3141 4348 se
3186 4296 3440 4365 Superbia

1865 4377 2166 4431 libertatem
2206 4376 2391 4447 ﬁngat.
2433 4378 2682 4433 Ezechiel
2718 4380 2899 4449 itaque
2939 4381 3064 4447 quia
3113 4397 3217 4436 non
3263 4383 3437 4437 solum

1864 4468 2085 4536 populo,
2126 4469 2219 4523 sed
2260 4468 2421 4523 etiam
2461 4469 2764 4524 senioribus
2804 4468 2949 4539 loqui
2997 4471 3331 4537 mittebatur,
3371 4489 3441 4528 ne

1869 4559 2143 4613 incautum
2187 4561 2432 4615 timorem
2463 4559 2825 4615 humilitatem
2865 4560 3129 4627 crederet,
3162 4572 3219 4616 ut
3250 4564 3439 4619 timere

173 4651 314 4718 Quia
339 4666 461 4706 eum
484 4668 644 4721 quem
680 4668 777 4721 per
806 4652 965 4709 tidem
1000 4626 1330 4723 susceperat,
1382 4653 1589 4724 repellit
1631 4668 1660 4707 a
1705 4669 1762 4709 se
1792 4626 1841 4685 D
1868 4664 1973 4704 non
2007 4649 2198 4703 debeat
2225 4657 2613 4711 commonetur,
2642 4650 2767 4703 dum
2808 4648 3047 4703 dicitur:
3084 4668 3103 4700 ι
3141 4650 3217 4706 Ne
3248 4653 3440 4707 timeas

174 4743 366 4812 pravis
411 4744 650 4797 moribus
681 4743 1039 4799 habitatorem
1069 4745 1256 4799 Deum.
1304 4743 1437 4798 Nam
1465 4745 1657 4800 domus
1688 4745 1765 4798 in-

175 4822 514 4889 habitabitur
534 4849 565 4888 a
595 4834 831 4889 domino.
866 4832 923 4888 Si
950 4850 1077 4905 ergo
1104 4836 1315 4900 domus,
1341 4840 1508 4905 quare
1538 4852 1763 4906 exaspe-

174 4941 330 4987 rans,
368 4926 413 4979 si
448 4940 576 4980 vero
605 4938 953 4994 eraspcrans,
994 4940 1162 4998 quare
1194 4927 1406 4991 domus,
1435 4942 1554 4995 quae
1578 4928 1762 4997 utique

165 5014 280 5081 jam
318 5032 425 5071 non
453 5016 859 5080 inbabitabitur,
892 5015 983 5070 sed
1016 5017 1227 5081 domus,
1262 5018 1385 5088 quia
1434 5018 1487 5072 in
1524 5033 1586 5073 ea
1618 5018 1760 5075 Deus

172 5121 271 5174 per
316 5104 476 5159 iidem
518 5106 767 5161 habitare
808 5116 1063 5175 cmperat.
1111 5108 1449 5177 Exasperans
1491 5126 1618 5165 vero
1653 5121 1756 5178 est,

171 5196 300 5264 quia
340 5196 409 5249 ab
432 5212 493 5251 ca
526 5197 707 5266 pravis
736 5197 974 5251 moribus
1002 5198 1187 5267 pulsus
1216 5201 1365 5265 exiit,
1393 5211 1451 5255 ut
1474 5219 1639 5257 vacua
1670 5218 1755 5257 re-

172 5299 419 5351 maneat,
462 5306 619 5359 qnam
663 5292 811 5360 prius
852 5292 1093 5347 cmlestis
1130 5290 1461 5350 inhabitator
1497 5284 1755 5367 replebat.

171 5381 333 5437 Unde
384 5382 547 5437 etiam
599 5384 739 5437 sicut
778 5382 1031 5437 Veritatis
1061 5399 1192 5438 voce
1239 5388 1607 5455 cognovimus,
1664 5403 1756 5442 ne-

168 5475 473 5543 quissimus
526 5474 747 5544 spiritus
781 5490 901 5529 cum
951 5482 1153 5544 septem
1201 5475 1320 5530 aliis
1372 5478 1607 5543 rediens,
1658 5479 1756 5533 do-

168 5582 322 5630 mum
347 5566 525 5635 scopis
552 5567 861 5620 mandatam
887 5566 1108 5627 invenit,
1126 5567 1251 5635 quia
1282 5577 1514 5623 mentem
1533 5585 1564 5623 a
1588 5571 1760 5624 virtu-

169 5659 319 5713 tibus
340 5656 567 5711 alienam
588 5657 774 5726 replet.
801 5655 1056 5726 Sequitur
1081 5676 1093 5711 :
1132 5676 1149 5707 ι
1185 5656 1250 5711 Et
1288 5659 1461 5713 scient
1492 5660 1617 5729 quia
1640 5676 1761 5730 pro-

168 5752 337 5822 pheta
373 5747 533 5805 fuerit
558 5748 613 5801 in
643 5749 820 5803 medio
841 5763 1052 5818 eorum.
1079 5769 1096 5800 ›
1128 5748 1280 5804 Malis
1306 5750 1446 5803 scire
1481 5750 1651 5804 bonos
1673 5761 1765 5805 aut

170 5843 236 5897 ad
261 5838 589 5908 adiutorium
636 5838 827 5895 salutis
855 5840 1119 5908 proiicere
1138 5882 1151 5909 ,
1189 5850 1279 5895 aut
1302 5842 1367 5895 ad
1396 5842 1761 5897 testimonium

416 5929 687 5991 ΡΑτιιυι..
730 5925 869 5988 CX.

1866 4758 1978 4796 eos.
2018 4761 2035 4792 )
2067 4740 2146 4794 Ac
2176 4756 2242 4795 ne
2269 4739 2406 4795 forte
2447 4739 2810 4810 derogationis
2840 4755 3027 4795 eorum
3068 4743 3227 4797 verba
3266 4744 3436 4813 perti-

1866 4841 2091 4897 mescat,
2137 4826 2445 4901 adiungitur
2476 4848 2489 4884 :
2532 4848 2550 4881 ι
2584 4829 2767 4901 Neque
2797 4845 3071 4886 sermones
3098 4846 3284 4887 eorum
3327 4848 3439 4889 me-

1866 4933 2047 4977 tuas.»
2085 4923 2193 4977 Cur
2218 4932 2397 4977 autem
2445 4921 2655 4992 linguas
2700 4922 3068 4991 derogantium
3112 4922 3301 4978 timere
3331 4940 3436 4979 non

1863 5016 2073 5080 debeat,
2100 5016 2262 5069 etiam
2287 5029 2444 5067 causa
2476 5012 2835 5082 sulijungitur,
2868 5027 2989 5066 eum
3033 5012 3278 5083 pretinus
3307 5014 3435 5070 sub-

1864 5105 2123 5173 iufertur:
2150 5123 2167 5151 ι
2190 5102 2454 5169 Quoniam
2478 5100 2735 5155 increduli
2763 5109 2818 5155 et
2844 5100 3192 5156 subversores
3216 5112 3333 5156 sunt
3361 5111 3438 5157 te-

1862 5212 2003 5260 Cum,
2023 5203 2211 5250 etcum
2234 5192 2605 5263 scorpionibus
2627 5192 2859 5246 habitas.
2885 5210 2901 5242 ι
2925 5190 3120 5263 (Ηξεν.)
3140 5192 3437 5261 Unusquis-

1862 5304 1965 5357 que
1993 5303 2089 5357 pro
2136 5286 2375 5342 moribus
2402 5286 2515 5339 suis
2558 5284 2782 5355 sortitur
2801 5283 3136 5347 vocabulum,
3170 5285 3361 5338 scribis
3380 5294 3435 5337 ct

1862 5379 2148 5435 Pharisaeis
2172 5374 2367 5432 dicitur
2394 5391 2405 5428 ε
2441 5395 2457 5426 ι
2482 5373 2768 5431 chcratio
2788 5375 3144 5442 viperaruma
3169 5373 3432 5428 Etdcﬂe-

1862 5474 2011 5537 rode,
2028 5472 2117 5542 qui
2134 5467 2434 5537 versipellis
2446 5474 2592 5521 erat:
2615 5485 2632 5518 ι
2654 5465 2730 5519 lte
2742 5474 2795 5519 et
2810 5462 3121 5533 dicitcvulpi
3136 5464 3261 5518 huic
3278 5463 3428 5532 (Luc.

1863 5565 2016 5632 xm).
2052 5584 2071 5615 ι
2108 5562 2175 5615 Ει
2197 5558 2686 5631 pseudoprophetm
2710 5555 2911 5609 in'hoc
2943 5553 3129 5608 eodem
3170 5556 3425 5624 propheta

1864 5657 2111 5727 vulpibus
2159 5656 2558 5724 comparantur.
2610 5648 2679 5702 Et
2724 5661 2867 5701 nunc
2909 5645 3072 5704 ‘cordc
3120 5644 3426 5699 indomabili

1864 5743 2177 5815 scorpiones
2221 5756 2337 5797 esse
2364 5741 2635 5796 dicuntur.
2670 5737 2822 5795 Unde
2860 5748 2907 5792 ot
2942 5736 2993 5791 in
3018 5734 3305 5805 Evangeiio
3350 5734 3430 5789 le-

1866 5840 2079 5911 gimus:
2114 5853 2132 5888 ‹
2167 5834 2366 5892 Omnes
2413 5828 2502 5905 qui
2552 5839 2672 5886 ante
2714 5845 2796 5887 me
2825 5821 3094 5881 ~venerunt
3141 5826 3288 5883 iures
3319 5825 3431 5884 fue-

2923 5920 2997 5979 13
