3948 6386
540 432 642 487 ἓὸὃ

1225 433 1287 489 Β.
1328 433 1577 490 RABANI
1619 436 1835 492 MAURI
1873 436 2188 493 AllClllEP.
2232 436 2539 494 MOCUNT.
2569 436 2852 496 OPEKUM
2891 439 3071 497 PARS
3106 441 3172 497 ll.

3712 440 3804 503 556

539 553 665 599 runt
689 552 744 600 et
768 544 1029 609 latrones,
1074 553 1129 599 et
1158 558 1264 599 non
1294 546 1583 601 audierunt
1626 563 1720 603 eos
1756 564 1883 603 oves
1909 550 1927 623 (
1955 548 2115 604 Joan.
2148 554 2199 612 Α
2224 549 2441 606 virtutis
2480 551 2819 618 invenerint,
2858 564 2916 607 nt
2947 555 2994 608 ei
3034 554 3183 624 loqui
3224 559 3501 611 contraria
3532 573 3640 613 non
3677 574 3807 629 pra:-

538 638 614 711 ι).
629 656 647 690 ι
668 637 734 692 Et
756 638 1025 707 quomodo
1046 652 1175 692 oves
1191 638 1413 707 perditae
1435 639 1627 696 domus
1649 641 1811 695 lsracl
1836 642 2121 700 audit-runt

539 728 923 784 adversarios?
952 726 1030 781 Ex
1072 744 1180 799 quo
1220 729 1545 795 ostenditur,
1581 746 1676 786 eos
1719 731 1812 801 qui
1853 732 2123 786 audierint

538 821 686 876 fures
720 828 775 874 et
815 819 1056 873 latrones
1101 819 1286 874 ovium
1331 819 1654 875 vocabulum
1707 822 2025 892 perdidisse,
2066 833 2119 878 et

538 910 644 965 alia
673 909 1032 978 assumpsisse
1061 911 1280 964 nomina
1300 952 1314 977 ,
1358 922 1418 966 ut
1465 927 1570 965 non
1600 913 1754 982 quasi
1774 927 1917 967 'oves
1944 913 2121 981 perie-

537 1003 665 1065 rint,
706 1000 799 1055 sed
819 1000 973 1071 quasi
1003 1000 1224 1070 viperze,
1250 1000 1435 1071 vulpes
1461 1010 1514 1055 et
1552 1002 1882 1072 scorpiones.
1914 1000 2117 1075 (Greg.)

537 1090 784 1146 Timendi
809 1091 952 1145 enim
978 1099 1161 1145 essent
1180 1090 1234 1144 hi
1257 1091 1450 1160 quibus
1474 1091 1617 1160 loqui
1640 1092 1968 1154 mittebatur,
1988 1091 2035 1145 si
2064 1092 2117 1144 in

535 1181 639 1237 fide
673 1190 729 1237 et
768 1179 822 1235 in
866 1195 1030 1250 opere
1074 1180 1184 1235 Deo
1209 1180 1562 1249 omnipotenti
1588 1180 1938 1250 placuissent.
1982 1179 2116 1247 Quia

534 1281 717 1329 autem
752 1271 1016 1328 increduli
1042 1280 1099 1327 et
1129 1272 1481 1327 subversores
1513 1283 1656 1336 sunt,
1690 1273 1742 1326 in
1779 1272 2117 1327 sermonibus

534 1367 875 1436 derogantes,
924 1363 1149 1419 timendi
1196 1377 1301 1419 non
1335 1373 1480 1430 sunt,
1530 1365 1657 1434 quia
1696 1366 1920 1419 stultum
1966 1364 2117 1435 valde

532 1464 635 1520 est,
659 1455 703 1509 si
735 1454 840 1509 illis
861 1453 1078 1523 placere
1106 1454 1424 1523 quaerimus,
1455 1470 1591 1524 quos
1621 1470 1725 1510 non
1764 1456 1979 1526 placere
2006 1455 2116 1510 Deo

532 1556 751 1609 scimus.
803 1554 1009 1611 Debent
1044 1555 1189 1609 enim
1234 1554 1420 1610 haberi
1448 1555 1503 1609 in
1542 1564 1691 1610 metu
1731 1564 1787 1612 et
1812 1555 2114 1610 reverentia

526 1648 728 1718 judicia
758 1648 1050 1719 justorum,
1118 1648 1245 1718 quia
1289 1648 1533 1703 membra
1585 1648 1971 1718 omnipotentis
2020 1647 2116 1702 Dei

532 1750 677 1795 sunt.
723 1739 788 1795 Et
824 1741 928 1796 hoc
964 1741 1066 1811 ipsi
1094 1741 1147 1794 in
1178 1749 1325 1796 terra
1365 1740 1789 1810 reprehendunt,
1836 1740 1980 1809 quod
2011 1740 2117 1794 Do-

532 1835 713 1889 minus
749 1834 1035 1905 redarguet
1062 1835 1271 1890 ecmlo.
1312 1833 1446 1890 Nam
1475 1850 1852 1906 perversurum
1890 1836 2115 1906 deroga—

2224 650 2461 707 sumant,
2509 642 2637 713 quia
2680 646 3033 701 subversores
3081 662 3202 703 esse
3245 663 3353 703 non
3399 659 3649 719 possunt,
3700 662 3804 707 sta-

2222 732 2318 786 tim
2351 734 2665 803 scorpiones
2695 734 2847 789 fiunt.
2888 734 3113 806 Scorpio
3161 746 3342 793 autem
3373 740 3642 810 palpando
3669 743 3806 797 incc-

2221 820 2318 887 dit,
2350 823 2443 877 sed
2475 823 2647 877 cauda
2690 822 2834 889 ferit,
2866 840 2965 880 nec
3005 828 3215 881 mordet
3258 841 3288 880 a
3319 826 3479 895 faeie,
3509 830 3603 885 sed
3660 847 3688 884 a
3721 848 3806 901 po-

2219 909 2539 965 sterioribus
2596 920 2755 967 nocet
2803 931 2816 967 :
2868 916 3181 983 scorpiones
3241 931 3376 988 ergo
3442 927 3570 974 sunt
3625 936 3806 976 omnes

2219 998 2397 1065 blandi
2430 1010 2487 1056 et
2520 1002 2807 1068 malitiosi,
2837 1006 2929 1074 qui
2952 1007 3108 1061 bonis
3133 1007 3351 1085 quidem
3394 1011 3447 1063 in
3482 1011 3671 1065 faciem
3706 1028 3804 1066 non

2219 1091 2513 1159 resistunt,
2565 1095 2660 1150 sed
2707 1109 2832 1150 mox
2877 1104 2933 1149 ut
2981 1099 3309 1153 recesserint
3353 1100 3640 1171 derogant,
3680 1102 3806 1156 alios

2220 1195 2356 1249 quos
2384 1184 2653 1238 valuerint
2702 1184 3055 1253 inflammant,
3106 1206 3335 1260 qumque
3381 1203 3605 1261 possunt
3652 1196 3804 1249 noxia

2220 1271 2530 1339 immitunt,
2570 1275 2846 1329 mortifera
2892 1275 3095 1333 inferre
3135 1280 3347 1335 occulte
3390 1298 3493 1335 non
3536 1283 3801 1340 desinunt.

2220 1358 2545 1432 Scorpiones
2584 1379 2713 1435 ergo
2751 1374 2899 1431 sunt,
2931 1368 3023 1438 qui
3060 1369 3244 1423 blandi
3290 1379 3344 1425 et
3375 1372 3582 1427 innoxii
3634 1375 3687 1427 in
3735 1374 3803 1428 fc.-

2218 1451 2356 1504 ciem
2391 1452 2658 1520 videntur,
2687 1456 2780 1511 sed
2808 1467 2933 1527 post
2960 1460 3179 1514 dorsum
3212 1469 3434 1530 portant
3472 1465 3613 1517 unde
3646 1480 3802 1525 vene-

2219 1556 2348 1594 num
2386 1540 2646 1610 fundant;
2681 1544 2771 1614 qui
2802 1546 2855 1601 in
2894 1546 3106 1602 occulto
3141 1547 3363 1615 feriunt,
3393 1552 3549 1620 quasi
3581 1562 3803 1608 mortem

2218 1630 2449 1687 latenter
2485 1634 2726 1689 trahunt.
2767 1633 2921 1691 Unde
2965 1637 3129 1691 etiam
3173 1652 3271 1707 per
3298 1638 3641 1694 Psalmistam
3675 1641 3805 1696 dici-

2219 1732 2346 1777 tur:
2378 1741 2396 1774 ι
2430 1723 2917 1782 Circumdederunt
2957 1742 3045 1783 me
3073 1727 3215 1784 sicut
3242 1743 3372 1799 apes
3400 1740 3455 1784 et
3483 1742 3799 1803 exarserunt

2217 1815 2357 1869 sicut
2408 1816 2547 1886 ignis
2597 1816 2651 1871 in
2701 1817 2873 1888 spinis
2919 1818 3092 1891 (Psal.
3122 1820 3314 1893 exvit).
3358 1840 3378 1873 ι
3431 1822 3575 1892 Apes
3626 1823 3681 1878 in
3716 1839 3801 1879 ore

532 1926 607 1981 tio
638 1926 760 1979 vita:
790 1904 988 1981 nostra:
1013 1925 1330 1995 approbatio
1359 1904 1636 1996 est,‘quia
1658 1925 1772 1994 jam
1803 1904 2113 1981 ostenditur
2140 1910 2189 1969 Β
2216 1904 2325 1996 Ψθί
2349 1904 2574 1973 “abem,
2604 1908 2657 1962 ίη
2684 1908 2873 1964 καίεο
2901 1911 3087 1965 cawa
3114 1910 3347 1980 “unus;
3394 1923 3450 1969 ει
3484 1929 3673 1970 omnes
3716 1917 3801 1987 (ιυί

532 2034 631 2073 nos
653 2018 856 2087 aliquid
877 2017 1101 2087 iustitia:
1124 2017 1324 2072 habere
1344 2059 1358 2082 ,
1393 2018 1438 2073 si
1464 2018 1569 2073 illis
1594 2018 1882 2089 displicere
1924 2019 2115 2087 incipi-

532 2126 651 2164 mus
673 2151 687 2176 ,
724 2110 816 2180 qui
846 2125 950 2164 non
980 2109 1192 2179 placent
1234 2108 1363 2165 Deo.
1406 2108 1574 2164 Nemo
1609 2110 1811 2164 etenim
1849 2120 2026 2180 potest
2058 2111 2112 2165 in

532 2215 635 2252 una
681 2199 980 2267 eademque
1028 2213 1084 2252 re
1132 2198 1486 2267 omnipotenti
1533 2197 1759 2252 Domino
1798 2209 1957 2267 atque
1996 2199 2114 2268 ejus

534 2285 780 2340 hostibus
807 2293 992 2356 gratus
1019 2285 1273 2351 existere,
1310 2301 1432 2340 nam
1458 2287 1569 2341 Deo
1597 2301 1655 2342 se
1682 2288 1915 2342 amicum
1950 2286 2114 2341 dene-

531 2384 640 2445 gat,
670 2376 759 2445 qui
789 2375 907 2445 ejus
926 2374 1103 2444 placet
1131 2376 1379 2441 inimico,
1410 2385 1465 2431 et
1491 2376 1725 2432 inimicis
1748 2377 1991 2432 veritatis
2019 2378 2113 2432 ad-

528 2466 851 2529 versahitur,
892 2467 983 2535 qui
1016 2466 1191 2521 eidem
1239 2468 1451 2521 veritati
1474 2467 1528 2522 in
1562 2477 1742 2523 mente
1772 2468 2108 2539 subjugatnr.

530 2560 683 2617 Unde
728 2563 898 2617 sancti
937 2560 1036 2615 viri
1088 2563 1138 2616 in
1170 2561 1318 2617 vocis
1354 2562 1535 2617 liberte
1577 2562 1943 2631 increpatione
1989 2578 2112 2618 sue-

531 2653 700 2717 censi,
738 2668 833 2708 eos
879 2653 948 2708 ad
989 2669 1086 2708 sua
1120 2654 1242 2708 odia
1272 2654 1511 2709 excitare
1562 2669 1669 2709 non
1696 2662 1941 2709 metuunt
1975 2668 2111 2723 quos

522 2743 694 2797 Deum
729 2759 835 2797 non
871 2743 1093 2813 diligere
1119 2751 1469 2814 cognoscunt.
1520 2744 1673 2811 Quod
1718 2746 1980 2814 propheta
2017 2760 2107 2797 ar-

529 2836 718 2888 denter
746 2836 1029 2899 exhibens,
1056 2836 1298 2890 .crcatori
1342 2836 1580 2890 omnium
1624 2837 1777 2906 quasi
1803 2853 1855 2889 tn
1886 2850 2109 2889 munere

526 2925 719 2980 obtulit
765 2926 990 2981 dicens:
1037 2946 1054 2977 ι
1099 2926 1286 2980 Nonne
1338 2927 1430 2996 qui
1470 2928 1701 2982 oderunt
1742 2936 1813 2993 te,
1860 2928 2104 2994 Domine,

522 3014 743 3069 oderam
796 3015 917 3071 illos
965 3004 1223 3085 et'super
1251 3016 1499 3071 inimicos
1559 3025 1683 3071 tuos
1731 3015 2109 3072 tabescebam?

528 3104 775 3161 Perfecto
807 3106 931 3161 odio
958 3108 1180 3161 oderam
1230 3106 1382 3171 illos,
1428 3107 1631 3163 inimici
1658 3106 1783 3163 facti
1820 3117 1944 3162 sunt
1974 3109 2106 3163 mihi

527 3217 540 3262 ι
585 3195 731 3251 Psal.
790 3213 1030 3252 cxxxvm
1066 3197 1105 3269 ).
1142 3217 1159 3250 ι
1212 3198 1291 3253 Ac
1345 3200 1388 3255 si
1438 3207 1623 3268 aperte
1672 3201 1817 3254 dicat
1869 3218 1881 3253 :
1935 3199 2106 3255 Pensa

524 3297 787 3358 quantum
838 3297 891 3344 te
943 3289 1126 3357 diligo,
1184 3290 1275 3359 qui
1322 3297 1534 3345 tuorum
1584 3291 1819 3346 hostium
1872 3293 2108 3347 excitare

525 3392 715 3437 contra
765 3396 850 3435 me
885 3380 1199 3436 inimicitias
1227 3396 1333 3435 non
1362 3382 1706 3451 pertimesco.
1758 3381 1894 3437 Justi
1926 3383 2109 3454 itaque

526 3475 667 3527 sicut
739 3472 856 3526 sine
929 3472 1237 3541 arrogantia
1291 3472 1585 3541 loquuntur
1634 3472 1921 3542 aliquando
1968 3474 2107 3528 bona

525 3576 645 3630 «tum
670 3567 857 3631 agunt,
890 3558 963 3613 ita
991 3561 1110 3615 sine
1131 3560 1487 3631 acinprivatre
1514 3561 1696 3631 gloria:
1711 3563 2107 3617 detrahentium

526 3648 628 3703 sibi
661 3648 874 3720 linguas
899 3649 1249 3719 redarguunt,
1276 3651 1403 3719 quia
1433 3652 1594 3707 noxia
1623 3651 1935 3722 loquuntur.
1970 3652 2105 3708 Cum

528 3752 656 3792 vero
710 3737 903 3809 lingua:
955 3736 1331 3807 derogantium
1365 3739 1563 3809 corrigi
1596 3747 1892 3809 nequeunt,
1921 3756 2106 3809 aequa-

527 3826 749 3881 nimiter
801 3835 928 3882 sunt
978 3842 1075 3896 per
1123 3827 1302 3881 omnia
1357 3826 1671 3893 toleranda,
1704 3843 1805 3884 nec
1837 3830 2106 3883 obtrecta-

529 3918 691 3973 tionis
717 3932 899 3973 sermo
927 3917 1195 3973 timendus
1223 3926 1328 3983 est,
1358 3933 1447 3983 ne,
1474 3918 1599 3973 dum
1628 3918 1951 3987 vituperatio
1978 3934 2104 3989 per—

526 4023 807 4064 versorum
872 4009 1167 4071 metuitur,
1216 4008 1349 4063 recti
1412 4008 1595 4077 operis
1649 4008 1738 4062 via
1801 4008 2103 4062 deseratur.

529 4099 683 4156 Unde
727 4114 871 4155 nunc
907 4096 1176 4153 Ezechieli
1218 4097 1493 4168 prophctze
1533 4098 1732 4153 dicitur
1772 4116 1787 4153 :
1833 4117 1851 4151 ι
1884 4097 2103 4155 Sermo-

528 4205 625 4245 nes
649 4205 835 4245 eorum
862 4205 930 4245 ne
972 4197 1202 4255 metuas,
1226 4189 1352 4261 quia
1395 4190 1655 4246 increduli
1680 4199 1737 4245 et
1758 4191 2105 4247 subversores

528 4289 657 4335 sunt
717 4289 914 4335 tecum.
959 4298 979 4333 ι
1031 4278 1207 4333 Minus
1257 4288 1435 4333 autem
1497 4280 1625 4334 mali
1689 4290 1904 4347 essent,
1949 4282 1995 4336 si
2048 4282 2104 4336 bi

532 4370 624 4438 qui
665 4378 785 4425 sun'
846 4367 1109 4422 increduli
1152 4382 1499 4437 perversorcs
1547 4370 1767 4425 minime
1818 4369 2100 4427 fuissent:

526 4460 654 4529 quia
684 4459 826 4512 enim
865 4458 961 4527 ipsi
991 4457 1074 4511 vel
1093 4457 1329 4513 caelestis
1348 4459 1495 4532 regni
1521 4460 1764 4529 prtemia,
1789 4460 1871 4513 vel
1903 4461 2104 4530 gehen-

528 4564 614 4618 μιν
640 4562 759 4602 esse
790 4547 1049 4616 supplicia
1078 4562 1186 4601 non
1211 4548 1440 4602 credunt
1461 4589 1475 4613 ,
1516 4549 1570 4603 in
1608 4550 1720 4604 suis
1743 4551 2104 4620 pravitatibus

531 4613 761 4703 dimissi,
786 4652 814 4691 a
846 4613 950 4692 fide
979 4646 1211 4707 ctopere
1236 4639 1399 4693 etiam
1424 4640 1558 4700 alios
1585 4613 1903 4699 subve-rtunt
1931 4650 1989 4696 ut
2014 4658 2100 4697 re-
2128 4613 2181 4672 D

528 4750 690 4801 gnum
728 4733 869 4801 quod
900 4732 999 4802 ipsi
1050 4742 1303 4801 appetere
1332 4747 1438 4787 non
1463 4734 1668 4799 volunt,
1706 4747 1805 4790 nec
1839 4734 1978 4788 alter
2018 4749 2104 4787 as-

530 4830 809 4891 sequatur.
835 4819 900 4876 lli
930 4835 1160 4890 namque
1186 4837 1310 4877 cum
1334 4823 1633 4877 teneriores
1669 4823 1931 4892 quosdam
1962 4825 2100 4879 bona

531 4912 788 4981 incipere,
816 4911 953 4964 mala
978 4910 1088 4978 jam
1118 4911 1355 4965 devitarc
1392 4913 1757 4982 cognoverint,
1794 4912 1952 4966 modo
1981 4914 2105 4967 irri-

535 5002 706 5057 dendo
736 5002 878 5071 quod
905 5002 959 5056 in
990 5002 1144 5058 ccelis
1184 5002 1537 5073 promittitur,
1578 5004 1737 5058 modo
1759 4995 2103 5074 despicienda

534 5091 673 5158 quod
708 5091 848 5146 Deus
868 5093 1208 5162 omnipotens
1238 5092 1302 5147 de
1329 5091 1522 5147 inferni
1543 5092 1816 5164 suppliciis
1842 5095 2099 5161 minatur,

535 5181 690 5236 modo
732 5180 997 5236 laudando
1046 5183 1182 5237 bona
1224 5183 1568 5252 temporalia,
1617 5192 1673 5239 et
1720 5184 2101 5240 delectationes

537 5273 813 5339 praesentis
858 5273 1036 5328 surculi
1094 5273 1283 5328 callida
1348 5275 1697 5344 persuasione
1761 5278 2097 5344 pollicendo,

534 5362 820 5428 deﬂectunt
877 5374 1083 5419 mentes
1138 5364 1505 5420 innocentium
1554 5380 1850 5435 eorumque
1904 5366 2101 5421 itinera

536 5463 847 5523 pervertunt
902 5456 1209 5527 :gaudent,
1263 5457 1307 5511 si
1363 5472 1498 5526 quos
1560 5459 1832 5527 potuerint
1897 5473 1929 5512 a
1992 5459 2102 5512 vita

536 5558 826 5610 revocare,
875 5545 942 5601 ad
995 5557 1221 5619 mortem
1280 5547 1526 5612 trahere;
1582 5548 1829 5603 lastantur
1884 5550 1938 5603 in
1980 5566 2105 5620 pra-

536 5634 789 5689 vitatibus
840 5636 973 5701 suis,
1027 5636 1299 5692 exsultant
1344 5647 1400 5692 et
1440 5639 1492 5691 in
1537 5638 1744 5693 alienis.
1796 5638 1891 5693 llis
1939 5640 2103 5694 nimi-

536 5738 655 5779 rum
700 5740 862 5796 ptena
915 5742 1016 5782 sua
1068 5743 1173 5781 non
1227 5729 1459 5792 sufﬁcit,
1514 5730 1604 5796 qui
1661 5740 1825 5797 agunt
1879 5744 1946 5784 ne
2003 5730 2103 5785 soli

539 5815 853 5869 nutriantur.
893 5816 963 5871 At
1011 5817 1054 5872 si
1096 5818 1322 5872 fortasse
1350 5817 1552 5886 justum
1598 5822 1902 5890 quempiam
1939 5831 2101 5874 tantae

2213 1994 2394 2066 lingua
2428 1996 2801 2066 blandiuntur,
2837 2001 2931 2067 sed
2973 2001 3207 2057 latenter
3233 2018 3302 2057 ex
3326 2003 3535 2074 malitia
3580 2004 3797 2071 feriunt,

2212 2098 2341 2153 apes
2369 2094 2516 2153 sunt,
2544 2088 2671 2157 quia
2711 2087 2981 2159 loquendo
3019 2090 3357 2148 dulcedinem
3402 2096 3579 2150 mellis
3606 2110 3795 2166 propo-

2212 2184 2368 2239 nunt,
2417 2176 2509 2230 sed
2562 2178 2770 2233 occulte
2820 2178 3066 2237 feriendo
3106 2181 3300 2237 vulnus
3348 2183 3609 2239 inferunt.
3649 2204 3666 2237 ι
3702 2185 3796 2242 Lo-

2211 2269 2395 2337 queris
2417 2268 2579 2323 verba
2610 2285 2727 2324 mea
2751 2271 2818 2325 ad
2843 2286 2961 2338 eos,
2987 2273 3037 2327 si
3061 2273 3201 2330 forte
3227 2275 3450 2330 audiant
3475 2285 3531 2330 et
3556 2277 3797 2343 timeant,

2212 2356 2295 2411 vel
2328 2358 2627 2429 quiescant,
2652 2362 2907 2429 quoniam
2934 2362 3238 2419 irritatores
3265 2373 3410 2432 sunt,
3434 2374 3540 2421 etc.
3564 2386 3584 2418 ι
3605 2366 3796 2439 (Hiera)

2210 2446 2327 2502 Non
2353 2459 2433 2503 est
2460 2463 2591 2521 ergo
2604 2453 2957 2517 cessandum,
2973 2451 3098 2507 licet
3111 2454 3239 2509 mali
3261 2454 3390 2518 sint,
3408 2456 3607 2525 quibus
3632 2457 3799 2528 loqui-

2211 2552 2351 2604 mur,
2376 2539 2530 2609 quin,
2558 2541 2850 2594 secundum
2876 2540 3190 2613 Apostolum
3215 2543 3300 2615 (ll
3327 2544 3459 2598 Tim.
3487 2546 3585 2618 tv),
3608 2562 3793 2617 Oppor-

2211 2636 2361 2694 tune,
2380 2628 2709 2698 importune,
2735 2632 2958 2687 verbum
2977 2632 3454 2703 Dei‘praadicemus,
3481 2639 3609 2705 quia
3624 2646 3795 2707 potest

2210 2716 2325 2773 ﬁeri
2358 2724 2416 2771 ut
2440 2726 2496 2771 et
2528 2718 2698 2775 durus
2718 2720 3022 2792 corrigatur
3049 2723 3118 2778 ad
3142 2723 3453 2791 mollitiem,
3477 2735 3532 2780 et
3558 2728 3651 2796 qui
3677 2728 3799 2781 obe-

2209 2809 2361 2864 diens
2376 2820 2459 2865 est
2480 2818 2686 2866 mutata
2712 2812 2985 2868 voluntate
3004 2830 3111 2869 non
3138 2816 3339 2870 audiat.
3360 2816 3562 2889 (Greg.)
3582 2816 3797 2873 Dicatur

2209 2915 2365 2970 ergo,
2401 2920 2418 2952 ‹
2453 2901 2717 2957 increduli
2746 2912 2802 2957 et
2827 2904 3178 2960 subversores
3204 2915 3331 2961 sunt
3359 2916 3561 2972 tecum,
3589 2917 3646 2963 et
3678 2924 3795 2964 cum

2209 2992 2589 3063 scorpionibus
2630 2994 2864 3062 habitas,
2899 3014 2920 3048 ι
2965 2982 3225 3059 increduli
3260 2998 3467 3055 scilicet
3498 3000 3634 3067 Deo,
3674 3002 3794 3056 sub-

2209 3098 2459 3140 versores
2508 3100 2637 3141 vero
2688 3086 3091 3145 infirmantibus
3140 3090 3427 3161 proximis,
3479 3095 3797 3163 scorpiones

2209 3185 2392 3230 autem
2442 3177 2608 3232 etiam
2658 3177 2891 3234 fortibus
2934 3195 2999 3236 ac
3034 3182 3289 3249 robustis,
3345 3185 3542 3254 quibus
3588 3187 3695 3240 etsi
3743 3187 3795 3240 in

2137 3269 2180 3331 C
2213 3263 2405 3320 faciem
2450 3269 2829 3325 contradicere
2858 3286 2965 3326 non
3009 3285 3364 3342 praesumunt,
3396 3284 3575 3331 tamen
3608 3292 3679 3332 ex
3710 3292 3794 3332 oc-

2211 3354 2354 3408 culto
2380 3356 2571 3410 vulnus
2599 3358 2965 3429 derogationis
2993 3361 3252 3417 inferunt.
3299 3363 3566 3420 lncreduli
3599 3366 3795 3437 quippe

2209 3446 2369 3500 simul
2404 3458 2459 3501 et
2482 3448 2832 3505 subversores
2866 3459 2921 3506 et
2955 3454 3267 3523 scorpiones
3295 3466 3441 3521 sunt,
3472 3458 3598 3526 quia
3626 3466 3683 3511 et
3704 3473 3798 3511 at:-

2209 3537 2319 3592 dita
2364 3553 2449 3604 ea,
2496 3555 2620 3609 quae
2649 3540 2746 3597 Dei
2781 3552 2927 3609 sunt,
2979 3559 3087 3599 non
3137 3548 3391 3613 credunt,
3412 3558 3475 3609 et
3522 3564 3618 3604 eos
3662 3566 3793 3619 quos

2209 3633 2524 3706 praevalent,
2547 3650 2575 3688 a
2598 3635 2755 3690 bonis
2776 3635 3017 3690 moribus
3038 3639 3379 3703 subvertunt,
3404 3648 3458 3694 et
3479 3655 3617 3710 quos
3640 3642 3793 3696 inﬂe-

2208 3733 2359 3779 ctere
2398 3740 2505 3781 non
2553 3726 2755 3792 valent,
2802 3727 3029 3782 occultis
3062 3726 3551 3787 machinationibus
3573 3731 3794 3788 feriunt.

2208 3819 2321 3886 Qua
2362 3821 2414 3875 in
2443 3836 2501 3876 re
2527 3823 2631 3877 hoc
2660 3835 2875 3893 quoque
2901 3822 3197 3879 notandum
3219 3834 3323 3890 est,
3356 3827 3482 3896 quia
3510 3842 3635 3883 cum
3675 3843 3794 3898 pro-

2206 3911 2383 3979 phetae
2396 3911 2612 3976 dicitur,
2633 3930 2651 3963 ι
2670 3911 2934 3967 increduli
2950 3922 3004 3967 et
3018 3914 3369 3975 subversores
3382 3925 3507 3971 sunt
3525 3926 3726 3983 tecum,
3743 3927 3795 3972 et

2207 4015 2329 4053 eum
2355 4001 2732 4071 scorpionibus
2753 4002 2982 4066 habitas,
3013 4022 3032 4055 ι
3050 4003 3204 4059 nobis
3219 3992 3608 4061 conSolationis
3627 4010 3794 4062 medi-

2206 4098 2513 4144 camentum
2556 4082 2859 4161 profertur,
2892 4107 3030 4163 quos
3065 4109 3208 4164 saepe
3246 4097 3407 4151 taedet
3445 4097 3630 4152 vivere
3666 4100 3795 4154 dum

2206 4177 2455 4232 nolumus
2483 4193 2607 4233 eum
2636 4179 2790 4233 malis
2819 4180 3078 4236 habitare.
3129 4182 3417 4249 Querimur
3458 4187 3793 4242 etenim'cur

2206 4282 2311 4323 non
2345 4283 2534 4324 omnes
2555 4269 2683 4323 boni
2708 4279 2853 4334 sunt,
2886 4272 2978 4340 qui
3007 4272 3287 4328 nobiscum
3316 4275 3537 4341 vivunt;
3567 4278 3615 4331 si
3647 4278 3792 4333 mala

2204 4360 2578 4431 proximorum
2626 4360 2769 4417 ferre
2822 4362 3095 4430 nolumus,
3153 4379 3343 4419 omnes
3388 4377 3621 4422 .sanctos
3678 4367 3791 4436 jam

2205 4452 2401 4508 debere
2418 4468 2537 4508 csse
2561 4453 2924 4521 decernimus,
2950 4456 3080 4510 dum
3105 4471 3226 4512 esse
3256 4457 3523 4524 nolumus,
3543 4460 3697 4529 quod
3727 4476 3792 4514 ex

2204 4545 2465 4613 proximis
2489 4552 2782 4615 portemus.
2817 4545 2923 4602 Sed
2956 4548 3059 4604 bac
3078 4549 3130 4603 in
3161 4565 3219 4604 re
3247 4550 3366 4605 luce
3390 4551 3593 4607 clarius
3620 4562 3792 4621 patet,

2206 4638 2332 4692 dum
2362 4638 2533 4694 malos
2566 4647 2785 4708 portare
2814 4642 3127 4707 renuimus,
3160 4658 3322 4712 quam
3352 4643 3583 4699 multum
3612 4644 3793 4699 adhuc

2206 4737 2262 4783 et
2303 4728 2405 4799 ipsi
2447 4729 2624 4783 minus
2660 4730 2727 4784 de
2762 4730 2907 4785 bono
2941 4731 3255 4787 habeamus.
3304 4732 3456 4804 Stepe
3494 4749 3631 4788 vero
3669 4750 3793 4789 cum

2206 4817 2274 4872 de
2301 4818 2407 4872 vita
2431 4818 2799 4888 proximorum
2837 4819 3134 4889 querimur,
3176 4829 3386 4875 mutare
3415 4821 3606 4877 locum
3626 4837 3793 4877 cona-

2206 4921 2349 4973 mur,
2383 4916 2650 4961 secretunt
2701 4908 2824 4961 vitae
2875 4910 3181 4964 remotiorie’
3232 4910 3464 4981 eligere,
3533 4912 3795 4968 videlicet

2204 4997 2536 5066 ignorantes,
2564 4996 2688 5066 quia
2716 4998 2761 5052 si
2787 4998 2925 5053 desit
2952 5000 3193 5068 spiritus,
3223 5016 3328 5054 nou
3356 4999 3573 5070 adiuvat
3601 5001 3789 5058 locus:

2207 5087 2346 5141 idem
2372 5088 2514 5141 enim
2530 5087 2669 5142 Loth
2686 5088 2751 5142 de
2777 5104 2884 5158 quo
2910 5088 3180 5157 loquimur
3202 5092 3254 5143 in
3282 5090 3536 5149 Sodomis
3562 5104 3795 5150 sanctus

2205 5179 2432 5244 exstitit,
2448 5179 2500 5232 in
2518 5188 2698 5234 monte
2709 5182 2957 5249 peccavit
2972 5178 3125 5251 (Gen.
3155 5197 3286 5237 xvm
3303 5193 3351 5236 et
3380 5184 3518 5254 xu).
3535 5184 3684 5253 Quia
3699 5203 3792 5242 au-

2204 5276 2314 5321 tem
2346 5268 2462 5322 loca
2495 5278 2729 5324 mentem
2754 5285 2861 5323 non
2891 5272 3157 5336 muniunt,
3176 5272 3288 5341 ipse
3318 5274 3537 5328 humani
3568 5281 3796 5346 generis

2204 5364 2410 5433 primus
2432 5372 2657 5419 testatur
2669 5365 2992 5434 parens,qui
3013 5375 3068 5420 et
3096 5368 3149 5419 in
3172 5366 3425 5436 paradiso
3439 5369 3669 5425 cecidit.
3688 5370 3793 5425 Sed

2207 5455 2384 5508 minus
2419 5464 2548 5509 sunt
2579 5455 2758 5508 omnia
2805 5470 2926 5524 quae
2953 5456 3223 5525 loquimur
3252 5470 3319 5511 ex
3357 5466 3536 5524 terra,
3574 5475 3713 5514 nam
3752 5462 3793 5516 si

2204 5543 2355 5599 locus
2374 5545 2585 5599 salvare
2609 5544 2895 5614 potuisset,
2918 5544 3118 5600 Satana
3149 5547 3214 5602 de
3244 5547 3383 5603 calo
3402 5563 3511 5603 non
3542 5551 3781 5606 caderet

2208 5632 2359 5689 Unde
2378 5634 2661 5690 Psahnista
2706 5636 2904 5704 ubique
2962 5637 3017 5690 in
3054 5638 3156 5692 hoc
3208 5639 3795 5714 mundotentatioue,

2204 5743 2325 5783 esse
2369 5728 2729 5797 conspiciens,
2766 5729 3014 5795 quaesivit
3053 5729 3228 5782 locum
3267 5745 3375 5798 quo
3417 5728 3662 5801 fugeret,
3705 5742 3796 5786 sed

2206 5818 2322 5873 sine
2354 5819 2463 5875 Deo
2492 5818 2731 5873 invenire
2763 5833 2869 5874 non
2896 5818 3067 5888 potuit
3090 5817 3793 5888 munitum(Ps.cnxvtt;i.
