3948 6342
154 408 254 464 557

157 518 234 575 Ex
263 536 362 589 qua
392 536 451 574 re
485 528 540 575 et
580 521 750 589 ipsum
784 520 883 575 sibi
936 519 1108 573 locum
1159 518 1273 573 fieri
1322 519 1492 589 petiit,
1521 536 1601 588 υτ(

154 624 317 678 quem
363 609 537 663 locum
571 612 815 678 qnzesivit
844 610 1063 664 dicens:
1104 627 1121 658 ι
1161 610 1289 663 Esto
1319 610 1447 662 mihi
1478 611 1533 664 in
1567 596 1731 661 D‘mii

157 707 516 767 protectorem
566 709 619 753 et
662 700 713 753 in
758 700 928 754 locum
960 699 1247 764 munitum,
1291 708 1346 752 ut
1387 698 1593 752 salvum

158 789 640 861 facias(Psnl.Lxx
684 786 729 861 ).'
772 812 788 842 ι
848 791 1132 845 Tolerandi
1185 806 1314 861 ergo
1363 791 1557 860 ubique
1612 790 1737 842 “et

154 882 412 950 proximi,
445 883 567 950 quia
600 881 727 936 Abel
774 881 885 935 ﬁeri
906 896 1009 934 non
1040 880 1200 945 valet,
1225 896 1383 950 quem
1421 879 1550 936 Cain
1583 897 1615 933 ιο

157 974 232 1028 tia
289 990 392 1029 non
440 985 672 1029 exercet.
710 975 882 1031 Unum
913 992 1040 1030 vero
1072 986 1154 1031 est
1193 991 1293 1047 pro
1327 992 1432 1046 quo
1460 954 1741 1036 νίιειιινῆῗὶι

154 1064 253 1118 bet
300 1066 530 1120 societas
576 1062 870 1132 malorum,
928 1081 991 1120 ne
1030 1066 1075 1120 si
1116 1064 1349 1121 fortasse
1397 1066 1590 1135 corrigi
1632 1082 1738 1120 non

156 1153 392 1217 valeam,
425 1156 491 1209 ad
521 1154 870 1211 imitationem
918 1157 1156 1220 trahant,
1190 1163 1243 1210 et
1289 1169 1411 1211 cum
1438 1155 1539 1225 ipsi
1589 1171 1618 1208 a
1645 1171 1739 1209 sua

157 1243 368 1298 malitia
394 1260 497 1298 non
528 1256 823 1310 mutantur,
857 1262 950 1301 eos
975 1246 1069 1315 qui
1118 1246 1215 1301 sibi
1241 1244 1514 1315 conjuncti
1543 1246 1742 1300 fuerint

156 1344 509 1402 pervertant;
550 1336 690 1389 unde
726 1334 925 1390 Paulus
956 1339 1030 1391 ait
1059 1355 1071 1389 :
1106 1354 1124 1387 ι
1155 1336 1521 1405 Corrumpunt
1565 1352 1742 1392 mores

157 1425 335 1479 bonos
384 1425 646 1494 coloquia
691 1443 855 1497 prava
904 1428 954 1497 (Ι
984 1427 1105 1483 Cor.
1141 1430 1265 1498 xv);
1300 1448 1317 1480 ›
1365 1438 1419 1483 et
1466 1429 1605 1485 sicut
1648 1446 1743 1500 per

159 1510 775 1572 Salomonemdicitur:
808 1539 824 1570 ι
861 1519 976 1574 Noli
1008 1536 1128 1575 esse
1155 1522 1362 1577 amicus
1399 1523 1601 1585 homini
1636 1524 1743 1578 ira-

158 1610 359 1670 cundo,
391 1625 487 1664 nec
514 1610 752 1666 ambules
778 1627 898 1668 cum
922 1614 1037 1666 viro
1065 1611 1285 1679 furioso,
1316 1629 1381 1669 ne
1405 1611 1542 1668 forte
1568 1614 1742 1679 discas

158 1701 387 1755 semitas
417 1700 550 1768 ejus,
581 1710 635 1755 et
662 1717 844 1771 sumas
898 1704 1118 1772 laqueos
1162 1704 1354 1775 animae
1408 1713 1509 1760 tua:
1554 1702 1737 1777 (Prov.

162 1786 327 1863 xxii).
372 1792 519 1847 Sicut
570 1810 696 1866 ergo
742 1796 964 1867 perfecti
1008 1796 1108 1850 viri
1151 1810 1433 1864 perversos
1468 1796 1739 1865 proximos

1144 409 1492 467 CUMMEKT.
1521 409 1595 464 ΔΝ
1623 394 2089 465 λΕνᾲῐνζείξῙΕΙιΕΜ.
2133 440 2200 449 --
2232 408 2358 462 LIB.
2402 409 2485 463 lll.

1713 535 1735 570 r
1763 526 1809 583 Α
1840 532 1958 571 eum
1980 531 2231 587 perversa
2265 532 2368 569 non
2401 518 2699 586 increpuit,
2728 514 2809 570 eis
2838 531 2932 587 per
2958 531 3109 575 suum
3136 518 3407 575 silentium

3300 408 3405 466 558

1837 605 2149 675 proficiendi
2187 604 2455 659 licentiam
2501 613 2774 673 prmstant.
2814 600 3104 675 Sequitur:

1913 717 1930 747 ι
1976 697 2138 765 Aperi
2167 711 2228 750 ns
2258 704 2403 750 tuum
2432 704 2485 750 et
2514 697 2732 750 comede
2769 712 3098 767 qurccunque
3130 698 3222 754 tibi
3257 699 3343 755 do.
3383 720 3402 752 ι

1840 787 2037 860 (Ηὶεν.)
2056 788 2281 856 Dignum
2307 796 2377 851 te,
2396 787 2589 856 inquit,
2609 789 2785 856 przehe
2810 791 3145 845 sermonibus
3174 790 3327 856 meis,
3356 801 3407 845 et

1840 881 2014 936 cibum
2028 882 2242 951 suscipe
2256 879 2571 948 spiritalem,
2592 886 2649 933 nt
2669 880 2997 949 quomodoiu
3022 880 3310 953 Erangelio
3327 883 3409 934 di-

1842 972 1983 1026 citur
2011 987 2024 1025 :
2054 988 2074 1022 ‹
2098 969 2198 1038 Qui
2220 970 2381 1026 habet
2401 986 2560 1025 aures
2573 972 2821 1026 audiendi
2846 972 3042 1038 audiat,
3057 991 3075 1023 ι
3092 982 3146 1027 et
3168 973 3253 1028 hic
3267 973 3413 1028 dica-

1847 1073 1897 1117 tu
1907 1079 1931 1116 ι·
1952 1080 1964 1115 :
1990 1061 2091 1128 Qui
2117 1062 2280 1115 habet
2310 1069 2553 1134 apertum
2570 1075 2631 1115 os
2643 1062 2707 1114 ad
2725 1062 3129 1127 comedendum,
3148 1064 3409 1119 comedat.

1850 1154 2000 1209 L'nde
2036 1160 2091 1206 et
2124 1150 2425 1206 Psalmistzc
2463 1151 2721 1206 Dominus
2759 1151 3035 1220 loquitur:
3088 1171 3106 1203 ι
3139 1152 3298 1223 Aperi
3354 1169 3415 1207 os

1843 1256 2014 1313 tuum,
2037 1254 2091 1302 et
2116 1245 2345 1320 implebo
2372 1245 2496 1300 illud
2520 1244 2691 1317 (Psal.
2721 1243 2908 1315 uxr).
2944 1264 2963 1297 ι
2992 1245 3055 1299 Ει
3081 1245 3167 1301 ille
3196 1261 3413 1315 respon—

1842 1336 2009 1390 ditz't
2046 1334 2120 1391 Os
2155 1351 2329 1389 meum
2356 1336 2535 1405 aperui
2566 1374 2580 1400 ,
2626 1344 2679 1389 et
2719 1335 2915 1389 attraxi
2947 1336 3190 1405 spiritum
3239 1335 3412 1407 (Psal.

1843 1418 2111 1495 cxx-111).:
2162 1425 2225 1480 Et
2266 1425 2543 1494 apostolus
2569 1424 2803 1482 Paulus:
2834 1445 2852 1475 (
2891 1425 2990 1493 Qui
3016 1425 3245 1482 habebat
3275 1428 3326 1481 in
3358 1444 3415 1483 se

1846 1517 2129 1577 thesauros
2166 1516 2441 1584 sapientia:
2476 1524 2531 1570 et
2569 1514 2811 1573 scientiae
2840 1513 3058 1587 (Coloss.
3090 1516 3170 1589 ιι),
3207 1533 3226 1569 ι
3271 1528 3325 1573 et
3362 1519 3415 1573 in

1843 1619 1948 1675 quo
1986 1605 2232 1659 Christus
2283 1603 2542 1659 Dominus
2593 1603 2931 1675 loquebatur,
2993 1606 3183 1662 Scribit
3227 1600 3415 1663 Corin-

1843 1694 1974 1748 thiis
2006 1710 2018 1745 :
2058 1712 2075 1744 ι
2108 1691 2181 1748 0s
2220 1708 2396 1747 meum
2426 1696 2669 1765 apertum
2714 1703 2797 1749 est
2840 1697 2906 1750 ad
2952 1710 3064 1761 vos,
3095 1712 3127 1752 ο
3152 1696 3417 1755 Corinthii

1846 1784 1930 1858 (II
1957 1782 2203 1857 Cornu).
2244 1803 2262 1835 ι
2326 1784 2395 1839 Et
2440 1769 2507 1839 de
2556 1785 2832 1841 Salvatore
2878 1786 3160 1847 Matthzeus
3216 1789 3411 1856 refert:

159 1896 273 1933 non
312 1881 503 1936 debent
532 1864 785 1957 fugere,q
824 1884 873 1937 ia
912 1894 964 1939 et
985 1899 1077 1938 eos
1103 1900 1244 1954 saepe
1273 1884 1339 1949 ad
1369 1864 1741 1941 rectitudincm
1772 1864 1816 1922 Β
1852 1894 1871 1928 ί
1907 1875 2167 1946 Αρθτὶθηε
2197 1888 2258 1929 05
2284 1888 2437 1929 suum
2468 1875 2695 1939 docebat
2719 1876 3010 1947 diSCiP-U‘OS
3037 1877 3248 1949 (ΜαηῙπ-
3280 1879 3353 1954 ν)·
3392 1902 3409 1934 ⁸

162 1972 411 2035 trahunt,
446 1980 499 2025 et
530 1972 630 2042 ipsi
664 1975 733 2027 ad
759 1973 1170 2043 perversitatem
1219 1988 1489 2043 nunquam
1524 1976 1746 2029 trahun-

164 2067 274 2121 tur,
311 2060 381 2113 ita
421 2060 617 2129 infirmi
648 2063 846 2132 quique
891 2062 1204 2133 societatem
1246 2065 1444 2119 debent
1478 2064 1746 2121 declinare

163 2164 485 2221 pravorum,
525 2166 589 2206 ne
628 2152 797 2215 mala,
842 2168 960 2221 qum
1004 2152 1314 2222 frequenter
1360 2154 1659 2224 aspiciunt,
1694 2164 1747 2209 et

166 2242 445 2312 corrigere
478 2256 582 2294 non
628 2242 826 2307 valent,
863 2242 1197 2299 delectentur
1223 2244 1445 2299 imitari.
1480 2243 1569 2300 Sic
1600 2244 1744 2300 enim

166 2330 334 2384 verba
383 2331 751 2399 proximorum
814 2333 1079 2390 audiendo
1107 2335 1345 2405 quotidie
1391 2336 1653 2391 sumimus
1693 2336 1746 2390 in

165 2432 375 2485 mente,
409 2424 546 2475 sicut
575 2422 753 2479 flando
775 2434 935 2494 atque
964 2427 1278 2497 respirando
1294 2428 1748 2483 aeremtrahimus

168 2526 414 2580 corpore,
448 2520 502 2565 et
533 2513 672 2568 sicut
700 2515 870 2569 malus
908 2531 1003 2570 aer
1036 2517 1251 2571 assiduo
1278 2517 1406 2575 flatu
1439 2526 1642 2572 tractus
1669 2519 1747 2571 in-

166 2601 285 2656 ficit
310 2617 527 2671 corpus,
576 2604 645 2657 ita
678 2620 927 2674 perversa
963 2605 1165 2661 locutio
1192 2608 1407 2665 assidue
1433 2608 1613 2662 audita
1668 2608 1745 2661 in-

164 2689 501 2747 firmantium
543 2694 712 2749 inlicit
752 2696 1010 2759 animum,
1038 2705 1096 2750 ut
1130 2698 1367 2751 tabescat
1395 2696 1745 2759 delectatione

163 2782 322 2852 pravi
358 2783 535 2852 operis
550 2793 605 2838 et
632 2785 835 2838 assidui
853 2786 1132 2855 iniquitate
1155 2788 1439 2841 sermonis.
1458 2784 1740 2856 Sequitur:

168 2896 190 2925 ι
233 2874 413 2928 Verba
450 2890 635 2928 eorum
670 2891 735 2930 ne
770 2878 982 2941 timeas,
1020 2887 1071 2932 et
1098 2878 1277 2932 vultus
1307 2892 1494 2933 eorum
1541 2891 1608 2931 ne
1637 2878 1743 2930 for-

162 2964 365 3026 mides,
398 2964 521 3031 quia
563 2963 751 3020 domus
783 2980 1111 3037 exasperans
1154 2976 1255 3022 est.
1295 2986 1313 3019 ι
1365 2967 1441 3022 Ac
1484 2968 1526 3022 si
1562 2977 1745 3036 aperte

162 3058 445 3111 diceretur
477 3072 491 3109 :
521 3057 762 3113 Timendi
794 3068 973 3114 essent
1020 3060 1126 3114 nisi
1175 3074 1259 3115 me
1301 3060 1355 3114 in
1398 3060 1509 3117 suis
1536 3061 1745 3115 actibus

161 3136 591 3217 exasperarent;
620 3151 685 3205 de
712 3151 905 3220 quibus
918 3150 1094 3206 adhuc
1119 3152 1360 3211 subditur
1385 3168 1398 3206 :
1434 3172 1451 3204 ι
1484 3152 1745 3227 Loqueris

158 3251 303 3308 ergo
348 3240 513 3293 verba
561 3254 679 3293 mea
731 3227 798 3294 ad
847 3256 961 3309 eos,
992 3242 1038 3296 si
1071 3240 1211 3296 forte
1240 3243 1461 3297 audiant
1503 3251 1557 3297 et
1594 3243 1746 3313 quie-

159 3336 347 3391 scant,
395 3329 521 3397 quia
572 3330 882 3386 irritatores
910 3340 1052 3387 sunt.
1087 3352 1107 3385 ι
1161 3330 1348 3389 Omnis
1396 3334 1486 3403 qui
1533 3346 1741 3403 peccat,

157 3419 297 3487 quid
323 3420 464 3473 aliud
496 3434 655 3489 quam
685 3420 982 3477 conditoris
1011 3423 1095 3478 sui
1135 3422 1189 3477 in
1223 3438 1281 3478 se
1314 3424 1644 3479 iracundiam
1673 3425 1746 3479 ir-

159 3507 335 3561 ritat?
372 3509 439 3562 Et
471 3510 690 3573 scimus,
720 3510 845 3580 quia
872 3513 1085 3581 quoties
1133 3523 1279 3579 actu,
1313 3513 1497 3579 verbo,
1530 3516 1745 3585 quoties

155 3597 497 3666 cogitatione
553 3598 943 3670 delinquimus,
978 3600 1145 3657 Deum
1194 3610 1382 3659 contra
1437 3619 1535 3661 nos
1585 3607 1742 3661 toties

158 3684 446 3741 irritamus
468 3703 482 3751 ;
508 3688 601 3741 sed
624 3697 801 3743 tamen
827 3690 1057 3745 sustinet
1072 3700 1127 3746 et
1154 3690 1447 3747 clementer
1468 3704 1742 3766 exspectat

153 3788 271 3847 per
303 3790 454 3828 suam
501 3777 837 3845 patientiam,
864 3790 961 3850 per
988 3780 1369 3849 praedicatores
1400 3768 1586 3853 autem.
1616 3801 1742 3842 suos

144 3864 391 3919 verbum
423 3866 578 3920 nobis
603 3868 992 3924 exhortationis
1019 3881 1291 3942 prorogat.
1322 3872 1509 3928 Omnis
1562 3885 1738 3929 autem

151 3954 257 4022 qui
297 3963 440 4006 recta
472 3954 753 4022 praedicat,
793 3960 837 4010 si
866 3958 1100 4023 auditur,
1133 3959 1269 4013 iram
1305 3959 1499 4015 irritati
1533 3972 1741 4017 creato-

152 4044 244 4098 ris
283 4058 449 4112 super
492 4046 965 4112 prmvaricatorem
1009 4049 1188 4119 placat
1235 4052 1509 4121 populum.
1591 4054 1740 4109 Unde

154 4149 389 4191 necesse
430 4144 513 4189 est
542 4146 600 4190 ut
630 4138 742 4206 ipse
769 4154 876 4193 non
916 4140 1107 4195 debeat
1154 4154 1313 4213 agere
1357 4144 1555 4199 malum
1590 4147 1738 4217 quod

152 4226 306 4281 solet
346 4228 395 4279 in
434 4227 629 4296 pepulo
658 4226 895 4283 furorem
927 4231 1220 4286 conditoris
1258 4233 1491 4299 irritare,
1521 4244 1741 4305 propter

148 4314 311 4385 quod
332 4316 498 4369 etiam
520 4316 766 4371 subditur
796 4335 808 4369 :
838 4336 856 4368 ι
894 4317 973 4372 Tu
993 4328 1193 4385 autem,
1222 4320 1295 4375 fili
1337 4324 1590 4390 hominis,
1616 4326 1737 4379 audi

151 4420 499 4475 qumcunque
536 4406 728 4477 loquor
752 4409 819 4462 ad
870 4416 955 4473 te,
994 4418 1049 4465 et
1088 4410 1196 4466 noli
1229 4426 1349 4467 esse
1388 4428 1735 4485 exasperans,

146 4496 304 4551 sicut
354 4498 543 4552 (lentius
589 4500 953 4570 exasperatrix
984 4512 1087 4567 est,
1126 4521 1144 4553 ι
1179 4513 1285 4559 etc.
1340 4504 1395 4560 ld
1432 4515 1533 4571 est,
1576 4507 1733 4573 mala,

152 4602 288 4657 quae
328 4586 442 4640 fieri
472 4589 770 4660 conspicis,
806 4590 920 4660 ipse
963 4607 1067 4646 non
1112 4591 1300 4661 facias,
1329 4610 1396 4649 ne
1430 4596 1551 4661 hoc,
1590 4597 1732 4667 quod

147 4677 453 4749 prohibere
501 4678 752 4744 mitteris,
803 4681 915 4751 ipse
956 4684 1282 4739 committas.
1316 4684 1501 4741 Omnis
1534 4686 1731 4741 etenim

146 4766 485 4840 pnedicator
532 4767 731 4821 intenta
781 4769 938 4823 debet
988 4778 1169 4824 mente
1223 4785 1472 4839 pensare,
1530 4786 1595 4827 ne
1639 4774 1730 4841 qui

146 4860 363 4915 missus
397 4867 477 4913 est
528 4858 705 4928 lapsos
752 4859 979 4927 erigere,
1015 4862 1127 4929 ipse
1173 4862 1224 4914 in
1263 4864 1526 4930 pravitate
1554 4864 1729 4933 operis

142 4966 287 5007 cum
316 4948 479 5019 lapsis
520 4949 694 5001 cadat.
724 4948 834 5002 Cur
863 4948 1052 5004 beatus
1084 4952 1351 5017 Ezechiel,
1382 4956 1470 5025 qui
1502 4955 1568 5008 ad
1596 4971 1728 5023 pra:—

142 5037 483 5114 dicationem
541 5036 787 5098 mittitur,
840 5052 961 5092 esse
1012 5054 1339 5108 exasperans
1384 5043 1726 5112 prohibetur;

142 5131 259 5188 nisi
285 5130 452 5189 enim,
484 5130 546 5183 ad
576 5128 837 5197 loquenda
862 5131 1017 5184 verba
1036 5147 1154 5185 cum
1182 5134 1511 5195 mittebatur.
1542 5136 1725 5188 obedi-

143 5229 260 5283 rct,
302 5219 724 5285 omnipotentem
755 5219 1055 5283 Dominum,
1086 5221 1221 5275 sicut
1256 5222 1483 5294 populus
1513 5226 1588 5275 de-
1607 5238 1727 5291 per-

140 5324 316 5365 verso
346 5323 530 5375 opere,
582 5310 660 5362 sic
698 5310 953 5378 propheta
1004 5311 1068 5365 de
1113 5326 1211 5365 suo
1250 5312 1461 5366 silentio
1501 5327 1725 5381 exaspe-

141 5407 352 5457 uasset.
398 5397 530 5455 Nam
561 5400 700 5459 sicut
726 5402 850 5454 mali
882 5401 1000 5457 ideo
1026 5401 1192 5456 Deum
1229 5412 1567 5473 exasperant,
1598 5406 1721 5473 quia

139 5494 447 5561 loquuntur
490 5489 570 5541 vel
611 5488 812 5545 faciunt
854 5492 1013 5556 mala,
1060 5495 1129 5547 ita
1173 5510 1556 5566 nonnunquam
1585 5492 1721 5551 'boni

135 5583 496 5644 exasperant,
535 5578 659 5644 quia
714 5580 937 5633 reticent
993 5580 1147 5635 bona.
1196 5582 1303 5637 lllis
1349 5586 1529 5654 itaque
1568 5584 1721 5651 culpa

138 5678 231 5722 est
262 5679 515 5736 perversa
548 5681 728 5736 agere,
763 5670 879 5723 istis
920 5679 1062 5724 recta
1096 5674 1338 5736 reticere.
1374 5674 1429 5728 ln
1460 5678 1560 5729 hoc
1590 5688 1721 5743 ergo

138 5770 275 5810 cum
310 5752 461 5807 malis
491 5756 653 5807 etiam
684 5756 806 5810 boni
840 5759 996 5812 simul
1030 5760 1192 5814 Deum
1216 5774 1558 5830 exasperant,
1593 5769 1716 5835 quia

1850 1961 2052 2039 (Greg.)
2075 1964 2362 2035 Aperimus
2383 1980 2441 2020 os
2466 1974 2706 2020 nostrum
2735 1980 2856 2020 cum
2881 1975 3029 2037 recta
3054 1967 3337 2039 loquimur,
3367 1983 3421 2025 et

1847 2056 2178 2113 comedimus
2206 2070 2325 2125 qute
2346 2070 2377 2109 a
2406 2056 2519 2110 Deo
2542 2055 2856 2125 accipimus,
2891 2057 3015 2126 quia
3052 2067 3107 2112 et
3144 2059 3416 2123 tribuitur,

1845 2154 1902 2200 et
1935 2152 2159 2215 augetur
2194 2145 2248 2198 in
2294 2145 2492 2199 nostris
2536 2145 2781 2200 sensibus
2810 2146 2961 2200 cibus
2983 2146 3107 2202 vita:
3134 2163 3256 2203 cum
3282 2166 3416 2220 prae-

1848 2235 2026 2291 dicare
2054 2234 2396 2304 coeperimus.
2437 2232 2589 2289 Unde
2623 2235 2884 2303 propheta
2922 2234 3057 2289 alius
3095 2236 3261 2292 dicit:
3296 2256 3313 2288 ‹
3347 2237 3418 2293 Os

1848 2335 2027 2381 meum
2057 2325 2271 2396 aperui,
2305 2334 2359 2379 et
2395 2324 2593 2379 attraxi
2632 2324 2900 2395 spiritum.
2941 2344 2960 2378 ›
3019 2326 3132 2381 Νοη
3170 2328 3309 2382 enim
3340 2340 3418 2383 at-

1847 2418 2086 2474 traheret
2110 2415 2213 2471 nisi
2255 2431 2317 2472 os
2358 2415 2609 2487 aperiret,
2641 2415 2768 2485 quia
2800 2416 2902 2471 nisi
2930 2417 2994 2470 ad
3024 2418 3417 2487 prmdicanduzn

1848 2507 2106 2579 proximis
2162 2520 2220 2565 se
2263 2505 2630 2576 impenderet,
2668 2502 2927 2575 spiritalis
2970 2507 3225 2573 doctrina:
3268 2510 3323 2564 in
3356 2526 3418 2565 ιο

1847 2598 2019 2668 gratia
2048 2611 2154 2652 non
2182 2596 2462 2653 crevisset.
2496 2594 2753 2667 Sequitur
2776 2636 2790 2650 .

1921 2706 1944 2743 α
1972 2688 2040 2743 Ει
2063 2689 2194 2754 vidi,
2226 2696 2282 2743 et
2323 2700 2449 2743 ecce
2475 2702 2666 2743 manus
2702 2687 2869 2750 missa
2909 2688 2976 2749 ad
3022 2703 3126 2762 me.
3166 2710 3184 2743 ι
3220 2690 3417 2765 (Hier)

1846 2778 1952 2832 Pro
1978 2792 2138 2831 manu
2161 2777 2323 2847 missa
2346 2785 2602 2831 extentam
2626 2774 2976 2849 Septuaginta
3006 2780 3386 2843 transtuleram
3402 2820 3415 2846 ,

1847 2883 1964 2938 quae
1990 2868 2220 2921 mittitur
2248 2876 2301 2921 et
2328 2866 2634 2921 extenditur
2661 2867 2727 2922 ad
2758 2881 2852 2923 eos
2884 2868 2975 2937 qui
3022 2869 3230 2924 Domini
3259 2871 3420 2928 benc-

1851 2961 1971 3014 ticia
2004 2966 2426 3028 consequuntur.
2460 2958 2811 3013 Contrahitur
2854 2967 3030 3014 autem
3062 2960 3129 3015 ab
3172 2962 3255 3016 his
3293 2964 3414 3033 qui—

1850 3049 1949 3103 bus
1972 3046 2209 3115 loquitur
2235 3060 2331 3116 per
2358 3046 2673 3118 prophetam
2699 3064 2713 3100 :
2768 3064 2788 3099 ι
2830 3048 3078 3118 Nunquid
3106 3049 3414 3106 abhreviata

1850 3148 1903 3193 et
1941 3144 2215 3192 contracta
2265 3146 2348 3192 est
2396 3152 2587 3191 manus
2638 3136 2847 3193 Domini
2887 3138 3021 3211 (Isa.
3075 3140 3165 3214 1.)?
3210 3160 3229 3194 ι
3264 3142 3329 3197 Et
3363 3144 3417 3199 in

1772 3209 1815 3270 (ἶ
1849 3227 2093 3299 psalmo:
2136 3245 2155 3279 (
2194 3227 2262 3283 Ut
2292 3227 2420 3297 quid
2448 3229 2648 3283 avertis
2690 3209 2908 3283 manum
2949 3209 3117 3299 tuam,
3145 3241 3200 3288 et
3228 3235 3417 3292 dexte-

1848 3335 1962 3373 ram
2013 3328 2179 3385 tuam,
2233 3320 2297 3374 de
2347 3320 2521 3377 medio
2570 3322 2688 3375 sinu
2736 3329 2825 3376 tuo
2875 3322 2928 3377 in
2958 3323 3153 3381 linem?
3187 3347 3207 3380 ι
3242 3325 3414 3400 (Psal.

1848 3408 2064 3481 Lxxtu.)
2098 3410 2336 3479 Denique
2364 3410 2605 3465 extendit
2648 3412 2699 3465 in
2721 3414 2971 3482 passione
3014 3430 3219 3486 pennas
3267 3435 3414 3485 suas,

1828 3502 2190 3571 suscepitque
2215 3501 2525 3571 discipulos,
2559 3512 2613 3556 et
2639 3507 2875 3572 portavit
2928 3507 3045 3563 illos
3092 3510 3145 3563 in
3180 3512 3418 3573 humeris

1844 3590 1973 3643 suis.
1998 3588 2063 3642 Et
2085 3589 2292 3644 locutus
2323 3598 2442 3645 est:
2469 3608 2487 3640 ι
2528 3588 2662 3645 Tota
2685 3592 2769 3647 die
2795 3596 3025 3664 expandi
3058 3612 3248 3653 manus
3270 3616 3416 3657 meas

1843 3679 1909 3731 ad
1938 3677 2191 3748 populum
2216 3693 2322 3733 non
2351 3679 2658 3734 credentem
2689 3700 2708 3733 ο
2743 3681 2877 3753 (ha.
2910 3688 3057 3755 LXV),
3099 3696 3158 3740 ut
3186 3703 3414 3760 congre-

1842 3777 1993 3838 garet
2030 3768 2168 3822 filios
2196 3767 2383 3835 Israel,
2414 3770 2554 3823 sicut
2575 3770 2768 3842 gallina
2797 3785 3083 3848 congregat
3116 3778 3285 3847 pullos
3318 3781 3414 3835 sub

1842 3860 1954 3914 alas
1992 3874 2136 3914 suas.
2168 3860 2235 3913 Et
2277 3862 2593 3917 extensione
2631 3878 2889 3920 manuum
2931 3868 3097 3941 Moysi
3125 3868 3287 3929 Israel
3325 3889 3414 3928 su-

1840 3959 1994 4020 perat
2016 3951 2251 4007 Amalec.

1918 4069 1935 4100 ι
1972 4049 2029 4104 ln
2066 4067 2170 4122 qua
2214 4061 2332 4107 erat
2380 4054 2651 4111 involutus
2686 4057 2843 4125 liber,
2889 4071 2942 4114 et
2977 4065 3230 4133 expandit
3266 4067 3411 4123 illum

1846 4160 1862 4192 ι
1909 4156 2093 4196 coram
2124 4158 2231 4198 me.
2284 4143 2351 4199 Et
2385 4154 2504 4200 erat
2554 4142 2787 4217 seriptus
2825 4151 2969 4205 intus
2998 4163 3053 4207 et
3098 4153 3250 4223 foris,
3282 4161 3410 4215 scri-

1847 4248 1864 4281 ι
1910 4240 2124 4301 ptaeque
2173 4242 2330 4288 erant
2386 4236 2440 4289 in
2486 4251 2550 4292 eo
2604 4239 3033 4308 lamentationes,
3091 4262 3309 4307 carmen
3360 4261 3413 4308 et

1845 4340 1863 4373 ι
1912 4340 2008 4388 vae,
2034 4344 2052 4377 ι
2078 4332 2181 4381 etc.
2207 4323 2312 4381 Pro
2334 4327 2572 4383 involuto
2595 4329 2756 4396 libro,
2783 4330 3131 4410 Septuaginta
3162 4356 3181 4390 ι
3205 4342 3412 4411 capitu-

1840 4412 1947 4467 lum
1980 4414 2101 4469 libri
2134 4436 2153 4468 ι
2182 4419 2588 4473 transtulerunt.
2614 4439 2631 4471 ι
2656 4421 2712 4475 ln
2741 4438 2900 4478 manu
2929 4425 3141 4485 Domini
3169 4412 3410 4497 sedentis

1839 4520 1999 4575 super
2030 4506 2302 4573 thronum,
2332 4523 2450 4581 qua:
2477 4509 2638 4564 missa
2669 4522 2751 4566 est
2792 4520 2846 4569 et
2873 4524 3109 4571 extenta.
3146 4537 3165 4571 ι
3198 4520 3275 4575 De
3301 4538 3407 4592 quo

1840 4606 1895 4649 et
1942 4596 1994 4649 in
2022 4596 2243 4665 psalmis
2283 4597 2517 4653 dicitur:
2566 4618 2584 4651 ‹
2628 4600 2683 4654 ln
2724 4602 2956 4674 capitulo
2997 4605 3118 4663 libri
3143 4611 3406 4681 scriptum

1839 4695 1921 4741 est
1949 4687 2127 4743 deme
2173 4686 2345 4759 (Paul.
2384 4688 2589 4763 χχιιι).
2631 4710 2649 4744 ι
2704 4691 3004 4764 Capitulum
3048 4698 3407 4773 intelligamus

1836 4780 2142 4834 exordium.
2191 4781 2295 4835 Isle
2323 4781 2457 4848 liber
2489 4784 2755 4840 involutus
2791 4797 2951 4858 atque
2995 4792 3234 4866 signatus
3273 4799 3406 4851 scri~

1836 4880 2064 4939 ptusque
2098 4872 2239 4927 intus
2264 4881 2318 4925 ct
2349 4872 2499 4938 foris,
2542 4875 2623 4929 vel
2652 4886 2779 4930 ante
2815 4888 3039 4952 etpost,
3082 4892 3242 4954 tantur:
3270 4888 3405 4942 ditii-

1834 4962 2048 5015 cultatis
2083 4961 2202 5027 fuit,
2236 4972 2294 5016 ut
2322 4964 2498 5017 nullus
2530 4968 2762 5035 potuerit
2810 4984 2984 5039 neque
3030 4972 3082 5025 in
3114 4976 3272 5042 ccelo,
3308 4994 3400 5033 nc-

1832 5067 1936 5119 que
1973 5052 2024 5105 in
2054 5062 2222 5117 terra,
2253 5068 2423 5121 neque
2447 5069 2606 5123 super
2646 5065 2841 5111 terram
2888 5062 3095 5140 qpcrire
3146 5065 3291 5119 illum
3348 5080 3403 5123 et

1822 5141 2027 5208 legere,
2051 5141 2151 5195 nisi
2172 5142 2319 5196 solus
2339 5144 2420 5197 leo
2442 5144 2505 5197 de
2525 5145 2663 5199 tribu
2680 5145 2835 5213 Juda,
2852 5152 3000 5205 radix
3030 5152 3193 5210 David
3216 5157 3400 5213 etJes-

1828 5248 1919 5296 sm,
1953 5246 2110 5301 quem
2137 5226 2368 5290 Joannes
2408 5237 2460 5290 in
2493 5240 2809 5313 Apocalypsi
2843 5245 3127 5302 devorasse
3153 5263 3211 5303 se
3238 5251 3395 5319 dixit,

1828 5336 1931 5372 non
1967 5331 2155 5386 totum,
2185 5324 2279 5378 sed
2309 5324 2362 5378 in
2392 5328 2649 5395 capitulo,
2678 5332 2729 5383 id
2764 5342 2865 5397 est,
2896 5335 2946 5387 in
2975 5336 3257 5409 principio.
3293 5340 3395 5394 Ne-

1827 5425 1931 5477 que
1976 5411 2119 5465 enim
2150 5412 2265 5466 fieri
2295 5424 2470 5485 potest
2523 5426 2579 5470 ut
2612 5418 2837 5474 humana
2870 5425 3059 5477 natura
3099 5435 3237 5480 totos
3272 5429 3399 5484 libri

1828 5504 1981 5573 hujus
2022 5508 2301 5563 thesauros
2342 5508 2580 5564 devoret.
2624 5511 2689 5564 Et
2720 5516 2973 5583 expandit
3009 5516 3155 5575 illum
3210 5536 3391 5593 coram

1826 5593 2105 5660 propheta,
2141 5603 2193 5649 ct
2230 5595 2509 5665 legentium
2558 5603 3090 5677 cognoscendumque
3145 5608 3389 5680 praebuit.

1821 5680 1912 5746 qui
1950 5680 2002 5733 in
2043 5680 2177 5735 Isaia
2204 5683 2397 5752 popqu
2426 5700 2532 5739 non
2560 5686 2799 5741 credenti
2827 5690 3026 5746 dicitur
3058 5678 3174 5747 esse
3212 5678 3390 5763 signa-

1820 5778 1925 5824 tus.
1957 5767 2133 5837 Usque
2154 5770 2310 5825 hodie
2327 5773 2467 5826 enim
2494 5776 2732 5853 velamen
2754 5776 2949 5835 Juckeis
2974 5782 3023 5834 in
3050 5786 3212 5838 veteri
3243 5764 3385 5857 posi-
