  <div class='ocr_page' id='page_1' title='image "/cluster/home/n/w/nwhite01/storage/ocr_20150623/110/uva.x000827066/287.png"; bbox 0 0 3948 6372; ppageno 0'>
   <div class='ocr_carea' id='block_1_1' title="bbox 520 420 624 477">
    <p class='ocr_par' dir='ltr' id='par_1_1' title="bbox 520 420 624 477">
     <span class='ocr_line' id='line_1_1' title="bbox 520 420 624 477; baseline 0.019 -2"><span class='ocrx_word' id='word_1_1' title='bbox 520 420 624 477; x_wconf 70' lang='grc'><strong>569</strong></span> 
     </span>
    </p>
   </div>
   <div class='ocr_carea' id='block_1_2' title="bbox 1152 416 3099 479">
    <p class='ocr_par' dir='ltr' id='par_1_2' title="bbox 1152 416 3099 479">
     <span class='ocr_line' id='line_1_2' title="bbox 1152 416 3099 479; baseline -0.001 -3"><span class='ocrx_word' id='word_1_2' title='bbox 1152 421 1213 476; x_wconf 82' lang='grc' dir='ltr'>Β.</span> <span class='ocrx_word' id='word_1_3' title='bbox 1252 419 1507 476; x_wconf 74' lang='lat' dir='ltr'><strong>RABANI</strong></span> <span class='ocrx_word' id='word_1_4' title='bbox 1544 417 1762 476; x_wconf 77' lang='lat' dir='ltr'><strong>MAURI</strong></span> <span class='ocrx_word' id='word_1_5' title='bbox 1798 416 2113 474; x_wconf 77' lang='lat' dir='ltr'><strong>ARClllEP.</strong></span> <span class='ocrx_word' id='word_1_6' title='bbox 2155 419 2461 479; x_wconf 69' lang='lat' dir='ltr'><strong>MCOCJNT.</strong></span> <span class='ocrx_word' id='word_1_7' title='bbox 2502 418 2783 476; x_wconf 72' lang='lat' dir='ltr'><strong>OPERUM</strong></span> <span class='ocrx_word' id='word_1_8' title='bbox 2819 417 2997 474; x_wconf 73' lang='lat' dir='ltr'><strong>PARS</strong></span> <span class='ocrx_word' id='word_1_9' title='bbox 3036 417 3099 474; x_wconf 78' lang='lat' dir='ltr'><strong>ﬂ.</strong></span> 
     </span>
    </p>
   </div>
   <div class='ocr_carea' id='block_1_3' title="bbox 3684 420 3797 475">
    <p class='ocr_par' dir='ltr' id='par_1_3' title="bbox 3684 420 3797 475">
     <span class='ocr_line' id='line_1_3' title="bbox 3684 420 3797 475; baseline -0.018 0"><span class='ocrx_word' id='word_1_10' title='bbox 3684 420 3797 475; x_wconf 68' lang='grc' dir='ltr'><strong>ιςῡο</strong></span> 
     </span>
    </p>
   </div>
   <div class='ocr_carea' id='block_1_4' title="bbox 522 530 3797 603">
    <p class='ocr_par' dir='ltr' id='par_1_4' title="bbox 522 530 3797 603">
     <span class='ocr_line' id='line_1_4' title="bbox 522 530 3797 603; baseline -0.001 -15"><span class='ocrx_word' id='word_1_11' title='bbox 522 544 633 588; x_wconf 83' lang='grc' dir='ltr'>ιιιιιι</span> <span class='ocrx_word' id='word_1_12' title='bbox 669 543 751 587; x_wconf 85' lang='lat' dir='ltr'><strong>est</strong></span> <span class='ocrx_word' id='word_1_13' title='bbox 783 539 1127 589; x_wconf 86' lang='lat' dir='ltr'><strong>testamento.</strong></span> <span class='ocrx_word' id='word_1_14' title='bbox 1159 530 1512 601; x_wconf 86' lang='lat' dir='ltr'><strong>Scriptusque</strong></span> <span class='ocrx_word' id='word_1_15' title='bbox 1539 540 1655 587; x_wconf 75' lang='lat' dir='ltr'><strong>erat</strong></span> <span class='ocrx_word' id='word_1_16' title='bbox 1687 540 1811 587; x_wconf 99' lang='lat' dir='ltr'><strong>ante</strong></span> <span class='ocrx_word' id='word_1_17' title='bbox 1847 542 1905 586; x_wconf 93' lang='lat' dir='ltr'><strong>ct</strong></span> <span class='ocrx_word' id='word_1_18' title='bbox 1929 538 2091 585; x_wconf 89' lang='lat' dir='ltr'><strong>retro.</strong></span> <span class='ocrx_word' id='word_1_19' title='bbox 2124 534 2170 594; x_wconf 78' lang='grc' dir='ltr'><strong>Α</strong></span> <span class='ocrx_word' id='word_1_20' title='bbox 2201 531 2407 603; x_wconf 69' lang='grc' dir='ltr'>(τωο.)</span> <span class='ocrx_word' id='word_1_21' title='bbox 2438 534 2664 589; x_wconf 84' lang='lat' dir='ltr'><strong>Carmen</strong></span> <span class='ocrx_word' id='word_1_22' title='bbox 2709 532 3005 603; x_wconf 76' lang='lat' dir='ltr'><strong>aliquando</strong></span> <span class='ocrx_word' id='word_1_23' title='bbox 3057 532 3110 585; x_wconf 89' lang='lat' dir='ltr'><strong>in</strong></span> <span class='ocrx_word' id='word_1_24' title='bbox 3155 534 3320 598; x_wconf 78' lang='lat' dir='ltr'><strong>tono,</strong></span> <span class='ocrx_word' id='word_1_25' title='bbox 3372 531 3669 602; x_wconf 82' lang='lat' dir='ltr'><strong>aliquando</strong></span> <span class='ocrx_word' id='word_1_26' title='bbox 3744 537 3797 587; x_wconf 84' lang='lat' dir='ltr'><strong>in</strong></span> 
     </span>
    </p>
   </div>
   <div class='ocr_carea' id='block_1_5' title="bbox 523 622 2095 693">
    <p class='ocr_par' dir='ltr' id='par_1_5' title="bbox 523 622 2095 693">
     <span class='ocr_line' id='line_1_5' title="bbox 523 622 2095 693; baseline -0.001 -15"><span class='ocrx_word' id='word_1_27' title='bbox 523 626 597 679; x_wconf 89' lang='lat' dir='ltr'><strong>De</strong></span> <span class='ocrx_word' id='word_1_28' title='bbox 630 624 823 679; x_wconf 74' lang='lat' dir='ltr'><strong>futuris</strong></span> <span class='ocrx_word' id='word_1_29' title='bbox 851 632 905 679; x_wconf 91' lang='lat' dir='ltr'><strong>et</strong></span> <span class='ocrx_word' id='word_1_30' title='bbox 943 624 1009 678; x_wconf 89' lang='lat' dir='ltr'><strong>de</strong></span> <span class='ocrx_word' id='word_1_31' title='bbox 1039 623 1348 693; x_wconf 60' lang='lat' dir='ltr'><strong>praeteritis,</strong></span> <span class='ocrx_word' id='word_1_32' title='bbox 1380 623 1463 678; x_wconf 91' lang='lat' dir='ltr'><strong>vel</strong></span> <span class='ocrx_word' id='word_1_33' title='bbox 1495 632 1643 679; x_wconf 90' lang='lat' dir='ltr'><strong>certe</strong></span> <span class='ocrx_word' id='word_1_34' title='bbox 1677 622 1807 678; x_wconf 79' lang='lat' dir='ltr'><strong>foris</strong></span> <span class='ocrx_word' id='word_1_35' title='bbox 1846 624 1897 676; x_wconf 93' lang='lat' dir='ltr'><strong>in</strong></span> <span class='ocrx_word' id='word_1_36' title='bbox 1929 622 2095 676; x_wconf 87' lang='lat' dir='ltr'><strong>histo-</strong></span> 
     </span>
    </p>
   </div>
   <div class='ocr_carea' id='block_1_6' title="bbox 525 712 2100 787">
    <p class='ocr_par' dir='ltr' id='par_1_6' title="bbox 525 712 2100 787">
     <span class='ocr_line' id='line_1_6' title="bbox 525 712 2100 787; baseline -0.001 -20"><span class='ocrx_word' id='word_1_37' title='bbox 525 716 618 768; x_wconf 58' lang='lat' dir='ltr'><strong>ria}</strong></span> <span class='ocrx_word' id='word_1_38' title='bbox 637 714 840 780; x_wconf 88' lang='lat' dir='ltr'><strong>littera,</strong></span> <span class='ocrx_word' id='word_1_39' title='bbox 866 714 1031 777; x_wconf 85' lang='lat' dir='ltr'><strong>intus,</strong></span> <span class='ocrx_word' id='word_1_40' title='bbox 1064 712 1417 784; x_wconf 74' lang='lat' dir='ltr'><strong>intelligentia</strong></span> <span class='ocrx_word' id='word_1_41' title='bbox 1440 714 1686 785; x_wconf 78' lang='lat' dir='ltr'><strong>spiritali.</strong></span> <span class='ocrx_word' id='word_1_42' title='bbox 1706 712 1769 784; x_wconf 82' lang='lat' dir='ltr'><strong>(G</strong></span> <span class='ocrx_word' id='word_1_43' title='bbox 1779 712 1909 787; x_wconf 87' lang='lat' dir='ltr'><strong>reg.)</strong></span> <span class='ocrx_word' id='word_1_44' title='bbox 1938 712 2100 766; x_wconf 89' lang='lat' dir='ltr'><strong>Liber</strong></span> 
     </span>
    </p>
   </div>
   <div class='ocr_carea' id='block_1_7' title="bbox 524 800 2100 874">
    <p class='ocr_par' dir='ltr' id='par_1_7' title="bbox 524 800 2100 874">
     <span class='ocr_line' id='line_1_7' title="bbox 524 800 2100 874; baseline 0 -16"><span class='ocrx_word' id='word_1_45' title='bbox 524 812 702 859; x_wconf 85' lang='lat' dir='ltr'><strong>autem</strong></span> <span class='ocrx_word' id='word_1_46' title='bbox 748 802 1019 858; x_wconf 90' lang='lat' dir='ltr'><strong>involutus</strong></span> <span class='ocrx_word' id='word_1_47' title='bbox 1046 811 1130 857; x_wconf 90' lang='lat' dir='ltr'><strong>est</strong></span> <span class='ocrx_word' id='word_1_48' title='bbox 1156 800 1449 873; x_wconf 59' lang='lat' dir='ltr'><strong>Scriptura</strong></span> <span class='ocrx_word' id='word_1_49' title='bbox 1492 819 1659 859; x_wconf 78' lang='lat' dir='ltr'><strong>sacra:</strong></span> <span class='ocrx_word' id='word_1_50' title='bbox 1700 803 1970 874; x_wconf 86' lang='lat' dir='ltr'><strong>eloquium</strong></span> <span class='ocrx_word' id='word_1_51' title='bbox 2001 803 2100 858; x_wconf 90' lang='lat' dir='ltr'><strong>ob-</strong></span> 
     </span>
    </p>
   </div>
   <div class='ocr_carea' id='block_1_8' title="bbox 524 893 2097 963">
    <p class='ocr_par' dir='ltr' id='par_1_8' title="bbox 524 893 2097 963">
     <span class='ocr_line' id='line_1_8' title="bbox 524 893 2097 963; baseline -0.001 -13"><span class='ocrx_word' id='word_1_52' title='bbox 524 909 763 951; x_wconf 55' lang='lat' dir='ltr'><strong>scurat“.</strong></span> <span class='ocrx_word' id='word_1_53' title='bbox 791 895 933 950; x_wconf 82' lang='grc' dir='ltr'>(ιιιοά</span> <span class='ocrx_word' id='word_1_54' title='bbox 960 893 1328 963; x_wconf 71' lang='lat' dir='ltr'><strong>profenditate</strong></span> <span class='ocrx_word' id='word_1_55' title='bbox 1366 896 1755 950; x_wconf 88' lang='lat' dir='ltr'><strong>sententiarum</strong></span> <span class='ocrx_word' id='word_1_56' title='bbox 1785 894 2097 960; x_wconf 84' lang='lat' dir='ltr'><strong>involvitur,</strong></span> 
     </span>
    </p>
   </div>
   <div class='ocr_carea' id='block_1_9' title="bbox 522 984 2101 1055">
    <p class='ocr_par' dir='ltr' id='par_1_9' title="bbox 522 984 2101 1055">
     <span class='ocr_line' id='line_1_9' title="bbox 522 984 2101 1055; baseline 0.001 -17"><span class='ocrx_word' id='word_1_57' title='bbox 522 994 583 1038; x_wconf 90' lang='lat' dir='ltr'><strong>ut</strong></span> <span class='ocrx_word' id='word_1_58' title='bbox 619 988 927 1038; x_wconf 43' lang='lat' dir='ltr'><strong>nominate</strong></span> <span class='ocrx_word' id='word_1_59' title='bbox 975 998 1164 1038; x_wconf 60' lang='lat' dir='ltr'><strong>sensu&quot;</strong></span> <span class='ocrx_word' id='word_1_60' title='bbox 1214 992 1548 1051; x_wconf 87' lang='lat' dir='ltr'><strong>penetretur.</strong></span> <span class='ocrx_word' id='word_1_61' title='bbox 1599 984 1703 1039; x_wconf 86' lang='lat' dir='ltr'><strong>Sed</strong></span> <span class='ocrx_word' id='word_1_62' title='bbox 1757 999 1942 1039; x_wconf 89' lang='lat' dir='ltr'><strong>coram</strong></span> <span class='ocrx_word' id='word_1_63' title='bbox 1975 999 2101 1055; x_wconf 88' lang='lat' dir='ltr'><strong>pro-</strong></span> 
     </span>
    </p>
   </div>
   <div class='ocr_carea' id='block_1_10' title="bbox 522 1073 2103 1146">
    <p class='ocr_par' dir='ltr' id='par_1_10' title="bbox 522 1073 2103 1146">
     <span class='ocr_line' id='line_1_10' title="bbox 522 1073 2103 1146; baseline 0.002 -17"><span class='ocrx_word' id='word_1_64' title='bbox 522 1077 683 1146; x_wconf 84' lang='lat' dir='ltr'><strong>pheta</strong></span> <span class='ocrx_word' id='word_1_65' title='bbox 733 1074 871 1130; x_wconf 73' lang='lat' dir='ltr'><strong>liber</strong></span> <span class='ocrx_word' id='word_1_66' title='bbox 906 1073 1245 1144; x_wconf 78' lang='lat' dir='ltr'><strong>expanditur,</strong></span> <span class='ocrx_word' id='word_1_67' title='bbox 1290 1076 1413 1144; x_wconf 85' lang='lat' dir='ltr'><strong>quia</strong></span> <span class='ocrx_word' id='word_1_68' title='bbox 1451 1090 1630 1129; x_wconf 89' lang='lat' dir='ltr'><strong>coram</strong></span> <span class='ocrx_word' id='word_1_69' title='bbox 1655 1073 2103 1143; x_wconf 64' lang='lat' dir='ltr'><strong>praedicatoribus</strong></span> 
     </span>
    </p>
   </div>
   <div class='ocr_carea' id='block_1_11' title="bbox 526 1148 2100 1232">
    <p class='ocr_par' dir='ltr' id='par_1_11' title="bbox 526 1148 2100 1232">
     <span class='ocr_line' id='line_1_11' title="bbox 526 1148 2100 1232; baseline -0.001 -12"><span class='ocrx_word' id='word_1_70' title='bbox 526 1162 667 1220; x_wconf 83' lang='lat' dir='ltr'><strong>sacri</strong></span> <span class='ocrx_word' id='word_1_71' title='bbox 696 1148 897 1232; x_wconf 80' lang='lat' dir='ltr'><strong>eloquii</strong></span> <span class='ocrx_word' id='word_1_72' title='bbox 931 1160 1236 1216; x_wconf 82' lang='lat' dir='ltr'><strong>obscuritas</strong></span> <span class='ocrx_word' id='word_1_73' title='bbox 1268 1162 1524 1230; x_wconf 89' lang='lat' dir='ltr'><strong>aperitur.</strong></span> <span class='ocrx_word' id='word_1_74' title='bbox 1548 1161 1860 1217; x_wconf 81' lang='lat' dir='ltr'><strong>involutum</strong></span> <span class='ocrx_word' id='word_1_75' title='bbox 1903 1163 2100 1219; x_wconf 87' lang='lat' dir='ltr'><strong>librum</strong></span> 
     </span>
    </p>
   </div>
   <div class='ocr_carea' id='block_1_12' title="bbox 525 1249 2096 1320">
    <p class='ocr_par' dir='ltr' id='par_1_12' title="bbox 525 1249 2096 1320">
     <span class='ocr_line' id='line_1_12' title="bbox 525 1249 2096 1320; baseline 0 -15"><span class='ocrx_word' id='word_1_76' title='bbox 525 1266 716 1305; x_wconf 88' lang='lat' dir='ltr'><strong>manus</strong></span> <span class='ocrx_word' id='word_1_77' title='bbox 756 1250 970 1305; x_wconf 82' lang='lat' dir='ltr'><strong>Domini</strong></span> <span class='ocrx_word' id='word_1_78' title='bbox 1005 1257 1345 1320; x_wconf 78' lang='lat' dir='ltr'><strong>porrexerat,</strong></span> <span class='ocrx_word' id='word_1_79' title='bbox 1396 1263 1516 1302; x_wconf 91' lang='lat' dir='ltr'><strong>cum</strong></span> <span class='ocrx_word' id='word_1_80' title='bbox 1562 1250 1819 1319; x_wconf 87' lang='lat' dir='ltr'><strong>apostolis</strong></span> <span class='ocrx_word' id='word_1_81' title='bbox 1852 1249 2096 1305; x_wconf 87' lang='lat' dir='ltr'><strong>dicebat:</strong></span> 
     </span>
    </p>
   </div>
   <div class='ocr_carea' id='block_1_13' title="bbox 530 1338 2099 1410">
    <p class='ocr_par' dir='ltr' id='par_1_13' title="bbox 530 1338 2099 1410">
     <span class='ocr_line' id='line_1_13' title="bbox 530 1338 2099 1410; baseline -0.001 -17"><span class='ocrx_word' id='word_1_82' title='bbox 530 1362 549 1393; x_wconf 71' lang='grc' dir='ltr'><strong>ε</strong></span> <span class='ocrx_word' id='word_1_83' title='bbox 589 1342 776 1397; x_wconf 89' lang='lat' dir='ltr'><strong>Simile</strong></span> <span class='ocrx_word' id='word_1_84' title='bbox 810 1342 1008 1396; x_wconf 80' lang='lat' dir='ltr'><strong>factum</strong></span> <span class='ocrx_word' id='word_1_85' title='bbox 1040 1351 1123 1396; x_wconf 88' lang='lat' dir='ltr'><strong>est</strong></span> <span class='ocrx_word' id='word_1_86' title='bbox 1176 1354 1399 1408; x_wconf 80' lang='lat' dir='ltr'><strong>regnum</strong></span> <span class='ocrx_word' id='word_1_87' title='bbox 1443 1338 1703 1395; x_wconf 72' lang='lat' dir='ltr'><strong>oculorum</strong></span> <span class='ocrx_word' id='word_1_88' title='bbox 1764 1340 1965 1395; x_wconf 80' lang='lat' dir='ltr'><strong>homini</strong></span> <span class='ocrx_word' id='word_1_89' title='bbox 2006 1341 2099 1410; x_wconf 89' lang='lat' dir='ltr'><strong>qui</strong></span> 
     </span>
    </p>
   </div>
   <div class='ocr_carea' id='block_1_14' title="bbox 523 1430 2097 1502">
    <p class='ocr_par' dir='ltr' id='par_1_14' title="bbox 523 1430 2097 1502">
     <span class='ocr_line' id='line_1_14' title="bbox 523 1430 2097 1502; baseline -0.003 -13"><span class='ocrx_word' id='word_1_90' title='bbox 523 1435 811 1489; x_wconf 78' lang='lat' dir='ltr'><strong>seminavit</strong></span> <span class='ocrx_word' id='word_1_91' title='bbox 850 1434 1050 1488; x_wconf 85' lang='lat' dir='ltr'><strong>bonum</strong></span> <span class='ocrx_word' id='word_1_92' title='bbox 1082 1445 1265 1487; x_wconf 90' lang='lat' dir='ltr'><strong>semen</strong></span> <span class='ocrx_word' id='word_1_93' title='bbox 1300 1430 1354 1485; x_wconf 91' lang='lat' dir='ltr'><strong>in</strong></span> <span class='ocrx_word' id='word_1_94' title='bbox 1400 1445 1531 1502; x_wconf 85' lang='lat' dir='ltr'><strong>agro</strong></span> <span class='ocrx_word' id='word_1_95' title='bbox 1568 1445 1684 1485; x_wconf 92' lang='lat' dir='ltr'><strong>suo.</strong></span> <span class='ocrx_word' id='word_1_96' title='bbox 1742 1431 1874 1498; x_wconf 73' lang='lat' dir='ltr'><strong>Cum</strong></span> <span class='ocrx_word' id='word_1_97' title='bbox 1921 1440 2097 1485; x_wconf 79' lang='lat' dir='ltr'><strong>autem</strong></span> 
     </span>
    </p>
   </div>
   <div class='ocr_carea' id='block_1_15' title="bbox 522 1521 2101 1592">
    <p class='ocr_par' dir='ltr' id='par_1_15' title="bbox 522 1521 2101 1592">
     <span class='ocr_line' id='line_1_15' title="bbox 522 1521 2101 1592; baseline -0.003 -13"><span class='ocrx_word' id='word_1_98' title='bbox 522 1526 827 1582; x_wconf 86' lang='lat' dir='ltr'><strong>dormirent</strong></span> <span class='ocrx_word' id='word_1_99' title='bbox 874 1523 1142 1588; x_wconf 89' lang='lat' dir='ltr'><strong>homines,</strong></span> <span class='ocrx_word' id='word_1_100' title='bbox 1173 1521 1319 1578; x_wconf 83' lang='lat' dir='ltr'><strong>venit</strong></span> <span class='ocrx_word' id='word_1_101' title='bbox 1366 1521 1619 1577; x_wconf 90' lang='lat' dir='ltr'><strong>inimicus</strong></span> <span class='ocrx_word' id='word_1_102' title='bbox 1663 1521 1801 1592; x_wconf 88' lang='lat' dir='ltr'><strong>ejus,</strong></span> <span class='ocrx_word' id='word_1_103' title='bbox 1838 1532 1891 1575; x_wconf 86' lang='lat' dir='ltr'><strong>et</strong></span> <span class='ocrx_word' id='word_1_104' title='bbox 1922 1537 2101 1591; x_wconf 85' lang='lat' dir='ltr'><strong>super-</strong></span> 
     </span>
    </p>
   </div>
   <div class='ocr_carea' id='block_1_16' title="bbox 526 1612 2097 1678">
    <p class='ocr_par' dir='ltr' id='par_1_16' title="bbox 526 1612 2097 1678">
     <span class='ocr_line' id='line_1_16' title="bbox 526 1612 2097 1678; baseline -0.003 -8"><span class='ocrx_word' id='word_1_105' title='bbox 526 1616 813 1671; x_wconf 87' lang='lat' dir='ltr'><strong>semiuavit</strong></span> <span class='ocrx_word' id='word_1_106' title='bbox 859 1614 1064 1669; x_wconf 84' lang='lat' dir='ltr'><strong>zizania</strong></span> <span class='ocrx_word' id='word_1_107' title='bbox 1111 1613 1164 1668; x_wconf 89' lang='lat' dir='ltr'><strong>in</strong></span> <span class='ocrx_word' id='word_1_108' title='bbox 1214 1612 1393 1667; x_wconf 86' lang='lat' dir='ltr'><strong>medio</strong></span> <span class='ocrx_word' id='word_1_109' title='bbox 1445 1612 1631 1678; x_wconf 89' lang='lat' dir='ltr'><strong>tritici,</strong></span> <span class='ocrx_word' id='word_1_110' title='bbox 1682 1622 1737 1668; x_wconf 90' lang='lat' dir='ltr'><strong>et</strong></span> <span class='ocrx_word' id='word_1_111' title='bbox 1765 1614 1915 1667; x_wconf 89' lang='lat' dir='ltr'><strong>abiit.</strong></span> <span class='ocrx_word' id='word_1_112' title='bbox 1966 1612 2097 1667; x_wconf 90' lang='lat' dir='ltr'><strong>Cum</strong></span> 
     </span>
    </p>
   </div>
   <div class='ocr_carea' id='block_1_17' title="bbox 523 1703 2102 1776">
    <p class='ocr_par' dir='ltr' id='par_1_17' title="bbox 523 1703 2102 1776">
     <span class='ocr_line' id='line_1_17' title="bbox 523 1703 2102 1776; baseline -0.001 -15"><span class='ocrx_word' id='word_1_113' title='bbox 523 1716 703 1761; x_wconf 85' lang='lat' dir='ltr'><strong>autem</strong></span> <span class='ocrx_word' id='word_1_114' title='bbox 743 1707 1001 1762; x_wconf 75' lang='lat' dir='ltr'><strong>crevisset</strong></span> <span class='ocrx_word' id='word_1_115' title='bbox 1024 1705 1217 1770; x_wconf 83' lang='lat' dir='ltr'><strong>herba,</strong></span> <span class='ocrx_word' id='word_1_116' title='bbox 1242 1713 1295 1759; x_wconf 89' lang='lat' dir='ltr'><strong>et</strong></span> <span class='ocrx_word' id='word_1_117' title='bbox 1318 1703 1550 1759; x_wconf 86' lang='lat' dir='ltr'><strong>fructum</strong></span> <span class='ocrx_word' id='word_1_118' title='bbox 1583 1704 1821 1771; x_wconf 81' lang='lat' dir='ltr'><strong>fecisset,</strong></span> <span class='ocrx_word' id='word_1_119' title='bbox 1847 1715 1973 1761; x_wconf 91' lang='lat' dir='ltr'><strong>tunc</strong></span> <span class='ocrx_word' id='word_1_120' title='bbox 2005 1722 2102 1776; x_wconf 89' lang='lat' dir='ltr'><strong>ap-</strong></span> 
     </span>
    </p>
   </div>
   <div class='ocr_carea' id='block_1_18' title="bbox 522 1793 2101 1869">
    <p class='ocr_par' dir='ltr' id='par_1_18' title="bbox 522 1793 2101 1869">
     <span class='ocr_line' id='line_1_18' title="bbox 522 1793 2101 1869; baseline 0.003 -20"><span class='ocrx_word' id='word_1_121' title='bbox 522 1804 819 1866; x_wconf 84' lang='lat' dir='ltr'><strong>paruerunt</strong></span> <span class='ocrx_word' id='word_1_122' title='bbox 848 1804 901 1850; x_wconf 88' lang='lat' dir='ltr'><strong>et</strong></span> <span class='ocrx_word' id='word_1_123' title='bbox 930 1795 1171 1861; x_wconf 84' lang='lat' dir='ltr'><strong>zizania;</strong></span> <span class='ocrx_word' id='word_1_124' title='bbox 1200 1802 1253 1849; x_wconf 86' lang='lat' dir='ltr'><strong>et</strong></span> <span class='ocrx_word' id='word_1_125' title='bbox 1276 1804 1473 1851; x_wconf 85' lang='lat' dir='ltr'><strong>caetera</strong></span> <span class='ocrx_word' id='word_1_126' title='bbox 1510 1793 1725 1868; x_wconf 78' lang='lat' dir='ltr'><strong>(Matth.</strong></span> <span class='ocrx_word' id='word_1_127' title='bbox 1758 1796 1903 1869; x_wconf 79' lang='lat' dir='ltr'><strong>xm).</strong></span> <span class='ocrx_word' id='word_1_128' title='bbox 1941 1817 1959 1849; x_wconf 75' lang='grc' dir='ltr'><strong>ι</strong></span> <span class='ocrx_word' id='word_1_129' title='bbox 1994 1797 2101 1853; x_wconf 88' lang='lat' dir='ltr'><strong>Sed</strong></span> 
     </span>
    </p>
   </div>
   <div class='ocr_carea' id='block_1_19' title="bbox 2200 625 3803 693">
    <p class='ocr_par' dir='ltr' id='par_1_19' title="bbox 2200 625 3803 693">
     <span class='ocr_line' id='line_1_19' title="bbox 2200 625 3803 693; baseline 0.002 -16"><span class='ocrx_word' id='word_1_130' title='bbox 2200 640 2340 684; x_wconf 66' lang='lat' dir='ltr'><strong>tanta</strong></span> <span class='ocrx_word' id='word_1_131' title='bbox 2367 626 2469 680; x_wconf 80' lang='lat' dir='ltr'><strong>diei</strong></span> <span class='ocrx_word' id='word_1_132' title='bbox 2494 642 2597 679; x_wconf 89' lang='lat' dir='ltr'><strong>non</strong></span> <span class='ocrx_word' id='word_1_133' title='bbox 2622 626 2840 679; x_wconf 88' lang='lat' dir='ltr'><strong>dubium</strong></span> <span class='ocrx_word' id='word_1_134' title='bbox 2871 634 2971 679; x_wconf 91' lang='lat' dir='ltr'><strong>est.</strong></span> <span class='ocrx_word' id='word_1_135' title='bbox 2994 625 3128 692; x_wconf 86' lang='lat' dir='ltr'><strong>Quia</strong></span> <span class='ocrx_word' id='word_1_136' title='bbox 3160 639 3213 680; x_wconf 84' lang='lat' dir='ltr'><strong>et</strong></span> <span class='ocrx_word' id='word_1_137' title='bbox 3241 626 3419 680; x_wconf 73' lang='lat' dir='ltr'><strong>lmtum</strong></span> <span class='ocrx_word' id='word_1_138' title='bbox 3453 642 3707 693; x_wconf 82' lang='lat' dir='ltr'><strong>carmen,</strong></span> <span class='ocrx_word' id='word_1_139' title='bbox 3744 635 3803 682; x_wconf 84' lang='lat' dir='ltr'><strong>et</strong></span> 
     </span>
    </p>
   </div>
   <div class='ocr_carea' id='block_1_20' title="bbox 2197 713 3803 788">
    <p class='ocr_par' dir='ltr' id='par_1_20' title="bbox 2197 713 3803 788">
     <span class='ocr_line' id='line_1_20' title="bbox 2197 713 3803 788; baseline 0.002 -19"><span class='ocrx_word' id='word_1_140' title='bbox 2197 713 2275 771; x_wconf 88' lang='lat' dir='ltr'><strong>1m</strong></span> <span class='ocrx_word' id='word_1_141' title='bbox 2308 718 2423 771; x_wconf 71' lang='lat' dir='ltr'><strong>sbrc</strong></span> <span class='ocrx_word' id='word_1_142' title='bbox 2445 732 2664 771; x_wconf 86' lang='lat' dir='ltr'><strong>carmen</strong></span> <span class='ocrx_word' id='word_1_143' title='bbox 2691 717 2869 770; x_wconf 83' lang='lat' dir='ltr'><strong>dicere</strong></span> <span class='ocrx_word' id='word_1_144' title='bbox 2899 731 3201 785; x_wconf 90' lang='lat' dir='ltr'><strong>possumus.</strong></span> <span class='ocrx_word' id='word_1_145' title='bbox 3230 717 3335 772; x_wconf 88' lang='lat' dir='ltr'><strong>Sed</strong></span> <span class='ocrx_word' id='word_1_146' title='bbox 3362 734 3461 773; x_wconf 89' lang='lat' dir='ltr'><strong>nos</strong></span> <span class='ocrx_word' id='word_1_147' title='bbox 3486 717 3803 788; x_wconf 76' lang='lat' dir='ltr'><strong>Scriptura:</strong></span> 
     </span>
    </p>
   </div>
   <div class='ocr_carea' id='block_1_21' title="bbox 2199 808 3803 880">
    <p class='ocr_par' dir='ltr' id='par_1_21' title="bbox 2199 808 3803 880">
     <span class='ocr_line' id='line_1_21' title="bbox 2199 808 3803 880; baseline 0.002 -20"><span class='ocrx_word' id='word_1_148' title='bbox 2199 808 2275 871; x_wconf 68' lang='lat' dir='ltr'><strong>tit,</strong></span> <span class='ocrx_word' id='word_1_149' title='bbox 2308 821 2371 860; x_wconf 65' lang='lat' dir='ltr'><strong>se</strong></span> <span class='ocrx_word' id='word_1_150' title='bbox 2388 821 2541 861; x_wconf 89' lang='lat' dir='ltr'><strong>usum</strong></span> <span class='ocrx_word' id='word_1_151' title='bbox 2564 816 2872 877; x_wconf 86' lang='lat' dir='ltr'><strong>sequentes,</strong></span> <span class='ocrx_word' id='word_1_152' title='bbox 2892 823 3010 877; x_wconf 72' lang='lat' dir='ltr'><strong>qua:</strong></span> <span class='ocrx_word' id='word_1_153' title='bbox 3040 823 3176 879; x_wconf 90' lang='lat' dir='ltr'><strong>pene</strong></span> <span class='ocrx_word' id='word_1_154' title='bbox 3205 824 3420 880; x_wconf 86' lang='lat' dir='ltr'><strong>semper</strong></span> <span class='ocrx_word' id='word_1_155' title='bbox 3439 825 3663 865; x_wconf 84' lang='lat' dir='ltr'><strong>carmen</strong></span> <span class='ocrx_word' id='word_1_156' title='bbox 3692 824 3803 879; x_wconf 80' lang='lat' dir='ltr'><strong>po-</strong></span> 
     </span>
    </p>
   </div>
   <div class='ocr_carea' id='block_1_22' title="bbox 2204 895 3806 975">
    <p class='ocr_par' dir='ltr' id='par_1_22' title="bbox 2204 895 3806 975">
     <span class='ocr_line' id='line_1_22' title="bbox 2204 895 3806 975; baseline 0.002 -26"><span class='ocrx_word' id='word_1_157' title='bbox 2204 912 2225 949; x_wconf 84' lang='lat' dir='ltr'><strong>l.</strong></span> <span class='ocrx_word' id='word_1_158' title='bbox 2322 895 2402 975; x_wconf 58' lang='lat' dir='ltr'><strong>:in</strong></span> <span class='ocrx_word' id='word_1_159' title='bbox 2428 896 2703 965; x_wconf 83' lang='lat' dir='ltr'><strong>prosperis</strong></span> <span class='ocrx_word' id='word_1_160' title='bbox 2724 896 2879 951; x_wconf 90' lang='lat' dir='ltr'><strong>solet.</strong></span> <span class='ocrx_word' id='word_1_161' title='bbox 2906 896 3019 952; x_wconf 85' lang='lat' dir='ltr'><strong>Hoc</strong></span> <span class='ocrx_word' id='word_1_162' title='bbox 3056 898 3106 950; x_wconf 91' lang='lat' dir='ltr'><strong>in</strong></span> <span class='ocrx_word' id='word_1_163' title='bbox 3136 897 3271 964; x_wconf 84' lang='lat' dir='ltr'><strong>loco,</strong></span> <span class='ocrx_word' id='word_1_164' title='bbox 3301 913 3399 968; x_wconf 84' lang='lat' dir='ltr'><strong>pro</strong></span> <span class='ocrx_word' id='word_1_165' title='bbox 3427 900 3567 953; x_wconf 90' lang='lat' dir='ltr'><strong>bono</strong></span> <span class='ocrx_word' id='word_1_166' title='bbox 3593 898 3806 969; x_wconf 68' lang='lat' dir='ltr'><strong>praedi-</strong></span> 
     </span>
    </p>
   </div>
   <div class='ocr_carea' id='block_1_23' title="bbox 2200 980 3806 1068">
    <p class='ocr_par' dir='ltr' id='par_1_23' title="bbox 2200 980 3806 1068">
     <span class='ocr_line' id='line_1_23' title="bbox 2200 980 3806 1068; baseline 0.01 -36"><span class='ocrx_word' id='word_1_167' title='bbox 2200 980 2588 1068; x_wconf 90' lang='lat' dir='ltr'><strong>carmcn</strong></span> <span class='ocrx_word' id='word_1_168' title='bbox 2612 987 2938 1056; x_wconf 86' lang='lat' dir='ltr'><strong>accipimus:</strong></span> <span class='ocrx_word' id='word_1_169' title='bbox 2974 1003 3098 1041; x_wconf 88' lang='lat' dir='ltr'><strong>nam</strong></span> <span class='ocrx_word' id='word_1_170' title='bbox 3130 1002 3252 1043; x_wconf 90' lang='lat' dir='ltr'><strong>cum</strong></span> <span class='ocrx_word' id='word_1_171' title='bbox 3281 990 3619 1059; x_wconf 83' lang='lat' dir='ltr'><strong>omnipotens</strong></span> <span class='ocrx_word' id='word_1_172' title='bbox 3642 991 3806 1045; x_wconf 76' lang='lat' dir='ltr'><strong>Deus</strong></span> 
     </span>
    </p>
   </div>
   <div class='ocr_carea' id='block_1_24' title="bbox 2197 1061 3803 1149">
    <p class='ocr_par' dir='ltr' id='par_1_24' title="bbox 2197 1061 3803 1149">
     <span class='ocr_line' id='line_1_24' title="bbox 2197 1061 3803 1149; baseline 0.004 -25"><span class='ocrx_word' id='word_1_173' title='bbox 2197 1061 2451 1139; x_wconf 64' lang='lat' dir='ltr'><strong>poplitum</strong></span> <span class='ocrx_word' id='word_1_174' title='bbox 2469 1086 2623 1127; x_wconf 87' lang='lat' dir='ltr'><strong>suum</strong></span> <span class='ocrx_word' id='word_1_175' title='bbox 2638 1074 2704 1128; x_wconf 90' lang='lat' dir='ltr'><strong>de</strong></span> <span class='ocrx_word' id='word_1_176' title='bbox 2721 1076 2855 1129; x_wconf 85' lang='lat' dir='ltr'><strong>mari</strong></span> <span class='ocrx_word' id='word_1_177' title='bbox 2871 1074 3054 1149; x_wconf 85' lang='lat' dir='ltr'><strong>Rubro</strong></span> <span class='ocrx_word' id='word_1_178' title='bbox 3067 1074 3370 1141; x_wconf 86' lang='lat' dir='ltr'><strong>liberasset,</strong></span> <span class='ocrx_word' id='word_1_179' title='bbox 3390 1079 3648 1146; x_wconf 88' lang='lat' dir='ltr'><strong>scriptum</strong></span> <span class='ocrx_word' id='word_1_180' title='bbox 3678 1086 3803 1132; x_wconf 86' lang='lat' dir='ltr'><strong>est:</strong></span> 
     </span>
    </p>
   </div>
   <div class='ocr_carea' id='block_1_25' title="bbox 2205 1161 3810 1233">
    <p class='ocr_par' dir='ltr' id='par_1_25' title="bbox 2205 1161 3810 1233">
     <span class='ocr_line' id='line_1_25' title="bbox 2205 1161 3810 1233; baseline 0.003 -19"><span class='ocrx_word' id='word_1_181' title='bbox 2205 1179 2223 1211; x_wconf 76' lang='grc' dir='ltr'><strong>ι</strong></span> <span class='ocrx_word' id='word_1_182' title='bbox 2265 1161 2637 1233; x_wconf 75' lang='lat' dir='ltr'><strong>TuncMoyscs</strong></span> <span class='ocrx_word' id='word_1_183' title='bbox 2669 1172 2722 1219; x_wconf 91' lang='lat' dir='ltr'><strong>et</strong></span> <span class='ocrx_word' id='word_1_184' title='bbox 2751 1164 2843 1217; x_wconf 83' lang='lat' dir='ltr'><strong>tilii</strong></span> <span class='ocrx_word' id='word_1_185' title='bbox 2882 1163 3048 1219; x_wconf 86' lang='lat' dir='ltr'><strong>lsrael</strong></span> <span class='ocrx_word' id='word_1_186' title='bbox 3090 1164 3402 1219; x_wconf 88' lang='lat' dir='ltr'><strong>cecinerunt</strong></span> <span class='ocrx_word' id='word_1_187' title='bbox 3436 1182 3662 1221; x_wconf 84' lang='lat' dir='ltr'><strong>carmen</strong></span> <span class='ocrx_word' id='word_1_188' title='bbox 3701 1166 3810 1219; x_wconf 85' lang='lat' dir='ltr'><strong>Do-</strong></span> 
     </span>
    </p>
   </div>
   <div class='ocr_carea' id='block_1_26' title="bbox 2200 1251 3807 1324">
    <p class='ocr_par' dir='ltr' id='par_1_26' title="bbox 2200 1251 3807 1324">
     <span class='ocr_line' id='line_1_26' title="bbox 2200 1251 3807 1324; baseline 0.004 -20"><span class='ocrx_word' id='word_1_189' title='bbox 2200 1251 2347 1307; x_wconf 91' lang='lat' dir='ltr'><strong>mino</strong></span> <span class='ocrx_word' id='word_1_190' title='bbox 2362 1251 2560 1324; x_wconf 77' lang='lat' dir='ltr'><strong>(Exod.</strong></span> <span class='ocrx_word' id='word_1_191' title='bbox 2578 1251 2687 1321; x_wconf 81' lang='lat' dir='ltr'><strong>xv).</strong></span> <span class='ocrx_word' id='word_1_192' title='bbox 2712 1272 2729 1305; x_wconf 79' lang='grc' dir='ltr'><strong>ι</strong></span> <span class='ocrx_word' id='word_1_193' title='bbox 2751 1253 2949 1307; x_wconf 80' lang='lat' dir='ltr'><strong>Etcum</strong></span> <span class='ocrx_word' id='word_1_194' title='bbox 2968 1254 3136 1308; x_wconf 86' lang='lat' dir='ltr'><strong>David</strong></span> <span class='ocrx_word' id='word_1_195' title='bbox 3154 1254 3436 1309; x_wconf 84' lang='lat' dir='ltr'><strong>victoriam</strong></span> <span class='ocrx_word' id='word_1_196' title='bbox 3460 1256 3522 1310; x_wconf 89' lang='lat' dir='ltr'><strong>de</strong></span> <span class='ocrx_word' id='word_1_197' title='bbox 3539 1256 3807 1310; x_wconf 81' lang='lat' dir='ltr'><strong>hostibus</strong></span> 
     </span>
    </p>
   </div>
   <div class='ocr_carea' id='block_1_27' title="bbox 2201 1339 3807 1411">
    <p class='ocr_par' dir='ltr' id='par_1_27' title="bbox 2201 1339 3807 1411">
     <span class='ocr_line' id='line_1_27' title="bbox 2201 1339 3807 1411; baseline 0.003 -17"><span class='ocrx_word' id='word_1_198' title='bbox 2201 1339 2440 1406; x_wconf 76' lang='lat' dir='ltr'><strong>fecisset,</strong></span> <span class='ocrx_word' id='word_1_199' title='bbox 2484 1341 2744 1411; x_wconf 88' lang='lat' dir='ltr'><strong>scriptum</strong></span> <span class='ocrx_word' id='word_1_200' title='bbox 2772 1350 2892 1396; x_wconf 85' lang='lat' dir='ltr'><strong>est:</strong></span> <span class='ocrx_word' id='word_1_201' title='bbox 2926 1362 2943 1393; x_wconf 77' lang='grc' dir='ltr'><strong>ι</strong></span> <span class='ocrx_word' id='word_1_202' title='bbox 2975 1343 3209 1398; x_wconf 84' lang='lat' dir='ltr'><strong>Locutus</strong></span> <span class='ocrx_word' id='word_1_203' title='bbox 3236 1353 3321 1399; x_wconf 87' lang='lat' dir='ltr'><strong>est</strong></span> <span class='ocrx_word' id='word_1_204' title='bbox 3357 1345 3521 1399; x_wconf 87' lang='lat' dir='ltr'><strong>David</strong></span> <span class='ocrx_word' id='word_1_205' title='bbox 3556 1345 3807 1399; x_wconf 82' lang='lat' dir='ltr'><strong>Domino</strong></span> 
     </span>
    </p>
   </div>
   <div class='ocr_carea' id='block_1_28' title="bbox 2203 1432 3809 1507">
    <p class='ocr_par' dir='ltr' id='par_1_28' title="bbox 2203 1432 3809 1507">
     <span class='ocr_line' id='line_1_28' title="bbox 2203 1432 3809 1507; baseline 0.003 -24"><span class='ocrx_word' id='word_1_206' title='bbox 2203 1433 2363 1486; x_wconf 87' lang='lat' dir='ltr'><strong>verba</strong></span> <span class='ocrx_word' id='word_1_207' title='bbox 2392 1432 2647 1487; x_wconf 81' lang='lat' dir='ltr'><strong>carminis</strong></span> <span class='ocrx_word' id='word_1_208' title='bbox 2671 1433 2828 1503; x_wconf 83' lang='lat' dir='ltr'><strong>hujus</strong></span> <span class='ocrx_word' id='word_1_209' title='bbox 2858 1432 2942 1505; x_wconf 87' lang='lat' dir='ltr'><strong>(II</strong></span> <span class='ocrx_word' id='word_1_210' title='bbox 2959 1433 3083 1504; x_wconf 84' lang='lat' dir='ltr'><strong>Reg.</strong></span> <span class='ocrx_word' id='word_1_211' title='bbox 3119 1434 3277 1507; x_wconf 63' lang='grc' dir='ltr'>χχιι).</span> <span class='ocrx_word' id='word_1_212' title='bbox 3317 1455 3330 1487; x_wconf 88' lang='grc' dir='ltr'><strong>ι</strong></span> <span class='ocrx_word' id='word_1_213' title='bbox 3372 1434 3620 1490; x_wconf 84' lang='lat' dir='ltr'><strong>Salomon</strong></span> <span class='ocrx_word' id='word_1_214' title='bbox 3659 1452 3809 1506; x_wconf 83' lang='lat' dir='ltr'><strong>quo-</strong></span> 
     </span>
    </p>
   </div>
   <div class='ocr_carea' id='block_1_29' title="bbox 2203 1521 3806 1593">
    <p class='ocr_par' dir='ltr' id='par_1_29' title="bbox 2203 1521 3806 1593">
     <span class='ocr_line' id='line_1_29' title="bbox 2203 1521 3806 1593; baseline 0.004 -21"><span class='ocrx_word' id='word_1_215' title='bbox 2203 1536 2306 1590; x_wconf 89' lang='lat' dir='ltr'><strong>que</strong></span> <span class='ocrx_word' id='word_1_216' title='bbox 2336 1521 2446 1574; x_wconf 85' lang='lat' dir='ltr'><strong>ait:</strong></span> <span class='ocrx_word' id='word_1_217' title='bbox 2483 1540 2502 1572; x_wconf 85' lang='grc'><strong>‹</strong></span> <span class='ocrx_word' id='word_1_218' title='bbox 2537 1521 2761 1577; x_wconf 81' lang='lat' dir='ltr'><strong>Acetum</strong></span> <span class='ocrx_word' id='word_1_219' title='bbox 2819 1523 2872 1577; x_wconf 89' lang='lat' dir='ltr'><strong>in</strong></span> <span class='ocrx_word' id='word_1_220' title='bbox 2902 1524 3065 1588; x_wconf 88' lang='lat' dir='ltr'><strong>nitro,</strong></span> <span class='ocrx_word' id='word_1_221' title='bbox 3121 1534 3175 1579; x_wconf 91' lang='lat' dir='ltr'><strong>et</strong></span> <span class='ocrx_word' id='word_1_222' title='bbox 3200 1525 3289 1593; x_wconf 85' lang='lat' dir='ltr'><strong>qui</strong></span> <span class='ocrx_word' id='word_1_223' title='bbox 3337 1533 3518 1579; x_wconf 87' lang='lat' dir='ltr'><strong>cantat</strong></span> <span class='ocrx_word' id='word_1_224' title='bbox 3542 1530 3806 1579; x_wconf 84' lang='lat' dir='ltr'><strong>carmina</strong></span> 
     </span>
    </p>
   </div>
   <div class='ocr_carea' id='block_1_30' title="bbox 2204 1609 3807 1685">
    <p class='ocr_par' dir='ltr' id='par_1_30' title="bbox 2204 1609 3807 1685">
     <span class='ocr_line' id='line_1_30' title="bbox 2204 1609 3807 1685; baseline 0.002 -22"><span class='ocrx_word' id='word_1_225' title='bbox 2204 1611 2365 1664; x_wconf 88' lang='lat' dir='ltr'><strong>corde</strong></span> <span class='ocrx_word' id='word_1_226' title='bbox 2396 1612 2629 1680; x_wconf 91' lang='lat' dir='ltr'><strong>pessimo</strong></span> <span class='ocrx_word' id='word_1_227' title='bbox 2657 1609 2838 1683; x_wconf 80' lang='lat' dir='ltr'><strong>(Prov.</strong></span> <span class='ocrx_word' id='word_1_228' title='bbox 2871 1612 3019 1683; x_wconf 76' lang='lat' dir='ltr'><strong>xxv).</strong></span> <span class='ocrx_word' id='word_1_229' title='bbox 3055 1632 3072 1664; x_wconf 78' lang='grc' dir='ltr'><strong>ι</strong></span> <span class='ocrx_word' id='word_1_230' title='bbox 3106 1614 3333 1669; x_wconf 81' lang='lat' dir='ltr'><strong>Acetum</strong></span> <span class='ocrx_word' id='word_1_231' title='bbox 3368 1615 3562 1685; x_wconf 89' lang='lat' dir='ltr'><strong>quippe</strong></span> <span class='ocrx_word' id='word_1_232' title='bbox 3588 1616 3633 1669; x_wconf 90' lang='lat' dir='ltr'><strong>si</strong></span> <span class='ocrx_word' id='word_1_233' title='bbox 3668 1615 3807 1668; x_wconf 85' lang='lat' dir='ltr'><strong>mit-</strong></span> 
     </span>
    </p>
   </div>
   <div class='ocr_carea' id='block_1_31' title="bbox 2206 1702 3803 1777">
    <p class='ocr_par' dir='ltr' id='par_1_31' title="bbox 2206 1702 3803 1777">
     <span class='ocr_line' id='line_1_31' title="bbox 2206 1702 3803 1777; baseline 0.004 -23"><span class='ocrx_word' id='word_1_234' title='bbox 2206 1710 2350 1755; x_wconf 89' lang='lat' dir='ltr'><strong>tatur</strong></span> <span class='ocrx_word' id='word_1_235' title='bbox 2382 1702 2434 1756; x_wconf 89' lang='lat' dir='ltr'><strong>in</strong></span> <span class='ocrx_word' id='word_1_236' title='bbox 2470 1703 2695 1771; x_wconf 87' lang='lat' dir='ltr'><strong>nitrum,</strong></span> <span class='ocrx_word' id='word_1_237' title='bbox 2722 1703 2974 1759; x_wconf 79' lang='lat' dir='ltr'><strong>fervescit</strong></span> <span class='ocrx_word' id='word_1_238' title='bbox 2998 1705 3197 1759; x_wconf 86' lang='lat' dir='ltr'><strong>nitrum</strong></span> <span class='ocrx_word' id='word_1_239' title='bbox 3228 1708 3474 1777; x_wconf 86' lang='lat' dir='ltr'><strong>protinus</strong></span> <span class='ocrx_word' id='word_1_240' title='bbox 3500 1716 3552 1761; x_wconf 91' lang='lat' dir='ltr'><strong>et</strong></span> <span class='ocrx_word' id='word_1_241' title='bbox 3577 1708 3803 1762; x_wconf 88' lang='lat' dir='ltr'><strong>ebullit.</strong></span> 
     </span>
    </p>
   </div>
   <div class='ocr_carea' id='block_1_32' title="bbox 2206 1791 3807 1866">
    <p class='ocr_par' dir='ltr' id='par_1_32' title="bbox 2206 1791 3807 1866">
     <span class='ocr_line' id='line_1_32' title="bbox 2206 1791 3807 1866; baseline 0.004 -22"><span class='ocrx_word' id='word_1_242' title='bbox 2206 1791 2273 1845; x_wconf 88' lang='lat' dir='ltr'><strong>Et</strong></span> <span class='ocrx_word' id='word_1_243' title='bbox 2296 1807 2551 1863; x_wconf 89' lang='lat' dir='ltr'><strong>perversa</strong></span> <span class='ocrx_word' id='word_1_244' title='bbox 2583 1809 2735 1849; x_wconf 91' lang='lat' dir='ltr'><strong>mens</strong></span> <span class='ocrx_word' id='word_1_245' title='bbox 2763 1796 2979 1864; x_wconf 87' lang='lat' dir='ltr'><strong>quando</strong></span> <span class='ocrx_word' id='word_1_246' title='bbox 3016 1811 3115 1866; x_wconf 90' lang='lat' dir='ltr'><strong>per</strong></span> <span class='ocrx_word' id='word_1_247' title='bbox 3155 1794 3578 1866; x_wconf 73' lang='lat' dir='ltr'><strong>increpationem</strong></span> <span class='ocrx_word' id='word_1_248' title='bbox 3617 1798 3807 1853; x_wconf 84' lang='lat' dir='ltr'><strong>corri-</strong></span> 
     </span>
    </p>
   </div>
   <div class='ocr_carea' id='block_1_33' title="bbox 523 1880 3803 1959">
    <p class='ocr_par' dir='ltr' id='par_1_33' title="bbox 523 1880 3803 1959">
     <span class='ocr_line' id='line_1_33' title="bbox 523 1880 3803 1959; baseline 0.004 -19"><span class='ocrx_word' id='word_1_249' title='bbox 523 1887 718 1942; x_wconf 83' lang='lat' dir='ltr'><strong>lihrunt</strong></span> <span class='ocrx_word' id='word_1_250' title='bbox 748 1902 905 1959; x_wconf 90' lang='lat' dir='ltr'><strong>quem</strong></span> <span class='ocrx_word' id='word_1_251' title='bbox 946 1886 1243 1942; x_wconf 90' lang='lat' dir='ltr'><strong>involutum</strong></span> <span class='ocrx_word' id='word_1_252' title='bbox 1279 1887 1612 1953; x_wconf 88' lang='lat' dir='ltr'><strong>ostenderat,</strong></span> <span class='ocrx_word' id='word_1_253' title='bbox 1644 1890 1916 1959; x_wconf 82' lang='lat' dir='ltr'><strong>expandit,</strong></span> <span class='ocrx_word' id='word_1_254' title='bbox 1981 1906 2101 1943; x_wconf 84' lang='lat' dir='ltr'><strong>cum</strong></span> <span class='ocrx_word' id='word_1_255' title='bbox 2133 1880 2178 1939; x_wconf 82' lang='lat' dir='ltr'><strong>B</strong></span> <span class='ocrx_word' id='word_1_256' title='bbox 2209 1884 2485 1954; x_wconf 68' lang='lat' dir='ltr'><strong>nitunpet&#39;</strong></span> <span class='ocrx_word' id='word_1_257' title='bbox 2507 1885 2906 1956; x_wconf 68' lang='grc' dir='ltr'><strong>ρταεᾱίοειιίοηίε</strong></span> <span class='ocrx_word' id='word_1_258' title='bbox 2932 1886 3267 1942; x_wconf 73' lang='lat' dir='ltr'><strong>dlllcedinem</strong></span> <span class='ocrx_word' id='word_1_259' title='bbox 3298 1888 3437 1941; x_wconf 74' lang='lat' dir='ltr'><strong>bona</strong></span> <span class='ocrx_word' id='word_1_260' title='bbox 3470 1888 3803 1952; x_wconf 67' lang='lat' dir='ltr'><strong>Slladelﬂur.</strong></span> 
     </span>
    </p>
   </div>
   <div class='ocr_carea' id='block_1_34' title="bbox 522 1976 2095 2049">
    <p class='ocr_par' dir='ltr' id='par_1_34' title="bbox 522 1976 2095 2049">
     <span class='ocr_line' id='line_1_34' title="bbox 522 1976 2095 2049; baseline -0.001 -16"><span class='ocrx_word' id='word_1_261' title='bbox 522 1979 626 2033; x_wconf 85' lang='lat' dir='ltr'><strong>hoc</strong></span> <span class='ocrx_word' id='word_1_262' title='bbox 649 1978 790 2048; x_wconf 90' lang='lat' dir='ltr'><strong>quod</strong></span> <span class='ocrx_word' id='word_1_263' title='bbox 815 1992 911 2047; x_wconf 89' lang='lat' dir='ltr'><strong>per</strong></span> <span class='ocrx_word' id='word_1_264' title='bbox 937 1977 1223 2049; x_wconf 56' lang='lat' dir='ltr'><strong>aenigmata</strong></span> <span class='ocrx_word' id='word_1_265' title='bbox 1244 1976 1580 2049; x_wconf 74' lang='lat' dir='ltr'><strong>loquebatur,</strong></span> <span class='ocrx_word' id='word_1_266' title='bbox 1596 1978 1863 2048; x_wconf 85' lang='lat' dir='ltr'><strong>exposuit,</strong></span> <span class='ocrx_word' id='word_1_267' title='bbox 1881 1978 2095 2034; x_wconf 88' lang='lat' dir='ltr'><strong>dicens:</strong></span> 
     </span>
    </p>
   </div>
   <div class='ocr_carea' id='block_1_35' title="bbox 529 2068 2101 2139">
    <p class='ocr_par' dir='ltr' id='par_1_35' title="bbox 529 2068 2101 2139">
     <span class='ocr_line' id='line_1_35' title="bbox 529 2068 2101 2139; baseline 0.002 -19"><span class='ocrx_word' id='word_1_268' title='bbox 529 2090 546 2120; x_wconf 75' lang='grc' dir='ltr'><strong>ι</strong></span> <span class='ocrx_word' id='word_1_269' title='bbox 575 2068 677 2137; x_wconf 85' lang='lat' dir='ltr'><strong>Qui</strong></span> <span class='ocrx_word' id='word_1_270' title='bbox 704 2069 933 2125; x_wconf 90' lang='lat' dir='ltr'><strong>seminat</strong></span> <span class='ocrx_word' id='word_1_271' title='bbox 961 2068 1157 2122; x_wconf 89' lang='lat' dir='ltr'><strong>bonum</strong></span> <span class='ocrx_word' id='word_1_272' title='bbox 1182 2076 1487 2134; x_wconf 87' lang='lat' dir='ltr'><strong>semen,est</strong></span> <span class='ocrx_word' id='word_1_273' title='bbox 1515 2068 1658 2125; x_wconf 86' lang='lat' dir='ltr'><strong>[ilius</strong></span> <span class='ocrx_word' id='word_1_274' title='bbox 1687 2069 2101 2139; x_wconf 79' lang='lat' dir='ltr'><strong>bominis.A.ger</strong></span> 
     </span>
    </p>
   </div>
   <div class='ocr_carea' id='block_1_36' title="bbox 524 2157 2101 2225">
    <p class='ocr_par' dir='ltr' id='par_1_36' title="bbox 524 2157 2101 2225">
     <span class='ocr_line' id='line_1_36' title="bbox 524 2157 2101 2225; baseline 0 -12"><span class='ocrx_word' id='word_1_275' title='bbox 524 2168 705 2215; x_wconf 89' lang='lat' dir='ltr'><strong>autem</strong></span> <span class='ocrx_word' id='word_1_276' title='bbox 751 2167 836 2214; x_wconf 90' lang='lat' dir='ltr'><strong>est</strong></span> <span class='ocrx_word' id='word_1_277' title='bbox 883 2157 1130 2213; x_wconf 91' lang='lat' dir='ltr'><strong>mundus.</strong></span> <span class='ocrx_word' id='word_1_278' title='bbox 1178 2157 1386 2213; x_wconf 87' lang='lat' dir='ltr'><strong>Bonum</strong></span> <span class='ocrx_word' id='word_1_279' title='bbox 1426 2167 1607 2225; x_wconf 85' lang='lat' dir='ltr'><strong>autem</strong></span> <span class='ocrx_word' id='word_1_280' title='bbox 1655 2174 1860 2225; x_wconf 90' lang='lat' dir='ltr'><strong>semen,</strong></span> <span class='ocrx_word' id='word_1_281' title='bbox 1890 2160 1945 2214; x_wconf 87' lang='lat' dir='ltr'><strong>hi</strong></span> <span class='ocrx_word' id='word_1_282' title='bbox 1976 2170 2101 2213; x_wconf 91' lang='lat' dir='ltr'><strong>sunt</strong></span> 
     </span>
    </p>
   </div>
   <div class='ocr_carea' id='block_1_37' title="bbox 526 2247 2102 2318">
    <p class='ocr_par' dir='ltr' id='par_1_37' title="bbox 526 2247 2102 2318">
     <span class='ocr_line' id='line_1_37' title="bbox 526 2247 2102 2318; baseline -0.001 -16"><span class='ocrx_word' id='word_1_283' title='bbox 526 2248 623 2303; x_wconf 83' lang='lat' dir='ltr'><strong>ﬁlii</strong></span> <span class='ocrx_word' id='word_1_284' title='bbox 660 2248 834 2318; x_wconf 82' lang='lat' dir='ltr'><strong>regni,</strong></span> <span class='ocrx_word' id='word_1_285' title='bbox 876 2247 1082 2302; x_wconf 84' lang='lat' dir='ltr'><strong>zizania</strong></span> <span class='ocrx_word' id='word_1_286' title='bbox 1114 2257 1291 2303; x_wconf 90' lang='lat' dir='ltr'><strong>autem</strong></span> <span class='ocrx_word' id='word_1_287' title='bbox 1328 2247 1421 2303; x_wconf 81' lang='lat' dir='ltr'><strong>ﬁlii</strong></span> <span class='ocrx_word' id='word_1_288' title='bbox 1474 2256 1600 2303; x_wconf 90' lang='lat' dir='ltr'><strong>sunt</strong></span> <span class='ocrx_word' id='word_1_289' title='bbox 1632 2263 1883 2318; x_wconf 85' lang='lat' dir='ltr'><strong>nequam.</strong></span> <span class='ocrx_word' id='word_1_290' title='bbox 1920 2247 2102 2303; x_wconf 82' lang='lat' dir='ltr'><strong>inimi-</strong></span> 
     </span>
    </p>
   </div>
   <div class='ocr_carea' id='block_1_38' title="bbox 524 2340 2103 2409">
    <p class='ocr_par' dir='ltr' id='par_1_38' title="bbox 524 2340 2103 2409">
     <span class='ocr_line' id='line_1_38' title="bbox 524 2340 2103 2409; baseline 0.003 -15"><span class='ocrx_word' id='word_1_291' title='bbox 524 2348 619 2395; x_wconf 90' lang='lat' dir='ltr'><strong>cus</strong></span> <span class='ocrx_word' id='word_1_292' title='bbox 662 2352 863 2406; x_wconf 86' lang='lat' dir='ltr'><strong>autem,</strong></span> <span class='ocrx_word' id='word_1_293' title='bbox 905 2340 996 2409; x_wconf 91' lang='lat' dir='ltr'><strong>qui</strong></span> <span class='ocrx_word' id='word_1_294' title='bbox 1039 2340 1326 2395; x_wconf 86' lang='lat' dir='ltr'><strong>seminavit</strong></span> <span class='ocrx_word' id='word_1_295' title='bbox 1374 2354 1438 2394; x_wconf 91' lang='lat' dir='ltr'><strong>ea</strong></span> <span class='ocrx_word' id='word_1_296' title='bbox 1482 2350 1568 2396; x_wconf 90' lang='lat' dir='ltr'><strong>est</strong></span> <span class='ocrx_word' id='word_1_297' title='bbox 1610 2342 1875 2397; x_wconf 90' lang='lat' dir='ltr'><strong>diabolus.</strong></span> <span class='ocrx_word' id='word_1_298' title='bbox 1914 2341 2103 2398; x_wconf 86' lang='lat' dir='ltr'><strong>Messis</strong></span> 
     </span>
    </p>
   </div>
   <div class='ocr_carea' id='block_1_39' title="bbox 525 2428 2100 2501">
    <p class='ocr_par' dir='ltr' id='par_1_39' title="bbox 525 2428 2100 2501">
     <span class='ocr_line' id='line_1_39' title="bbox 525 2428 2100 2501; baseline 0.002 -18"><span class='ocrx_word' id='word_1_299' title='bbox 525 2445 654 2485; x_wconf 90' lang='lat' dir='ltr'><strong>vero</strong></span> <span class='ocrx_word' id='word_1_300' title='bbox 683 2429 1076 2484; x_wconf 81' lang='lat' dir='ltr'><strong>consummatio</strong></span> <span class='ocrx_word' id='word_1_301' title='bbox 1102 2428 1279 2484; x_wconf 71' lang='lat' dir='ltr'><strong>steculi</strong></span> <span class='ocrx_word' id='word_1_302' title='bbox 1307 2437 1407 2484; x_wconf 91' lang='lat' dir='ltr'><strong>est.</strong></span> <span class='ocrx_word' id='word_1_303' title='bbox 1426 2429 1689 2485; x_wconf 78' lang='lat' dir='ltr'><strong>Messores</strong></span> <span class='ocrx_word' id='word_1_304' title='bbox 1716 2438 1895 2484; x_wconf 82' lang='lat' dir='ltr'><strong>autem</strong></span> <span class='ocrx_word' id='word_1_305' title='bbox 1926 2432 2100 2501; x_wconf 80' lang='lat' dir='ltr'><strong>angeli</strong></span> 
     </span>
    </p>
   </div>
   <div class='ocr_carea' id='block_1_40' title="bbox 524 2521 2101 2595">
    <p class='ocr_par' dir='ltr' id='par_1_40' title="bbox 524 2521 2101 2595">
     <span class='ocr_line' id='line_1_40' title="bbox 524 2521 2101 2595; baseline -0.001 -16"><span class='ocrx_word' id='word_1_306' title='bbox 524 2534 667 2579; x_wconf 87' lang='lat' dir='ltr'><strong>sunt.</strong></span> <span class='ocrx_word' id='word_1_307' title='bbox 701 2524 853 2579; x_wconf 83' lang='lat' dir='ltr'><strong>Sicut</strong></span> <span class='ocrx_word' id='word_1_308' title='bbox 877 2538 1005 2594; x_wconf 88' lang='lat' dir='ltr'><strong>ergo</strong></span> <span class='ocrx_word' id='word_1_309' title='bbox 1030 2521 1353 2592; x_wconf 84' lang='lat' dir='ltr'><strong>colliguntur</strong></span> <span class='ocrx_word' id='word_1_310' title='bbox 1399 2523 1606 2578; x_wconf 87' lang='lat' dir='ltr'><strong>zizania</strong></span> <span class='ocrx_word' id='word_1_311' title='bbox 1661 2531 1715 2578; x_wconf 89' lang='lat' dir='ltr'><strong>et</strong></span> <span class='ocrx_word' id='word_1_312' title='bbox 1744 2524 1851 2595; x_wconf 88' lang='lat' dir='ltr'><strong>igni</strong></span> <span class='ocrx_word' id='word_1_313' title='bbox 1881 2526 2101 2579; x_wconf 89' lang='lat' dir='ltr'><strong>combu-</strong></span> 
     </span>
    </p>
   </div>
   <div class='ocr_carea' id='block_1_41' title="bbox 514 2612 2102 2681">
    <p class='ocr_par' dir='ltr' id='par_1_41' title="bbox 514 2612 2102 2681">
     <span class='ocr_line' id='line_1_41' title="bbox 514 2612 2102 2681; baseline -0.002 -12"><span class='ocrx_word' id='word_1_314' title='bbox 514 2618 738 2681; x_wconf 78' lang='lat' dir='ltr'><strong>‘runtur,</strong></span> <span class='ocrx_word' id='word_1_315' title='bbox 767 2614 845 2670; x_wconf 92' lang='lat' dir='ltr'><strong>sic</strong></span> <span class='ocrx_word' id='word_1_316' title='bbox 871 2615 975 2668; x_wconf 90' lang='lat' dir='ltr'><strong>erit</strong></span> <span class='ocrx_word' id='word_1_317' title='bbox 1005 2613 1060 2667; x_wconf 91' lang='lat' dir='ltr'><strong>in</strong></span> <span class='ocrx_word' id='word_1_318' title='bbox 1085 2613 1554 2669; x_wconf 89' lang='lat' dir='ltr'><strong>consummatione</strong></span> <span class='ocrx_word' id='word_1_319' title='bbox 1597 2613 1799 2668; x_wconf 69' lang='lat' dir='ltr'><strong>stcculi.</strong></span> <span class='ocrx_word' id='word_1_320' title='bbox 1837 2631 1856 2665; x_wconf 77' lang='grc' dir='ltr'><strong>ι</strong></span> <span class='ocrx_word' id='word_1_321' title='bbox 1890 2612 2102 2667; x_wconf 92' lang='lat' dir='ltr'><strong>Involu-</strong></span> 
     </span>
    </p>
   </div>
   <div class='ocr_carea' id='block_1_42' title="bbox 523 2701 2102 2774">
    <p class='ocr_par' dir='ltr' id='par_1_42' title="bbox 523 2701 2102 2774">
     <span class='ocr_line' id='line_1_42' title="bbox 523 2701 2102 2774; baseline -0.001 -16"><span class='ocrx_word' id='word_1_322' title='bbox 523 2714 613 2759; x_wconf 91' lang='lat' dir='ltr'><strong>tus</strong></span> <span class='ocrx_word' id='word_1_323' title='bbox 660 2704 843 2774; x_wconf 89' lang='lat' dir='ltr'><strong>itaque</strong></span> <span class='ocrx_word' id='word_1_324' title='bbox 891 2702 1029 2758; x_wconf 91' lang='lat' dir='ltr'><strong>liber</strong></span> <span class='ocrx_word' id='word_1_325' title='bbox 1074 2701 1416 2771; x_wconf 78' lang='lat' dir='ltr'><strong>expanditur,</strong></span> <span class='ocrx_word' id='word_1_326' title='bbox 1459 2703 1673 2773; x_wconf 89' lang='lat' dir='ltr'><strong>quando</strong></span> <span class='ocrx_word' id='word_1_327' title='bbox 1701 2702 1805 2758; x_wconf 84' lang='lat' dir='ltr'><strong>hoc</strong></span> <span class='ocrx_word' id='word_1_328' title='bbox 1831 2703 1973 2773; x_wconf 89' lang='lat' dir='ltr'><strong>quod</strong></span> <span class='ocrx_word' id='word_1_329' title='bbox 2006 2703 2102 2758; x_wconf 89' lang='lat' dir='ltr'><strong>ob-</strong></span> 
     </span>
    </p>
   </div>
   <div class='ocr_carea' id='block_1_43' title="bbox 522 2782 2101 2865">
    <p class='ocr_par' dir='ltr' id='par_1_43' title="bbox 522 2782 2101 2865">
     <span class='ocr_line' id='line_1_43' title="bbox 522 2782 2101 2865; baseline 0 -15"><span class='ocrx_word' id='word_1_330' title='bbox 522 2810 682 2851; x_wconf 89' lang='lat' dir='ltr'><strong>scure</strong></span> <span class='ocrx_word' id='word_1_331' title='bbox 726 2782 995 2865; x_wconf 86' lang='lat' dir='ltr'><strong>prolatum</strong></span> <span class='ocrx_word' id='word_1_332' title='bbox 1042 2791 1241 2857; x_wconf 83' lang='lat' dir='ltr'><strong>fuerat,</strong></span> <span class='ocrx_word' id='word_1_333' title='bbox 1272 2807 1369 2862; x_wconf 89' lang='lat' dir='ltr'><strong>per</strong></span> <span class='ocrx_word' id='word_1_334' title='bbox 1409 2792 1747 2848; x_wconf 89' lang='lat' dir='ltr'><strong>latitudinem</strong></span> <span class='ocrx_word' id='word_1_335' title='bbox 1795 2794 2101 2850; x_wconf 90' lang='lat' dir='ltr'><strong>intellectus</strong></span> 
     </span>
    </p>
   </div>
   <div class='ocr_carea' id='block_1_44' title="bbox 523 2882 2102 2955">
    <p class='ocr_par' dir='ltr' id='par_1_44' title="bbox 523 2882 2102 2955">
     <span class='ocr_line' id='line_1_44' title="bbox 523 2882 2102 2955; baseline 0.001 -17"><span class='ocrx_word' id='word_1_336' title='bbox 523 2884 783 2955; x_wconf 88' lang='lat' dir='ltr'><strong>aperitur.</strong></span> <span class='ocrx_word' id='word_1_337' title='bbox 827 2882 980 2938; x_wconf 84' lang='lat' dir='ltr'><strong>Hunc</strong></span> <span class='ocrx_word' id='word_1_338' title='bbox 1022 2882 1322 2937; x_wconf 90' lang='lat' dir='ltr'><strong>involutum</strong></span> <span class='ocrx_word' id='word_1_339' title='bbox 1366 2882 1562 2937; x_wconf 90' lang='lat' dir='ltr'><strong>librum</strong></span> <span class='ocrx_word' id='word_1_340' title='bbox 1588 2882 1802 2940; x_wconf 75' lang='lat' dir='ltr'><strong>Veritas</strong></span> <span class='ocrx_word' id='word_1_341' title='bbox 1847 2886 2102 2953; x_wconf 83' lang='lat' dir='ltr'><strong>expandit</strong></span> 
     </span>
    </p>
   </div>
   <div class='ocr_carea' id='block_1_45' title="bbox 522 2972 2101 3048">
    <p class='ocr_par' dir='ltr' id='par_1_45' title="bbox 522 2972 2101 3048">
     <span class='ocr_line' id='line_1_45' title="bbox 522 2972 2101 3048; baseline 0.001 -19"><span class='ocrx_word' id='word_1_342' title='bbox 522 2976 738 3048; x_wconf 82' lang='lat' dir='ltr'><strong>quando</strong></span> <span class='ocrx_word' id='word_1_343' title='bbox 763 2975 816 3029; x_wconf 89' lang='lat' dir='ltr'><strong>in</strong></span> <span class='ocrx_word' id='word_1_344' title='bbox 843 2972 1119 3043; x_wconf 88' lang='lat' dir='ltr'><strong>discipulis</strong></span> <span class='ocrx_word' id='word_1_345' title='bbox 1144 2973 1254 3044; x_wconf 89' lang='lat' dir='ltr'><strong>egit</strong></span> <span class='ocrx_word' id='word_1_346' title='bbox 1280 2973 1424 3043; x_wconf 89' lang='lat' dir='ltr'><strong>quod</strong></span> <span class='ocrx_word' id='word_1_347' title='bbox 1460 2973 1719 3043; x_wconf 89' lang='lat' dir='ltr'><strong>scriptum</strong></span> <span class='ocrx_word' id='word_1_348' title='bbox 1746 2983 1828 3029; x_wconf 92' lang='lat' dir='ltr'><strong>est</strong></span> <span class='ocrx_word' id='word_1_349' title='bbox 1856 2992 1868 3028; x_wconf 91' lang='lat'><strong>:</strong></span> <span class='ocrx_word' id='word_1_350' title='bbox 1900 2993 1918 3026; x_wconf 74' lang='grc' dir='ltr'><strong>ι</strong></span> <span class='ocrx_word' id='word_1_351' title='bbox 1950 2975 2101 3031; x_wconf 89' lang='lat' dir='ltr'><strong>Tunc</strong></span> 
     </span>
    </p>
   </div>
   <div class='ocr_carea' id='block_1_46' title="bbox 523 3063 2093 3137">
    <p class='ocr_par' dir='ltr' id='par_1_46' title="bbox 523 3063 2093 3137">
     <span class='ocr_line' id='line_1_46' title="bbox 523 3063 2093 3137; baseline -0.002 -15"><span class='ocrx_word' id='word_1_352' title='bbox 523 3068 737 3137; x_wconf 83' lang='lat' dir='ltr'><strong>aperuit</strong></span> <span class='ocrx_word' id='word_1_353' title='bbox 780 3066 885 3121; x_wconf 90' lang='lat' dir='ltr'><strong>illis</strong></span> <span class='ocrx_word' id='word_1_354' title='bbox 932 3080 1153 3121; x_wconf 89' lang='lat' dir='ltr'><strong>sensum</strong></span> <span class='ocrx_word' id='word_1_355' title='bbox 1198 3076 1257 3119; x_wconf 86' lang='lat' dir='ltr'><strong>ut</strong></span> <span class='ocrx_word' id='word_1_356' title='bbox 1304 3063 1668 3135; x_wconf 87' lang='lat' dir='ltr'><strong>intelligerent</strong></span> <span class='ocrx_word' id='word_1_357' title='bbox 1707 3063 2035 3136; x_wconf 88' lang='lat' dir='ltr'><strong>Scripturas.</strong></span> <span class='ocrx_word' id='word_1_358' title='bbox 2073 3086 2093 3119; x_wconf 85' lang='grc'><strong>›</strong></span> 
     </span>
    </p>
   </div>
   <div class='ocr_carea' id='block_1_47' title="bbox 527 3154 2098 3227">
    <p class='ocr_par' dir='ltr' id='par_1_47' title="bbox 527 3154 2098 3227">
     <span class='ocr_line' id='line_1_47' title="bbox 527 3154 2098 3227; baseline -0.001 -15"><span class='ocrx_word' id='word_1_359' title='bbox 527 3161 601 3213; x_wconf 85' lang='lat' dir='ltr'><strong>De</strong></span> <span class='ocrx_word' id='word_1_360' title='bbox 639 3172 745 3226; x_wconf 88' lang='lat' dir='ltr'><strong>quo</strong></span> <span class='ocrx_word' id='word_1_361' title='bbox 788 3157 963 3212; x_wconf 88' lang='lat' dir='ltr'><strong>adhuc</strong></span> <span class='ocrx_word' id='word_1_362' title='bbox 1010 3155 1148 3211; x_wconf 87' lang='lat' dir='ltr'><strong>libro</strong></span> <span class='ocrx_word' id='word_1_363' title='bbox 1192 3155 1473 3210; x_wconf 87' lang='lat' dir='ltr'><strong>subditur:</strong></span> <span class='ocrx_word' id='word_1_364' title='bbox 1517 3173 1534 3206; x_wconf 71' lang='grc' dir='ltr'><strong>ι</strong></span> <span class='ocrx_word' id='word_1_365' title='bbox 1574 3154 1675 3222; x_wconf 86' lang='lat' dir='ltr'><strong>Qui</strong></span> <span class='ocrx_word' id='word_1_366' title='bbox 1717 3166 1835 3210; x_wconf 88' lang='lat' dir='ltr'><strong>erat</strong></span> <span class='ocrx_word' id='word_1_367' title='bbox 1866 3158 2098 3227; x_wconf 85' lang='lat' dir='ltr'><strong>scriptus</strong></span> 
     </span>
    </p>
   </div>
   <div class='ocr_carea' id='block_1_48' title="bbox 2206 1974 3805 2045">
    <p class='ocr_par' dir='ltr' id='par_1_48' title="bbox 2206 1974 3805 2045">
     <span class='ocr_line' id='line_1_48' title="bbox 2206 1974 3805 2045; baseline 0.005 -17"><span class='ocrx_word' id='word_1_368' title='bbox 2206 1975 2270 2028; x_wconf 89' lang='lat' dir='ltr'><strong>de</strong></span> <span class='ocrx_word' id='word_1_369' title='bbox 2300 1976 2639 2045; x_wconf 87' lang='lat' dir='ltr'><strong>correptione</strong></span> <span class='ocrx_word' id='word_1_370' title='bbox 2664 1974 2724 2029; x_wconf 84' lang='lat' dir='ltr'><strong>ﬁt</strong></span> <span class='ocrx_word' id='word_1_371' title='bbox 2747 1976 3002 2043; x_wconf 87' lang='lat' dir='ltr'><strong>deterior,</strong></span> <span class='ocrx_word' id='word_1_372' title='bbox 3030 1986 3084 2033; x_wconf 87' lang='lat' dir='ltr'><strong>et</strong></span> <span class='ocrx_word' id='word_1_373' title='bbox 3114 1979 3236 2033; x_wconf 92' lang='lat' dir='ltr'><strong>inde</strong></span> <span class='ocrx_word' id='word_1_374' title='bbox 3261 1979 3315 2033; x_wconf 91' lang='lat' dir='ltr'><strong>in</strong></span> <span class='ocrx_word' id='word_1_375' title='bbox 3343 1981 3805 2036; x_wconf 80' lang='lat' dir='ltr'><strong>murmurationis</strong></span> 
     </span>
    </p>
   </div>
   <div class='ocr_carea' id='block_1_49' title="bbox 2204 2064 3807 2142">
    <p class='ocr_par' dir='ltr' id='par_1_49' title="bbox 2204 2064 3807 2142">
     <span class='ocr_line' id='line_1_49' title="bbox 2204 2064 3807 2142; baseline 0.006 -25"><span class='ocrx_word' id='word_1_376' title='bbox 2204 2064 2489 2134; x_wconf 79' lang='lat' dir='ltr'><strong>iniquitate</strong></span> <span class='ocrx_word' id='word_1_377' title='bbox 2540 2068 2911 2134; x_wconf 91' lang='lat' dir='ltr'><strong>succenditur,</strong></span> <span class='ocrx_word' id='word_1_378' title='bbox 2960 2070 3103 2125; x_wconf 91' lang='lat' dir='ltr'><strong>unde</strong></span> <span class='ocrx_word' id='word_1_379' title='bbox 3151 2070 3337 2126; x_wconf 86' lang='lat' dir='ltr'><strong>debuit</strong></span> <span class='ocrx_word' id='word_1_380' title='bbox 3385 2070 3454 2125; x_wconf 89' lang='lat' dir='ltr'><strong>ab</strong></span> <span class='ocrx_word' id='word_1_381' title='bbox 3503 2071 3807 2142; x_wconf 82' lang='lat' dir='ltr'><strong>iniquitate</strong></span> 
     </span>
    </p>
   </div>
   <div class='ocr_carea' id='block_1_50' title="bbox 2205 2153 3804 2229">
    <p class='ocr_par' dir='ltr' id='par_1_50' title="bbox 2205 2153 3804 2229">
     <span class='ocr_line' id='line_1_50' title="bbox 2205 2153 3804 2229; baseline 0.006 -22"><span class='ocrx_word' id='word_1_382' title='bbox 2205 2155 2496 2222; x_wconf 88' lang='lat' dir='ltr'><strong>compesci.</strong></span> <span class='ocrx_word' id='word_1_383' title='bbox 2538 2153 2628 2208; x_wconf 74' lang='lat' dir='ltr'><strong>Vw</strong></span> <span class='ocrx_word' id='word_1_384' title='bbox 2657 2165 2836 2211; x_wconf 88' lang='lat' dir='ltr'><strong>autem</strong></span> <span class='ocrx_word' id='word_1_385' title='bbox 2878 2157 2930 2211; x_wconf 89' lang='lat' dir='ltr'><strong>in</strong></span> <span class='ocrx_word' id='word_1_386' title='bbox 2961 2157 3241 2227; x_wconf 86' lang='lat' dir='ltr'><strong>Scriptura</strong></span> <span class='ocrx_word' id='word_1_387' title='bbox 3274 2168 3465 2213; x_wconf 88' lang='lat' dir='ltr'><strong>sancta</strong></span> <span class='ocrx_word' id='word_1_388' title='bbox 3494 2161 3698 2229; x_wconf 58' lang='lat' dir='ltr'><strong>sapius</strong></span> <span class='ocrx_word' id='word_1_389' title='bbox 3733 2163 3804 2216; x_wconf 88' lang='lat' dir='ltr'><strong>de</strong></span> 
     </span>
    </p>
   </div>
   <div class='ocr_carea' id='block_1_51' title="bbox 2203 2236 3807 2319">
    <p class='ocr_par' dir='ltr' id='par_1_51' title="bbox 2203 2236 3807 2319">
     <span class='ocr_line' id='line_1_51' title="bbox 2203 2236 3807 2319; baseline 0.006 -24"><span class='ocrx_word' id='word_1_390' title='bbox 2203 2250 2407 2297; x_wconf 65' lang='lat' dir='ltr'><strong>aeterno</strong></span> <span class='ocrx_word' id='word_1_391' title='bbox 2460 2243 2607 2299; x_wconf 90' lang='lat' dir='ltr'><strong>luctu</strong></span> <span class='ocrx_word' id='word_1_392' title='bbox 2638 2261 2800 2315; x_wconf 84' lang='lat' dir='ltr'><strong>quam</strong></span> <span class='ocrx_word' id='word_1_393' title='bbox 2836 2248 3088 2315; x_wconf 62' lang='lat' dir='ltr'><strong>praesenti</strong></span> <span class='ocrx_word' id='word_1_394' title='bbox 3147 2247 3281 2302; x_wconf 90' lang='lat' dir='ltr'><strong>solet</strong></span> <span class='ocrx_word' id='word_1_395' title='bbox 3342 2248 3584 2319; x_wconf 82' lang='lat' dir='ltr'><strong>intelligi.</strong></span> <span class='ocrx_word' id='word_1_396' title='bbox 3629 2236 3807 2306; x_wconf 71' lang='lat' dir='ltr'><strong>Unde</strong></span> 
     </span>
    </p>
   </div>
   <div class='ocr_carea' id='block_1_52' title="bbox 2205 2334 3804 2408">
    <p class='ocr_par' dir='ltr' id='par_1_52' title="bbox 2205 2334 3804 2408">
     <span class='ocr_line' id='line_1_52' title="bbox 2205 2334 3804 2408; baseline 0.004 -21"><span class='ocrx_word' id='word_1_397' title='bbox 2205 2334 2461 2404; x_wconf 86' lang='lat' dir='ltr'><strong>scriptum</strong></span> <span class='ocrx_word' id='word_1_398' title='bbox 2495 2345 2578 2391; x_wconf 89' lang='lat' dir='ltr'><strong>est</strong></span> <span class='ocrx_word' id='word_1_399' title='bbox 2610 2356 2624 2391; x_wconf 91' lang='lat'><strong>:</strong></span> <span class='ocrx_word' id='word_1_400' title='bbox 2664 2356 2681 2387; x_wconf 78' lang='grc' dir='ltr'><strong>ι</strong></span> <span class='ocrx_word' id='word_1_401' title='bbox 2720 2337 2807 2393; x_wconf 73' lang='lat' dir='ltr'><strong>Vae</strong></span> <span class='ocrx_word' id='word_1_402' title='bbox 2839 2338 3004 2408; x_wconf 89' lang='lat' dir='ltr'><strong>impio</strong></span> <span class='ocrx_word' id='word_1_403' title='bbox 3034 2339 3085 2393; x_wconf 90' lang='lat' dir='ltr'><strong>in</strong></span> <span class='ocrx_word' id='word_1_404' title='bbox 3115 2341 3338 2405; x_wconf 86' lang='lat' dir='ltr'><strong>malum,</strong></span> <span class='ocrx_word' id='word_1_405' title='bbox 3369 2342 3652 2397; x_wconf 81' lang='lat' dir='ltr'><strong>retributio</strong></span> <span class='ocrx_word' id='word_1_406' title='bbox 3684 2360 3804 2399; x_wconf 82' lang='lat' dir='ltr'><strong>ma-</strong></span> 
     </span>
    </p>
   </div>
   <div class='ocr_carea' id='block_1_53' title="bbox 2206 2428 3805 2505">
    <p class='ocr_par' dir='ltr' id='par_1_53' title="bbox 2206 2428 3805 2505">
     <span class='ocr_line' id='line_1_53' title="bbox 2206 2428 3805 2505; baseline 0.008 -28"><span class='ocrx_word' id='word_1_407' title='bbox 2206 2441 2370 2479; x_wconf 83' lang='lat' dir='ltr'><strong>nuum</strong></span> <span class='ocrx_word' id='word_1_408' title='bbox 2402 2428 2517 2498; x_wconf 88' lang='lat' dir='ltr'><strong>ejus</strong></span> <span class='ocrx_word' id='word_1_409' title='bbox 2548 2428 2639 2483; x_wconf 79' lang='lat' dir='ltr'><strong>ﬁet</strong></span> <span class='ocrx_word' id='word_1_410' title='bbox 2674 2431 2724 2485; x_wconf 86' lang='lat' dir='ltr'><strong>ei</strong></span> <span class='ocrx_word' id='word_1_411' title='bbox 2753 2430 2885 2499; x_wconf 71' lang='lat' dir='ltr'><strong>(Ira.</strong></span> <span class='ocrx_word' id='word_1_412' title='bbox 2921 2431 3025 2505; x_wconf 89' lang='grc' dir='ltr'>ιιι).</span> <span class='ocrx_word' id='word_1_413' title='bbox 3060 2452 3077 2483; x_wconf 75' lang='grc' dir='ltr'><strong>ι</strong></span> <span class='ocrx_word' id='word_1_414' title='bbox 3116 2432 3179 2486; x_wconf 85' lang='lat' dir='ltr'><strong>Et</strong></span> <span class='ocrx_word' id='word_1_415' title='bbox 3207 2432 3524 2490; x_wconf 72' lang='lat' dir='ltr'><strong>beatuslob</strong></span> <span class='ocrx_word' id='word_1_416' title='bbox 3552 2435 3805 2505; x_wconf 83' lang='lat' dir='ltr'><strong>loquitur</strong></span> 
     </span>
    </p>
   </div>
   <div class='ocr_carea' id='block_1_54' title="bbox 2205 2517 3801 2591">
    <p class='ocr_par' dir='ltr' id='par_1_54' title="bbox 2205 2517 3801 2591">
     <span class='ocr_line' id='line_1_54' title="bbox 2205 2517 3801 2591; baseline 0.004 -20"><span class='ocrx_word' id='word_1_417' title='bbox 2205 2517 2391 2571; x_wconf 87' lang='lat' dir='ltr'><strong>dicens</strong></span> <span class='ocrx_word' id='word_1_418' title='bbox 2426 2534 2440 2573; x_wconf 92' lang='lat'><strong>:</strong></span> <span class='ocrx_word' id='word_1_419' title='bbox 2480 2540 2497 2571; x_wconf 76' lang='grc' dir='ltr'><strong>ι</strong></span> <span class='ocrx_word' id='word_1_420' title='bbox 2537 2520 2594 2575; x_wconf 89' lang='lat' dir='ltr'><strong>Si</strong></span> <span class='ocrx_word' id='word_1_421' title='bbox 2628 2520 2824 2591; x_wconf 90' lang='lat' dir='ltr'><strong>impius</strong></span> <span class='ocrx_word' id='word_1_422' title='bbox 2882 2521 3054 2588; x_wconf 79' lang='lat' dir='ltr'><strong>fuero,</strong></span> <span class='ocrx_word' id='word_1_423' title='bbox 3085 2539 3164 2577; x_wconf 72' lang='lat' dir='ltr'><strong>va:</strong></span> <span class='ocrx_word' id='word_1_424' title='bbox 3193 2525 3324 2580; x_wconf 89' lang='lat' dir='ltr'><strong>mihi</strong></span> <span class='ocrx_word' id='word_1_425' title='bbox 3357 2536 3471 2590; x_wconf 87' lang='lat' dir='ltr'><strong>est;</strong></span> <span class='ocrx_word' id='word_1_426' title='bbox 3510 2525 3554 2579; x_wconf 89' lang='lat' dir='ltr'><strong>si</strong></span> <span class='ocrx_word' id='word_1_427' title='bbox 3605 2537 3801 2579; x_wconf 85' lang='lat' dir='ltr'><strong>autem</strong></span> 
     </span>
    </p>
   </div>
   <div class='ocr_carea' id='block_1_55' title="bbox 2199 2612 3803 2686">
    <p class='ocr_par' dir='ltr' id='par_1_55' title="bbox 2199 2612 3803 2686">
     <span class='ocr_line' id='line_1_55' title="bbox 2199 2612 3803 2686; baseline 0 -17"><span class='ocrx_word' id='word_1_428' title='bbox 2199 2615 2401 2686; x_wconf 92' lang='lat' dir='ltr'><strong>justus,</strong></span> <span class='ocrx_word' id='word_1_429' title='bbox 2450 2627 2558 2669; x_wconf 90' lang='lat' dir='ltr'><strong>non</strong></span> <span class='ocrx_word' id='word_1_430' title='bbox 2611 2612 2800 2667; x_wconf 87' lang='lat' dir='ltr'><strong>levabo</strong></span> <span class='ocrx_word' id='word_1_431' title='bbox 2833 2621 3016 2684; x_wconf 88' lang='lat' dir='ltr'><strong>caput,</strong></span> <span class='ocrx_word' id='word_1_432' title='bbox 3061 2624 3337 2668; x_wconf 90' lang='lat' dir='ltr'><strong>saturatus</strong></span> <span class='ocrx_word' id='word_1_433' title='bbox 3391 2614 3685 2670; x_wconf 82' lang='lat' dir='ltr'><strong>aillictione</strong></span> <span class='ocrx_word' id='word_1_434' title='bbox 3740 2624 3803 2669; x_wconf 83' lang='lat' dir='ltr'><strong>et.</strong></span> 
     </span>
    </p>
   </div>
   <div class='ocr_carea' id='block_1_56' title="bbox 2205 2700 3799 2774">
    <p class='ocr_par' dir='ltr' id='par_1_56' title="bbox 2205 2700 3799 2774">
     <span class='ocr_line' id='line_1_56' title="bbox 2205 2700 3799 2774; baseline 0 -16"><span class='ocrx_word' id='word_1_435' title='bbox 2205 2704 2425 2759; x_wconf 84' lang='lat' dir='ltr'><strong>miseria</strong></span> <span class='ocrx_word' id='word_1_436' title='bbox 2457 2700 2599 2774; x_wconf 85' lang='lat' dir='ltr'><strong>(Job.</strong></span> <span class='ocrx_word' id='word_1_437' title='bbox 2649 2700 2727 2771; x_wconf 78' lang='grc' dir='ltr'>ιι).</span> <span class='ocrx_word' id='word_1_438' title='bbox 2778 2722 2796 2754; x_wconf 78' lang='grc' dir='ltr'><strong>ι</strong></span> <span class='ocrx_word' id='word_1_439' title='bbox 2854 2700 3129 2757; x_wconf 83' lang='lat' dir='ltr'><strong>Justorum</strong></span> <span class='ocrx_word' id='word_1_440' title='bbox 3179 2704 3321 2756; x_wconf 88' lang='lat' dir='ltr'><strong>enim</strong></span> <span class='ocrx_word' id='word_1_441' title='bbox 3385 2701 3602 2758; x_wconf 77' lang='lat' dir='ltr'><strong>afﬂictio</strong></span> <span class='ocrx_word' id='word_1_442' title='bbox 3652 2712 3799 2758; x_wconf 80' lang='lat' dir='ltr'><strong>tem-</strong></span> 
     </span>
    </p>
   </div>
   <div class='ocr_carea' id='block_1_57' title="bbox 2205 2792 3803 2865">
    <p class='ocr_par' dir='ltr' id='par_1_57' title="bbox 2205 2792 3803 2865">
     <span class='ocr_line' id='line_1_57' title="bbox 2205 2792 3803 2865; baseline -0.001 -16"><span class='ocrx_word' id='word_1_443' title='bbox 2205 2794 2423 2865; x_wconf 83' lang='lat' dir='ltr'><strong>poralis.</strong></span> <span class='ocrx_word' id='word_1_444' title='bbox 2480 2792 2571 2847; x_wconf 74' lang='lat' dir='ltr'><strong>Va:</strong></span> <span class='ocrx_word' id='word_1_445' title='bbox 2625 2808 2754 2862; x_wconf 85' lang='lat' dir='ltr'><strong>ergo</strong></span> <span class='ocrx_word' id='word_1_446' title='bbox 2816 2794 2960 2862; x_wconf 90' lang='lat' dir='ltr'><strong>quod</strong></span> <span class='ocrx_word' id='word_1_447' title='bbox 3027 2794 3161 2848; x_wconf 79' lang='lat' dir='ltr'><strong>dixit</strong></span> <span class='ocrx_word' id='word_1_448' title='bbox 3227 2810 3257 2848; x_wconf 86' lang='lat' dir='ltr'><strong>a</strong></span> <span class='ocrx_word' id='word_1_449' title='bbox 3320 2795 3599 2863; x_wconf 87' lang='lat' dir='ltr'><strong>temporali</strong></span> <span class='ocrx_word' id='word_1_450' title='bbox 3664 2794 3803 2848; x_wconf 55' lang='lat' dir='ltr'><strong>alni.</strong></span> 
     </span>
    </p>
   </div>
   <div class='ocr_carea' id='block_1_58' title="bbox 2205 2884 3800 2957">
    <p class='ocr_par' dir='ltr' id='par_1_58' title="bbox 2205 2884 3800 2957">
     <span class='ocr_line' id='line_1_58' title="bbox 2205 2884 3800 2957; baseline -0.001 -15"><span class='ocrx_word' id='word_1_451' title='bbox 2205 2888 2383 2943; x_wconf 87' lang='lat' dir='ltr'><strong>ctione</strong></span> <span class='ocrx_word' id='word_1_452' title='bbox 2433 2885 2703 2951; x_wconf 81' lang='lat' dir='ltr'><strong>distinxit,</strong></span> <span class='ocrx_word' id='word_1_453' title='bbox 2735 2886 2824 2955; x_wconf 90' lang='lat' dir='ltr'><strong>qui</strong></span> <span class='ocrx_word' id='word_1_454' title='bbox 2856 2886 2913 2941; x_wconf 77' lang='lat' dir='ltr'><strong>e&#39;t</strong></span> <span class='ocrx_word' id='word_1_455' title='bbox 2947 2886 3152 2957; x_wconf 86' lang='lat' dir='ltr'><strong>justum</strong></span> <span class='ocrx_word' id='word_1_456' title='bbox 3202 2884 3568 2953; x_wconf 87' lang='lat' dir='ltr'><strong>atllictionem,</strong></span> <span class='ocrx_word' id='word_1_457' title='bbox 3599 2896 3655 2941; x_wconf 90' lang='lat' dir='ltr'><strong>et</strong></span> <span class='ocrx_word' id='word_1_458' title='bbox 3687 2888 3800 2941; x_wconf 81' lang='lat' dir='ltr'><strong>im-</strong></span> 
     </span>
    </p>
   </div>
   <div class='ocr_carea' id='block_1_59' title="bbox 2204 2975 3798 3047">
    <p class='ocr_par' dir='ltr' id='par_1_59' title="bbox 2204 2975 3798 3047">
     <span class='ocr_line' id='line_1_59' title="bbox 2204 2975 3798 3047; baseline 0.001 -17"><span class='ocrx_word' id='word_1_459' title='bbox 2204 2978 2351 3046; x_wconf 88' lang='lat' dir='ltr'><strong>pium</strong></span> <span class='ocrx_word' id='word_1_460' title='bbox 2380 2991 2457 3030; x_wconf 65' lang='lat' dir='ltr'><strong>vae</strong></span> <span class='ocrx_word' id='word_1_461' title='bbox 2488 2975 2686 3031; x_wconf 87' lang='lat' dir='ltr'><strong>habere</strong></span> <span class='ocrx_word' id='word_1_462' title='bbox 2731 2976 3028 3046; x_wconf 81' lang='lat' dir='ltr'><strong>perhibuit,</strong></span> <span class='ocrx_word' id='word_1_463' title='bbox 3061 2992 3157 3047; x_wconf 90' lang='lat' dir='ltr'><strong>per</strong></span> <span class='ocrx_word' id='word_1_464' title='bbox 3196 2978 3543 3046; x_wconf 89' lang='lat' dir='ltr'><strong>semetipsam</strong></span> <span class='ocrx_word' id='word_1_465' title='bbox 3572 2993 3798 3047; x_wconf 81' lang='lat' dir='ltr'><strong>quoque</strong></span> 
     </span>
    </p>
   </div>
   <div class='ocr_carea' id='block_1_60' title="bbox 2207 3064 3789 3139">
    <p class='ocr_par' dir='ltr' id='par_1_60' title="bbox 2207 3064 3789 3139">
     <span class='ocr_line' id='line_1_60' title="bbox 2207 3064 3789 3139; baseline -0.003 -16"><span class='ocrx_word' id='word_1_466' title='bbox 2207 3067 2420 3123; x_wconf 79' lang='lat' dir='ltr'><strong>Veritas</strong></span> <span class='ocrx_word' id='word_1_467' title='bbox 2461 3065 2605 3120; x_wconf 80' lang='lat' dir='ltr'><strong>dicit</strong></span> <span class='ocrx_word' id='word_1_468' title='bbox 2637 3081 2652 3120; x_wconf 88' lang='lat'><strong>:</strong></span> <span class='ocrx_word' id='word_1_469' title='bbox 2684 3084 2701 3117; x_wconf 89' lang='grc'><em>‹</em></span> <span class='ocrx_word' id='word_1_470' title='bbox 2738 3064 2829 3119; x_wconf 72' lang='lat' dir='ltr'><strong>Vm</strong></span> <span class='ocrx_word' id='word_1_471' title='bbox 2870 3069 3071 3122; x_wconf 88' lang='lat' dir='ltr'><strong>mundo</strong></span> <span class='ocrx_word' id='word_1_472' title='bbox 3121 3070 3187 3121; x_wconf 90' lang='lat' dir='ltr'><strong>ab</strong></span> <span class='ocrx_word' id='word_1_473' title='bbox 3240 3066 3512 3122; x_wconf 73' lang='lat' dir='ltr'><strong>scandulis</strong></span> <span class='ocrx_word' id='word_1_474' title='bbox 3567 3067 3789 3139; x_wconf 66' lang='lat' dir='ltr'><strong>(Matth.</strong></span> 
     </span>
    </p>
   </div>
   <div class='ocr_carea' id='block_1_61' title="bbox 2206 3155 3797 3240">
    <p class='ocr_par' dir='ltr' id='par_1_61' title="bbox 2206 3155 3797 3240">
     <span class='ocr_line' id='line_1_61' title="bbox 2206 3155 3797 3240; baseline 0.002 -28"><span class='ocrx_word' id='word_1_475' title='bbox 2206 3156 2383 3229; x_wconf 82' lang='lat' dir='ltr'><strong>xvm).</strong></span> <span class='ocrx_word' id='word_1_476' title='bbox 2421 3176 2438 3209; x_wconf 83' lang='grc' dir='ltr'><strong>ι</strong></span> <span class='ocrx_word' id='word_1_477' title='bbox 2474 3157 2538 3211; x_wconf 79' lang='lat' dir='ltr'><strong>Et</strong></span> <span class='ocrx_word' id='word_1_478' title='bbox 2567 3176 2581 3211; x_wconf 86' lang='lat'><strong>:</strong></span> <span class='ocrx_word' id='word_1_479' title='bbox 2612 3174 2631 3208; x_wconf 73' lang='grc' dir='ltr'><strong>ι</strong></span> <span class='ocrx_word' id='word_1_480' title='bbox 2660 3155 2752 3240; x_wconf 66' lang='lat' dir='ltr'><strong>va:</strong></span> <span class='ocrx_word' id='word_1_481' title='bbox 2780 3158 2932 3212; x_wconf 86' lang='lat' dir='ltr'><strong>vobis</strong></span> <span class='ocrx_word' id='word_1_482' title='bbox 2953 3158 3043 3227; x_wconf 88' lang='lat' dir='ltr'><strong>qui</strong></span> <span class='ocrx_word' id='word_1_483' title='bbox 3074 3158 3283 3225; x_wconf 89' lang='lat' dir='ltr'><strong>ridetis,</strong></span> <span class='ocrx_word' id='word_1_484' title='bbox 3316 3160 3566 3228; x_wconf 85' lang='lat' dir='ltr'><strong>quoniam</strong></span> <span class='ocrx_word' id='word_1_485' title='bbox 3593 3159 3797 3215; x_wconf 76' lang='lat' dir='ltr'><strong>ﬂebitis</strong></span> 
     </span>
    </p>
   </div>
   <div class='ocr_carea' id='block_1_62' title="bbox 523 3228 3794 3319">
    <p class='ocr_par' dir='ltr' id='par_1_62' title="bbox 523 3228 3794 3319">
     <span class='ocr_line' id='line_1_62' title="bbox 523 3228 3794 3319; baseline 0.001 -17"><span class='ocrx_word' id='word_1_486' title='bbox 523 3249 669 3302; x_wconf 90' lang='lat' dir='ltr'><strong>intus</strong></span> <span class='ocrx_word' id='word_1_487' title='bbox 698 3255 753 3303; x_wconf 91' lang='lat' dir='ltr'><strong>et</strong></span> <span class='ocrx_word' id='word_1_488' title='bbox 777 3245 926 3301; x_wconf 85' lang='lat' dir='ltr'><strong>foris.</strong></span> <span class='ocrx_word' id='word_1_489' title='bbox 964 3266 982 3299; x_wconf 79' lang='grc' dir='ltr'><strong>ι</strong></span> <span class='ocrx_word' id='word_1_490' title='bbox 1015 3244 1176 3300; x_wconf 88' lang='lat' dir='ltr'><strong>Liber</strong></span> <span class='ocrx_word' id='word_1_491' title='bbox 1202 3246 1346 3301; x_wconf 89' lang='lat' dir='ltr'><strong>enim</strong></span> <span class='ocrx_word' id='word_1_492' title='bbox 1375 3229 1517 3300; x_wconf 83' lang='lat' dir='ltr'><strong>sacri</strong></span> <span class='ocrx_word' id='word_1_493' title='bbox 1545 3246 1743 3316; x_wconf 82' lang='lat' dir='ltr'><strong>eloquii</strong></span> <span class='ocrx_word' id='word_1_494' title='bbox 1795 3246 1940 3301; x_wconf 90' lang='lat' dir='ltr'><strong>intus</strong></span> <span class='ocrx_word' id='word_1_495' title='bbox 1966 3246 2097 3302; x_wconf 85' lang='lat' dir='ltr'><strong>scri-</strong></span> <span class='ocrx_word' id='word_1_496' title='bbox 2126 3228 2171 3289; x_wconf 66' lang='grc' dir='ltr'><strong>(ἶ</strong></span> <span class='ocrx_word' id='word_1_497' title='bbox 2207 3228 2358 3318; x_wconf 83' lang='lat' dir='ltr'><strong>(Luc.</strong></span> <span class='ocrx_word' id='word_1_498' title='bbox 2381 3246 2477 3319; x_wconf 80' lang='lat' dir='ltr'><strong>vi).</strong></span> <span class='ocrx_word' id='word_1_499' title='bbox 2509 3266 2528 3300; x_wconf 82' lang='grc' dir='ltr'><strong>ι</strong></span> <span class='ocrx_word' id='word_1_500' title='bbox 2561 3247 2657 3302; x_wconf 84' lang='lat' dir='ltr'><strong>Et:</strong></span> <span class='ocrx_word' id='word_1_501' title='bbox 2681 3266 2699 3298; x_wconf 79' lang='grc' dir='ltr'><strong>ι</strong></span> <span class='ocrx_word' id='word_1_502' title='bbox 2722 3234 2813 3303; x_wconf 69' lang='lat' dir='ltr'><strong>Va:</strong></span> <span class='ocrx_word' id='word_1_503' title='bbox 2841 3249 3242 3319; x_wconf 76' lang='lat' dir='ltr'><strong>praegnantibus</strong></span> <span class='ocrx_word' id='word_1_504' title='bbox 3270 3260 3325 3304; x_wconf 90' lang='lat' dir='ltr'><strong>et</strong></span> <span class='ocrx_word' id='word_1_505' title='bbox 3355 3248 3794 3305; x_wconf 79' lang='lat' dir='ltr'><strong>nutrientibusin</strong></span> 
     </span>
    </p>
   </div>
   <div class='ocr_carea' id='block_1_63' title="bbox 521 3335 2099 3408">
    <p class='ocr_par' dir='ltr' id='par_1_63' title="bbox 521 3335 2099 3408">
     <span class='ocr_line' id='line_1_63' title="bbox 521 3335 2099 3408; baseline 0.001 -15"><span class='ocrx_word' id='word_1_506' title='bbox 521 3347 647 3408; x_wconf 81' lang='lat' dir='ltr'><strong>plus</strong></span> <span class='ocrx_word' id='word_1_507' title='bbox 684 3346 769 3392; x_wconf 87' lang='lat' dir='ltr'><strong>est</strong></span> <span class='ocrx_word' id='word_1_508' title='bbox 807 3352 904 3407; x_wconf 91' lang='lat' dir='ltr'><strong>per</strong></span> <span class='ocrx_word' id='word_1_509' title='bbox 943 3335 1447 3408; x_wconf 84' lang='lat' dir='ltr'><strong>allegoriam,i‘oris,</strong></span> <span class='ocrx_word' id='word_1_510' title='bbox 1480 3352 1577 3407; x_wconf 89' lang='lat' dir='ltr'><strong>per</strong></span> <span class='ocrx_word' id='word_1_511' title='bbox 1604 3339 1904 3393; x_wconf 87' lang='lat' dir='ltr'><strong>historiam.</strong></span> <span class='ocrx_word' id='word_1_512' title='bbox 1949 3338 2099 3395; x_wconf 87' lang='lat' dir='ltr'><strong>Intus</strong></span> 
     </span>
    </p>
   </div>
   <div class='ocr_carea' id='block_1_64' title="bbox 522 3426 2098 3500">
    <p class='ocr_par' dir='ltr' id='par_1_64' title="bbox 522 3426 2098 3500">
     <span class='ocr_line' id='line_1_64' title="bbox 522 3426 2098 3500; baseline -0.001 -17"><span class='ocrx_word' id='word_1_513' title='bbox 522 3444 621 3500; x_wconf 90' lang='lat' dir='ltr'><strong>per</strong></span> <span class='ocrx_word' id='word_1_514' title='bbox 650 3426 950 3499; x_wconf 89' lang='lat' dir='ltr'><strong>spiritalem</strong></span> <span class='ocrx_word' id='word_1_515' title='bbox 986 3426 1335 3493; x_wconf 90' lang='lat' dir='ltr'><strong>intellectum,</strong></span> <span class='ocrx_word' id='word_1_516' title='bbox 1375 3426 1506 3485; x_wconf 81' lang='lat' dir='ltr'><strong>foris</strong></span> <span class='ocrx_word' id='word_1_517' title='bbox 1537 3437 1717 3491; x_wconf 72' lang='lat' dir='ltr'><strong>autem</strong></span> <span class='ocrx_word' id='word_1_518' title='bbox 1754 3444 1850 3500; x_wconf 90' lang='lat' dir='ltr'><strong>per</strong></span> <span class='ocrx_word' id='word_1_519' title='bbox 1880 3444 2098 3485; x_wconf 83' lang='lat' dir='ltr'><strong>sensum</strong></span> 
     </span>
    </p>
   </div>
   <div class='ocr_carea' id='block_1_65' title="bbox 522 3516 2099 3591">
    <p class='ocr_par' dir='ltr' id='par_1_65' title="bbox 522 3516 2099 3591">
     <span class='ocr_line' id='line_1_65' title="bbox 522 3516 2099 3591; baseline 0.003 -21"><span class='ocrx_word' id='word_1_520' title='bbox 522 3517 718 3573; x_wconf 70' lang='lat' dir='ltr'><strong>littera:</strong></span> <span class='ocrx_word' id='word_1_521' title='bbox 781 3516 1105 3589; x_wconf 85' lang='lat' dir='ltr'><strong>simplicem,</strong></span> <span class='ocrx_word' id='word_1_522' title='bbox 1146 3517 1319 3571; x_wconf 81' lang='lat' dir='ltr'><strong>adhuc</strong></span> <span class='ocrx_word' id='word_1_523' title='bbox 1368 3517 1767 3573; x_wconf 81' lang='lat' dir='ltr'><strong>inﬁrmantibus</strong></span> <span class='ocrx_word' id='word_1_524' title='bbox 1800 3535 2099 3591; x_wconf 82' lang='lat' dir='ltr'><strong>congruen-</strong></span> 
     </span>
    </p>
   </div>
   <div class='ocr_carea' id='block_1_66' title="bbox 527 3606 2100 3680">
    <p class='ocr_par' dir='ltr' id='par_1_66' title="bbox 527 3606 2100 3680">
     <span class='ocr_line' id='line_1_66' title="bbox 527 3606 2100 3680; baseline 0.003 -18"><span class='ocrx_word' id='word_1_525' title='bbox 527 3620 653 3663; x_wconf 89' lang='lat' dir='ltr'><strong>tem.</strong></span> <span class='ocrx_word' id='word_1_526' title='bbox 686 3607 835 3662; x_wconf 89' lang='lat' dir='ltr'><strong>lutus</strong></span> <span class='ocrx_word' id='word_1_527' title='bbox 867 3608 991 3677; x_wconf 89' lang='lat' dir='ltr'><strong>quia</strong></span> <span class='ocrx_word' id='word_1_528' title='bbox 1024 3606 1309 3662; x_wconf 85' lang='lat' dir='ltr'><strong>invisibilia</strong></span> <span class='ocrx_word' id='word_1_529' title='bbox 1339 3609 1628 3677; x_wconf 88' lang='lat' dir='ltr'><strong>promittit,</strong></span> <span class='ocrx_word' id='word_1_530' title='bbox 1656 3607 1789 3664; x_wconf 85' lang='lat' dir='ltr'><strong>foris</strong></span> <span class='ocrx_word' id='word_1_531' title='bbox 1816 3610 1942 3680; x_wconf 88' lang='lat' dir='ltr'><strong>quia</strong></span> <span class='ocrx_word' id='word_1_532' title='bbox 1976 3611 2100 3666; x_wconf 88' lang='lat' dir='ltr'><strong>visi-</strong></span> 
     </span>
    </p>
   </div>
   <div class='ocr_carea' id='block_1_67' title="bbox 526 3698 2100 3771">
    <p class='ocr_par' dir='ltr' id='par_1_67' title="bbox 526 3698 2100 3771">
     <span class='ocr_line' id='line_1_67' title="bbox 526 3698 2100 3771; baseline 0.001 -17"><span class='ocrx_word' id='word_1_533' title='bbox 526 3699 655 3754; x_wconf 85' lang='lat' dir='ltr'><strong>bilia</strong></span> <span class='ocrx_word' id='word_1_534' title='bbox 685 3706 1077 3769; x_wconf 74' lang='lat' dir='ltr'><strong>praeceptorum</strong></span> <span class='ocrx_word' id='word_1_535' title='bbox 1112 3713 1330 3752; x_wconf 88' lang='lat' dir='ltr'><strong>suorum</strong></span> <span class='ocrx_word' id='word_1_536' title='bbox 1383 3698 1703 3754; x_wconf 85' lang='lat' dir='ltr'><strong>rectitudine</strong></span> <span class='ocrx_word' id='word_1_537' title='bbox 1732 3700 1987 3771; x_wconf 90' lang='lat' dir='ltr'><strong>disponit.</strong></span> <span class='ocrx_word' id='word_1_538' title='bbox 2021 3702 2100 3755; x_wconf 89' lang='lat' dir='ltr'><strong>ln-</strong></span> 
     </span>
    </p>
   </div>
   <div class='ocr_carea' id='block_1_68' title="bbox 525 3788 2101 3861">
    <p class='ocr_par' dir='ltr' id='par_1_68' title="bbox 525 3788 2101 3861">
     <span class='ocr_line' id='line_1_68' title="bbox 525 3788 2101 3861; baseline 0 -16"><span class='ocrx_word' id='word_1_539' title='bbox 525 3800 614 3845; x_wconf 91' lang='lat' dir='ltr'><strong>tus</strong></span> <span class='ocrx_word' id='word_1_540' title='bbox 647 3790 769 3860; x_wconf 90' lang='lat' dir='ltr'><strong>quia</strong></span> <span class='ocrx_word' id='word_1_541' title='bbox 810 3789 1047 3843; x_wconf 78' lang='lat' dir='ltr'><strong>etelestia</strong></span> <span class='ocrx_word' id='word_1_542' title='bbox 1090 3788 1388 3859; x_wconf 86' lang='lat' dir='ltr'><strong>pollicetur,</strong></span> <span class='ocrx_word' id='word_1_543' title='bbox 1429 3789 1559 3844; x_wconf 83' lang='lat' dir='ltr'><strong>foris</strong></span> <span class='ocrx_word' id='word_1_544' title='bbox 1591 3800 1793 3856; x_wconf 88' lang='lat' dir='ltr'><strong>autem,</strong></span> <span class='ocrx_word' id='word_1_545' title='bbox 1825 3792 1949 3861; x_wconf 89' lang='lat' dir='ltr'><strong>quia</strong></span> <span class='ocrx_word' id='word_1_546' title='bbox 1992 3801 2101 3847; x_wconf 82' lang='lat' dir='ltr'><strong>ter-</strong></span> 
     </span>
    </p>
   </div>
   <div class='ocr_carea' id='block_1_69' title="bbox 528 3882 2101 3953">
    <p class='ocr_par' dir='ltr' id='par_1_69' title="bbox 528 3882 2101 3953">
     <span class='ocr_line' id='line_1_69' title="bbox 528 3882 2101 3953; baseline 0.001 -16"><span class='ocrx_word' id='word_1_547' title='bbox 528 3899 660 3939; x_wconf 88' lang='lat' dir='ltr'><strong>rena</strong></span> <span class='ocrx_word' id='word_1_548' title='bbox 712 3882 1160 3953; x_wconf 81' lang='lat' dir='ltr'><strong>contemptibilia,</strong></span> <span class='ocrx_word' id='word_1_549' title='bbox 1217 3882 1449 3952; x_wconf 87' lang='lat' dir='ltr'><strong>qualiter</strong></span> <span class='ocrx_word' id='word_1_550' title='bbox 1497 3884 1624 3951; x_wconf 90' lang='lat' dir='ltr'><strong>sint,</strong></span> <span class='ocrx_word' id='word_1_551' title='bbox 1669 3884 1750 3938; x_wconf 87' lang='lat' dir='ltr'><strong>vel</strong></span> <span class='ocrx_word' id='word_1_552' title='bbox 1801 3885 1853 3938; x_wconf 89' lang='lat' dir='ltr'><strong>in</strong></span> <span class='ocrx_word' id='word_1_553' title='bbox 1884 3901 1981 3943; x_wconf 92' lang='lat' dir='ltr'><strong>usu</strong></span> <span class='ocrx_word' id='word_1_554' title='bbox 2011 3886 2101 3941; x_wconf 86' lang='lat' dir='ltr'><strong>ba-</strong></span> 
     </span>
    </p>
   </div>
   <div class='ocr_carea' id='block_1_70' title="bbox 527 3972 2095 4045">
    <p class='ocr_par' dir='ltr' id='par_1_70' title="bbox 527 3972 2095 4045">
     <span class='ocr_line' id='line_1_70' title="bbox 527 3972 2095 4045; baseline 0.001 -16"><span class='ocrx_word' id='word_1_555' title='bbox 527 3972 722 4038; x_wconf 85' lang='lat' dir='ltr'><strong>benda,</strong></span> <span class='ocrx_word' id='word_1_556' title='bbox 746 3972 829 4028; x_wconf 89' lang='lat' dir='ltr'><strong>vel</strong></span> <span class='ocrx_word' id='word_1_557' title='bbox 852 3988 918 4027; x_wconf 82' lang='lat' dir='ltr'><strong>ex</strong></span> <span class='ocrx_word' id='word_1_558' title='bbox 941 3974 1208 4028; x_wconf 87' lang='lat' dir='ltr'><strong>desiderio</strong></span> <span class='ocrx_word' id='word_1_559' title='bbox 1232 3972 1501 4043; x_wconf 83' lang='lat' dir='ltr'><strong>fugienda,</strong></span> <span class='ocrx_word' id='word_1_560' title='bbox 1523 3975 1783 4044; x_wconf 69' lang='lat' dir='ltr'><strong>prmeipit.</strong></span> <span class='ocrx_word' id='word_1_561' title='bbox 1813 3974 2095 4045; x_wconf 83' lang='lat' dir='ltr'><strong>Sequitur:</strong></span> 
     </span>
    </p>
   </div>
   <div class='ocr_carea' id='block_1_71' title="bbox 602 4063 2100 4134">
    <p class='ocr_par' dir='ltr' id='par_1_71' title="bbox 602 4063 2100 4134">
     <span class='ocr_line' id='line_1_71' title="bbox 602 4063 2100 4134; baseline 0.003 -18"><span class='ocrx_word' id='word_1_562' title='bbox 602 4083 622 4116; x_wconf 74' lang='grc' dir='ltr'><strong>ι</strong></span> <span class='ocrx_word' id='word_1_563' title='bbox 655 4064 723 4118; x_wconf 84' lang='lat' dir='ltr'><strong>Et</strong></span> <span class='ocrx_word' id='word_1_564' title='bbox 755 4064 970 4134; x_wconf 68' lang='lat' dir='ltr'><strong>scripta:</strong></span> <span class='ocrx_word' id='word_1_565' title='bbox 1002 4074 1158 4119; x_wconf 89' lang='lat' dir='ltr'><strong>erant</strong></span> <span class='ocrx_word' id='word_1_566' title='bbox 1198 4064 1257 4117; x_wconf 89' lang='lat' dir='ltr'><strong>in</strong></span> <span class='ocrx_word' id='word_1_567' title='bbox 1286 4079 1351 4119; x_wconf 92' lang='lat' dir='ltr'><strong>eo</strong></span> <span class='ocrx_word' id='word_1_568' title='bbox 1399 4063 1832 4130; x_wconf 84' lang='lat' dir='ltr'><strong>lamentationes,</strong></span> <span class='ocrx_word' id='word_1_569' title='bbox 1879 4080 2100 4121; x_wconf 88' lang='lat' dir='ltr'><strong>carmen</strong></span> 
     </span>
    </p>
   </div>
   <div class='ocr_carea' id='block_1_72' title="bbox 532 4153 2102 4227">
    <p class='ocr_par' dir='ltr' id='par_1_72' title="bbox 532 4153 2102 4227">
     <span class='ocr_line' id='line_1_72' title="bbox 532 4153 2102 4227; baseline 0.003 -21"><span class='ocrx_word' id='word_1_570' title='bbox 532 4174 551 4206; x_wconf 71' lang='grc' dir='ltr'><strong>ι</strong></span> <span class='ocrx_word' id='word_1_571' title='bbox 591 4163 646 4210; x_wconf 89' lang='lat' dir='ltr'><strong>et</strong></span> <span class='ocrx_word' id='word_1_572' title='bbox 672 4171 770 4210; x_wconf 74' lang='lat' dir='ltr'><strong>vm.</strong></span> <span class='ocrx_word' id='word_1_573' title='bbox 806 4175 825 4207; x_wconf 79' lang='grc' dir='ltr'><strong>ι</strong></span> <span class='ocrx_word' id='word_1_574' title='bbox 858 4153 1039 4227; x_wconf 68' lang='grc' dir='ltr'><strong>(ΗΑΒ.)</strong></span> <span class='ocrx_word' id='word_1_575' title='bbox 1070 4154 1367 4224; x_wconf 70' lang='lat' dir='ltr'><strong>Scriptum</strong></span> <span class='ocrx_word' id='word_1_576' title='bbox 1396 4170 1611 4225; x_wconf 90' lang='lat' dir='ltr'><strong>quoque</strong></span> <span class='ocrx_word' id='word_1_577' title='bbox 1641 4170 1809 4210; x_wconf 72' lang='lat' dir='ltr'><strong>sacrae</strong></span> <span class='ocrx_word' id='word_1_578' title='bbox 1840 4155 2102 4212; x_wconf 86' lang='lat' dir='ltr'><strong>lamenta-</strong></span> 
     </span>
    </p>
   </div>
   <div class='ocr_carea' id='block_1_73' title="bbox 528 4246 2102 4318">
    <p class='ocr_par' dir='ltr' id='par_1_73' title="bbox 528 4246 2102 4318">
     <span class='ocr_line' id='line_1_73' title="bbox 528 4246 2102 4318; baseline 0.001 -16"><span class='ocrx_word' id='word_1_579' title='bbox 528 4248 722 4313; x_wconf 88' lang='lat' dir='ltr'><strong>tiones,</strong></span> <span class='ocrx_word' id='word_1_580' title='bbox 759 4262 977 4303; x_wconf 82' lang='lat' dir='ltr'><strong>carmen</strong></span> <span class='ocrx_word' id='word_1_581' title='bbox 1024 4256 1078 4300; x_wconf 88' lang='lat' dir='ltr'><strong>et</strong></span> <span class='ocrx_word' id='word_1_582' title='bbox 1120 4261 1202 4300; x_wconf 67' lang='lat' dir='ltr'><strong>VtB</strong></span> <span class='ocrx_word' id='word_1_583' title='bbox 1252 4246 1550 4300; x_wconf 88' lang='lat' dir='ltr'><strong>continent.</strong></span> <span class='ocrx_word' id='word_1_584' title='bbox 1600 4246 1734 4313; x_wconf 86' lang='lat' dir='ltr'><strong>Quia</strong></span> <span class='ocrx_word' id='word_1_585' title='bbox 1781 4248 1859 4302; x_wconf 90' lang='lat' dir='ltr'><strong>sic</strong></span> <span class='ocrx_word' id='word_1_586' title='bbox 1901 4247 1967 4302; x_wconf 90' lang='lat' dir='ltr'><strong>de</strong></span> <span class='ocrx_word' id='word_1_587' title='bbox 2008 4264 2102 4318; x_wconf 88' lang='lat' dir='ltr'><strong>spe</strong></span> 
     </span>
    </p>
   </div>
   <div class='ocr_carea' id='block_1_74' title="bbox 527 4337 2102 4411">
    <p class='ocr_par' dir='ltr' id='par_1_74' title="bbox 527 4337 2102 4411">
     <span class='ocr_line' id='line_1_74' title="bbox 527 4337 2102 4411; baseline 0 -18"><span class='ocrx_word' id='word_1_588' title='bbox 527 4340 780 4411; x_wconf 88' lang='lat' dir='ltr'><strong>gaudium</strong></span> <span class='ocrx_word' id='word_1_589' title='bbox 809 4339 1126 4409; x_wconf 64' lang='lat' dir='ltr'><strong>praedicant,</strong></span> <span class='ocrx_word' id='word_1_590' title='bbox 1160 4346 1218 4391; x_wconf 94' lang='lat' dir='ltr'><strong>ut</strong></span> <span class='ocrx_word' id='word_1_591' title='bbox 1250 4337 1301 4390; x_wconf 93' lang='lat' dir='ltr'><strong>in</strong></span> <span class='ocrx_word' id='word_1_592' title='bbox 1331 4338 1584 4406; x_wconf 60' lang='lat' dir='ltr'><strong>praesenti</strong></span> <span class='ocrx_word' id='word_1_593' title='bbox 1613 4346 1790 4392; x_wconf 88' lang='lat' dir='ltr'><strong>tamen</strong></span> <span class='ocrx_word' id='word_1_594' title='bbox 1819 4354 2102 4407; x_wconf 76' lang='lat' dir='ltr'><strong>pressurus</strong></span> 
     </span>
    </p>
   </div>
   <div class='ocr_carea' id='block_1_75' title="bbox 526 4428 2104 4502">
    <p class='ocr_par' dir='ltr' id='par_1_75' title="bbox 526 4428 2104 4502">
     <span class='ocr_line' id='line_1_75' title="bbox 526 4428 2104 4502; baseline -0.002 -16"><span class='ocrx_word' id='word_1_595' title='bbox 526 4441 689 4502; x_wconf 89' lang='lat' dir='ltr'><strong>atque</strong></span> <span class='ocrx_word' id='word_1_596' title='bbox 718 4431 991 4501; x_wconf 88' lang='lat' dir='ltr'><strong>angustias</strong></span> <span class='ocrx_word' id='word_1_597' title='bbox 1042 4429 1297 4483; x_wconf 88' lang='lat' dir='ltr'><strong>indicent.</strong></span> <span class='ocrx_word' id='word_1_598' title='bbox 1329 4429 1463 4495; x_wconf 80' lang='lat' dir='ltr'><strong>Quia</strong></span> <span class='ocrx_word' id='word_1_599' title='bbox 1494 4428 1541 4483; x_wconf 92' lang='lat' dir='ltr'><strong>si</strong></span> <span class='ocrx_word' id='word_1_600' title='bbox 1578 4438 1631 4483; x_wconf 92' lang='lat' dir='ltr'><strong>et</strong></span> <span class='ocrx_word' id='word_1_601' title='bbox 1665 4429 1775 4484; x_wconf 89' lang='lat' dir='ltr'><strong>illic</strong></span> <span class='ocrx_word' id='word_1_602' title='bbox 1801 4430 1975 4485; x_wconf 90' lang='lat' dir='ltr'><strong>dulcia</strong></span> <span class='ocrx_word' id='word_1_603' title='bbox 2014 4446 2104 4500; x_wconf 89' lang='lat' dir='ltr'><strong>ap-</strong></span> 
     </span>
    </p>
   </div>
   <div class='ocr_carea' id='block_1_76' title="bbox 523 4519 2095 4594">
    <p class='ocr_par' dir='ltr' id='par_1_76' title="bbox 523 4519 2095 4594">
     <span class='ocr_line' id='line_1_76' title="bbox 523 4519 2095 4594; baseline -0.002 -19"><span class='ocrx_word' id='word_1_604' title='bbox 523 4522 778 4594; x_wconf 86' lang='lat' dir='ltr'><strong>petimus,</strong></span> <span class='ocrx_word' id='word_1_605' title='bbox 829 4521 977 4589; x_wconf 88' lang='lat' dir='ltr'><strong>prius</strong></span> <span class='ocrx_word' id='word_1_606' title='bbox 1028 4534 1249 4573; x_wconf 85' lang='lat' dir='ltr'><strong>necesse</strong></span> <span class='ocrx_word' id='word_1_607' title='bbox 1309 4527 1393 4572; x_wconf 85' lang='lat' dir='ltr'><strong>est</strong></span> <span class='ocrx_word' id='word_1_608' title='bbox 1442 4529 1498 4573; x_wconf 89' lang='lat' dir='ltr'><strong>ut</strong></span> <span class='ocrx_word' id='word_1_609' title='bbox 1549 4534 1732 4573; x_wconf 89' lang='lat' dir='ltr'><strong>amara</strong></span> <span class='ocrx_word' id='word_1_610' title='bbox 1787 4519 2095 4574; x_wconf 87' lang='lat' dir='ltr'><strong>toleremus.</strong></span> 
     </span>
    </p>
   </div>
   <div class='ocr_carea' id='block_1_77' title="bbox 523 4607 2099 4679">
    <p class='ocr_par' dir='ltr' id='par_1_77' title="bbox 523 4607 2099 4679">
     <span class='ocr_line' id='line_1_77' title="bbox 523 4607 2099 4679; baseline -0.003 -11"><span class='ocrx_word' id='word_1_611' title='bbox 523 4615 753 4669; x_wconf 90' lang='lat' dir='ltr'><strong>Carmen</strong></span> <span class='ocrx_word' id='word_1_612' title='bbox 782 4620 835 4665; x_wconf 87' lang='lat' dir='ltr'><strong>et</strong></span> <span class='ocrx_word' id='word_1_613' title='bbox 858 4626 936 4664; x_wconf 72' lang='lat' dir='ltr'><strong>va:</strong></span> <span class='ocrx_word' id='word_1_614' title='bbox 963 4610 1235 4678; x_wconf 80' lang='lat' dir='ltr'><strong>discipulis</strong></span> <span class='ocrx_word' id='word_1_615' title='bbox 1261 4607 1586 4678; x_wconf 70' lang='lat' dir='ltr'><strong>prmdicabat</strong></span> <span class='ocrx_word' id='word_1_616' title='bbox 1607 4609 1864 4665; x_wconf 88' lang='lat' dir='ltr'><strong>Dominus</strong></span> <span class='ocrx_word' id='word_1_617' title='bbox 1886 4610 2099 4679; x_wconf 85' lang='lat' dir='ltr'><strong>quando</strong></span> 
     </span>
    </p>
   </div>
   <div class='ocr_carea' id='block_1_78' title="bbox 525 4700 2097 4771">
    <p class='ocr_par' dir='ltr' id='par_1_78' title="bbox 525 4700 2097 4771">
     <span class='ocr_line' id='line_1_78' title="bbox 525 4700 2097 4771; baseline -0.003 -13"><span class='ocrx_word' id='word_1_618' title='bbox 525 4703 781 4758; x_wconf 84' lang='lat' dir='ltr'><strong>dicebat:</strong></span> <span class='ocrx_word' id='word_1_619' title='bbox 821 4720 839 4751; x_wconf 69' lang='grc' dir='ltr'><strong>ς</strong></span> <span class='ocrx_word' id='word_1_620' title='bbox 879 4701 1004 4754; x_wconf 75' lang='lat' dir='ltr'><strong>Ilmc</strong></span> <span class='ocrx_word' id='word_1_621' title='bbox 1033 4700 1243 4753; x_wconf 88' lang='lat' dir='ltr'><strong>locutus</strong></span> <span class='ocrx_word' id='word_1_622' title='bbox 1278 4715 1396 4753; x_wconf 89' lang='lat' dir='ltr'><strong>sum</strong></span> <span class='ocrx_word' id='word_1_623' title='bbox 1427 4701 1577 4755; x_wconf 81' lang='lat' dir='ltr'><strong>vobis</strong></span> <span class='ocrx_word' id='word_1_624' title='bbox 1612 4709 1670 4754; x_wconf 89' lang='lat' dir='ltr'><strong>ut</strong></span> <span class='ocrx_word' id='word_1_625' title='bbox 1709 4700 1762 4754; x_wconf 84' lang='lat' dir='ltr'><strong>in</strong></span> <span class='ocrx_word' id='word_1_626' title='bbox 1799 4716 1884 4755; x_wconf 89' lang='lat' dir='ltr'><strong>me</strong></span> <span class='ocrx_word' id='word_1_627' title='bbox 1911 4716 2097 4771; x_wconf 82' lang='lat' dir='ltr'><strong>pacem</strong></span> 
     </span>
    </p>
   </div>
   <div class='ocr_carea' id='block_1_79' title="bbox 525 4792 2092 4865">
    <p class='ocr_par' dir='ltr' id='par_1_79' title="bbox 525 4792 2092 4865">
     <span class='ocr_line' id='line_1_79' title="bbox 525 4792 2092 4865; baseline -0.007 -10"><span class='ocrx_word' id='word_1_628' title='bbox 525 4800 790 4862; x_wconf 83' lang='lat' dir='ltr'><strong>habeatis,</strong></span> <span class='ocrx_word' id='word_1_629' title='bbox 814 4798 864 4849; x_wconf 91' lang='lat' dir='ltr'><strong>in</strong></span> <span class='ocrx_word' id='word_1_630' title='bbox 890 4795 1085 4848; x_wconf 80' lang='lat' dir='ltr'><strong>mundo</strong></span> <span class='ocrx_word' id='word_1_631' title='bbox 1106 4809 1409 4864; x_wconf 84' lang='lat' dir='ltr'><strong>prcssuram</strong></span> <span class='ocrx_word' id='word_1_632' title='bbox 1436 4794 1700 4848; x_wconf 83' lang='lat' dir='ltr'><strong>habebitis</strong></span> <span class='ocrx_word' id='word_1_633' title='bbox 1724 4792 1900 4865; x_wconf 79' lang='lat' dir='ltr'><strong>(Joan.</strong></span> <span class='ocrx_word' id='word_1_634' title='bbox 1922 4796 2048 4865; x_wconf 75' lang='lat' dir='ltr'><strong>xvr).</strong></span> <span class='ocrx_word' id='word_1_635' title='bbox 2075 4813 2092 4844; x_wconf 82' lang='grc'>›</span> 
     </span>
    </p>
   </div>
   <div class='ocr_carea' id='block_1_80' title="bbox 523 4883 2094 4958">
    <p class='ocr_par' dir='ltr' id='par_1_80' title="bbox 523 4883 2094 4958">
     <span class='ocr_line' id='line_1_80' title="bbox 523 4883 2094 4958; baseline -0.004 -13"><span class='ocrx_word' id='word_1_636' title='bbox 523 4889 603 4945; x_wconf 77' lang='lat' dir='ltr'><strong>Ac</strong></span> <span class='ocrx_word' id='word_1_637' title='bbox 660 4888 703 4943; x_wconf 85' lang='lat' dir='ltr'><strong>si</strong></span> <span class='ocrx_word' id='word_1_638' title='bbox 758 4887 1197 4958; x_wconf 70' lang='lat' dir='ltr'><strong>apertediccrct</strong></span> <span class='ocrx_word' id='word_1_639' title='bbox 1235 4901 1247 4936; x_wconf 89' lang='lat'><strong>:</strong></span> <span class='ocrx_word' id='word_1_640' title='bbox 1294 4883 1377 4938; x_wconf 88' lang='lat' dir='ltr'><strong>Sit</strong></span> <span class='ocrx_word' id='word_1_641' title='bbox 1415 4885 1568 4939; x_wconf 85' lang='lat' dir='ltr'><strong>vobis</strong></span> <span class='ocrx_word' id='word_1_642' title='bbox 1607 4884 1675 4940; x_wconf 91' lang='lat' dir='ltr'><strong>de</strong></span> <span class='ocrx_word' id='word_1_643' title='bbox 1714 4899 1803 4939; x_wconf 89' lang='lat' dir='ltr'><strong>me</strong></span> <span class='ocrx_word' id='word_1_644' title='bbox 1849 4884 2094 4947; x_wconf 88' lang='lat' dir='ltr'><strong>interius,</strong></span> 
     </span>
    </p>
   </div>
   <div class='ocr_carea' id='block_1_81' title="bbox 525 4976 2099 5049">
    <p class='ocr_par' dir='ltr' id='par_1_81' title="bbox 525 4976 2099 5049">
     <span class='ocr_line' id='line_1_81' title="bbox 525 4976 2099 5049; baseline -0.003 -14"><span class='ocrx_word' id='word_1_645' title='bbox 525 4982 669 5049; x_wconf 83' lang='lat' dir='ltr'><strong>quod</strong></span> <span class='ocrx_word' id='word_1_646' title='bbox 707 4978 1033 5034; x_wconf 74' lang='lat' dir='ltr'><strong>consulundo</strong></span> <span class='ocrx_word' id='word_1_647' title='bbox 1066 4976 1292 5039; x_wconf 85' lang='lat' dir='ltr'><strong>reticiat,</strong></span> <span class='ocrx_word' id='word_1_648' title='bbox 1322 4976 1446 5044; x_wconf 87' lang='lat' dir='ltr'><strong>quia</strong></span> <span class='ocrx_word' id='word_1_649' title='bbox 1475 4976 1578 5030; x_wconf 89' lang='lat' dir='ltr'><strong>erit</strong></span> <span class='ocrx_word' id='word_1_650' title='bbox 1612 4978 1677 5031; x_wconf 91' lang='lat' dir='ltr'><strong>de</strong></span> <span class='ocrx_word' id='word_1_651' title='bbox 1718 4977 1915 5030; x_wconf 89' lang='lat' dir='ltr'><strong>mundo</strong></span> <span class='ocrx_word' id='word_1_652' title='bbox 1951 4985 2099 5031; x_wconf 70' lang='lat' dir='ltr'><strong>exte-</strong></span> 
     </span>
    </p>
   </div>
   <div class='ocr_carea' id='block_1_82' title="bbox 528 5065 2101 5142">
    <p class='ocr_par' dir='ltr' id='par_1_82' title="bbox 528 5065 2101 5142">
     <span class='ocr_line' id='line_1_82' title="bbox 528 5065 2101 5142; baseline -0.006 -15"><span class='ocrx_word' id='word_1_653' title='bbox 528 5075 665 5138; x_wconf 83' lang='lat' dir='ltr'><strong>rius,</strong></span> <span class='ocrx_word' id='word_1_654' title='bbox 694 5073 835 5142; x_wconf 86' lang='lat' dir='ltr'><strong>quod</strong></span> <span class='ocrx_word' id='word_1_655' title='bbox 874 5070 1141 5126; x_wconf 74' lang='lat' dir='ltr'><strong>smviendo</strong></span> <span class='ocrx_word' id='word_1_656' title='bbox 1169 5068 1405 5139; x_wconf 84' lang='lat' dir='ltr'><strong>graviter</strong></span> <span class='ocrx_word' id='word_1_657' title='bbox 1442 5074 1670 5136; x_wconf 88' lang='lat' dir='ltr'><strong>premat.</strong></span> <span class='ocrx_word' id='word_1_658' title='bbox 1700 5065 1870 5121; x_wconf 90' lang='lat' dir='ltr'><strong>Aliter</strong></span> <span class='ocrx_word' id='word_1_659' title='bbox 1896 5066 2101 5119; x_wconf 79' lang='lat' dir='ltr'><strong>lamen-</strong></span> 
     </span>
    </p>
   </div>
   <div class='ocr_carea' id='block_1_83' title="bbox 530 5156 2103 5228">
    <p class='ocr_par' dir='ltr' id='par_1_83' title="bbox 530 5156 2103 5228">
     <span class='ocr_line' id='line_1_83' title="bbox 530 5156 2103 5228; baseline -0.006 -9"><span class='ocrx_word' id='word_1_660' title='bbox 530 5169 758 5221; x_wconf 69' lang='lat' dir='ltr'><strong>tationes</strong></span> <span class='ocrx_word' id='word_1_661' title='bbox 808 5166 871 5219; x_wconf 83' lang='lat' dir='ltr'><strong>de</strong></span> <span class='ocrx_word' id='word_1_662' title='bbox 920 5163 1003 5215; x_wconf 88' lang='lat' dir='ltr'><strong>his</strong></span> <span class='ocrx_word' id='word_1_663' title='bbox 1065 5159 1156 5228; x_wconf 87' lang='lat' dir='ltr'><strong>qui</strong></span> <span class='ocrx_word' id='word_1_664' title='bbox 1215 5159 1279 5211; x_wconf 88' lang='lat' dir='ltr'><strong>ad</strong></span> <span class='ocrx_word' id='word_1_665' title='bbox 1325 5156 1692 5227; x_wconf 73' lang='lat' dir='ltr'><strong>paenitentiam</strong></span> <span class='ocrx_word' id='word_1_666' title='bbox 1744 5166 2103 5225; x_wconf 84' lang='lat' dir='ltr'><strong>provocamur</strong></span> 
     </span>
    </p>
   </div>
   <div class='ocr_carea' id='block_1_84' title="bbox 530 5245 2102 5315">
    <p class='ocr_par' dir='ltr' id='par_1_84' title="bbox 530 5245 2102 5315">
     <span class='ocr_line' id='line_1_84' title="bbox 530 5245 2102 5315; baseline -0.007 -5"><span class='ocrx_word' id='word_1_667' title='bbox 530 5245 803 5310; x_wconf 61' lang='lat' dir='ltr'><strong>continent</strong></span> <span class='ocrx_word' id='word_1_668' title='bbox 881 5254 1018 5306; x_wconf 59' lang='lat' dir='ltr'><strong>uicut</strong></span> <span class='ocrx_word' id='word_1_669' title='bbox 1050 5248 1263 5303; x_wconf 72' lang='lat' dir='ltr'><strong>Samuel</strong></span> <span class='ocrx_word' id='word_1_670' title='bbox 1318 5256 1369 5300; x_wconf 85' lang='lat' dir='ltr'><strong>et</strong></span> <span class='ocrx_word' id='word_1_671' title='bbox 1415 5247 1689 5315; x_wconf 87' lang='lat' dir='ltr'><strong>apostolus</strong></span> <span class='ocrx_word' id='word_1_672' title='bbox 1719 5245 1916 5299; x_wconf 86' lang='lat' dir='ltr'><strong>Paulus</strong></span> <span class='ocrx_word' id='word_1_673' title='bbox 1955 5246 2102 5314; x_wconf 87' lang='lat' dir='ltr'><strong>plan-</strong></span> 
     </span>
    </p>
   </div>
   <div class='ocr_carea' id='block_1_85' title="bbox 531 5335 2101 5415">
    <p class='ocr_par' dir='ltr' id='par_1_85' title="bbox 531 5335 2101 5415">
     <span class='ocr_line' id='line_1_85' title="bbox 531 5335 2101 5415; baseline -0.007 -18"><span class='ocrx_word' id='word_1_674' title='bbox 531 5346 731 5415; x_wconf 81' lang='lat' dir='ltr'><strong>gebant</strong></span> <span class='ocrx_word' id='word_1_675' title='bbox 760 5350 917 5409; x_wconf 82' lang='lat' dir='ltr'><strong>atque</strong></span> <span class='ocrx_word' id='word_1_676' title='bbox 946 5339 1200 5408; x_wconf 84' lang='lat' dir='ltr'><strong>lugebant</strong></span> <span class='ocrx_word' id='word_1_677' title='bbox 1232 5336 1357 5391; x_wconf 82' lang='lat' dir='ltr'><strong>Sani</strong></span> <span class='ocrx_word' id='word_1_678' title='bbox 1393 5347 1446 5390; x_wconf 91' lang='lat' dir='ltr'><strong>et</strong></span> <span class='ocrx_word' id='word_1_679' title='bbox 1468 5335 1797 5397; x_wconf 78' lang='lat' dir='ltr'><strong>Corinthios,</strong></span> <span class='ocrx_word' id='word_1_680' title='bbox 1833 5350 1966 5402; x_wconf 83' lang='lat' dir='ltr'><strong>quos</strong></span> <span class='ocrx_word' id='word_1_681' title='bbox 1996 5335 2101 5387; x_wconf 87' lang='lat' dir='ltr'><strong>sal-</strong></span> 
     </span>
    </p>
   </div>
   <div class='ocr_carea' id='block_1_86' title="bbox 528 5426 2097 5499">
    <p class='ocr_par' dir='ltr' id='par_1_86' title="bbox 528 5426 2097 5499">
     <span class='ocr_line' id='line_1_86' title="bbox 528 5426 2097 5499; baseline -0.009 -9"><span class='ocrx_word' id='word_1_682' title='bbox 528 5451 656 5490; x_wconf 82' lang='lat' dir='ltr'><strong>vare</strong></span> <span class='ocrx_word' id='word_1_683' title='bbox 704 5432 1008 5499; x_wconf 82' lang='lat' dir='ltr'><strong>cupiebant.</strong></span> <span class='ocrx_word' id='word_1_684' title='bbox 1053 5429 1283 5484; x_wconf 86' lang='lat' dir='ltr'><strong>Carmen</strong></span> <span class='ocrx_word' id='word_1_685' title='bbox 1333 5428 1644 5497; x_wconf 73' lang='lat' dir='ltr'><strong>superbis,</strong></span> <span class='ocrx_word' id='word_1_686' title='bbox 1681 5427 1769 5496; x_wconf 88' lang='lat' dir='ltr'><strong>qui</strong></span> <span class='ocrx_word' id='word_1_687' title='bbox 1816 5427 1909 5480; x_wconf 72' lang='lat' dir='ltr'><strong>Dei</strong></span> <span class='ocrx_word' id='word_1_688' title='bbox 1956 5426 2097 5494; x_wconf 78' lang='lat' dir='ltr'><strong>digni</strong></span> 
     </span>
    </p>
   </div>
   <div class='ocr_carea' id='block_1_87' title="bbox 530 5517 2098 5588">
    <p class='ocr_par' dir='ltr' id='par_1_87' title="bbox 530 5517 2098 5588">
     <span class='ocr_line' id='line_1_87' title="bbox 530 5517 2098 5588; baseline -0.005 -10"><span class='ocrx_word' id='word_1_689' title='bbox 530 5532 657 5588; x_wconf 80' lang='lat' dir='ltr'><strong>sunt</strong></span> <span class='ocrx_word' id='word_1_690' title='bbox 717 5519 1058 5580; x_wconf 86' lang='lat' dir='ltr'><strong>testimonio,</strong></span> <span class='ocrx_word' id='word_1_691' title='bbox 1114 5528 1167 5573; x_wconf 86' lang='lat' dir='ltr'><strong>et</strong></span> <span class='ocrx_word' id='word_1_692' title='bbox 1225 5519 1418 5587; x_wconf 80' lang='lat' dir='ltr'><strong>quibus</strong></span> <span class='ocrx_word' id='word_1_693' title='bbox 1473 5517 1753 5571; x_wconf 75' lang='lat' dir='ltr'><strong>Psalmista</strong></span> <span class='ocrx_word' id='word_1_694' title='bbox 1808 5518 2098 5586; x_wconf 68' lang='lat' dir='ltr'><strong>prmccpit:</strong></span> 
     </span>
    </p>
   </div>
   <div class='ocr_carea' id='block_1_88' title="bbox 538 5606 2095 5679">
    <p class='ocr_par' dir='ltr' id='par_1_88' title="bbox 538 5606 2095 5679">
     <span class='ocr_line' id='line_1_88' title="bbox 538 5606 2095 5679; baseline -0.003 -13"><span class='ocrx_word' id='word_1_695' title='bbox 538 5634 555 5666; x_wconf 77' lang='grc' dir='ltr'><strong>ς</strong></span> <span class='ocrx_word' id='word_1_696' title='bbox 593 5614 820 5669; x_wconf 71' lang='lat' dir='ltr'><strong>Caritate</strong></span> <span class='ocrx_word' id='word_1_697' title='bbox 849 5611 1076 5665; x_wconf 89' lang='lat' dir='ltr'><strong>Domino</strong></span> <span class='ocrx_word' id='word_1_698' title='bbox 1127 5612 1394 5665; x_wconf 83' lang='lat' dir='ltr'><strong>canticum</strong></span> <span class='ocrx_word' id='word_1_699' title='bbox 1447 5625 1640 5663; x_wconf 82' lang='lat' dir='ltr'><strong>novum</strong></span> <span class='ocrx_word' id='word_1_700' title='bbox 1696 5606 1865 5679; x_wconf 71' lang='lat' dir='ltr'><strong>(i’sal.</strong></span> <span class='ocrx_word' id='word_1_701' title='bbox 1900 5610 2039 5678; x_wconf 78' lang='lat' dir='ltr'><strong>xcv).</strong></span> <span class='ocrx_word' id='word_1_702' title='bbox 2082 5631 2095 5661; x_wconf 81' lang='grc' dir='ltr'><strong>ι</strong></span> 
     </span>
    </p>
   </div>
   <div class='ocr_carea' id='block_1_89' title="bbox 538 5702 2107 5774">
    <p class='ocr_par' dir='ltr' id='par_1_89' title="bbox 538 5702 2107 5774">
     <span class='ocr_line' id='line_1_89' title="bbox 538 5702 2107 5774; baseline -0.004 -13"><span class='ocrx_word' id='word_1_703' title='bbox 538 5708 699 5762; x_wconf 86' lang='lat' dir='ltr'><strong>Porro</strong></span> <span class='ocrx_word' id='word_1_704' title='bbox 745 5721 823 5761; x_wconf 69' lang='lat' dir='ltr'><strong>vae</strong></span> <span class='ocrx_word' id='word_1_705' title='bbox 884 5718 1045 5774; x_wconf 88' lang='lat' dir='ltr'><strong>super</strong></span> <span class='ocrx_word' id='word_1_706' title='bbox 1095 5703 1197 5757; x_wconf 75' lang='lat' dir='ltr'><strong>illis</strong></span> <span class='ocrx_word' id='word_1_707' title='bbox 1238 5704 1326 5771; x_wconf 82' lang='lat' dir='ltr'><strong>qui</strong></span> <span class='ocrx_word' id='word_1_708' title='bbox 1381 5703 1594 5773; x_wconf 81' lang='lat' dir='ltr'><strong>penitus</strong></span> <span class='ocrx_word' id='word_1_709' title='bbox 1644 5702 2018 5768; x_wconf 77' lang='lat' dir='ltr'><strong>desperamur,</strong></span> <span class='ocrx_word' id='word_1_710' title='bbox 2053 5711 2107 5755; x_wconf 81' lang='lat' dir='ltr'><strong>et</strong></span> 
     </span>
    </p>
   </div>
   <div class='ocr_carea' id='block_1_90' title="bbox 532 5792 2096 5862">
    <p class='ocr_par' dir='ltr' id='par_1_90' title="bbox 532 5792 2096 5862">
     <span class='ocr_line' id='line_1_90' title="bbox 532 5792 2096 5862; baseline -0.004 -13"><span class='ocrx_word' id='word_1_711' title='bbox 532 5809 653 5851; x_wconf 87' lang='lat' dir='ltr'><strong>cum</strong></span> <span class='ocrx_word' id='word_1_712' title='bbox 672 5795 914 5851; x_wconf 87' lang='lat' dir='ltr'><strong>venerint</strong></span> <span class='ocrx_word' id='word_1_713' title='bbox 938 5795 990 5850; x_wconf 90' lang='lat' dir='ltr'><strong>iu</strong></span> <span class='ocrx_word' id='word_1_714' title='bbox 1020 5792 1340 5862; x_wconf 75' lang='lat' dir='ltr'><strong>profundum</strong></span> <span class='ocrx_word' id='word_1_715' title='bbox 1369 5800 1708 5859; x_wconf 82' lang='lat' dir='ltr'><strong>peccatorum</strong></span> <span class='ocrx_word' id='word_1_716' title='bbox 1728 5800 2096 5845; x_wconf 68' lang='lat' dir='ltr'><strong>contemnunt.</strong></span> 
     </span>
    </p>
   </div>
   <div class='ocr_carea' id='block_1_91' title="bbox 2130 4569 2178 4628">
    <p class='ocr_par' dir='ltr' id='par_1_91' title="bbox 2130 4569 2178 4628">
     <span class='ocr_line' id='line_1_91' title="bbox 2130 4569 2178 4628; baseline 0 0"><span class='ocrx_word' id='word_1_717' title='bbox 2130 4569 2178 4628; x_wconf 91' lang='lat' dir='ltr'><strong>D</strong></span> 
     </span>
    </p>
   </div>
   <div class='ocr_carea' id='block_1_92' title="bbox 2202 3338 3791 3414">
    <p class='ocr_par' dir='ltr' id='par_1_92' title="bbox 2202 3338 3791 3414">
     <span class='ocr_line' id='line_1_92' title="bbox 2202 3338 3791 3414; baseline 0.004 -21"><span class='ocrx_word' id='word_1_718' title='bbox 2202 3339 2308 3395; x_wconf 90' lang='lat' dir='ltr'><strong>illis</strong></span> <span class='ocrx_word' id='word_1_719' title='bbox 2337 3340 2527 3394; x_wconf 87' lang='lat' dir='ltr'><strong>diebus</strong></span> <span class='ocrx_word' id='word_1_720' title='bbox 2554 3338 2705 3412; x_wconf 86' lang='lat' dir='ltr'><strong>(Luc.</strong></span> <span class='ocrx_word' id='word_1_721' title='bbox 2740 3340 2876 3407; x_wconf 75' lang='lat' dir='ltr'><strong>XXI).</strong></span> <span class='ocrx_word' id='word_1_722' title='bbox 2917 3360 2934 3393; x_wconf 79' lang='grc' dir='ltr'><strong>ι</strong></span> <span class='ocrx_word' id='word_1_723' title='bbox 2979 3340 3319 3405; x_wconf 84' lang='lat' dir='ltr'><strong>Pensandum</strong></span> <span class='ocrx_word' id='word_1_724' title='bbox 3343 3359 3471 3414; x_wconf 89' lang='lat' dir='ltr'><strong>ergo</strong></span> <span class='ocrx_word' id='word_1_725' title='bbox 3501 3344 3656 3399; x_wconf 84' lang='lat' dir='ltr'><strong>nobis</strong></span> <span class='ocrx_word' id='word_1_726' title='bbox 3684 3352 3791 3408; x_wconf 86' lang='lat' dir='ltr'><strong>est,</strong></span> 
     </span>
    </p>
   </div>
   <div class='ocr_carea' id='block_1_93' title="bbox 2199 3429 3790 3504">
    <p class='ocr_par' dir='ltr' id='par_1_93' title="bbox 2199 3429 3790 3504">
     <span class='ocr_line' id='line_1_93' title="bbox 2199 3429 3790 3504; baseline 0.003 -21"><span class='ocrx_word' id='word_1_727' title='bbox 2199 3429 2467 3499; x_wconf 89' lang='lat' dir='ltr'><strong>quomodo</strong></span> <span class='ocrx_word' id='word_1_728' title='bbox 2490 3430 2729 3485; x_wconf 75' lang='lat' dir='ltr'><strong>haectria</strong></span> <span class='ocrx_word' id='word_1_729' title='bbox 2784 3430 2835 3483; x_wconf 92' lang='lat' dir='ltr'><strong>in</strong></span> <span class='ocrx_word' id='word_1_730' title='bbox 2886 3446 3043 3486; x_wconf 87' lang='lat' dir='ltr'><strong>sacro</strong></span> <span class='ocrx_word' id='word_1_731' title='bbox 3078 3432 3349 3489; x_wconf 87' lang='lat' dir='ltr'><strong>volumine</strong></span> <span class='ocrx_word' id='word_1_732' title='bbox 3395 3436 3594 3504; x_wconf 87' lang='lat' dir='ltr'><strong>scripta</strong></span> <span class='ocrx_word' id='word_1_733' title='bbox 3645 3436 3790 3490; x_wconf 89' lang='lat' dir='ltr'><strong>sint:</strong></span> 
     </span>
    </p>
   </div>
   <div class='ocr_carea' id='block_1_94' title="bbox 2205 3520 3794 3589">
    <p class='ocr_par' dir='ltr' id='par_1_94' title="bbox 2205 3520 3794 3589">
     <span class='ocr_line' id='line_1_94' title="bbox 2205 3520 3794 3589; baseline 0.006 -16"><span class='ocrx_word' id='word_1_734' title='bbox 2205 3540 2221 3573; x_wconf 76' lang='grc' dir='ltr'><strong>ι</strong></span> <span class='ocrx_word' id='word_1_735' title='bbox 2258 3520 2717 3587; x_wconf 87' lang='lat' dir='ltr'><strong>Lamentationes,</strong></span> <span class='ocrx_word' id='word_1_736' title='bbox 2750 3538 2988 3589; x_wconf 87' lang='lat' dir='ltr'><strong>carmen,</strong></span> <span class='ocrx_word' id='word_1_737' title='bbox 3008 3535 3061 3578; x_wconf 92' lang='lat' dir='ltr'><strong>et</strong></span> <span class='ocrx_word' id='word_1_738' title='bbox 3086 3538 3183 3579; x_wconf 86' lang='lat' dir='ltr'><strong>vae.</strong></span> <span class='ocrx_word' id='word_1_739' title='bbox 3212 3545 3228 3576; x_wconf 75' lang='grc' dir='ltr'><strong>ι</strong></span> <span class='ocrx_word' id='word_1_740' title='bbox 3249 3525 3686 3582; x_wconf 84' lang='lat' dir='ltr'><strong>Lamentationes</strong></span> <span class='ocrx_word' id='word_1_741' title='bbox 3713 3530 3794 3582; x_wconf 84' lang='lat' dir='ltr'><strong>vi-</strong></span> 
     </span>
    </p>
   </div>
   <div class='ocr_carea' id='block_1_95' title="bbox 2200 3612 3791 3688">
    <p class='ocr_par' dir='ltr' id='par_1_95' title="bbox 2200 3612 3791 3688">
     <span class='ocr_line' id='line_1_95' title="bbox 2200 3612 3791 3688; baseline 0.004 -21"><span class='ocrx_word' id='word_1_742' title='bbox 2200 3612 2552 3682; x_wconf 89' lang='lat' dir='ltr'><strong>delicet,quia</strong></span> <span class='ocrx_word' id='word_1_743' title='bbox 2575 3612 2628 3667; x_wconf 92' lang='lat' dir='ltr'><strong>in</strong></span> <span class='ocrx_word' id='word_1_744' title='bbox 2657 3628 2720 3668; x_wconf 89' lang='lat' dir='ltr'><strong>eo</strong></span> <span class='ocrx_word' id='word_1_745' title='bbox 2743 3614 2941 3683; x_wconf 87' lang='lat' dir='ltr'><strong>scripta</strong></span> <span class='ocrx_word' id='word_1_746' title='bbox 2965 3623 3047 3670; x_wconf 92' lang='lat' dir='ltr'><strong>est</strong></span> <span class='ocrx_word' id='word_1_747' title='bbox 3072 3615 3390 3685; x_wconf 70' lang='lat' dir='ltr'><strong>poenitentia</strong></span> <span class='ocrx_word' id='word_1_748' title='bbox 3412 3627 3791 3688; x_wconf 86' lang='lat' dir='ltr'><strong>peccatorum;</strong></span> 
     </span>
    </p>
   </div>
   <div class='ocr_carea' id='block_1_96' title="bbox 2201 3705 3787 3781">
    <p class='ocr_par' dir='ltr' id='par_1_96' title="bbox 2201 3705 3787 3781">
     <span class='ocr_line' id='line_1_96' title="bbox 2201 3705 3787 3781; baseline 0.004 -22"><span class='ocrx_word' id='word_1_749' title='bbox 2201 3719 2419 3759; x_wconf 82' lang='lat' dir='ltr'><strong>carmen</strong></span> <span class='ocrx_word' id='word_1_750' title='bbox 2441 3719 2590 3770; x_wconf 88' lang='lat' dir='ltr'><strong>vero,</strong></span> <span class='ocrx_word' id='word_1_751' title='bbox 2606 3705 2729 3775; x_wconf 89' lang='lat' dir='ltr'><strong>quia</strong></span> <span class='ocrx_word' id='word_1_752' title='bbox 2755 3705 2824 3760; x_wconf 88' lang='lat' dir='ltr'><strong>ibi</strong></span> <span class='ocrx_word' id='word_1_753' title='bbox 2848 3708 3263 3775; x_wconf 87' lang='lat' dir='ltr'><strong>pronuntiantur</strong></span> <span class='ocrx_word' id='word_1_754' title='bbox 3279 3710 3468 3781; x_wconf 85' lang='lat' dir='ltr'><strong>gaudia</strong></span> <span class='ocrx_word' id='word_1_755' title='bbox 3482 3707 3787 3777; x_wconf 76' lang='lat' dir='ltr'><strong>iustorum;</strong></span> 
     </span>
    </p>
   </div>
   <div class='ocr_carea' id='block_1_97' title="bbox 2201 3794 3795 3868">
    <p class='ocr_par' dir='ltr' id='par_1_97' title="bbox 2201 3794 3795 3868">
     <span class='ocr_line' id='line_1_97' title="bbox 2201 3794 3795 3868; baseline 0.006 -21"><span class='ocrx_word' id='word_1_756' title='bbox 2201 3808 2280 3848; x_wconf 68' lang='lat' dir='ltr'><strong>vae</strong></span> <span class='ocrx_word' id='word_1_757' title='bbox 2301 3802 2500 3859; x_wconf 89' lang='lat' dir='ltr'><strong>autem,</strong></span> <span class='ocrx_word' id='word_1_758' title='bbox 2531 3795 2653 3864; x_wconf 89' lang='lat' dir='ltr'><strong>quia</strong></span> <span class='ocrx_word' id='word_1_759' title='bbox 2680 3794 2788 3849; x_wconf 93' lang='lat' dir='ltr'><strong>illic</strong></span> <span class='ocrx_word' id='word_1_760' title='bbox 2838 3810 3091 3865; x_wconf 77' lang='lat' dir='ltr'><strong>expressa</strong></span> <span class='ocrx_word' id='word_1_761' title='bbox 3127 3806 3210 3852; x_wconf 87' lang='lat' dir='ltr'><strong>est</strong></span> <span class='ocrx_word' id='word_1_762' title='bbox 3236 3800 3506 3853; x_wconf 87' lang='lat' dir='ltr'><strong>damnatio</strong></span> <span class='ocrx_word' id='word_1_763' title='bbox 3531 3802 3795 3868; x_wconf 79' lang='lat' dir='ltr'><strong>reprobo-</strong></span> 
     </span>
    </p>
   </div>
   <div class='ocr_carea' id='block_1_98' title="bbox 2199 3876 3797 3960">
    <p class='ocr_par' dir='ltr' id='par_1_98' title="bbox 2199 3876 3797 3960">
     <span class='ocr_line' id='line_1_98' title="bbox 2199 3876 3797 3960; baseline 0.005 -21"><span class='ocrx_word' id='word_1_764' title='bbox 2199 3902 2339 3940; x_wconf 90' lang='lat' dir='ltr'><strong>rum.</strong></span> <span class='ocrx_word' id='word_1_765' title='bbox 2360 3886 2429 3942; x_wconf 88' lang='lat' dir='ltr'><strong>Ut</strong></span> <span class='ocrx_word' id='word_1_766' title='bbox 2444 3902 2571 3958; x_wconf 88' lang='lat' dir='ltr'><strong>ergo</strong></span> <span class='ocrx_word' id='word_1_767' title='bbox 2596 3896 2813 3957; x_wconf 88' lang='lat' dir='ltr'><strong>peccata</strong></span> <span class='ocrx_word' id='word_1_768' title='bbox 2827 3890 3036 3957; x_wconf 88' lang='lat' dir='ltr'><strong>punias,</strong></span> <span class='ocrx_word' id='word_1_769' title='bbox 3051 3889 3167 3960; x_wconf 87' lang='lat' dir='ltr'><strong>lege</strong></span> <span class='ocrx_word' id='word_1_770' title='bbox 3193 3905 3311 3960; x_wconf 84' lang='lat' dir='ltr'><strong>quae</strong></span> <span class='ocrx_word' id='word_1_771' title='bbox 3332 3892 3385 3945; x_wconf 93' lang='lat' dir='ltr'><strong>in</strong></span> <span class='ocrx_word' id='word_1_772' title='bbox 3404 3893 3504 3946; x_wconf 85' lang='lat' dir='ltr'><strong>hoc</strong></span> <span class='ocrx_word' id='word_1_773' title='bbox 3521 3876 3797 3947; x_wconf 82' lang='lat' dir='ltr'><strong>volumine</strong></span> 
     </span>
    </p>
   </div>
   <div class='ocr_carea' id='block_1_99' title="bbox 2202 3977 3791 4047">
    <p class='ocr_par' dir='ltr' id='par_1_99' title="bbox 2202 3977 3791 4047">
     <span class='ocr_line' id='line_1_99' title="bbox 2202 3977 3791 4047; baseline 0.002 -16"><span class='ocrx_word' id='word_1_774' title='bbox 2202 3977 2400 4047; x_wconf 83' lang='lat' dir='ltr'><strong>scripta</strong></span> <span class='ocrx_word' id='word_1_775' title='bbox 2434 3985 2559 4033; x_wconf 91' lang='lat' dir='ltr'><strong>sunt</strong></span> <span class='ocrx_word' id='word_1_776' title='bbox 2610 3977 2863 4041; x_wconf 85' lang='lat' dir='ltr'><strong>lamenta,</strong></span> <span class='ocrx_word' id='word_1_777' title='bbox 2906 3997 2923 4029; x_wconf 85' lang='lat'><strong>(</strong></span> <span class='ocrx_word' id='word_1_778' title='bbox 2954 3977 3194 4034; x_wconf 88' lang='lat' dir='ltr'><strong>Scindite</strong></span> <span class='ocrx_word' id='word_1_779' title='bbox 3216 3980 3377 4034; x_wconf 88' lang='lat' dir='ltr'><strong>corda</strong></span> <span class='ocrx_word' id='word_1_780' title='bbox 3400 3989 3575 4034; x_wconf 86' lang='lat' dir='ltr'><strong>vestra</strong></span> <span class='ocrx_word' id='word_1_781' title='bbox 3603 3990 3658 4034; x_wconf 83' lang='lat' dir='ltr'><strong>et</strong></span> <span class='ocrx_word' id='word_1_782' title='bbox 3684 3998 3791 4035; x_wconf 84' lang='lat' dir='ltr'><strong>non</strong></span> 
     </span>
    </p>
   </div>
   <div class='ocr_carea' id='block_1_100' title="bbox 2202 4066 3795 4139">
    <p class='ocr_par' dir='ltr' id='par_1_100' title="bbox 2202 4066 3795 4139">
     <span class='ocr_line' id='line_1_100' title="bbox 2202 4066 3795 4139; baseline 0.003 -18"><span class='ocrx_word' id='word_1_783' title='bbox 2202 4068 2523 4123; x_wconf 86' lang='lat' dir='ltr'><strong>vestimenta</strong></span> <span class='ocrx_word' id='word_1_784' title='bbox 2538 4076 2715 4122; x_wconf 86' lang='lat' dir='ltr'><strong>vestra</strong></span> <span class='ocrx_word' id='word_1_785' title='bbox 2733 4066 2892 4139; x_wconf 78' lang='lat' dir='ltr'><strong>(Joel.</strong></span> <span class='ocrx_word' id='word_1_786' title='bbox 2910 4070 2993 4139; x_wconf 93' lang='grc' dir='ltr'>ιι).</span> <span class='ocrx_word' id='word_1_787' title='bbox 3018 4088 3033 4121; x_wconf 82' lang='grc' dir='ltr'><strong>ι</strong></span> <span class='ocrx_word' id='word_1_788' title='bbox 3058 4070 3123 4123; x_wconf 85' lang='lat' dir='ltr'><strong>Et</strong></span> <span class='ocrx_word' id='word_1_789' title='bbox 3143 4085 3330 4124; x_wconf 86' lang='lat' dir='ltr'><strong>rursus</strong></span> <span class='ocrx_word' id='word_1_790' title='bbox 3348 4088 3392 4125; x_wconf 70' lang='grc' dir='ltr'>τι</span> <span class='ocrx_word' id='word_1_791' title='bbox 3414 4070 3589 4124; x_wconf 84' lang='lat' dir='ltr'><strong>Miseri</strong></span> <span class='ocrx_word' id='word_1_792' title='bbox 3615 4082 3795 4126; x_wconf 84' lang='lat' dir='ltr'><strong>estote</strong></span> 
     </span>
    </p>
   </div>
   <div class='ocr_carea' id='block_1_101' title="bbox 2204 4156 3793 4229">
    <p class='ocr_par' dir='ltr' id='par_1_101' title="bbox 2204 4156 3793 4229">
     <span class='ocr_line' id='line_1_101' title="bbox 2204 4156 3793 4229; baseline 0.002 -19"><span class='ocrx_word' id='word_1_793' title='bbox 2204 4157 2467 4228; x_wconf 84' lang='lat' dir='ltr'><strong>ctlugete.</strong></span> <span class='ocrx_word' id='word_1_794' title='bbox 2483 4156 2645 4212; x_wconf 77' lang='lat' dir='ltr'><strong>Risus</strong></span> <span class='ocrx_word' id='word_1_795' title='bbox 2671 4168 2852 4211; x_wconf 86' lang='lat' dir='ltr'><strong>vester</strong></span> <span class='ocrx_word' id='word_1_796' title='bbox 2873 4157 2925 4212; x_wconf 91' lang='lat' dir='ltr'><strong>in</strong></span> <span class='ocrx_word' id='word_1_797' title='bbox 2956 4157 3157 4213; x_wconf 90' lang='lat' dir='ltr'><strong>luctum</strong></span> <span class='ocrx_word' id='word_1_798' title='bbox 3181 4168 3513 4225; x_wconf 83' lang='lat' dir='ltr'><strong>vertatur,et</strong></span> <span class='ocrx_word' id='word_1_799' title='bbox 3534 4161 3793 4229; x_wconf 84' lang='lat' dir='ltr'><strong>gaudium</strong></span> 
     </span>
    </p>
   </div>
   <div class='ocr_carea' id='block_1_102' title="bbox 2206 4245 3795 4319">
    <p class='ocr_par' dir='ltr' id='par_1_102' title="bbox 2206 4245 3795 4319">
     <span class='ocr_line' id='line_1_102' title="bbox 2206 4245 3795 4319; baseline 0.003 -18"><span class='ocrx_word' id='word_1_800' title='bbox 2206 4248 2258 4301; x_wconf 91' lang='lat' dir='ltr'><strong>in</strong></span> <span class='ocrx_word' id='word_1_801' title='bbox 2287 4260 2573 4301; x_wconf 65' lang='lat' dir='ltr'><strong>maerorem</strong></span> <span class='ocrx_word' id='word_1_802' title='bbox 2607 4245 2815 4317; x_wconf 73' lang='lat' dir='ltr'><strong>(Iacob.</strong></span> <span class='ocrx_word' id='word_1_803' title='bbox 2843 4248 2937 4319; x_wconf 77' lang='grc' dir='ltr'>ιγ).</span> <span class='ocrx_word' id='word_1_804' title='bbox 2970 4268 2987 4299; x_wconf 76' lang='grc' dir='ltr'><strong>ι</strong></span> <span class='ocrx_word' id='word_1_805' title='bbox 3027 4246 3097 4302; x_wconf 90' lang='lat' dir='ltr'><strong>Ut</strong></span> <span class='ocrx_word' id='word_1_806' title='bbox 3126 4257 3305 4302; x_wconf 89' lang='lat' dir='ltr'><strong>autem</strong></span> <span class='ocrx_word' id='word_1_807' title='bbox 3337 4250 3405 4303; x_wconf 90' lang='lat' dir='ltr'><strong>de</strong></span> <span class='ocrx_word' id='word_1_808' title='bbox 3432 4250 3795 4318; x_wconf 84' lang='lat' dir='ltr'><strong>promissione</strong></span> 
     </span>
    </p>
   </div>
   <div class='ocr_carea' id='block_1_103' title="bbox 2207 4337 3796 4410">
    <p class='ocr_par' dir='ltr' id='par_1_103' title="bbox 2207 4337 3796 4410">
     <span class='ocr_line' id='line_1_103' title="bbox 2207 4337 3796 4410; baseline 0.002 -19"><span class='ocrx_word' id='word_1_809' title='bbox 2207 4338 2388 4407; x_wconf 80' lang='lat' dir='ltr'><strong>gaudii</strong></span> <span class='ocrx_word' id='word_1_810' title='bbox 2434 4337 2714 4405; x_wconf 90' lang='lat' dir='ltr'><strong>sequentis</strong></span> <span class='ocrx_word' id='word_1_811' title='bbox 2741 4337 3060 4401; x_wconf 90' lang='lat' dir='ltr'><strong>hilarescas,</strong></span> <span class='ocrx_word' id='word_1_812' title='bbox 3087 4354 3307 4393; x_wconf 86' lang='lat' dir='ltr'><strong>causam</strong></span> <span class='ocrx_word' id='word_1_813' title='bbox 3348 4354 3633 4410; x_wconf 80' lang='lat' dir='ltr'><strong>cognosce,</strong></span> <span class='ocrx_word' id='word_1_814' title='bbox 3666 4343 3796 4410; x_wconf 79' lang='lat' dir='ltr'><strong>quia</strong></span> 
     </span>
    </p>
   </div>
   <div class='ocr_carea' id='block_1_104' title="bbox 2207 4428 3795 4497">
    <p class='ocr_par' dir='ltr' id='par_1_104' title="bbox 2207 4428 3795 4497">
     <span class='ocr_line' id='line_1_104' title="bbox 2207 4428 3795 4497; baseline -0.001 -14"><span class='ocrx_word' id='word_1_815' title='bbox 2207 4432 2260 4484; x_wconf 89' lang='lat' dir='ltr'><strong>in</strong></span> <span class='ocrx_word' id='word_1_816' title='bbox 2286 4430 2389 4485; x_wconf 86' lang='lat' dir='ltr'><strong>hoc</strong></span> <span class='ocrx_word' id='word_1_817' title='bbox 2408 4428 2681 4488; x_wconf 89' lang='lat' dir='ltr'><strong>volumine</strong></span> <span class='ocrx_word' id='word_1_818' title='bbox 2712 4429 2911 4497; x_wconf 88' lang='lat' dir='ltr'><strong>scripta</strong></span> <span class='ocrx_word' id='word_1_819' title='bbox 2935 4437 3059 4482; x_wconf 92' lang='lat' dir='ltr'><strong>sunt</strong></span> <span class='ocrx_word' id='word_1_820' title='bbox 3087 4428 3327 4482; x_wconf 89' lang='lat' dir='ltr'><strong>carmina</strong></span> <span class='ocrx_word' id='word_1_821' title='bbox 3353 4429 3525 4483; x_wconf 89' lang='lat' dir='ltr'><strong>laudis</strong></span> <span class='ocrx_word' id='word_1_822' title='bbox 3550 4438 3795 4483; x_wconf 62' lang='lat' dir='ltr'><strong>mter-nas.</strong></span> 
     </span>
    </p>
   </div>
   <div class='ocr_carea' id='block_1_105' title="bbox 2215 4520 3797 4590">
    <p class='ocr_par' dir='ltr' id='par_1_105' title="bbox 2215 4520 3797 4590">
     <span class='ocr_line' id='line_1_105' title="bbox 2215 4520 3797 4590; baseline 0.001 -17"><span class='ocrx_word' id='word_1_823' title='bbox 2215 4542 2231 4573; x_wconf 76' lang='grc' dir='ltr'><strong>ι</strong></span> <span class='ocrx_word' id='word_1_824' title='bbox 2269 4521 2420 4576; x_wconf 86' lang='lat' dir='ltr'><strong>Beati</strong></span> <span class='ocrx_word' id='word_1_825' title='bbox 2442 4522 2534 4590; x_wconf 89' lang='lat' dir='ltr'><strong>qui</strong></span> <span class='ocrx_word' id='word_1_826' title='bbox 2561 4520 2806 4574; x_wconf 88' lang='lat' dir='ltr'><strong>habitant</strong></span> <span class='ocrx_word' id='word_1_827' title='bbox 2839 4520 2890 4573; x_wconf 90' lang='lat' dir='ltr'><strong>in</strong></span> <span class='ocrx_word' id='word_1_828' title='bbox 2918 4520 3079 4574; x_wconf 87' lang='lat' dir='ltr'><strong>domo</strong></span> <span class='ocrx_word' id='word_1_829' title='bbox 3104 4529 3213 4585; x_wconf 86' lang='lat' dir='ltr'><strong>tua,</strong></span> <span class='ocrx_word' id='word_1_830' title='bbox 3236 4521 3482 4586; x_wconf 88' lang='lat' dir='ltr'><strong>Domine,</strong></span> <span class='ocrx_word' id='word_1_831' title='bbox 3512 4520 3565 4573; x_wconf 91' lang='lat' dir='ltr'><strong>in</strong></span> <span class='ocrx_word' id='word_1_832' title='bbox 3591 4521 3797 4574; x_wconf 56' lang='lat' dir='ltr'><strong>saecula</strong></span> 
     </span>
    </p>
   </div>
   <div class='ocr_carea' id='block_1_106' title="bbox 2206 4596 3797 4680">
    <p class='ocr_par' dir='ltr' id='par_1_106' title="bbox 2206 4596 3797 4680">
     <span class='ocr_line' id='line_1_106' title="bbox 2206 4596 3797 4680; baseline 0 -17"><span class='ocrx_word' id='word_1_833' title='bbox 2206 4609 2527 4665; x_wconf 71' lang='lat' dir='ltr'><strong>smculorum</strong></span> <span class='ocrx_word' id='word_1_834' title='bbox 2575 4609 2869 4663; x_wconf 88' lang='lat' dir='ltr'><strong>laudabunt</strong></span> <span class='ocrx_word' id='word_1_835' title='bbox 2899 4618 2950 4663; x_wconf 90' lang='lat' dir='ltr'><strong>te</strong></span> <span class='ocrx_word' id='word_1_836' title='bbox 2982 4608 3155 4680; x_wconf 84' lang='lat' dir='ltr'><strong>(Psal.</strong></span> <span class='ocrx_word' id='word_1_837' title='bbox 3193 4613 3444 4679; x_wconf 80' lang='lat' dir='ltr'><strong>Lxxxut).</strong></span> <span class='ocrx_word' id='word_1_838' title='bbox 3481 4630 3499 4661; x_wconf 80' lang='grc' dir='ltr'><strong>ι</strong></span> <span class='ocrx_word' id='word_1_839' title='bbox 3539 4596 3601 4664; x_wconf 77' lang='lat' dir='ltr'><strong>Et</strong></span> <span class='ocrx_word' id='word_1_840' title='bbox 3652 4611 3797 4664; x_wconf 88' lang='lat' dir='ltr'><strong>sicut</strong></span> 
     </span>
    </p>
   </div>
   <div class='ocr_carea' id='block_1_107' title="bbox 2209 4700 3800 4773">
    <p class='ocr_par' dir='ltr' id='par_1_107' title="bbox 2209 4700 3800 4773">
     <span class='ocr_line' id='line_1_107' title="bbox 2209 4700 3800 4773; baseline 0 -18"><span class='ocrx_word' id='word_1_841' title='bbox 2209 4717 2303 4771; x_wconf 87' lang='lat' dir='ltr'><strong>per</strong></span> <span class='ocrx_word' id='word_1_842' title='bbox 2343 4700 2628 4773; x_wconf 85' lang='lat' dir='ltr'><strong>quemdam</strong></span> <span class='ocrx_word' id='word_1_843' title='bbox 2677 4700 2972 4769; x_wconf 87' lang='lat' dir='ltr'><strong>sapientem</strong></span> <span class='ocrx_word' id='word_1_844' title='bbox 3002 4703 3067 4754; x_wconf 89' lang='lat' dir='ltr'><strong>de</strong></span> <span class='ocrx_word' id='word_1_845' title='bbox 3092 4700 3300 4755; x_wconf 66' lang='lat' dir='ltr'><strong>caelesti</strong></span> <span class='ocrx_word' id='word_1_846' title='bbox 3327 4700 3625 4755; x_wconf 83' lang='lat' dir='ltr'><strong>Jerusalem</strong></span> <span class='ocrx_word' id='word_1_847' title='bbox 3660 4702 3800 4755; x_wconf 82' lang='lat' dir='ltr'><strong>dici-</strong></span> 
     </span>
    </p>
   </div>
   <div class='ocr_carea' id='block_1_108' title="bbox 2215 4791 3798 4862">
    <p class='ocr_par' dir='ltr' id='par_1_108' title="bbox 2215 4791 3798 4862">
     <span class='ocr_line' id='line_1_108' title="bbox 2215 4791 3798 4862; baseline 0.004 -21"><span class='ocrx_word' id='word_1_848' title='bbox 2215 4816 2231 4841; x_wconf 79' lang='grc' dir='ltr'><strong>ι</strong></span> <span class='ocrx_word' id='word_1_849' title='bbox 2264 4801 2349 4846; x_wconf 92' lang='lat' dir='ltr'><strong>tur</strong></span> <span class='ocrx_word' id='word_1_850' title='bbox 2374 4810 2385 4845; x_wconf 89' lang='lat'><strong>:</strong></span> <span class='ocrx_word' id='word_1_851' title='bbox 2407 4793 2475 4847; x_wconf 88' lang='lat' dir='ltr'><strong>Et</strong></span> <span class='ocrx_word' id='word_1_852' title='bbox 2496 4792 2670 4862; x_wconf 89' lang='lat' dir='ltr'><strong>lapide</strong></span> <span class='ocrx_word' id='word_1_853' title='bbox 2694 4791 2930 4860; x_wconf 89' lang='lat' dir='ltr'><strong>pretioso</strong></span> <span class='ocrx_word' id='word_1_854' title='bbox 2949 4801 3002 4846; x_wconf 89' lang='lat' dir='ltr'><strong>et</strong></span> <span class='ocrx_word' id='word_1_855' title='bbox 3025 4793 3224 4846; x_wconf 88' lang='lat' dir='ltr'><strong>mundo</strong></span> <span class='ocrx_word' id='word_1_856' title='bbox 3245 4807 3435 4847; x_wconf 91' lang='lat' dir='ltr'><strong>omnes</strong></span> <span class='ocrx_word' id='word_1_857' title='bbox 3458 4792 3646 4862; x_wconf 69' lang='lat' dir='ltr'><strong>platea:</strong></span> <span class='ocrx_word' id='word_1_858' title='bbox 3674 4791 3798 4861; x_wconf 86' lang='lat' dir='ltr'><strong>ejus</strong></span> 
     </span>
    </p>
   </div>
   <div class='ocr_carea' id='block_1_109' title="bbox 2209 4882 3799 4951">
    <p class='ocr_par' dir='ltr' id='par_1_109' title="bbox 2209 4882 3799 4951">
     <span class='ocr_line' id='line_1_109' title="bbox 2209 4882 3799 4951; baseline -0.001 -15"><span class='ocrx_word' id='word_1_859' title='bbox 2209 4892 2540 4945; x_wconf 84' lang='lat' dir='ltr'><strong>sternentur,</strong></span> <span class='ocrx_word' id='word_1_860' title='bbox 2569 4890 2623 4936; x_wconf 92' lang='lat' dir='ltr'><strong>et</strong></span> <span class='ocrx_word' id='word_1_861' title='bbox 2648 4896 2743 4951; x_wconf 89' lang='lat' dir='ltr'><strong>per</strong></span> <span class='ocrx_word' id='word_1_862' title='bbox 2787 4897 2977 4936; x_wconf 90' lang='lat' dir='ltr'><strong>omnes</strong></span> <span class='ocrx_word' id='word_1_863' title='bbox 3026 4883 3173 4937; x_wconf 87' lang='lat' dir='ltr'><strong>vicos</strong></span> <span class='ocrx_word' id='word_1_864' title='bbox 3220 4882 3436 4937; x_wconf 86' lang='lat' dir='ltr'><strong>alleluia</strong></span> <span class='ocrx_word' id='word_1_865' title='bbox 3481 4884 3799 4936; x_wconf 77' lang='lat' dir='ltr'><strong>cantabitur</strong></span> 
     </span>
    </p>
   </div>
   <div class='ocr_carea' id='block_1_110' title="bbox 2209 4960 3795 5044">
    <p class='ocr_par' dir='ltr' id='par_1_110' title="bbox 2209 4960 3795 5044">
     <span class='ocr_line' id='line_1_110' title="bbox 2209 4960 3795 5044; baseline 0.001 -19"><span class='ocrx_word' id='word_1_866' title='bbox 2209 4973 2362 5044; x_wconf 72' lang='grc' dir='ltr'><strong>(Τοῦ.</strong></span> <span class='ocrx_word' id='word_1_867' title='bbox 2401 4960 2543 5042; x_wconf 68' lang='lat' dir='ltr'><strong>xm).</strong></span> <span class='ocrx_word' id='word_1_868' title='bbox 2591 4991 2609 5022; x_wconf 73' lang='grc' dir='ltr'><strong>ι</strong></span> <span class='ocrx_word' id='word_1_869' title='bbox 2680 4971 2791 5028; x_wconf 79' lang='lat' dir='ltr'><strong>Hoc</strong></span> <span class='ocrx_word' id='word_1_870' title='bbox 2840 4973 2995 5027; x_wconf 87' lang='lat' dir='ltr'><strong>nobis</strong></span> <span class='ocrx_word' id='word_1_871' title='bbox 3043 4988 3263 5026; x_wconf 88' lang='lat' dir='ltr'><strong>carmen</strong></span> <span class='ocrx_word' id='word_1_872' title='bbox 3315 4972 3552 5027; x_wconf 75' lang='lat' dir='ltr'><strong>cmlestis</strong></span> <span class='ocrx_word' id='word_1_873' title='bbox 3596 4974 3795 5039; x_wconf 64' lang='lat' dir='ltr'><strong>patria:</strong></span> 
     </span>
    </p>
   </div>
   <div class='ocr_carea' id='block_1_111' title="bbox 2208 5060 3799 5130">
    <p class='ocr_par' dir='ltr' id='par_1_111' title="bbox 2208 5060 3799 5130">
     <span class='ocr_line' id='line_1_111' title="bbox 2208 5060 3799 5130; baseline -0.001 -14"><span class='ocrx_word' id='word_1_874' title='bbox 2208 5065 2457 5116; x_wconf 83' lang='lat' dir='ltr'><strong>nuntiare</strong></span> <span class='ocrx_word' id='word_1_875' title='bbox 2483 5062 2628 5116; x_wconf 87' lang='lat' dir='ltr'><strong>cives</strong></span> <span class='ocrx_word' id='word_1_876' title='bbox 2654 5060 2768 5127; x_wconf 84' lang='lat' dir='ltr'><strong>ejus</strong></span> <span class='ocrx_word' id='word_1_877' title='bbox 2794 5070 3073 5125; x_wconf 85' lang='lat' dir='ltr'><strong>venerant,</strong></span> <span class='ocrx_word' id='word_1_878' title='bbox 3102 5062 3191 5130; x_wconf 90' lang='lat' dir='ltr'><strong>qui</strong></span> <span class='ocrx_word' id='word_1_879' title='bbox 3218 5063 3560 5117; x_wconf 87' lang='lat' dir='ltr'><strong>concorditer</strong></span> <span class='ocrx_word' id='word_1_880' title='bbox 3587 5063 3799 5115; x_wconf 84' lang='lat' dir='ltr'><strong>clama-</strong></span> 
     </span>
    </p>
   </div>
   <div class='ocr_carea' id='block_1_112' title="bbox 2209 5152 3796 5222">
    <p class='ocr_par' dir='ltr' id='par_1_112' title="bbox 2209 5152 3796 5222">
     <span class='ocr_line' id='line_1_112' title="bbox 2209 5152 3796 5222; baseline 0.001 -15"><span class='ocrx_word' id='word_1_881' title='bbox 2209 5156 2376 5207; x_wconf 68' lang='lat' dir='ltr'><strong>lmzzt:</strong></span> <span class='ocrx_word' id='word_1_882' title='bbox 2411 5173 2427 5203; x_wconf 79' lang='grc' dir='ltr'><strong>ι</strong></span> <span class='ocrx_word' id='word_1_883' title='bbox 2461 5152 2639 5207; x_wconf 86' lang='lat' dir='ltr'><strong>Gloria</strong></span> <span class='ocrx_word' id='word_1_884' title='bbox 2674 5154 2726 5205; x_wconf 90' lang='lat' dir='ltr'><strong>in</strong></span> <span class='ocrx_word' id='word_1_885' title='bbox 2758 5152 2985 5206; x_wconf 79' lang='lat' dir='ltr'><strong>excelsis</strong></span> <span class='ocrx_word' id='word_1_886' title='bbox 3014 5154 3145 5216; x_wconf 86' lang='lat' dir='ltr'><strong>Deo,</strong></span> <span class='ocrx_word' id='word_1_887' title='bbox 3174 5164 3229 5207; x_wconf 86' lang='lat' dir='ltr'><strong>et</strong></span> <span class='ocrx_word' id='word_1_888' title='bbox 3272 5154 3324 5207; x_wconf 89' lang='lat' dir='ltr'><strong>in</strong></span> <span class='ocrx_word' id='word_1_889' title='bbox 3361 5162 3503 5207; x_wconf 89' lang='lat' dir='ltr'><strong>terra</strong></span> <span class='ocrx_word' id='word_1_890' title='bbox 3551 5169 3657 5222; x_wconf 76' lang='lat' dir='ltr'><strong>pax</strong></span> <span class='ocrx_word' id='word_1_891' title='bbox 3689 5157 3796 5208; x_wconf 78' lang='lat' dir='ltr'><strong>bo-</strong></span> 
     </span>
    </p>
   </div>
   <div class='ocr_carea' id='block_1_113' title="bbox 2211 5242 3796 5314">
    <p class='ocr_par' dir='ltr' id='par_1_113' title="bbox 2211 5242 3796 5314">
     <span class='ocr_line' id='line_1_113' title="bbox 2211 5242 3796 5314; baseline 0.001 -18"><span class='ocrx_word' id='word_1_892' title='bbox 2211 5246 2442 5297; x_wconf 75' lang='lat' dir='ltr'><strong>tninibus</strong></span> <span class='ocrx_word' id='word_1_893' title='bbox 2473 5244 2622 5297; x_wconf 69' lang='lat' dir='ltr'><strong>bona:</strong></span> <span class='ocrx_word' id='word_1_894' title='bbox 2656 5242 2947 5297; x_wconf 87' lang='lat' dir='ltr'><strong>voluntatis</strong></span> <span class='ocrx_word' id='word_1_895' title='bbox 2978 5242 3129 5314; x_wconf 82' lang='lat' dir='ltr'><strong>(Luc.</strong></span> <span class='ocrx_word' id='word_1_896' title='bbox 3164 5245 3247 5312; x_wconf 87' lang='grc' dir='ltr'>ιι).</span> <span class='ocrx_word' id='word_1_897' title='bbox 3289 5263 3306 5294; x_wconf 77' lang='grc' dir='ltr'><strong>ι</strong></span> <span class='ocrx_word' id='word_1_898' title='bbox 3366 5243 3476 5298; x_wconf 87' lang='lat' dir='ltr'><strong>Sed</strong></span> <span class='ocrx_word' id='word_1_899' title='bbox 3523 5245 3569 5297; x_wconf 91' lang='lat' dir='ltr'><strong>si</strong></span> <span class='ocrx_word' id='word_1_900' title='bbox 3613 5244 3796 5298; x_wconf 73' lang='lat' dir='ltr'><strong>adhuc</strong></span> 
     </span>
    </p>
   </div>
   <div class='ocr_carea' id='block_1_114' title="bbox 2211 5337 3800 5405">
    <p class='ocr_par' dir='ltr' id='par_1_114' title="bbox 2211 5337 3800 5405">
     <span class='ocr_line' id='line_1_114' title="bbox 2211 5337 3800 5405; baseline 0.004 -18"><span class='ocrx_word' id='word_1_901' title='bbox 2211 5338 2457 5405; x_wconf 50' lang='lat' dir='ltr'><strong>praesenti</strong></span> <span class='ocrx_word' id='word_1_902' title='bbox 2512 5337 2708 5391; x_wconf 84' lang='lat' dir='ltr'><strong>saeculo</strong></span> <span class='ocrx_word' id='word_1_903' title='bbox 2739 5348 2917 5392; x_wconf 88' lang='lat' dir='ltr'><strong>mente</strong></span> <span class='ocrx_word' id='word_1_904' title='bbox 2967 5339 3221 5402; x_wconf 83' lang='lat' dir='ltr'><strong>inhaeres,</strong></span> <span class='ocrx_word' id='word_1_905' title='bbox 3261 5339 3304 5392; x_wconf 91' lang='lat' dir='ltr'><strong>si</strong></span> <span class='ocrx_word' id='word_1_906' title='bbox 3352 5337 3529 5393; x_wconf 83' lang='lat' dir='ltr'><strong>adhuc</strong></span> <span class='ocrx_word' id='word_1_907' title='bbox 3560 5340 3800 5395; x_wconf 77' lang='lat' dir='ltr'><strong>terrenis</strong></span> 
     </span>
    </p>
   </div>
   <div class='ocr_carea' id='block_1_115' title="bbox 2213 5427 3799 5497">
    <p class='ocr_par' dir='ltr' id='par_1_115' title="bbox 2213 5427 3799 5497">
     <span class='ocr_line' id='line_1_115' title="bbox 2213 5427 3799 5497; baseline 0.001 -19"><span class='ocrx_word' id='word_1_908' title='bbox 2213 5428 2575 5482; x_wconf 81' lang='lat' dir='ltr'><strong>voluntatibus</strong></span> <span class='ocrx_word' id='word_1_909' title='bbox 2624 5427 2931 5489; x_wconf 83' lang='lat' dir='ltr'><strong>delectaris,</strong></span> <span class='ocrx_word' id='word_1_910' title='bbox 2990 5442 3172 5481; x_wconf 84' lang='lat' dir='ltr'><strong>amare</strong></span> <span class='ocrx_word' id='word_1_911' title='bbox 3232 5442 3335 5482; x_wconf 82' lang='lat' dir='ltr'><strong>non</strong></span> <span class='ocrx_word' id='word_1_912' title='bbox 3394 5437 3545 5496; x_wconf 86' lang='lat' dir='ltr'><strong>potes</strong></span> <span class='ocrx_word' id='word_1_913' title='bbox 3596 5429 3799 5497; x_wconf 75' lang='lat' dir='ltr'><strong>gaudia</strong></span> 
     </span>
    </p>
   </div>
   <div class='ocr_carea' id='block_1_116' title="bbox 2212 5518 3805 5588">
    <p class='ocr_par' dir='ltr' id='par_1_116' title="bbox 2212 5518 3805 5588">
     <span class='ocr_line' id='line_1_116' title="bbox 2212 5518 3805 5588; baseline 0.002 -19"><span class='ocrx_word' id='word_1_914' title='bbox 2212 5527 2431 5581; x_wconf 59' lang='lat' dir='ltr'><strong>acterna,</strong></span> <span class='ocrx_word' id='word_1_915' title='bbox 2465 5534 2582 5587; x_wconf 69' lang='lat' dir='ltr'><strong>qum</strong></span> <span class='ocrx_word' id='word_1_916' title='bbox 2613 5518 2784 5572; x_wconf 88' lang='lat' dir='ltr'><strong>audis.</strong></span> <span class='ocrx_word' id='word_1_917' title='bbox 2839 5519 3111 5588; x_wconf 79' lang='lat' dir='ltr'><strong>Cognosce</strong></span> <span class='ocrx_word' id='word_1_918' title='bbox 3140 5533 3269 5586; x_wconf 82' lang='lat' dir='ltr'><strong>ergo</strong></span> <span class='ocrx_word' id='word_1_919' title='bbox 3299 5520 3351 5573; x_wconf 89' lang='lat' dir='ltr'><strong>in</strong></span> <span class='ocrx_word' id='word_1_920' title='bbox 3385 5520 3487 5573; x_wconf 89' lang='lat' dir='ltr'><strong>hoc</strong></span> <span class='ocrx_word' id='word_1_921' title='bbox 3518 5518 3805 5573; x_wconf 80' lang='lat' dir='ltr'><strong>volumine</strong></span> 
     </span>
    </p>
   </div>
   <div class='ocr_carea' id='block_1_117' title="bbox 2214 5611 3801 5680">
    <p class='ocr_par' dir='ltr' id='par_1_117' title="bbox 2214 5611 3801 5680">
     <span class='ocr_line' id='line_1_117' title="bbox 2214 5611 3801 5680; baseline 0 -16"><span class='ocrx_word' id='word_1_922' title='bbox 2214 5628 2283 5664; x_wconf 64' lang='lat' dir='ltr'><strong>tur</strong></span> <span class='ocrx_word' id='word_1_923' title='bbox 2315 5611 2454 5680; x_wconf 89' lang='lat' dir='ltr'><strong>quod</strong></span> <span class='ocrx_word' id='word_1_924' title='bbox 2488 5613 2538 5665; x_wconf 91' lang='lat' dir='ltr'><strong>in</strong></span> <span class='ocrx_word' id='word_1_925' title='bbox 2569 5626 2632 5665; x_wconf 89' lang='lat' dir='ltr'><strong>eo</strong></span> <span class='ocrx_word' id='word_1_926' title='bbox 2665 5611 2922 5679; x_wconf 83' lang='lat' dir='ltr'><strong>scriptum</strong></span> <span class='ocrx_word' id='word_1_927' title='bbox 2951 5620 3053 5674; x_wconf 81' lang='lat' dir='ltr'><strong>est,</strong></span> <span class='ocrx_word' id='word_1_928' title='bbox 3080 5620 3241 5680; x_wconf 82' lang='lat' dir='ltr'><strong>atque</strong></span> <span class='ocrx_word' id='word_1_929' title='bbox 3281 5612 3349 5665; x_wconf 89' lang='lat' dir='ltr'><strong>ab</strong></span> <span class='ocrx_word' id='word_1_930' title='bbox 3381 5612 3564 5664; x_wconf 87' lang='lat' dir='ltr'><strong>animo</strong></span> <span class='ocrx_word' id='word_1_931' title='bbox 3592 5626 3696 5679; x_wconf 83' lang='lat' dir='ltr'><strong>per</strong></span> <span class='ocrx_word' id='word_1_932' title='bbox 3730 5617 3801 5664; x_wconf 80' lang='lat' dir='ltr'><strong>tt-</strong></span> 
     </span>
    </p>
   </div>
   <div class='ocr_carea' id='block_1_118' title="bbox 2213 5699 3806 5771">
    <p class='ocr_par' dir='ltr' id='par_1_118' title="bbox 2213 5699 3806 5771">
     <span class='ocr_line' id='line_1_118' title="bbox 2213 5699 3806 5771; baseline -0.003 -15"><span class='ocrx_word' id='word_1_933' title='bbox 2213 5719 2412 5756; x_wconf 84' lang='lat' dir='ltr'><strong>morcm</strong></span> <span class='ocrx_word' id='word_1_934' title='bbox 2463 5701 2668 5771; x_wconf 60' lang='lat' dir='ltr'><strong>capelle</strong></span> <span class='ocrx_word' id='word_1_935' title='bbox 2722 5702 2862 5770; x_wconf 84' lang='lat' dir='ltr'><strong>quod</strong></span> <span class='ocrx_word' id='word_1_936' title='bbox 2917 5700 3117 5769; x_wconf 77' lang='lat' dir='ltr'><strong>diligis,</strong></span> <span class='ocrx_word' id='word_1_937' title='bbox 3166 5710 3223 5754; x_wconf 89' lang='lat' dir='ltr'><strong>ut</strong></span> <span class='ocrx_word' id='word_1_938' title='bbox 3265 5700 3442 5770; x_wconf 88' lang='lat' dir='ltr'><strong>possis</strong></span> <span class='ocrx_word' id='word_1_939' title='bbox 3488 5715 3553 5753; x_wconf 75' lang='lat' dir='ltr'><strong>ex</strong></span> <span class='ocrx_word' id='word_1_940' title='bbox 3588 5699 3806 5767; x_wconf 58' lang='lat' dir='ltr'><strong>judicio</strong></span> 
     </span>
    </p>
   </div>
   <div class='ocr_carea' id='block_1_119' title="bbox 2213 5790 2989 5859">
    <p class='ocr_par' dir='ltr' id='par_1_119' title="bbox 2213 5790 2989 5859">
     <span class='ocr_line' id='line_1_119' title="bbox 2213 5790 2989 5859; baseline -0.005 -13"><span class='ocrx_word' id='word_1_941' title='bbox 2213 5809 2425 5846; x_wconf 64' lang='lat' dir='ltr'><strong>Carmen</strong></span> <span class='ocrx_word' id='word_1_942' title='bbox 2457 5807 2638 5845; x_wconf 82' lang='lat' dir='ltr'><strong>amare</strong></span> <span class='ocrx_word' id='word_1_943' title='bbox 2666 5791 2805 5859; x_wconf 78' lang='lat' dir='ltr'><strong>quod</strong></span> <span class='ocrx_word' id='word_1_944' title='bbox 2842 5790 2989 5858; x_wconf 73' lang='lat' dir='ltr'><strong>legis.</strong></span> 
     </span>
    </p>
   </div>
  </div>
