3948 6330
163 392 260 448 δςι

792 506 1018 561 CAPUT
1056 506 1141 560 lll.

169 592 395 648 Cibatur
418 599 670 665 praplteta
702 587 979 661 volumine,
1003 597 1228 649 mittitur
1251 595 1320 647 ad
1341 593 1475 664 ﬁlios
1501 594 1748 646 transmi-

332 667 609 734 grationis.
656 665 794 719 Vidit
817 667 1034 736 gloriam
1061 665 1153 717 Dei
1183 667 1234 716 in
1259 680 1463 732 campo,
1487 673 1592 717 etc.

254 796 275 828 ‹
306 776 369 831 Et
397 777 534 831 dixit
573 779 640 831 ad
673 777 903 832 mezFili
936 777 1186 836 hominis,
1221 777 1574 845 quodcunque
1605 776 1754 828 inve-

175 885 198 916 ο
238 865 387 919 neris
422 867 665 920 comede.
706 886 725 919 ι
767 864 966 938 (Grcg.)
1003 865 1273 934 Quidquid
1324 864 1466 917 enim
1504 864 1555 916 in
1599 878 1752 917 sacra

172 954 461 1023 Scriptum
498 957 769 1010 invenitur
797 957 1059 1011 edendum
1090 964 1191 1017 est,
1216 955 1345 1023 'quia
1371 962 1424 1007 et
1450 952 1564 1020 ejus
1588 969 1752 1022 parva

169 1043 476 1113 simplicem
501 1053 828 1114 componunt
858 1045 1040 1109 vitam,
1069 1052 1121 1098 et
1142 1042 1256 1111 ejus
1289 1057 1478 1112 magna
1504 1043 1751 1096 subtilem

169 1133 452 1187 aedificant
489 1134 919 1202 intelligentiam.

256 1244 285 1304 «1
329 1225 564 1279 Comede
608 1225 852 1278 volumen
904 1225 1046 1279 istud
1090 1233 1143 1279 et
1172 1224 1322 1284 vade,
1379 1223 1595 1290 loquere
1633 1220 1755 1276 ﬁliis

176 1335 197 1365 ι
235 1314 421 1368 lsrael.
456 1313 719 1385 »(ΙΙίενοη
747 1314 762 1383 )
796 1312 905 1367 Nisi
937 1324 1060 1366 ante
1094 1311 1486 1366 comederimus
1512 1319 1754 1378 apertum

171 1406 454 1468 volumen,
489 1406 682 1459 docere
717 1418 823 1459 non
861 1418 1144 1472 possumus
1189 1401 1326 1454 filios
1369 1399 1550 1453 Israel.
1600 1399 1756 1452 Deni-

171 1512 288 1566 que
335 1505 389 1550 et
416 1496 582 1549 David
627 1505 907 1565 postquam
962 1493 1073 1563 ipse
1116 1490 1537 1546 misericordiam
1569 1505 1758 1544 consc-

171 1596 339 1641 cutus
366 1593 448 1640 est
475 1603 488 1638 :
520 1603 537 1635 ι
569 1585 802 1648 Docebo,
841 1584 1033 1654 inquit,
1088 1583 1299 1652 iniquos
1351 1582 1464 1635 vias
1517 1591 1656 1644 tuas,
1705 1590 1758 1634 et

171 1676 333 1746 impii
370 1675 432 1728 ad
467 1685 516 1728 te
546 1681 928 1729 convertentur
956 1671 1129 1744 (Ρεαι.
1162 1675 1236 1743 1.).
1273 1693 1291 1724 ι

255 1787 272 1818 ι
329 1767 395 1820 Et
437 1766 622 1836 aperui
669 1780 731 1820 os
779 1780 977 1827 meum,
1027 1771 1080 1818 et
1123 1763 1320 1817 cibavit
1361 1777 1443 1816 me
1488 1762 1756 1816 volumine

1083 395 1430 453 COMMENT.
1471 393 1536 447 IN
1576 391 2032 448 EZECUIELEM.
2070 422 2139 430 —
2178 391 2303 445 LIB.
2344 390 2426 445 ill.

3328 385 3431 439 5εὲ

1782 505 1829 562 Α
1856 497 2259 569 intelligentiam
2290 501 2427 556 sacri
2463 501 2606 554 verbi
2630 513 3016 569 praeparamus.
3064 501 3253 567 itaque
3281 507 3338 551 ut
3364 502 3430 550 ad

1855 605 2042 655 vocem
2093 592 2304 646 Domini
2349 592 2607 661 propheta
2646 606 2707 646 os
2745 592 2998 662 aperuit,
3040 590 3112 642 ita
3159 589 3224 643 ad
3264 590 3431 657 spira-

1859 695 1978 735 men
2013 681 2272 736 Dominici
2300 684 2551 752 praecepti
2589 684 2765 738 cordis
2813 684 2981 736 nostri
3040 681 3306 737 desideria
3354 680 3431 734 iu-

1856 772 2009 826 hiant
2037 781 2093 825 ut
2113 772 2177 826 de
2210 773 2327 827 cibo
2350 773 2473 827 vitae
2497 772 2692 842 aliquid
2719 781 2950 828 sumant.
2995 772 3299 848 Sed'tamen
3333 772 3432 825 hoc

1856 858 2031 928 ipsum
2056 875 2269 914 sumere
2298 870 2602 915 nostrarum
2631 863 2821 916 virium
2872 878 2974 915 non
3017 871 3116 925 est,
3168 862 3269 915 nisi
3321 862 3434 929 ipse

1855 949 2138 1015 cibaverit,
2166 951 2256 1020 qui
2285 959 2345 1004 ut
2373 953 2685 1006 comedatur
2707 953 2885 1021 jussit.
2916 933 3024 1005 \llle
3055 953 3250 1005 etenim
3281 953 3430 1005 ciba-

1855 1049 1964 1104 tur,
1996 1041 2086 1110 qui
2115 1056 2211 1111 per
2238 1058 2294 1096 sc
2319 1043 2477 1096 edere
2503 1058 2607 1096 non
2633 1050 2830 1110 potest.
2858 1043 2923 1096 Et
2942 1045 3062 1112 quia
3088 1043 3151 1097 ad
3176 1042 3436 1110 capienda

1863 1131 2020 1186 verba
2052 1131 2291 1186 caelestia
2318 1132 2506 1186 idonea
2535 1142 2719 1186 nostra
2750 1131 3032 1186 infirmitas
3063 1148 3163 1186 non
3193 1142 3292 1197 est,
3324 1133 3434 1200 ipse

1856 1238 1955 1277 nos
1968 1223 2132 1288 cibat,
2157 1223 2245 1293 qui
2270 1224 2422 1277 nobis
2447 1224 2502 1277 in
2528 1234 2763 1293 tempore
2783 1239 3086 1278 mensuram
3111 1224 3271 1277 tritici
3303 1234 3435 1276 tein-

1854 1322 2032 1383 perat,
2066 1324 2330 1382 quatenus
2361 1314 2412 1367 in
2449 1329 2603 1367 sacro
2634 1313 2798 1367 verbo
2833 1314 2956 1367 dum
2992 1313 3151 1388 hodie
3180 1314 3434 1382 intelligi~

1854 1417 1994 1464 mus,
2040 1403 2180 1472 quod
2213 1404 2466 1457 hesterno
2511 1404 2594 1457 die
2637 1404 3026 1468 nesciebamus,
3069 1419 3189 1457 eras
3225 1419 3436 1473 quoque

1856 1493 2390 1561 comprehendamus,
2405 1493 2544 1562 quod
2562 1494 2715 1547 hodie
2730 1495 3012 1557 nescimus,
3030 1510 3125 1564 per
3137 1496 3238 1548 divi
3250 1511 3326 1547 na:
3340 1495 3438 1548 dis-

1855 1582 2183 1648 pensationis
2212 1586 2438 1649 gratiam
2478 1583 2787 1650 quotidiano
2828 1571 3434 1637 alimentonutriantur.

1857 1669 2207 1739 Omnipotens
2258 1671 2400 1724 enim
2457 1672 2616 1733 Deus,
2655 1673 2807 1741 quasi
2851 1673 3010 1727 toties
3050 1674 3116 1726 ad
3155 1689 3215 1728 os
3262 1675 3440 1728 cordis

1859 1760 2031 1814 nostri
2088 1775 2304 1812 manum
2355 1761 2614 1829 porrigit,
2663 1762 2869 1828 quoties
2915 1763 3070 1816 nobis
3109 1763 3437 1816 intellectum

177 1874 197 1906 ι
245 1855 359 1908 illo.
394 1872 413 1905 ι
446 1855 578 1923 Ego,
611 1855 803 1922 inquit,
835 1854 1017 1921 aperui
1044 1867 1105 1906 os
1133 1867 1330 1914 meum,
1361 1853 1486 1919 quia
1513 1851 1642 1904 mihi
1676 1852 1759 1905 di-
1793 1851 1836 1910 Β
1865 1851 2062 1920 aperit,
2107 1859 2162 1903 et
2208 1852 2384 1905 cibum
2433 1852 2571 1905 sacri
2613 1850 2808 1920 eloquii
2852 1853 2905 1905 in
2945 1855 3144 1907 nostris
3195 1855 3438 1908 sensibus

172 1957 326 2000 ctum
359 1954 480 2000 est:
514 1964 530 1994 ι
565 1945 720 2014 Aperi
749 1960 808 1996 os
846 1953 1012 2006 tuum,
1054 1950 1106 1997 et
1141 1944 1379 1998 comede.
1422 1961 1440 1994 ι
1481 1942 1548 1996 Ει
1574 1952 1761 2012 aperto

172 2055 298 2101 ore,
324 2038 584 2092 Dominus
614 2036 841 2106 largitus
868 2043 954 2088 est
981 2035 1168 2089 cibos.
1190 2033 1260 2088 Ut
1292 2033 1441 2087 initia
1467 2033 1761 2086 voluntatis

176 2130 233 2183 in
258 2129 414 2182 nobis
437 2128 562 2189 sint,
602 2135 655 2180 et
686 2125 1072 2195 perfectionem
1095 2124 1443 2179 beatitudinis
1475 2140 1504 2177 a
1536 2125 1760 2178 Domino

176 2235 602 2289 roxtsequamur,
631 2220 723 2272 sed
755 2218 983 2272 volentis
1016 2231 1190 2286 neque
1221 2217 1510 2279 currentis,
1535 2217 1630 2268 sed
1663 2216 1762 2268 mi-

178 2312 416 2366 screntis
445 2311 556 2364 Dei.
586 2310 838 2362 Attamen
872 2316 924 2362 et
952 2307 1087 2361 velle
1123 2316 1175 2361 et
1202 2321 1441 2368 currere,
1474 2305 1640 2358 nostri
1676 2320 1762 2357 ar-

175 2405 330 2458 bitrii
369 2412 469 2456 est.
506 2402 609 2455 Pro
645 2421 661 2451 σ
698 2400 882 2468 aperui
935 2419 952 2451 ι
988 2398 1338 2468 Septuaginta
1373 2396 1762 2451 transtulerunt

185 2513 204 2544 ε
240 2495 469 2563 aperuit,
506 2511 522 2542 ι
573 2500 632 2543 ut
662 2489 1015 2544 subaudiatur
1043 2487 1206 2550 Deus,
1240 2487 1364 2554 quia
1400 2486 1513 2554 ipse
1549 2492 1603 2538 et
1633 2499 1761 2553 ape-

179 2586 294 2637 ruit
329 2599 388 2637 os
419 2583 708 2651 prophetae,
746 2588 799 2634 et
830 2579 1029 2634 cibavit
1057 2592 1200 2632 eum.
1244 2575 1446 2647 (Greg.)
1486 2574 1760 2643 Scriptura

179 2689 338 2727 sacra
387 2673 542 2728 cibus
585 2681 770 2725 noster
816 2677 870 2724 et
918 2677 1076 2738 potus
1125 2675 1225 2721 est.
1281 2665 1434 2720 Unde
1478 2666 1640 2718 etiam
1667 2680 1764 2733 per

176 2766 499 2836 prophetam
549 2763 708 2817 alium
744 2761 1000 2816 Dominus
1049 2761 1304 2823 minatur,
1334 2757 1558 2812 dicens:
1592 2777 1608 2808 ‹
1644 2757 1762 2811 Mit-

182 2866 295 2910 tam
348 2855 544 2909 famem
578 2855 628 2907 in
660 2863 879 2916 terram,
909 2867 1015 2907 non
1055 2849 1247 2904 famem
1279 2851 1456 2920 pmis,
1494 2864 1667 2918 neque
1692 2850 1764 2904 si-

181 2951 280 3002 tim
317 2963 487 3018 aquze,
519 2945 610 3000 sed
643 2945 891 3000 audiendi
937 2945 1159 2998 verbum
1188 2941 1281 2995 Dei
1328 2941 1528 3011 (Amos.
1563 2939 1700 3011 Vill).
1740 2959 1757 2991 ι

177 3041 285 3109 Qui
314 3057 457 3111 ergo,
492 3041 768 3094 subtracto
797 3053 894 3092 suo
923 3036 1152 3105 eloquio,
1183 3034 1325 3088 fame
1351 3049 1413 3088 ac
1443 3033 1531 3087 siti
1565 3048 1662 3086 nos
1690 3031 1765 3086 di-

178 3133 258 3186 cit
286 3131 463 3194 atteri,
513 3127 789 3211 quia‘ejus
830 3126 992 3180 verba
1021 3134 1077 3180 et
1103 3125 1254 3179 cibus
1305 3132 1490 3178 noster
1517 3131 1570 3177 et
1603 3131 1762 3191 potus

176 3223 297 3278 sint
323 3195 674 3275 demonstrat}.
728 3217 834 3271 Sed
863 3215 1156 3269 notandum
1197 3210 1336 3292 quod
1371 3211 1659 3280 aliquando
1689 3211 1766 3264 ci-
1792 3195 1834 3256 C

177 3312 309 3377 bus,
341 3310 626 3380 aliquando
649 3316 808 3380 potus
844 3315 985 3361 sunt.
1035 3306 1093 3359 In
1122 3305 1284 3358 rebus
1313 3303 1453 3358 enim
1483 3302 1764 3358 obscurio-

177 3405 352 3466 ribus,
383 3417 499 3471 quae
534 3399 760 3468 intelligi
790 3404 1062 3466 nequeunt
1091 3395 1192 3448 nisi
1221 3400 1576 3462 exponantur,
1606 3407 1762 3446 sacra

177 3484 465 3559 Scriptura
498 3490 648 3544 cibus
677 3495 782 3552 est,
832 3486 958 3555 quia
991 3483 1251 3555 quidquid
1281 3483 1568 3552 exponitur
1598 3490 1656 3535 ut
1681 3482 1764 3535 in-

178 3581 478 3650 telligatur,
504 3577 655 3646 quasi
683 3577 956 3630 manditur
979 3583 1037 3627 ut
1059 3573 1337 3644 glutiatur.
1366 3571 1424 3625 In
1451 3574 1614 3627 rebus
1637 3586 1764 3636 vero

175 3670 540 3740 apertioribus
566 3677 722 3738 potus
746 3683 764 3722 :
789 3674 972 3740 potum
1011 3663 1155 3718 enim
1187 3678 1293 3717 non
1320 3663 1626 3717 mandendo
1655 3660 1766 3732 glu-

182 3735 370 3817 ti'mus.
403 3735 684 3830 Apertiora
723 3772 850 3827 ergo
878 3735 1129 3812 m‘andata
1159 3755 1416 3820 bibimus,
1447 3754 1572 3823 quia
1601 3756 1764 3809 etiam

180 3870 294 3908 non
353 3852 611 3922 exposita
645 3849 956 3916 intelligere
987 3849 1248 3902 valemus.
1320 3846 1427 3902 Pro
1477 3862 1542 3902 eo
1582 3855 1764 3900 autem

179 3945 328 4015 quod
353 3943 516 3998 multa
532 3940 778 3996 Ezechiel
804 3941 1061 4011 propheta
1084 3940 1311 3994 obscura
1340 3945 1499 4006 atque
1514 3936 1765 4006 perplexa

180 4033 470 4088 auditurus
517 4040 674 4097 erat,
727 4044 1063 4099 nequaquam
1112 4029 1160 4083 ei
1200 4029 1265 4083 de
1303 4042 1458 4082 sacro
1495 4027 1766 4081 volumine

179 4125 384 4180 dicitur
410 4124 554 4187 bibe,
577 4122 668 4177 sed
689 4141 706 4172 ι
730 4121 969 4178 comede.
995 4139 1013 4171 ι
1041 4119 1118 4174 Ac
1149 4121 1192 4173 si
1222 4119 1493 4183 diceretur
1520 4118 1766 4172 :Pertra-

180 4226 296 4281 eta,
337 4213 590 4280 intellige,
625 4213 678 4267 id
707 4220 807 4275 est,
839 4212 988 4280 prius
1027 4209 1221 4263 mande
1268 4218 1322 4263 et
1361 4216 1488 4262 tunc
1532 4207 1763 4278 degluti;

180 4306 280 4361 sed
310 4305 360 4358 in
391 4304 567 4358 verbis
596 4303 670 4356 ita
699 4304 838 4357 sacri
869 4300 1065 4369 eloquii
1097 4301 1197 4354 iste
1219 4302 1374 4354 debet
1406 4299 1564 4354 studii
1597 4299 1766 4353 nostri

180 4394 320 4449 ordo
351 4392 575 4455 servari,
605 4402 662 4446 ut
683 4392 799 4446 hazc
821 4391 942 4445 ideo
968 4404 1376 4459 cognoscamus,
1405 4398 1668 4459 quatenus
1700 4389 1768 4441 de

181 4487 469 4556 iniquitate
497 4493 681 4538 nostra
707 4483 1031 4553 compuncti,
1065 4491 1454 4550 cognoscentes
1484 4480 1621 4532 mala
1645 4494 1764 4548 qua:

179 4574 436 4639 fecimus,
469 4575 717 4638 vitemus,
745 4589 814 4628 ne
842 4573 942 4627 alia
970 4573 1247 4635 faciamus,
1276 4581 1334 4625 ut
1378 4586 1496 4627 cum
1533 4572 1645 4641 jam
1693 4586 1760 4624 ex
1787 4552 1838 4609 D

182 4679 381 4735 magno
415 4679 511 4718 usu
546 4662 908 4733 lacrymarum
951 4663 1016 4716 de
1058 4669 1402 4731 peccatorum
1446 4661 1762 4715 remissione

181 4754 411 4824 cmperit
436 4769 553 4808 esse
579 4753 790 4815 fiducia,
814 4768 909 4821 per
928 4751 1089 4806 verba
1110 4751 1226 4815 Dei,
1254 4765 1372 4821 quae
1394 4750 1760 4820 intelligimus,

183 4844 251 4897 ad
279 4843 441 4896 vitam
470 4857 680 4910 quoque
713 4841 844 4896 alios
883 4843 1180 4898 trahamus.
1227 4841 1308 4895 Ad
1347 4841 1448 4894 hoc
1495 4841 1642 4895 enim
1681 4842 1763 4895 in-

185 4932 472 4997 telligenda
499 4940 624 4986 sunt
653 4939 709 4984 ut
741 4931 894 4985 nobis
935 4931 1159 4998 prosint,
1190 4939 1243 4983 et
1273 4931 1567 4984 intentione
1605 4932 1764 4999 spiri-

185 5024 280 5077 tali
340 5021 458 5075 aliis
516 5020 879 5076 conferantur.
941 5021 1092 5077 Unde
1150 5021 1285 5074 bene
1333 5035 1474 5073 nunc
1519 5022 1756 5076 dicitur:

192 5133 208 5166 ι
239 5111 478 5169 Comede
517 5111 761 5166 volumen
787 5111 950 5174 istud,
983 5119 1037 5166 et
1061 5110 1261 5164 vadens
1287 5110 1505 5178 loquere
1531 5113 1596 5165 ad
1625 5112 1761 5165 filios

182 5203 371 5260 Israel.
407 5223 424 5254 ι
478 5201 555 5255 Ac
586 5202 628 5255 si
668 5202 715 5254 ei
757 5202 821 5254 de
858 5215 1014 5254 sacro
1053 5200 1173 5254 cibo
1208 5199 1496 5265 diceretur,
1533 5200 1762 5255 Comede

181 5305 238 5349 et
267 5308 448 5364 pasce,
478 5303 719 5346 saturare
745 5300 796 5344 et
821 5300 1025 5354 eructa,
1069 5290 1252 5358 accipe
1291 5298 1344 5343 et
1379 5305 1589 5359 sparge,
1629 5307 1760 5345 con-

184 5383 393 5438 fortare
420 5390 473 5434 et
499 5381 698 5434 labora.
741 5378 1040 5433 Notandum
1079 5380 1219 5446 quod
1259 5379 1514 5447 propheta
1543 5380 1764 5448 subjun-

183 5475 265 5545 git
295 5472 479 5525 dicens
506 5489 518 5523 :
559 5489 575 5518 ι
607 5471 670 5524 Et
699 5471 881 5538 aperui
910 5485 970 5522 os
1003 5483 1177 5522 meum
1200 5511 1212 5534 ,
1248 5478 1300 5523 et
1326 5469 1520 5524 cibavit
1551 5485 1636 5523 me
1670 5487 1764 5523 vo-

184 5563 390 5618 lumine
413 5558 517 5613 illo.
549 5581 566 5610 ι
612 5561 682 5614 Os
711 5564 761 5614 in
792 5563 952 5614 corde
983 5575 1098 5614 esse
1125 5561 1261 5613 alius
1301 5561 1556 5629 prOpheta
1601 5568 1762 5614 testa-

185 5664 296 5715 tur,
329 5651 514 5704 dicens
544 5669 555 5702 :
593 5670 608 5698 ι
636 5651 796 5704 Labia
826 5651 1004 5705 dolosa
1035 5651 1087 5703 in
1113 5652 1292 5713 corde,
1331 5662 1385 5701 et
1415 5650 1572 5702 corde
1600 5650 1761 5704 locuti

185 5751 316 5797 sunt
341 5742 502 5796 mala.
538 5759 554 5785 ι
607 5740 677 5795 Os
718 5757 845 5808 ergo
885 5743 1152 5809 aperimus
1189 5741 1402 5809 quando
1443 5755 1656 5793 sensum
1695 5742 1759 5795 ad

1862 1941 2047 1995 mittit.
2091 1940 2244 1996 Cibat
2281 1956 2408 2010 ergo
2449 1957 2547 1996 nos
2587 1943 2854 1996 volumine
2884 1957 3003 1995 cum
3040 1957 3254 1997 sensum
3287 1947 3440 1999 nolis

1862 2035 2143 2103 scriptura":
2172 2049 2280 2088 sum
2314 2035 2672 2102 dispensando
2698 2034 2892 2102 aperit,
2925 2044 2980 2088 et
3008 2033 3123 2102 ejus
3163 2034 3441 2089 dulcedine

1861 2132 2080 2179 nostras
2116 2124 2467 2193 cogitationes
2513 2123 2700 2191 replet.
2744 2122 2895 2177 Unde
2924 2133 2977 2178 et
3016 2124 3298 2177 subditur:

1938 2233 1954 2264 ι
1987 2214 2050 2267 Et
2099 2213 2233 2267 dixit
2274 2213 2340 2266 ad
2379 2228 2462 2266 me
2489 2231 2500 2266 :
2529 2212 2626 2266 Fili
2667 2213 2930 2278 hominis,
2968 2223 3158 2268 venter
3193 2225 3316 2268 tuus
3352 2229 3444 2266 ro~

1866 2324 1883 2355 ι
1914 2305 2116 2368 medet,
2154 2312 2208 2357 et
2241 2305 2447 2358 viscera
2486 2313 2573 2357 tua
2617 2304 2968 2372 replebuntur
3016 2305 3286 2359 volumine
3339 2305 3440 2357 isto

1868 2415 1885 2448 ι
1914 2397 2054 2466 quod
2073 2401 2192 2466 'ego
2228 2396 2294 2450 do
2333 2396 2446 2460 tibi,
2481 2417 2498 2446 ι
2545 2406 2646 2449 etc.
2679 2394 2886 2468 (Ilien)
2903 2396 3169 2466 Principia
3195 2397 3440 2450 lectionis

1861 2497 1914 2542 et
1940 2486 2450 2555 simplicishistorite
2467 2502 2590 2540 esus
2619 2487 2903 2540 voluminis
2941 2496 3040 2542 est.
3061 2487 3284 2554 Quando
3316 2503 3440 2541 vero

1863 2579 2076 2633 assidua
2127 2579 2475 2633 meditatione
2526 2579 2576 2631 in
2619 2579 2892 2633 memoria:
2944 2579 3194 2634 thesauro
3243 2580 3440 2634 librum

1863 2670 2074 2723 Domini
2118 2669 2549 2732 condiderimus,
2601 2669 2854 2738 impletur
2902 2669 3215 2738 spiritaliter
3257 2681 3442 2724 venter

1861 2767 2062 2820 noster,
2094 2766 2144 2811 et
2176 2767 2485 2812 saturantur
2508 2759 2736 2821 viscera,
2762 2767 2819 2812 ut
2844 2761 3134 2814 habeamus
3163 2777 3282 2814 cum
3315 2777 3440 2829 apo-

1861 2849 1998 2903 stolo
2042 2847 2456 2902 Pauloviscera
2498 2849 2901 2914 misericordiae,
2952 2860 3003 2905 et
3047 2851 3330 2921 impleatur
3356 2854 3442 2908 ilio

1861 2947 2060 2992 venter
2075 2939 2141 2992 de
2177 2952 2282 3005 quo
2304 2936 2567 2991 Jeremias
2603 2938 2874 3007 loquitur:
2907 2959 2923 2991 ι
2961 2939 3214 2995 Ventrem
3241 2951 3438 3004 meum,

1861 3041 2106 3088 ventrem
2137 3047 2313 3086 meum
2338 3047 2436 3102 ego
2469 3031 2645 3097 doleo,
2676 3041 2730 3086 et
2761 3047 2950 3089 sensus
2972 3036 3149 3091 cordis
3178 3037 3281 3090 mei
3311 3053 3441 3092 con-

1862 3124 2080 3178 turbant
2107 3138 2213 3177 me.
2248 3142 2266 3174 ›
2309 3121 2509 3194 (Greg.)
2538 3124 2593 3176 ln
2629 3139 2780 3178 sacro
2816 3125 3029 3195 eloquio
3058 3119 3446 3196 nonnunquani

1865 3223 2054 3268 venter
2073 3228 2173 3282 pro
2194 3221 2374 3266 mente
2409 3214 2534 3282 poni
2565 3213 2857 3268 consuevit.
2897 3214 3049 3270 Unde
3082 3223 3136 3270 et
3171 3232 3266 3285 per
3292 3216 3443 3272 Jere-

1864 3305 2028 3358 miam
2057 3303 2251 3357 dicitur
2278 3317 2291 3356 :
2327 3321 2344 3352 (
2376 3303 2628 3357 Ventrem
2660 3319 2834 3357 meum
2860 3304 3014 3359 doleo
3040 3304 3250 3376 (larem.
3292 3306 3381 3378 tv),
3419 3330 3437 3360 ι

1864 3395 2006 3464 quod
2037 3394 2163 3464 quia
2187 3394 2252 3448 de
2279 3393 2504 3463 spiritali
2535 3401 2589 3448 et
2621 3411 2725 3449 non
2767 3410 3024 3465 corporeo
3066 3405 3250 3452 ventre
3296 3400 3444 3453 ὤχει

1867 3492 1971 3548 rat,
2002 3482 2284 3552 adjunxit:
2315 3500 2333 3532 ι
2365 3482 2566 3537 Sensus
2587 3484 2765 3538 cordis
2791 3484 2892 3537 mei
2917 3487 3218 3540 conturbati
3243 3497 3384 3542 sunt.
3420 3509 3435 3534 ι

1865 3575 2050 3645 Neque
2086 3576 2228 3629 enim
2267 3577 2331 3629 ad
2368 3575 2591 3630 salutem
2636 3577 2813 3646 populi
2844 3578 3167 3646 pertinebat,
3220 3579 3263 3632 si
3312 3595 3438 3648 prc-

1865 3667 2026 3742 pheta
2056 3674 2297 3721 ventrem
2321 3681 2636 3735 corporeum
2676 3683 2733 3721 se
2772 3667 2950 3721 dolere
2984 3669 3317 3736 praedicaret,
3349 3672 3442 3723 sed

1865 3768 2106 3812 ventrem
2133 3757 2322 3823 doluit,
2363 3757 2455 3826 qui
2493 3758 2690 3812 mentis
2729 3756 3070 3812 afﬂictionem
3108 3760 3292 3813 sensit.
3337 3761 3443 3814 Sed

1863 3861 1965 3902 cur
2001 3847 2302 3917 exemplum
2343 3847 2616 3918 prophetze
2662 3847 2984 3916 proferimus
3035 3864 3156 3904 cum
3201 3852 3444 3904 testimo-

1864 3939 2011 3992 nium
2041 3939 2251 3993 Domini
2283 3938 2520 4008 apertius
2559 3939 2886 3993 habeamus?
2911 3939 2976 3992 Et
2999 3955 3216 3995 necesse
3244 3949 3325 3995 est
3362 3953 3440 4004 ut,

1865 4045 1987 4084 cum
2008 4044 2106 4098 per
2137 4031 2482 4098 semetipsam
2515 4027 2728 4083 Veritas
2767 4029 3024 4098 loquitur,
3067 4033 3324 4100 propheta
3347 4040 3442 4100 κικ-

1865 4126 2021 4184 ce‘at,
2071 4118 2199 4192 quia
2247 4117 2468 4174 lucerna
2509 4118 2808 4173 claritatem
2856 4134 2961 4173 non
3001 4120 3164 4174 habet
3213 4121 3262 4173 in
3307 4121 3440 4176 sole.

1864 4209 1954 4263 Ait
1977 4209 2122 4264 enim
2149 4225 2161 4262 :
2191 4227 2209 4260 ι
2239 4208 2341 4276 Qui
2371 4210 2540 4264 credit
2574 4210 2626 4263 in
2657 4225 2763 4275 me,
2800 4211 2938 4264 sicut
2971 4212 3105 4265 dixit
3140 4211 3438 4283 Scriptura,

1865 4300 2084 4354 ﬂumina
2104 4298 2170 4352 de
2191 4307 2381 4354 ventre
2405 4300 2520 4370 ejus
2542 4299 2708 4383 fluent
2736 4315 2888 4368 aquae
2909 4302 3042 4354 viva:
3064 4301 3240 4372 (Ιοαη.
3273 4305 3386 4372 vn).
3419 4327 3434 4354 ›

1866 4391 2002 4458 Quia
2039 4391 2183 4445 enim
2219 4392 2284 4446 de
2322 4399 2503 4447 mente
2543 4392 2776 4446 fidelium
2803 4402 3003 4447 sanctre
3034 4396 3440 4464 prmdicationes

1866 4484 2124 4552 deﬂuunt,
2157 4485 2308 4553 quasi
2337 4484 2403 4538 de
2422 4493 2607 4537 ventre
2645 4484 2974 4538 credentium
3018 4502 3168 4554 aquae
3191 4489 3322 4542 vivae
3352 4490 3444 4542 (le-

1863 4579 2086 4631 currunt
2127 4573 2364 4628 ﬂumina.
2415 4573 2630 4643 Yentris
2665 4582 2844 4628 autem
2882 4576 3109 4640 viscera,
3154 4578 3279 4646 quid
3318 4589 3442 4633 sunt

1865 4666 2027 4730 aliud,
2057 4666 2159 4719 nisi
2197 4665 2392 4719 mentis
2417 4664 2647 4727 interna,
2673 4665 2722 4719 id
2751 4673 2850 4730 est,
2875 4676 3018 4720 recta
3043 4667 3288 4730 intentio,
3318 4685 3441 4722 Sat:-

1865 4763 2010 4810 ctum
2050 4753 2398 4818 desiderium,
2444 4752 2662 4806 humilis
2705 4753 2770 4807 ad
2818 4753 3008 4817 Deum,
3049 4755 3132 4823 pia
3165 4758 3228 4810 ad
3256 4761 3436 4826 proxi—

1866 4860 2012 4898 mum
2039 4843 2318 4898 voluntas?
2364 4842 2516 4896 Unde
2557 4853 2703 4897 recte
2738 4859 2880 4896 nunc
2911 4845 3108 4898 dicitur
3191 4863 3209 4896 ι
3242 4847 3441 4901 Venter

1866 4945 1989 4988 tuus
2033 4933 2276 4988 comedet
2320 4940 2375 4986 et
2424 4932 2632 4985 viscera
2684 4941 2773 4985 tua
2829 4932 3195 5001 replebuntur.
3227 4955 3245 4988 ι
3300 4937 3433 5003 Quia

1867 5039 1986 5076 eum
2032 5038 2182 5077 mens
2220 5031 2402 5076 nostra
2451 5020 2702 5091 pabulum
2740 5023 2983 5076 veritatis
3022 5027 3308 5093 acceperit,
3355 5029 3439 5079 in-

1868 5121 2016 5166 terna
2048 5122 2229 5167 nostra
2256 5113 2371 5182 jam
2405 5127 2508 5166 non
2537 5127 2702 5166 vacua
2735 5123 3034 5177 remanent,
3066 5116 3157 5169 sed
3186 5115 3439 5169 alimento

1867 5201 1991 5254 vita:
2020 5202 2300 5255 satiantur.
2347 5201 2429 5254 Ad
2467 5210 2704 5254 veterem
2737 5203 2928 5270 quippe
2965 5204 3232 5256 hominem
3276 5210 3439 5274 perti-

1868 5299 1960 5342 net
1981 5300 2296 5359 przesentem
2319 5290 2573 5343 mundum
2600 5306 2859 5358 quaerere,
2889 5291 3194 5345 transitoria
3225 5295 3288 5347 de
3313 5311 3440 5349 cou-

1868 5380 2209 5447 cupiscentiis
2248 5396 2448 5443 amare,
2484 5389 2718 5433 mentem
2755 5381 2807 5433 in
2859 5382 3164 5449 superbiam
3210 5385 3436 5453 erigere,

1864 5471 2179 5540 patientiam
2215 5486 2320 5524 non
2362 5471 2579 5533 habere,
2623 5487 2688 5525 ex
2725 5471 2907 5524 dolore
2950 5474 3168 5528 malitia:
3210 5476 3273 5528 de
3315 5492 3439 5544 pre-

1866 5561 1992 5613 ximi
2031 5561 2242 5613 laesione
2284 5562 2540 5629 cogitare,
2583 5578 2676 5630 sua
2724 5563 3084 5633 indigentibus
3134 5582 3238 5619 non
3285 5569 3436 5632 dare,

1862 5663 2021 5719 atque
2045 5650 2107 5703 ad
2133 5652 2583 5719 multiplicandum
2607 5653 2777 5705 aliena
2796 5667 3052 5721 quaarere,
3078 5655 3278 5708 nullum
3307 5672 3440 5725 pure

1863 5751 2080 5810 prepter
2094 5741 2257 5796 Demn
2274 5743 2509 5811 diligere.
2527 5743 2833 5798 inimicitias
2849 5743 3077 5798 inimicis
3102 5746 3349 5812 reddere,
3371 5749 3446 5804 de
