3948 6364
469 374 574 430 565

1116 372 1175 428 Β.
1217 373 1470 429 RABANI
1509 374 1728 430 MAURI
1765 373 2082 431 AllClllEP.
2126 375 2437 432 MOGUNT.
2474 375 2762 433 OPERUM
2801 378 2979 432 PARS
3015 378 3076 432 ll.

3636 379 3757 436 δα

466 490 755 546 afflictione
780 489 1008 560 proximi
1038 487 1271 559 gaudere
1297 506 1309 541 :
1342 496 1536 544 cuncta
1562 488 1677 543 hate
1705 487 1900 542 vetusti
1932 493 2059 541 sunt
2084 487 2134 547 Λ
2162 486 2271 539 vita
2316 486 2543 557 reproba
2599 486 2740 541 intra
2791 487 3174 541 conscientiam
3234 490 3525 544 remordet.
3591 488 3754 545 Unde

471 584 727 651 hominis,
766 598 886 653 qua:
928 582 1178 636 videlicet
1220 582 1285 636 de
1330 582 1511 637 radice
1555 581 1821 635 trahimus
1866 595 2054 634 corru—

470 676 688 747 ptionis.
744 658 859 730 Sed
873 673 963 743 qui
982 672 1093 741 jam
1126 673 1225 726 ista
1253 680 1566 742 exsuperat,
1599 680 1655 727 et
1693 672 1760 726 ad
1789 678 2057 740 praecepta

474 766 752 821 llominica
808 773 1041 817 mentem
1091 764 1143 817 in
1194 762 1586 832 benignitatem
1633 768 1951 825 commutat,
1994 761 2058 813 de

473 860 575 911 hoc
600 865 747 911 recte
767 855 963 908 dicitur
987 870 1000 907 :
1032 874 1048 905 ι
1071 852 1207 921 Quia
1230 864 1413 908 vetera
1449 854 1799 916 transierunt,
1823 866 1951 906 ecce
1975 850 2056 905 fa-

472 957 558 1001 cta
583 955 708 1003 sunt
733 947 911 1001 omnia
940 961 1095 1000 nova.
1123 965 1140 995 ι
1160 945 1311 999 Tune
1332 961 1458 1000 vero
1485 946 1536 999 in
1558 945 1758 998 nostris
1788 944 2060 997 mentibus

474 1054 611 1095 nova
672 1040 839 1100 fiunt,
904 1055 1025 1093 cum
1086 1054 1115 1092 a
1173 1041 1329 1095 nobis
1386 1038 1584 1093 vetusti
1643 1038 1879 1093 hominis
1931 1035 2059 1089 vitia

477 1143 794 1191 transeunt,
849 1130 1063 1198 quando
1111 1131 1250 1185 sacri
1302 1130 1448 1185 verbi
1499 1138 1825 1199 praeceptum
1876 1136 2063 1181 venter

476 1224 743 1287 comedet,
771 1233 823 1276 et
852 1224 1057 1277 viscera
1082 1223 1387 1277 medullitus
1417 1222 1707 1292 replentur.
1745 1220 1899 1290 Stepe
1917 1220 2061 1273 enim

476 1314 735 1383 quosdam
769 1314 1023 1379 vidimus,
1056 1323 1167 1368 tota
1197 1330 1255 1368 se
1283 1322 1463 1368 mente
1492 1314 1558 1367 ad
1587 1320 1788 1367 sanctae
1818 1310 2063 1366 lectionis

478 1406 712 1460 studium
747 1406 1055 1470 contulisse,
1099 1415 1261 1475 atque
1301 1407 1443 1461 inter
1484 1405 1647 1459 verba
1679 1403 1956 1457 Dominiea
1980 1415 2066 1455 re-

480 1503 863 1565 cognoscentes
901 1496 954 1548 in
999 1496 1214 1564 quantis
1260 1495 1620 1564 deliquerunt,
1654 1491 1974 1561 semetipsos
2010 1490 2063 1543 in

480 1588 733 1659 lacrymis
756 1595 1012 1651 mactare,
1054 1601 1285 1642 maerore
1315 1586 1573 1641 continuo
1612 1582 1774 1650 allici,
1814 1583 1870 1638 in
1907 1580 2066 1636 nullis

483 1678 644 1748 hujus
671 1680 854 1734 mundi
884 1679 1331 1748 prosperitatibus
1362 1678 1638 1741 delectari,
1664 1677 1737 1731 ita
1768 1682 1828 1731 ut
1851 1674 1931 1730 eis
1955 1674 2067 1728 vita

484 1785 720 1839 praesens
763 1770 936 1835 oneri,
982 1778 1037 1824 et
1082 1769 1172 1822 lux
1224 1769 1337 1839 ipsa
1386 1767 1600 1822 fa'stidio
1639 1766 1807 1828 ﬁeret,
1854 1767 1943 1820 vix
2001 1765 2067 1819 ad

486 1860 897 1931 rolloquendum
946 1860 1183 1930 linguam
1212 1861 1512 1914 admittere
1540 1900 1552 1922 ,
1607 1868 1766 1929 atque
1813 1872 1843 1912 a
1891 1860 2069 1927 rigore

486 1952 779 2023 disciplima
796 1951 1031 2005 animum
1058 1949 1266 2004 difficile
1292 1950 1536 2005 relaxare
1555 1967 1652 2019 pro
1672 1964 1854 2004 amore
1877 1949 2069 2005 condi-

410 2066 415 2073 ν
486 2044 636 2107 toris,
678 2043 821 2097 luctu
860 2042 1195 2096 solummodo
1230 2049 1284 2095 et
1317 2041 1531 2096 silentio
1565 2042 1817 2111 gaudere.
1868 2039 2067 2094 Horum

488 2142 674 2188 venter
700 2147 915 2186 sacrum
944 2131 1194 2185 volumen
1226 2130 1480 2195 comedit,
1523 2138 1577 2184 et
1613 2131 1819 2185 viscera
1866 2129 2071 2199 repleta

486 2231 629 2287 sunt,
664 2222 788 2291 quia
812 2229 1079 2290 praecepta
1104 2220 1248 2281 vitae,
1279 2235 1399 2289 qua:
1430 2234 1621 2275 sensus
1656 2235 1849 2289 capere
1873 2220 2069 2289 patuit,

487 2313 743 2367 memoria
773 2327 878 2365 non
912 2311 1123 2373 amisit,
1158 2310 1250 2365 sed
1282 2311 1397 2366 hare
1435 2309 1694 2365 collectus
1723 2311 1778 2364 in
1806 2311 1918 2366 Deo
1957 2312 2073 2365 ani-

488 2419 605 2457 mils
648 2401 877 2473 lugendo
930 2417 1143 2470 semper
1192 2411 1247 2455 et
1291 2400 1578 2457 recolendo
1618 2403 1871 2456 servavit:
1910 2402 1977 2455 Et
2015 2402 2076 2457 fit

486 2494 797 2565 plerumque
826 2500 886 2547 ut
916 2491 1050 2546 tales
1088 2492 1287 2562 quique
1327 2508 1394 2547 ex
1427 2492 1569 2548 dono
1614 2491 1850 2547 caelestis
1889 2492 2076 2563 gratiae

487 2585 649 2638 etiam
685 2585 909 2638 verbum
945 2582 1206 2637 doctrina:
1243 2582 1567 2652 percipiant,
1606 2591 1767 2651 atque
1790 2582 1856 2637 de
1878 2582 2077 2637 verita-

491 2676 559 2729 tis
593 2672 809 2743 pabulo,
852 2672 992 2743 quod
1028 2673 1127 2742 ipsi
1160 2673 1488 2727 intrinsecus
1519 2672 1749 2727 dulciter
1780 2672 2070 2737 ruminant,

488 2777 542 2823 et
564 2767 838 2838 proximos
858 2766 1097 2821 suaviter
1109 2773 1350 2834 pascant.
1370 2764 1444 2819 De
1466 2780 1693 2835 quorum
1716 2763 1956 2835 profecto
1981 2779 2077 2819 ore

489 2860 830 2932 prmdicatio,
865 2867 1013 2913 tanto
1050 2858 1389 2912 audientibus
1419 2856 1593 2912 dulcis
1612 2866 1715 2921 est,
1744 2865 1947 2926 quanto
1980 2870 2076 2909 eo-

490 2967 610 3007 rum
635 2950 773 3005 actio
791 2948 1057 3005 contraria
1083 2949 1194 3003 suis
1208 2948 1680 3019 prazdicatiouibus
1703 2962 1809 3001 non
1823 2956 1925 3012 est,
1950 2947 2076 3016 quia

492 3044 558 3098 de
580 3041 798 3113 propria
824 3040 934 3093 vita
964 3047 1213 3103 sumunt,
1254 3038 1396 3107 quod
1430 3053 1525 3107 per
1548 3037 1785 3108 linguam
1817 3037 2078 3105 proximis

492 3130 794 3187 conferunt.
812 3128 962 3184 Unde
986 3137 1129 3183 recte
1150 3141 1363 3197 quoque
1392 3127 1479 3182 hic
1500 3128 1761 3199 propheta
1779 3124 2071 3195 subiungit.

569 3239 588 3273 ‹
616 3221 682 3275 Ει
696 3220 899 3276 comedi
916 3218 1069 3283 illud,
1092 3226 1147 3273 et
1162 3218 1363 3273 factum
1380 3227 1465 3273 est
1487 3219 1540 3273 in
1567 3234 1661 3272 ore
1678 3232 1796 3272 meo
1812 3218 1950 3273 sicut
1971 3212 2076 3271 mel

500 3334 517 3365 ‹
549 3314 702 3370 dulce
730 3354 745 3377 ,
776 3333 792 3365 ι
830 3322 937 3367 etc.
980 3309 1178 3384 (Ηὶεν.)
1214 3310 1476 3380 Loquitur
1526 3319 1579 3362 et
1611 3309 1778 3364 David
1806 3323 1877 3363 :‘t
1907 3308 2079 3375 Quam

496 3404 669 3460 dulcia
701 3403 904 3475 gutturi
936 3417 1056 3456 meo
1078 3400 1287 3469 eloquia
1331 3409 1439 3464 tua,
1488 3416 1648 3470 super
1688 3399 1795 3454 mel
1836 3399 1915 3453 ori
1958 3413 2080 3452 meo

496 3495 664 3567 (Psal.
694 3494 901 3564 cxvtn).
930 3513 949 3546 ι
983 3492 1051 3547 Et
1090 3493 1215 3547 alibi
1236 3492 1255 3546 ‘:
1287 3510 1304 3542 ι
1327 3491 1536 3547 Judicia
1570 3490 1781 3546 Domini
1814 3504 1959 3553 vera,
1988 3488 2079 3544 de-

494 3586 803 3641 siderabilia
848 3600 1009 3654 super
1045 3598 1236 3637 aurum
1264 3591 1316 3637 et
1355 3582 1586 3653 lapidem
1614 3582 1911 3651 pretiosum
1945 3579 2079 3635 mul-

497 3688 609 3732 tum
633 3674 803 3749 (Psal.
825 3674 1033 3747 xvm)»
1056 3674 1142 3739 Et,
1166 3693 1183 3724 ‹
1204 3674 1442 3729 dulciora
1458 3688 1621 3744 super
1641 3672 1744 3726 mel
1765 3681 1820 3727 et
1839 3671 2071 3726 favum.»

499 3768 563 3822 lit
590 3766 817 3822 Samson
844 3766 1019 3819 favum
1051 3764 1223 3819 mellis
1257 3764 1308 3817 in
1345 3776 1439 3819 ore
1474 3762 1645 3817 leonis
1684 3762 1887 3817 invenit
1926 3761 2074 3832 (Jud.

500 3861 635 3931 xiv).
691 3859 757 3913 Et
799 3857 1060 3912 Dominus
1086 3864 1211 3927 post
1244 3857 1934 3924 resurrectionem-partem
1971 3854 2077 3907 assi

498 3951 661 4021 piscis
700 3949 933 4005 comedit
958 3957 1013 4003 et
1038 3946 1217 4001 favum
1248 3944 1398 4016 (Luc.
1468 3945 1637 4017 xxiv).
1677 3943 1742 3998 Et
1768 3945 1822 3997 in
1848 3943 2081 3998 Prover-

501 4042 603 4096 biis
646 4040 712 4094 de
751 4054 849 4109 ape
888 4039 1101 4103 dicitur,
1133 4053 1442 4107 quanquam
1467 4036 1569 4091 hoc
1596 4035 1819 4090 Hebraea
1844 4049 1950 4089 non
1979 4035 2077 4088 ba-

501 4135 661 4189 beant
705 4130 1072 4198 exemplaria:
1106 4147 1125 4180 ι
1159 4129 1304 4183 Vade
1346 4128 1413 4183 ad
1453 4142 1624 4196 apem,
1669 4134 1725 4181 et
1760 4126 1906 4181 disce
1946 4140 2081 4195 quo—

504 4226 663 4279 modo
688 4225 960 4293 operatrix
982 4223 1071 4287 sit,
1095 4231 1149 4277 ct
1175 4236 1309 4291 opus
1329 4237 1483 4275 suum
1512 4230 1719 4276 castum
1748 4218 1927 4274 faciat.
1975 4218 2081 4273 Cu-

498 4316 587 4387 jus
614 4316 889 4370 laboribus
922 4322 1090 4383 reges
1112 4323 1167 4368 et
1196 4313 1427 4382 imperiti
1466 4327 1564 4381 pro
1601 4311 1963 4382 sanguinitate
1987 4310 2082 4365 ab-

502 4414 745 4468 utuntur,
778 4424 797 4456 ι
830 4404 973 4474 quod
1009 4404 1215 4474 operati
1242 4412 1367 4458 sunt
1398 4403 1605 4474 Moyses
1630 4402 2002 4472 etprophette,
2026 4409 2082 4456 et

504 4494 864 4565 evangelista,
893 4502 946 4547 et
967 4492 1215 4563 apostoli,
1239 4501 1298 4546 ut
1324 4493 1627 4562 quicunque
1650 4508 1743 4547 rex
1768 4491 1950 4557 fuerit,
1985 4507 2081 4547 cu-

499 4586 587 4656 jus
632 4601 725 4640 cor
770 4586 822 4639 in
870 4599 1031 4638 manu
1079 4584 1174 4639 Dei
1220 4597 1331 4649 est,
1378 4583 1621 4639 dulcibus
1672 4583 1884 4638 fruatur
1921 4583 2079 4639 cibis.

504 4678 603 4744 Qui
633 4691 764 4732 vero
789 4675 1013 4744 simplex
1054 4684 1107 4729 et
1147 4674 1349 4745 absque
1386 4676 1650 4745 serpentis
1687 4675 1882 4729 astutia
1919 4662 2083 4731 habet

504 4768 864 4822 innocentiam
901 4766 1286 4828 columbarum,
1323 4766 1551 4835 simplici
1583 4765 1685 4821 fide
1710 4767 1893 4821 credat
1923 4776 2083 4837 atque

505 4859 761 4925 salvetur,
798 4858 929 4929 quia
962 4858 1159 4927 ubique
1187 4858 1393 4912 insidiae
1423 4866 1568 4923 sunt,
1594 4867 1648 4913 et
1669 4873 1809 4929 saepe
1835 4860 2083 4914 diabolus

506 4947 847 5018 transfigurat
875 4962 934 5003 se
960 4949 1014 5001 in
1050 4947 1294 5016 angelum
1323 4948 1485 5010 lucis,
1520 4949 1733 5019 meique
1765 4949 1987 5003 distillat
2016 4949 2083 5005 de

509 5044 663 5098 labiis
704 5042 945 5097 mulieris
996 5043 1315 5105 meretricis,
1362 5041 1536 5095 dulcia
1579 5044 1979 5110 repromittens,
2024 5049 2087 5097 ut

507 5148 711 5191 venena
741 5122 1048 5186 i‘ntcrserat.
1088 5131 1288 5201 (ραις.)
1331 5131 1491 5187 Liber
1522 5132 1615 5201 qui
1662 5132 1867 5187 viscera
1907 5131 2081 5201 reple-

510 5230 603 5287 vit,
632 5222 801 5277 dulcis
824 5222 876 5275 in
918 5237 1030 5284 ore,
1064 5224 1201 5275 sicut
1228 5222 1331 5274 mel
1360 5220 1533 5277 factus
1571 5230 1672 5276 cst.
1736 5220 1874 5288 Quia
1895 5221 1997 5291 ipsi
2016 5220 2086 5275 de

508 5316 859 5383 munipotenti
892 5312 1117 5367 Domino
1152 5314 1327 5367 sciunt
1357 5315 1595 5368 suaviter
1616 5314 1779 5383 loqui,
1814 5314 1908 5383 qui
1942 5314 2085 5368 hunc

512 5405 810 5458 didicerunt
855 5407 907 5458 in
941 5407 1119 5458 cordis
1149 5405 1230 5459 sui
1265 5406 1560 5459 visceribus
1591 5410 1855 5459 veraciter
1878 5421 2080 5460 amare.

513 5498 567 5551 lu
601 5498 717 5567 ejus
743 5498 937 5567 quippe
970 5514 1063 5552 ore
1101 5497 1379 5567 Setiptura
1402 5513 1571 5552 sacra
1604 5498 1772 5553 dulcis
1800 5506 1905 5561 est,
1933 5497 2085 5567 cujus

513 5587 633 5641 vita:
661 5588 869 5642 viscera
909 5587 1171 5642 mandatis
1212 5588 1353 5642 illius
1381 5588 1675 5656 replentur,
1706 5589 1830 5657 quia
1857 5588 1934 5641 eis
1965 5601 2087 5642 sua-

517 5678 594 5731 \is
624 5684 702 5728 est
728 5676 790 5729 ad
819 5676 1137 5745 loquendum
1170 5677 1255 5732 cui
1283 5677 1506 5731 interius
1528 5676 1785 5744 impressa
1812 5674 1879 5728 ad
1904 5675 2088 5729 viven-

518 5768 638 5823 tium
668 5766 838 5819 fuerit.
901 5765 1028 5819 94am
1060 5780 1236 5820 sermo
1258 5766 1591 5820 dulcedinem
1617 5780 1719 5819 non
1744 5766 1897 5818 habet
1930 5781 2087 5832 quem

2108 4539 2159 4601 D

2164 592 2382 631 necesse
2419 585 2523 647 est,
2555 584 2613 629 ut
2646 577 2735 645 qui
2770 576 3001 630 Verbum
3040 576 3131 630 Dei
3160 576 3413 646 loquitur,
3451 578 3602 647 prius
3630 589 3747 634 stu-

2161 665 2285 720 deat
2310 665 2539 735 qualiter
2560 666 2724 729 vivat,
2756 672 2814 718 ut
2841 673 2963 735 post
3006 681 3071 719 ex
3118 669 3226 721 vita
3260 667 3498 738 colligat,
3537 682 3658 737 qua:
3700 679 3753 723 et

2161 755 2394 822 qualiter
2416 756 2577 809 dicat.

2238 862 2255 893 ι
2286 844 2351 897 Et
2384 843 2521 896 dixit
2552 844 2616 896 ad
2648 858 2731 897 me
2760 861 2772 895 :
2798 842 2895 897 Fili
2924 844 3180 907 honinis,
3217 846 3351 899 vade
3384 854 3439 898 ct
3472 846 3757 915 ingredere

2167 954 2185 986 ί
2215 933 2291 1006 [in
2328 934 2489 1002 Vulg.
2528 950 2634 988 non
2672 942 2758 988 est
2804 934 3095 1005 ingredere]
3124 936 3191 988 ad
3220 937 3435 989 domum
3466 937 3655 999 Israel,
3701 946 3760 991 et

2169 1044 2186 1075 ι
2219 1024 2453 1094 loqueris
2480 1024 2643 1079 verba
2678 1040 2793 1078 [nea
2824 1025 2890 1077 ad
2919 1039 3032 1086 eos,
3066 1044 3082 1075 ι
3113 1033 3217 1078 etc.
3263 1024 3461 1094 (llier.)
3489 1025 3585 1080 Cui
3614 1026 3757 1079 dici-

2166 1127 2272 1180 tur,
2307 1136 2324 1168 t
2356 1115 2500 1170 Vade
2546 1126 2600 1170 et
2628 1116 2909 1185 ingredere
2939 1116 3003 1169 ad
3049 1116 3264 1170 domum
3298 1117 3486 1180 Israel,
3515 1136 3533 1169 ι
3565 1130 3756 1171 osten-

2164 1208 2311 1261 ditur
2334 1222 2437 1261 non
2464 1206 2630 1261 fuisse
2646 1222 2766 1261 cum
2795 1206 2991 1275 populo
3013 1216 3313 1276 peccatore,
3332 1208 3456 1263 licet
3476 1210 3527 1263 in
3560 1209 3758 1263 iisdem

2168 1298 2441 1352 videretur
2470 1312 2631 1367 super
2680 1295 2877 1349 flumen
2916 1296 3128 1350 Chobar
3170 1297 3367 1352 ﬁnibus
3406 1298 3756 1351 commorari.

2168 1384 2440 1455 Scriptum
2470 1394 2555 1440 est
2581 1385 2723 1439 enim
2756 1403 2767 1437 :
2807 1404 2824 1434 ι
2856 1384 2922 1438 Et
2962 1400 3060 1454 ego
3100 1400 3245 1439 eram
3278 1387 3330 1439 in
3366 1386 3537 1440 medio
3574 1397 3760 1439 trans-

2167 1474 2503 1546 migrationis
2542 1473 2697 1543 juxta
2740 1472 2936 1529 flumen
2977 1473 3207 1528 Chohar.
3247 1495 3265 1527 ι
3322 1474 3581 1544 Separata
3611 1476 3757 1529 enim

2167 1574 2283 1620 erat
2318 1566 2591 1636 prophetae
2632 1565 2990 1627 conversatio,
3026 1575 3078 1619 et
3112 1566 3415 1635 iniquorum
3444 1566 3760 1620 offendeba-

2170 1664 2257 1709 tur
2282 1666 2525 1726 aspectu.
2574 1655 2688 1710 [loc
2729 1657 2868 1709 idem
2908 1654 3138 1709 faciebat
3172 1666 3226 1709 et
3266 1656 3476 1727 Moyses
3507 1658 3694 1726 procul
3730 1676 3763 1713 ει

2171 1748 2365 1801 castris
2395 1746 2749 1801 multitudinis
2790 1746 2960 1815 figens
2994 1746 3397 1800 tabernaculum
3423 1765 3435 1800 :
3466 1749 3762 1817 quodcum

2096 1828 2143 1886 Β
2172 1836 2361 1892 fuisset
2385 1838 2677 1905 ingressus,
2709 1836 3069 1891 descendebat
3095 1836 3341 1891 columna
3364 1837 3539 1901 nubis,
3570 1846 3624 1891 et
3644 1847 3762 1890 sta-

2173 1928 2266 1983 bat
2304 1936 2428 1982 ante
2468 1927 2662 1980 ostium
2704 1925 3059 1979 tabernaculi.

2249 2058 2267 2091 ι
2300 2038 2415 2093 Non
2430 2040 2574 2094 enim
2604 2038 2670 2092 ad
2692 2038 2942 2106 populum
2960 2036 3206 2106 profundi
3220 2036 3489 2091 sermonis
3507 2046 3562 2090 et
3576 2034 3767 2091 difﬁci-

2178 2151 2195 2183 ι
2228 2132 2290 2186 lis
2321 2130 2505 2203 [ναις.
2538 2129 2753 2201 ignotze]
2780 2130 2973 2199 linguae
3001 2139 3055 2182 tu
3083 2130 3327 2194 mitteris,
3354 2131 3419 2184 ad
3444 2129 3661 2183 domum
3686 2129 3766 2183 ls-

2181 2242 2199 2273 (
2229 2222 2358 2285 rael,
2390 2219 2651 2291 nequeaad
2684 2219 2911 2289 populos
2928 2220 3154 2284 multos,
3188 2228 3243 2274 et
3265 2220 3428 2290 ignoti
3471 2219 3761 2281 sermonis,

2181 2331 2199 2363 ι
2228 2326 2457 2380 quorum
2480 2317 2586 2364 non
2610 2310 2784 2379 possis
2814 2291 3026 2363 audire~
3041 2324 3361 2364 sermonem.
3394 2309 3527 2366 Etsi
3554 2311 3621 2363 ad
3643 2309 3766 2363 illos

2182 2418 2199 2451 ‹
2231 2399 2501 2453 mitterem
2532 2407 2603 2463 te,
2630 2399 2729 2468 ipsi
2757 2398 3007 2453 audirent
3036 2405 3108 2452 te.
3161 2399 3358 2452 Domus
3386 2405 3568 2451 autem
3599 2396 3765 2451 lsrael

2182 2509 2200 2542 ι
2230 2490 2419 2544 nolunt
2433 2487 2619 2543 audire
2635 2498 2705 2552 te,
2722 2488 2848 2557 quia
2864 2488 3052 2541 nolunt
3074 2488 3259 2542 audire
3273 2503 3375 2543 me.
3402 2488 3590 2542 Omnis
3603 2487 3765 2557 quip.

2184 2600 2201 2632 ι
2231 2596 2299 2652 pe
2312 2578 2677 2635 domuslsrael
2690 2580 2875 2633 attrita
2894 2579 3068 2633 fronte
3088 2586 3188 2643 est,
3205 2579 3404 2633 etduro
3420 2580 3604 2641 corde,
3617 2599 3634 2629 ι
3651 2586 3762 2632 etc.

2177 2673 2441 2740 Quoniam
2484 2672 2558 2725 illi
2603 2672 2670 2725 ad
2712 2679 2764 2726 te
2810 2670 2999 2725 nolunt
3032 2672 3236 2737 venire,
3270 2679 3325 2725 tu
3354 2684 3517 2740 perge
3545 2670 3614 2723 ad
3644 2684 3763 2723 eos.

2184 2783 2201 2815 ι
2223 2763 2337 2818 Non
2361 2763 2503 2816 enim
2531 2761 2861 2815 habentsani
2879 2776 3013 2831 opus
3036 2761 3263 2824 medico,
3285 2762 3378 2814 sed
3402 2759 3539 2814 male
3554 2759 3765 2813 haben-

2180 2866 2280 2913 tes.
2312 2876 2329 2909 ›
2370 2854 2555 2924 Neque
2584 2863 2738 2924 potes
2765 2854 2960 2915 dicere,
2992 2868 3096 2907 non
3131 2850 3520 2924 possum‘loqui
3551 2852 3619 2905 ad
3644 2865 3764 2913 eos,

2178 2950 2303 3019 quia
2342 2948 2536 3019 linguae
2578 2948 2800 3002 alterius
2840 2955 2986 3011 sunt,
3024 2954 3075 3001 et
3115 2947 3341 3002 invicem
3365 2947 3519 3000 nobis
3550 2944 3765 3000 barbari

2179 3050 2384 3095 sumus.
2435 3038 2543 3093 Nec
2592 3046 2834 3092 mutuum
2876 3052 3161 3108 possumus
3204 3038 3389 3092 audire
3421 3050 3762 3104 sermonem,

2182 3132 2306 3201 quid
2331 3131 2521 3199 loquar
2550 3130 2616 3185 de
2647 3144 2751 3197 uno
2780 3128 3018 3199 populo?
3059 3129 3113 3182 Si
3145 3129 3209 3182 ad
3234 3127 3476 3183 diversas
3508 3138 3557 3181 te
3589 3129 3768 3183 mitte-

2180 3236 2295 3276 rem
2322 3221 2583 3284 nationes,
2616 3229 2795 3275 tamen
2828 3220 3122 3274 auctoritas
3150 3228 3203 3273 et
3235 3220 3469 3287 potentia
3504 3234 3620 3272 mea
3642 3232 3765 3272 om-

2178 3328 2301 3367 nem
2352 3311 2719 3367 difﬁcultatem
2764 3310 3023 3364 vinceret.
3087 3310 3260 3379 Atque
3299 3310 3504 3364 utinam
3553 3317 3769 3378 tempus

2179 3407 2428 3470 instaret,
2457 3421 2565 3475 quo
2601 3404 2668 3457 ad
2702 3418 2893 3459 omnes
2932 3403 3193 3457 missurus
3219 3412 3336 3455 sttm
3360 3400 3625 3463 nationes,
3652 3416 3768 3469 quo

2178 3506 2231 3552 ct
2256 3498 2559 3567 linguarum
2586 3496 2815 3549 daturus
2836 3510 2954 3548 sum
2978 3496 3183 3564 gratias
3200 3504 3277 3548 'ut
3305 3488 3597 3564 praedicent
3616 3492 3761 3562 Apo—

2179 3588 2300 3643 stoli
2327 3587 2453 3651 mei,
2487 3595 2541 3641 et
2574 3594 2742 3641 totum
2767 3585 3025 3639 mundum
3052 3601 3084 3637 a
3113 3585 3426 3639 diversitate
3454 3584 3764 3653 linguarum

2180 3687 2283 3735 un‘a
2312 3679 2416 3733 fide
2458 3692 2578 3731 meo
2598 3678 2828 3732 subdant
2854 3674 3000 3746 jugo,
3036 3674 3245 3729 facilius
3270 3674 3343 3729 illi
3373 3673 3642 3733 audirent,
3671 3674 3775 3741 qui

2178 3771 2425 3842 profundi
2457 3778 2603 3832 sunt,
2629 3767 2825 3836 altique
2847 3766 3117 3821 sermonis
3142 3806 3156 3829 ,
3191 3774 3245 3818 et
3277 3764 3414 3817 nihil
3456 3763 3660 3818 habent
3702 3762 3774 3817 de

2180 3862 2394 3917 levitate
2426 3859 2689 3924 'JudaiCa,
2736 3856 3019 3927 sedgravi
3067 3863 3122 3909 et
3164 3855 3344 3911 solido
3392 3854 3773 3925 ingrediuntur

2178 3953 2334 4023 pede,
2371 3960 2425 4006 ct
2457 3966 2578 4007 cum
2619 3951 2812 4021 ignota:
2854 3949 2961 4003 sint
3010 3947 3224 4018 lingute,
3271 3954 3414 4000 noue
3452 3944 3577 3999 fidei
3616 3953 3768 3998 sunt.

2181 4046 2333 4101 Unde
2361 4045 2606 4115 sequitur
2634 4062 2645 4097 :
2683 4062 2699 4094 ι
2734 4043 2799 4097 Et
2824 4043 2867 4096 si
2893 4043 2971 4097 ad
2986 4041 3116 4096 illos
3129 4040 3396 4094 mitterem
3422 4047 3499 4103 te,
3526 4038 3631 4106 ipsi
3651 4045 3766 4092 'au~

2178 4140 2365 4194 dirent‘
2380 4146 2447 4193 te.
2478 4158 2494 4189 ι
2518 4138 2757 4205 Denique
2773 4144 2955 4205 postea
2972 4134 3134 4198 misit,
3158 4145 3209 4187 et
3225 4147 3413 4186 omnes
3428 4132 3775 4199 paritercre-

2181 4230 2446 4284 diderunt.
2467 4228 2619 4283 Unde
2644 4226 2843 4281 Paulus
2862 4224 3208 4279 et'Bar'naba's
3230 4222 3722 4291 lotpmnturad'eos
3756 4240 3771 4278 :

2188 4339 2205 4371 ι
2240 4320 2402 4375 Vobis
2442 4321 3007 4390 quidem'Oportuerat
3043 4315 3325 4385 praedicari
3374 4314 3726 4368 verbum'Dei
3752 4354 3770 4379 ,

2180 4413 2274 4467 sed
2292 4412 2436 4481 quia‘
2454 4410 2699 4464 noluistis
2726 4409 2999 4477 suscipere
3018 4417 3353 4469 sermonem,
3387 4419 3515 4459 ecce
3536 4418 3769 4458 conver-

2194 4504 2361 4556 timur
2388 4500 2467 4555 ad'
2480 4506 2665 4569 gentes
2694 4500 2828 4570 (Act.
2860 4496 2999 4567 xui).
3030 4515 3049 4547 ι
3093 4496 3160 4551 Et
3193 4496 3257 4550 de
3282 4494 3600 4549 centurione
3629 4493 3767 4549 dici-

2189 4598 2292 4657 tur,
2345 4589 2572 4658 «Neque
2615 4588 2667 4642 in
2716 4586 2879 4643 israel
2927 4595 3132 4641 tantam
3180 4584 3341 4639 fidem
3382 4584 3561 4637 inveni
3611 4581 3769 4653 (ιιι.

2190 4695 2260 4735 vn
2286 4678 2321 4752 ).
2359 4699 2378 4733 ι
2434 4677 2730 4751 [Greg.]-ln
2770 4678 2887 4747 ipso
2914 4675 3433 4748 jussionisexordib
3480 4690 3589 4744 quo
3616 4690 3767 4745 pro.

2184 4772 2346 4842 pheta
2384 4773 2458 4826 ad
2503 4771 2894 4842 praedicandum
2925 4769 3175 4831 mittitur,
3225 4774 3410 4837 aperte
3450 4776 3506 4821 et
3555 4765 3767 4821 vacatio

2185 4866 2445 4937 gentium,
2484 4872 2539 4919 et
2578 4862 2940 4918 Israelitarum
2984 4861 3215 4931 repulsio
3240 4860 3591 4930 designatur.
3630 4857 3766 4915 Nam

2190 4970 2312 5009 cum
2352 4954 2583 5008 dicitur:
2614 4970 2631 5003 ‹
2657 4951 2770 5006 Non
2799 4954 2861 5006 a'd
2891 4951 3115 5022 populos
3151 4950 3345 5005 multos
3374 4949 3766 5018 profundi'ser-

2184 5046 2362 5100 monis
2384 5053 2438 5099 et
2466 5044 2659 5114 ignota:
2693 5042 2889 5113 linguae
2914 5041 3164 5106 mitteris,
3192 5052 3423 5109 quorum
3451 5055 3561 5094 non
3579 5040 3769 5109 possis

2185 5137 2371 5192 audire
2393 5148 2694 5199 sermones,
2728 5152 2747 5185 ι
2779 5133 3147 5202 atque-statim
3178 5130 3461 5185 subditur:
3491 5149 3510 5181 ι
3531 5129 3598 5184 Et
3623 5130 3669 5185 si
3698 5130 3766 5183 ad

2185 5224 2655 5287 illosmittereris,
2678 5222 2753 5277 illi
2793 5219 3045 5275 audirent
3083 5230 3157 5285 te,
3180 5239 3197 5270 ι
3226 5227 3413 5288 aperte
3456 5219 3768 5273 declaratur

2186 5314 2490 5372 obedientia
2507 5313 2765 5383 gentium,
2784 5327 2902 5378 quae
2917 5310 3236 5379 quandoque
3250 5306 3667 5377 pradicatormn
3679 5318 3770 5359 vo-

2187 5420 2278 5459 ces
2300 5410 2482 5459 essent
2509 5402 2625 5455 sine
2653 5400 2903 5453 tarditate
2928 5408 3225 5461 secutum;
3253 5405 3305 5451 et
3334 5412 3458 5453 cum
3486 5397 3763 5453 subditur:

2194 5515 2211 5543 ι
2244 5495 2443 5549 Domus
2478 5491 2641 5549 Israel
2674 5489 2867 5543 nolunt
2897 5489 3083 5541 audire
3108 5496 3183 5551 te,
3213 5486 3338 5556 quia
3370 5485 3559 5542 nolunt
3585 5485 3772 5541 audire

2192 5601 2297 5648 me,
2342 5604 2359 5636 i
2399 5583 2596 5637 Iudaea:
2638 5581 2834 5635 duritia
2864 5580 3196 5649 designatur,
3224 5592 3345 5645 qua:
3381 5578 3545 5631 verba
3578 5576 3766 5645 prati}

2193 5674 2426 5729 cantinm
2468 5682 2523 5725 et
2561 5671 2841 5740 cognovit,
2862 5678 2913 5723 et
2948 5667 3099 5736 sequi
3134 5665 3319 5719 noluit.
3358 5665 3545 5735 Ignota
3574 5673 3775 5719 autem

2195 5765 2371 5834 lingua
2397 5763 2631 5833 gentium
2661 5762 2725 5815 ad
2753 5759 3106 5813 obediendum
3144 5772 3353 5811 moram
3392 5757 3544 5822 fecit,
3574 5768 3771 5827 «piam-
