3948 6354
187 387 291 442 565

1155 382 1504 440 COMMENT.
1546 382 1614 437 ΙΝ
1657 380 2104 438 EZEClllELEM.
2146 416 2214 425 —
2255 385 2380 440 UB.
2420 386 2504 442 111.

3339 385 3444 448 566

187 507 268 559 vis
300 512 551 558 extranea
595 502 660 556 ab
690 501 902 569 eloquio
929 499 1065 570 legis
1103 498 1219 554 fuit.
1269 499 1412 555 Bene
1459 508 1636 554 autem
1686 500 1765 554 di—
1793 507 1834 560 Α
1869 500 1920 553 in
1950 500 2189 562 vulnere,
2220 515 2318 554 cur
2343 501 2628 555 erubescat
2651 500 2908 565 medicus,
2943 501 3033 570 qui
3068 514 3166 570 per
3203 501 3442 557 medica.

189 607 328 652 citur
361 615 374 650 :
411 615 429 647 ι
457 595 656 649 Nolunt
686 594 871 651 audire
901 601 973 656 te,
1003 591 1340 669 quia_nolunt
1373 591 1559 646 audire
1601 607 1707 656 me,
1738 613 1755 644 ι

189 689 478 744 secundum
514 688 616 741 hoc
646 687 786 756 quod
825 683 1084 753 scriptum
1122 693 1204 738 est
1236 701 1250 737 :
1287 701 1305 733 ι
1334 682 1436 750 Qui
1477 699 1764 763 VOS'SpCr-

185 781 284 842 nit,
315 793 398 831 me
419 777 622 847 spernit
651 776 798 847 (Luc.
834 775 908 847 ι).
943 795 960 827 ι
986 775 1157 829 Causa
1184 789 1396 843 quoque
1419 790 1514 829 cur
1541 790 1644 828 non
1670 791 1764 829 au-

187 870 332 924 diant
361 867 692 923 suliinfertur
728 881 848 920 cum
890 867 1089 920 dicitur
1117 881 1134 923 :
1168 884 1186 916 ι
1213 865 1400 918 Omnis
1435 865 1632 934 quippe
1672 867 1763 918 do-

187 975 304 1014 mus
329 957 488 1012 Israel
514 959 696 1011 attrita
731 955 905 1009 fronte
937 965 1040 1021 est,
1073 963 1126 1010 ct
1167 956 1304 1010 duro
1343 955 1524 1011 corde.
1559 975 1577 1007 ι
1631 957 1761 1010 Cum

188 1052 374 1104 domus
405 1049 567 1102 Israel
598 1048 780 1100 attrita
811 1046 984 1119 fronte
1012 1056 1066 1101 et
1097 1047 1231 1102 duro
1277 1035 1441 1101 corde
1484 1061 1602 1101 esse
1647 1062 1764 1114 per-

182 1140 422 1202 liibetur,
455 1139 581 1206 quid
609 1138 751 1190 aliud
785 1137 1147 1200 sentiendum,
1190 1137 1387 1206 quidve
1418 1137 1761 1206 cogitandum

183 1240 284 1292 est,
327 1232 428 1284 nisi
473 1231 615 1300 quod
655 1228 886 1283 frontem
918 1230 1098 1284 cordis
1139 1230 1196 1284 in
1221 1229 1552 1299 impudentia
1579 1229 1762 1282 atterit

179 1323 334 1392 culpa
375 1321 644 1391 frequens,
674 1329 731 1374 ut
773 1336 879 1389 quo
922 1321 1166 1375 crebrius
1198 1321 1570 1382 committitur,
1609 1334 1673 1373 eo
1698 1320 1762 1373 de

183 1411 272 1466 illa
310 1411 696 1466 committentis
733 1410 944 1464 animus
992 1410 1171 1465 minus
1200 1410 1629 1465 verecundetur?
1664 1409 1763 1463 At-

179 1518 284 1572 que
313 1502 433 1556 ideo
462 1501 529 1555 ad
560 1510 765 1554 tantam
804 1501 981 1554 cordis
1013 1499 1264 1556 duritiam
1286 1499 1608 1569 quandoque
1636 1514 1762 1570 pec-

176 1601 329 1647 cator
349 1593 609 1663 pervenit,
640 1598 700 1645 ut
724 1592 889 1644 etiam
921 1591 975 1645 in
1003 1578 1340 1660 correptione
1368 1590 1634 1647 sensibilis
1653 1605 1759 1644 non

176 1684 267 1747 sit,
319 1683 466 1751 quia,
508 1682 600 1751 qui
651 1697 753 1736 usu
791 1681 1048 1751 peccandi
1088 1681 1364 1746 induruit,
1419 1681 1564 1734 nullo
1600 1681 1760 1736 modo

177 1777 518 1845 corripientis
554 1776 797 1840 verbum,
825 1775 877 1829 id
902 1783 1006 1838 est,
1037 1790 1251 1828 niauum
1281 1772 1545 1843 palpantis
1574 1772 1756 1835 sentit,

1869 597 2046 644 menta
2093 589 2338 660 providet
2391 587 2637 644 salutem.
2691 588 2842 657 Saepe
2895 605 3022 645 vero
3076 590 3337 662 contingit
3385 604 3446 646 ut

1866 680 2184 747 praedicator
2215 679 2529 733 reverenter
2550 677 2820 745 audiatur,
2853 695 3236 748 nemuuquam
3257 697 3384 736 vero
3413 698 3442 737 a

1866 773 2135 842 perversis
2162 772 2234 824 ita
2265 770 2571 839 despicitur,
2605 786 2666 825 ac
2707 771 2752 825 si
2789 771 2868 825 eis
2909 772 3041 826 nihil
3080 772 3326 827 utilitatis
3368 774 3442 827 lo-

1866 870 2079 929 quatur.
2133 859 2282 915 Unde
2321 868 2466 914 recte
2499 876 2638 914 nunc
2673 860 2908 915 dicitur:
2947 880 2964 912 ι
2993 862 3061 917 Ut
3100 863 3439 918 adamantcm

1863 958 1918 1004 et
1949 950 2150 1004 silicem
2175 949 2294 1003 dedi
2324 948 2512 1004 faciem
2539 960 2700 1004 tuain.
2735 970 2752 1003 ι
2797 951 3028 1006 Adamas
3057 961 3108 1006 et
3133 953 3266 1008 silex
3295 964 3441 1007 utra-

1864 1054 1969 1106 que
1999 1039 2154 1104 dura,
2182 1040 2274 1093 sed
2309 1055 2471 1093 unum
2500 1041 2687 1093 horum
2727 1041 3031 1108 pretiosum,
3065 1051 3164 1104 est,
3209 1043 3438 1096 alterum

1863 1131 1989 1195 vile,
2016 1129 2251 1184 Adamas
2278 1130 2342 1185 ad
2373 1140 2746 1185 ornamentum
2781 1133 3026 1195 sumitur,
3067 1135 3197 1188 silex
3240 1135 3309 1190 ab
3355 1135 3440 1188 iti-

1863 1222 2180 1277 nerantibus
2205 1222 2461 1277 calcatur.
2502 1222 2568 1276 Et
2603 1237 2741 1292 saepe
2774 1224 3036 1293 contingit
3073 1234 3130 1278 ut
3171 1226 3267 1281 hos
3306 1241 3440 1295 quos

1863 1317 2259 1386 correptionem
2311 1331 2461 1372 suam
2515 1318 2874 1387 conspicimus
2941 1319 3100 1372 nimis
3171 1320 3434 1375 humiliter

1865 1407 2077 1469 audire,
2117 1406 2541 1463 verecundemur
2594 1409 2674 1462 eis
2719 1408 2898 1477 aliqua
2936 1407 3136 1463 dicere.
3189 1407 3435 1464 Nonnun-

1863 1509 2025 1564 quam
2045 1509 2176 1549 vero
2208 1495 2479 1549 evenitut
2517 1510 2610 1552 eos
2653 1511 2788 1565 quos
2830 1496 3246 1565 increpationem
3288 1513 3437 1551 suam

1855 1585 2104 1640 videmus
2118 1594 2458 1656 postponere,
2488 1595 2542 1641 et
2566 1585 2843 1656 despectui
2869 1587 3087 1653 habere,
3113 1589 3440 1658 trepidcmus

1859 1675 1940 1730 eis
1970 1676 2192 1729 verbum
2222 1676 2619 1745 praedicationis
2649 1676 2868 1732 inferre.
2918 1675 3025 1732 Sed
3051 1678 3098 1732 si
3129 1688 3272 1734 recte
3299 1679 3440 1748 sapi-

1861 1783 1982 1821 mus
1993 1775 2049 1821 et
2065 1767 2135 1820 ad
2148 1782 2241 1822 eos
2260 1783 2294 1821 a
2309 1768 2503 1836 quibus
2523 1783 2626 1822 nos
2638 1769 2884 1823 honorari
2901 1771 3280 1840 conspicimus,
3295 1780 3348 1826 et
3372 1773 3439 1826 ad

177 1868 316 1922 sicut
360 1867 557 1921 Iudaea:
601 1881 816 1936 quoque
857 1866 1103 1920 crebrius
1146 1865 1476 1933 delinquenti
1508 1864 1704 1918 dicitur
1735 1881 1750 1916 :
1785 1845 1828 1902 Β
1856 1874 1949 1912 eos
1970 1875 1999 1912 a
2029 1859 2223 1927 quibus
2256 1858 2457 1926 despici
2480 1859 2740 1924 videmus,
2785 1862 3155 1919 auctoritatem
3188 1863 3439 1920 exhorta-

185 1977 201 2008 ι
221 1958 392 2012 Frons
413 1956 655 2011 mulieris
669 1956 972 2010 meretricis
994 1954 1134 2009 facta
1156 1964 1239 2009 est
1259 1955 1374 2020 tibi,
1401 1954 1616 2009 noluisti
1636 1968 1759 2007 eru-

176 2047 417 2101 bescere.
455 2046 598 2102 »νει
624 2055 771 2100 certe
807 2046 991 2099 attrita
1021 2043 1172 2099 frons
1195 2053 1281 2100 est
1306 2045 1357 2098 in
1385 2044 1546 2114 hujus
1575 2042 1758 2096 mundi

177 2138 383 2192 actibus
411 2146 647 2200 assueta,
686 2136 812 2205 quia
839 2137 996 2189 sicut
1035 2144 1159 2189 sunt
1201 2133 1442 2189 nonnulli
1480 2134 1571 2203 qui
1612 2133 1759 2202 quie-

174 2237 280 2280 tem
317 2229 526 2282 cunctis
554 2229 1190 2296 mtmdi-pratmiisatque
1225 2227 1519 2282 honoribus
1547 2241 1757 2296 priapo-

173 2328 326 2380 nunt,
379 2319 452 2372 ita
492 2318 832 2382 nonnulli,nt
863 2319 1052 2374 iultoc
1079 2320 1279 2374 mundo
1303 2320 1650 2388 oliquidesse
1677 2319 1758 2373 vi-

177 2411 423 2474 deantur,
458 2411 686 2464 terrenis
725 2410 1001 2465 laboribus
1040 2411 1311 2476 insudant,
1351 2411 1757 2465 insistunteau-

171 2503 266 2562 sis,
296 2502 690 2570 permiscentur
710 2500 922 2571 iurgiis,
964 2509 1018 2557 et
1048 2502 1302 2570 quamvis
1327 2489 1393 2554 se
1410 2515 1638 2570 corpore
1663 2500 1758 2554 de-

173 2591 333 2652 ticere
367 2592 510 2644 inter
548 2589 763 2644 labores
785 2591 1041 2654 sentiant,
1079 2592 1264 2645 actore
1301 2600 1481 2645 tamen
1520 2600 1757 2646 terrena-

174 2690 292 2734 rum
323 2695 502 2735 rerum
544 2681 759 2747 devicti,
801 2680 1194 2736 delectabiliter
1224 2679 1539 2752 fatigantur.

281 2771 437 2825 Ecce
471 2770 586 2824 dedi
612 2769 802 2824 faciem
839 2778 984 2824 tuam
1018 2769 1366 2824 valentiorem
1397 2768 1635 2825 faciebus
1659 2783 1755 2824 eo—

175 2876 202 2912 r
225 2875 365 2932 rum,
399 2873 474 2915 vet
520 2859 750 2914 frontem
797 2870 943 2914 tuam
977 2859 1546 2914 durioremfrontibus
1568 2873 1754 2913 eorum

181 2967 201 3003 ι
222 2957 283 3006 ut
304 2951 653 3004 adamantem
687 2959 744 3005 et
770 2957 832 3004 ut
856 2949 1063 3004 silicem
1101 2947 1444 3004 dedifaciem
1482 2958 1756 3012 tuam,-ne

1859 1948 2022 2003 tionis
2051 1948 2134 2004 vel
2168 1949 2550 2018 increpationis
2577 1950 2860 2016 sumimus,
2890 1958 2948 2004 ut
2981 1967 3079 2006 nec
3106 1952 3316 2007 illorum
3346 1954 3438 2008 hu-

1859 2037 2139 2092 militatem
2167 2037 2458 2092 debeamus
2484 2038 2824 2105 erubescere,
2868 2054 2966 2094 nec
3017 2040 3209 2094 borum
3245 2055 3436 2110 super-

1856 2130 2001 2185 biam
2046 2128 2354 2184 formidare.
2395 2130 2613 2186 Dicatur
2647 2144 2775 2200 ergo
2807 2149 2819 2183 :
2855 2152 2874 2182 ς
2901 2130 3031 2188 Dedi
3067 2129 3261 2186 faciem
3294 2140 3435 2185 tuam

1857 2230 1916 2274 ut
1940 2220 2302 2282 adamantem,
2335 2239 2353 2270 ι
2386 2219 2438 2273 id
2463 2228 2563 2282 est,
2591 2219 2633 2273 si
2665 2222 2728 2274 ab
2757 2219 3091 2275 auditoribus
3117 2221 3430 2274 honoraris:

1856 2312 1945 2376 Et,
1975 2329 1994 2363 t
2015 2312 2135 2367 dedi
2156 2310 2348 2366 faciem
2381 2319 2527 2366 tuam
2548 2321 2609 2365 ut
2631 2311 2853 2375 silicem,
2876 2331 2895 2363 ο
2932 2312 2976 2365 si
2995 2311 3074 2365 ab
3105 2312 3434 2366 auditoribus

1857 2400 2192 2455 conculcaris
2229 2408 2392 2469 atque
2432 2399 2745 2469 despiceris,
2771 2409 2831 2454 ut
2877 2415 2975 2454 nec
3018 2415 3114 2469 per
3149 2399 3316 2454 latum
3340 2403 3438 2456 bo-

1857 2504 2041 2544 norem
2051 2488 2360 2544 refrenetur
2383 2489 2564 2559 lingua
2578 2503 2641 2542 ex
2672 2490 3014 2552 verecundia,
3032 2503 3129 2543 nec
3146 2503 3243 2559 per
3255 2491 3439 2558 despc-

1857 2591 2002 2635 ctum
2027 2588 2203 2636 taceat
2220 2596 2284 2635 ex
2310 2570 2644 2634 infirmitate.
2670 2579 2951 2649 Sequitur:
2976 2598 2994 2631 ι
3017 2580 3094 2635 Ne
3116 2582 3304 2635 timeas
3318 2597 3432 2650 eos,

1856 2685 2032 2740 neque
2059 2680 2266 2725 metuas
2285 2686 2318 2724 a
2349 2670 2486 2725 facie
2507 2664 2716 2734 eorum,
2748 2670 2872 2739 quia
2899 2672 3088 2726 domus
3113 2687 3436 2742 exasperatis

1857 2771 1959 2816 est.
1984 2782 2004 2814 ι
2046 2752 2159 2817 Hoc
2190 2762 2301 2831 jam
2365 2762 2611 2832 superius
2636 2763 2835 2817 dictum
2871 2771 2970 2826 est,
3011 2764 3104 2818 sed
3139 2755 3436 2819 notandum

1856 2868 2018 2922 quam
2045 2869 2238 2922 aspera
2265 2854 2452 2908 domus
2488 2853 2784 2919 habeatur,
2811 2854 2964 2924 cujus
3010 2855 3273 2924 asperitas
3322 2863 3429 2908 tam

1857 2945 2052 3002 crebro
2076 2943 2384 3013 replicatur.
2444 2943 2808 3013 lnorepandus
2834 2945 3018 3015 itaque
3045 2952 3296 3015 peccator
3324 2953 3434 3018 est,

177 3059 200 3092 ‹
227 3041 417 3095 timeas
445 3055 538 3094 eos
565 3053 742 3111 neque
757 3049 965 3096 metuas
989 3040 1186 3095 afacie
1200 3039 1757 3109 eorum,quiadomus
1853 3044 1911 3090 et
1947 3049 2219 3103 nunquam
2259 3033 2547 3100 timendus,
2585 3036 2721 3108 quia.
2746 3036 2934 3091 domus
2969 3051 3297 3105 exasperans
3328 3045 3429 3091 est.

183 3150 200 3181 ι
225 3146 549 3200 exasperatis
587 3139 740 3195 est,»
772 3138 880 3184 etc.
912 3128 1337 3202 (Hier.):Domus
1365 3127 1527 3183 Israel
1555 3128 1754 3182 attritre
1788 3192 1823 3202 Α
1858 3125 2059 3181 Timeri
2091 3126 2237 3182 enim
2278 3125 2440 3180 homo
2482 3127 2759 3187 debuerat,
2791 3128 2836 3182 si
2880 3128 2993 3196 ipse
3016 3136 3293 3184 auctorem
3321 3143 3434 3183 om-

173 3192 366 3276 frontis
386 3231 487 3285 est,
510 3231 569 3277 et
595 3192 841 3291 procacis
867 3192 1123 3286 audaciae,
1151 3228 1204 3276 et
1226 3221 1361 3275 duro
1382 3221 1461 3275 sic
1494 3219 1657 3276 corde
1694 3229 1753 3274 ut
1780 3192 1824 3255 (ἶ
1856 3216 2006 3271 nium
2033 3226 2090 3270 ut
2128 3218 2289 3270 homo
2328 3215 2620 3271 timuisset.
2658 3213 2793 3271 Nam
2830 3192 2922 3286 qui
2958 3217 3181 3274 rationis
3215 3233 3430 3273 sensum

175 3312 541 3383 scorpionibus
570 3319 930 3382 comparetur.
973 3310 1100 3368 ideo
1127 3313 1247 3367 dedi
1275 3313 1381 3366 tibi
1405 3311 1620 3366 vultum
1647 3312 1751 3367 du-

173 3402 446 3456 rissimum
477 3400 794 3456 ctrfrontem
816 3441 831 3468 ,
872 3416 991 3471 quae
1025 3403 1170 3456 nullo
1209 3401 1409 3470 pudore
1447 3411 1748 3471 superetur.

173 3491 248 3546 Ex
273 3508 378 3561 quo
411 3492 672 3547 discimus
701 3493 972 3548 interdum
1001 3493 1186 3563 gratiae
1212 3507 1328 3547 esse
1352 3492 1448 3546 Dei
1472 3491 1752 3562 impuden-

175 3583 256 3636 tia
285 3584 558 3648 resistere,
577 3593 768 3638 etcum
794 3583 946 3638 locus
968 3583 1293 3654 poposcerit,
1319 3582 1549 3637 frontem
1573 3581 1752 3638 fronte

170 3683 468 3729 conterere.
489 3673 618 3728 Hoc
644 3674 1108 3728 autemtribuitur
1139 3688 1205 3727 ne
1226 3682 1414 3741 nostra
1429 3673 1750 3727 verecundia

171 3771 224 3816 et
261 3764 530 3818 humanus
568 3765 741 3833 pudor
775 3764 1124 3832 pertimescat
1150 3763 1376 3818 insidias
1410 3763 1746 3818 aemulorum.

173 3854 371 3929 (αγις.)
397 3856 549 3911 Sicut
589 3857 909 3911 verecundia
942 3855 1226 3911 laudabilis
1258 3864 1342 3910 est
1375 3857 1430 3910 in
1457 3855 1630 3922 malo,
1675 3857 1749 3910 ita

178 3948 610 4019 reprehensibilis
649 3957 733 4004 est
771 3949 1023 4003 m'bono.
1073 3948 1406 4004 Erubescere
1433 3950 1595 4004 enim
1635 3964 1751 4004 ma-

178 4037 282 4093 lutn
305 4041 580 4110 sapientia:
599 4050 699 4107 est,
723 4042 922 4097 bonum
937 4056 1080 4096 vero
1102 4040 1747 4116 erubescere-fatuitatis;

173 4131 599 4201 undeescriptum
628 4139 749 4188 est:
783 4131 1084 4187 t-Confusio
1126 4140 1211 4189 est
1251 4131 1524 4186 adducens
1557 4146 1750 4203 pecca-

177 4231 302 4278 tum.
346 4225 410 4278 Et
435 4235 519 4280 est
539 4225 780 4280 confusio
801 4227 1074 4283 adducens
1103 4227 1327 4298 gloriam
1350 4223 1536 4298 (Eccti.
1598 4225 1692 4299 tv).
1724 4244 1743 4278 ι

175 4312 269 4380 Qui
311 4318 455 4371 enim
503 4319 1129 4388 ezubescit'ptenitendo
1166 4317 1306 4371 mala
1344 4331 1462 4386 qua:
1505 4317 1653 4381 fecit,
1680 4318 1749 4371 ad
1791 4374 1794 4378 λ

175 4406 290 4459 vitae
331 4406 635 4461 libertatem
671 4408 934 4477 pervenit.
983 4407 1084 4474 Qui
1132 4405 1746 4461 veroaerubesoitbona

175 4492 364 4562 facere,
391 4506 596 4552 a‘statu
647 4499 986 4552 rectitudinis
1029 4497 1174 4552 cadit
1215 4505 1378 4567 atque
1404 4497 1486 4551 ad
1527 4497 1747 4551 damna-

179 4585 367 4642 tionem
390 4588 591 4652 tendit,
624 4589 764 4643 sicut
786 4604 888 4658 per
901 4587 1314 4657 Redemptorem
1335 4588 1532 4642 dicitur
1556 4606 1570 4642 :
1601 4606 1617 4638 ι
1643 4587 1744 4654 Qui

178 4693 255 4732 me
282 4680 556 4733 erubuerit
585 4687 638 4732 et
668 4696 818 4735 meos
841 4694 1146 4742 sermones,
1165 4681 1308 4733 hunc
1336 4679 1478 4734 ﬁlius
1514 4680 1747 4735 hominis

172 4768 444 4824 erubescet
472 4770 836 4824 cum-venerit
876 4771 928 4824 in
961 4769 1238 4837 majestate
1280 4785 1372 4824 sua
1414 4769 1562 4841 (Luc.
1595 4770 1695 4839 Ix).
1724 4788 1743 4821 ›

178 4857 238 4911 Et
262 4865 382 4913 sunt
406 4863 496 4930 qui
526 4860 662 4915 bona
681 4860 794 4929 jam
822 4863 873 4914 in
908 4868 1083 4914 mente
1111 4860 1472 4928 conspiciunt,
1508 4861 1598 4914 sed
1628 4874 1749 4913 nec-

179 4949 294 5004 dum
317 4952 470 5007 malis
499 4960 684 5020 aperte
699 4951 1088 5006 contradicunt.
1109 4949 1172 5003 Hi
1190 4950 1599 5019 nimirum,quia
1624 4949 1747 5004 boni

181 5051 294 5096 sunt
318 5044 367 5097 in
395 5051 591 5107 mente,
615 5044 992 5098 auctoritatem
1023 5058 1131 5096 non
1153 5042 1350 5097 habent
1379 5043 1429 5095 in
1451 5042 1738 5105 locutione,

181 5131 278 5198 apti
318 5133 384 5185 ad
424 5133 668 5188 veritatis
707 5132 1070 5187 defensionem
1114 5148 1219 5185 non
1260 5140 1404 5186 sunt.
1476 5132 1566 5186 Ille
1599 5135 1741 5186 enim

184 5239 290 5278 use
326 5226 483 5280 debet
519 5226 762 5279 veritatis
797 5223 1064 5287 defensor,
1103 5224 1193 5293 qui
1230 5225 1369 5292 quod
1403 5231 1546 5278 recte
1570 5224 1742 5277 sentit

184 5313 315 5384 loqui
351 5330 448 5369 nec
495 5315 702 5380 metuit,
731 5327 924 5383 ‘neque
972 5315 1258 5368 erubescit.
1286 5313 1460 5368 'Unde
1507 5327 1649 5367 nunc
1689 5314 1740 5366 in

189 5420 363 5474 magno
414 5421 638 5460 munere
681 5406 953 5474 propheta:
992 5405 1362 5474 promittitur:
1398 5422 1418 5454 ‹
1446 5406 1581 5461 Ecce
1623 5404 1742 5458 dedi

187 5493 361 5549 faciem
383 5504 530 5549 tuam
554 5495 901 5551 valentiorem
925 5495 1160 5550 faciebns
1181 5510 1388 5559 eorum,
1426 5504 1478 5549 et
1511 5494 1743 5550 frontem

186 5570 320 5639 tuam
357 5587 626 5641 duriorem
663 5585 929 5640 frontibus
969 5600 1223 5639 eorum.»
1266 5585 1396 5650 Quis
1442 5593 1525 5639 est
1565 5593 1742 5638 autem

185 5687 427 5745 peccator
466 5678 569 5732 nisi
606 5678 938 5741 vulneratus,
972 5676 1159 5744 etquis
1180 5685 1262 5729 est
1297 5675 1614 5743 praedicator
1642 5673 1744 5727 nisi

186 5769 456 5825 medicus?
493 5770 544 5824 Si
579 5763 722 5816 enim
750 5785 847 5824 non
874 5769 1139 5823 erubescit
1170 5776 1441 5836 peccator,
1476 5768 1564 5836 qui
1602 5765 1747 5833 jacet

1854 3306 1922 3360 ad
1951 3306 2196 3361 timorem
2227 3305 2321 3361 Dei
2350 3320 2456 3360 non
2485 3293 2690 3370 habuit,
2726 3314 2875 3362 tanto
2905 3307 2958 3361 in
2981 3307 3132 3362 nullo
3164 3307 3431 3364 timendus

1849 3405 1957 3463 est,
1979 3405 2182 3466 quanto
2202 3397 2304 3451 hoc
2321 3396 2465 3466 quod
2491 3411 2610 3452 esse
2626 3396 2970 3462 ,debuit,-non
2993 3406 3094 3453 est.
3133 3396 3388 3468 Sequitur
3412 3416 3427 3452 :

1928 3527 1947 3561 ι
1977 3507 2044 3564 Ει
2074 3509 2210 3562 dixit
2237 3509 2304 3562 ad
2328 3523 2414 3562 me
2447 3506 2585 3561 :Fili
2626 3507 2881 3573 hominis,
2929 3523 3116 3564 omnes
3152 3523 3430 3565 sermones

1857 3620 1876 3652 ι
1909 3615 2059 3656 meos
2079 3615 2215 3670 quos
2238 3600 2428 3668 loquor
2449 3600 2517 3654 ad
2544 3608 2617 3665 te,
2636 3589 2855 3656 assitme
2878 3601 2932 3654 in
2954 3601 3115 3658 corde
3138 3609 3248 3668 tuo,
3264 3611 3318 3656 et
3334 3617 3430 3656 au-

1856 3711 1876 3744 ‹
1903 3693 2052 3747 ribus
2078 3691 2182 3745 tuis
2198 3691 2321 3744 audi
2339 3707 2351 3755 ;
2367 3697 2422 3744 et
2438 3690 2590 3754 vade,
2621 3690 2905 3761 ingredere
2917 3690 2987 3745 ad
3001 3691 3428 3759 transmlgratin-

1856 3800 1876 3834 ‹
1903 3796 2026 3837 nem
2053 3780 2281 3834 filiorum
2302 3778 2481 3848 populi
2500 3779 2626 3843 mei,
2647 3786 2788 3834 tete.
2816 3775 3013 3851 (Hien)
3042 3776 3149 3832 Iste
3171 3788 3254 3832 est
3275 3780 3428 3832 citius

1848 3870 2156 3935 voluminis,
2185 3877 2241 3924 et
2270 3869 2385 3924 haec
2411 3876 2535 3924 sunt
2554 3868 2745 3933 verba,
2772 3868 3096 3937 quibuspro
3120 3868 3428 3923 diversitate

1849 3961 2180 4016 audientium
2207 3959 2287 4012 vel
2319 3959 2571 4023 lamenta,
2595 3957 2681 4013 vel
2699 3973 2937 4024 carmen,
2961 3958 3050 4013 .vcl
3077 3973 3175 4023 γε,
3197 3960 3427 4014 homini-

1848 4051 1950 4106 bus
1989 4050 2291 4118 loquimur,
2328 4059 2382 4102 et
2424 4055 2602 4102 tamen
2645 4047 3276 4117 notandumqnodautc
3313 4064 3428 4103 ser-

1849 4155 2036 4194 mones
2074 4139 2164 4192 Dei
2203 4139 2256 4192 in
2294 4145 2480 4192 nostro
2520 4136 2680 4192 corde
2719 4135 2980 4201 condendi
3020 4136 3167 4200 sint,
3207 4137 3427 4199 audien-

1849 4232 2010 4301 dique
2047 4239 2101 4284 et
2134 4229 2460 4299 intelligendi
2506 4228 2814 4297 diligentius
2851 4235 2905 4284 et
2951 4228 3030 4285 sic
3065 4228 3421 4296 adpupulnin

1847 4320 2175 4392 proferendi.
2199 4338 2218 4371 ι
2247 4319 2634 4387 Vade,.inquit,
2661 4319 2940 4390 ingredere
2971 4320 3037 4375 ad
3077 4319 3425 4389 transmigra-

1847 4415 2048 4468 tionem
2077 4413 2198 4466 sive
2229 4411 2296 4464 ad
2333 4411 2717 4480 captivitatem,
2745 4409 3198 4480 ad-ﬁliospopuli
3238 4411 3362 4464 mei.
3397 4429 3416 4460 ι

1850 4505 1913 4558 Et
1959 4502 2217 4558 Dominus
2258 4513 2442 4557 noster
2485 4502 2632 4558 venit
2683 4501 2750 4556 ad
2788 4502 3050 4572 populum
3079 4500 3418 4564 Judreorum,

1848 4596 2096 4651 mittente
2122 4594 2308 4658 Patre,
2344 4603 2405 4647 ut
2434 4594 2750 4662 praedicaret
2771 4593 2998 4662 captivis
3027 4593 3416 4656 remissionem,

1849 4693 1903 4738 et
1923 4683 2234 4751 impleretur
2250 4682 2301 4735 in
2315 4696 2378 4735 eo
2391 4683 2531 4759 quod
2552 4682 2810 4750 Scriptum
2830 4689 2912 4736 est
2943 4699 2955 4735 :
2990 4700 3008 4734 ι
3028 4682 3340 4737 :Ascendens
3367 4683 3419 4736 in

1851 4778 2036 4842 altum,
2064 4776 2330 4842 captivam
2356 4775 2508 4829 duxit
2526 4776 2906 4845 captivitatem,
2923 4776 3221 4832 deditdona
3238 4778 3419 4834 homi-

1853 4866 2025 4920 nibus.
2063 4885 2080 4916 ›
2114 4863 2640 4936 (Greg.)Yigil-anter
2669 4865 2982 4921 intuendum
3009 4867 3252 4935 estquod
3288 4881 3419 4921 voce

1850 4955 2061 5010 Domini
2086 4956 2151 5008 ad
2175 4954 2494 5023 prophetam,
2508 4952 2728 5017 dicitur,
2749 4961 2813 5006 ut
2839 4955 2987 5021 prius
3008 4968 3286 5011 sermones
3303 4954 3418 5024 ejus

1846 5046 2025 5099 audiat
2043 5052 2094 5098 et
2119 5042 2452 5112 postmodum
2469 5041 2744 5111 loquatur.
2765 5042 3081 5098 Audivimus
3095 5045 3238 5098 enim
3255 5045 3418 5099 verba

1847 5136 1938 5190 Dei
1964 5135 2009 5189 si
2038 5133 2319 5198 faciamus,
2351 5140 2413 5186 et
2428 5140 2558 5186 tunc
2578 5147 2640 5187 ea
2668 5133 2932 5200 proximis
2952 5125 3096 5188 recte
3126 5133 3414 5198 loquimur,

1846 5239 1967 5277 cum
1995 5223 2146 5292 prius
2182 5221 2280 5290 ipsi
2321 5220 2628 5276 fecerimus.
2682 5220 2835 5288 Quod
2848 5221 2994 5278 bene
3023 5221 3230 5276 Marcus
3250 5235 3418 5276 evan—

1844 5314 2030 5384 gelista
2075 5313 2397 5375 confirmat,
2441 5325 2562 5368 cum
2609 5308 2809 5365 factum
2850 5310 3058 5367 Domini
3101 5309 3417 5366 miraculum

1851 5413 2054 5468 narrat,
2089 5405 2309 5457 dicens:
2340 5403 2669 5457 «Adducunt
2694 5403 2741 5456 ei
2772 5403 2992 5456 surdum
3029 5411 3080 5457 et
3109 5411 3333 5464 mutum,
3364 5412 3419 5455 et

1849 5493 2275 5563 deprecabantur
2311 5509 2435 5547 eum
2470 5503 2530 5546 ut
2562 5493 2808 5562 imponat
2831 5493 2904 5548 illi
2934 5508 3168 5546 manum.
3198 5491 3419 5559 LCujus

1849 5585 2087 5637 ordinem
2127 5583 2418 5636 curationis
2461 5583 2721 5648 insinuat,
2761 5584 2995 5641 subdens
3025 5600 3037 5634 :
3074 5601 3090 5633 ι
3119 5582 3265 5637 Misit
3287 5583 3420 5652 digi—

1854 5684 1935 5729 tos
1973 5689 2098 5728 suns
2145 5675 2200 5733 in
2237 5675 2523 5740 auriculas,
2554 5689 2926 5743 exspuensque
2962 5676 3132 5744 tetigit
3182 5673 3418 5742 linguam

1852 5765 1984 5831 ejus.
2041 5763 2106 5818 Et
2132 5765 2428 5832 suspiciens
2455 5764 2506 5818 in
2537 5765 2754 5829 emittm,
2788 5765 3062 5833 ingemuit,
3099 5775 3151 5818 et
3183 5765 3254 5817 ait
3291 5765 3360 5815 illi
3397 5779 3410 5814 :
