3948 6368
482 361 583 415 86⁸1

1115 361 1174 415 Β.
1215 361 1466 416 RABANI
1503 359 1719 417 MAURI
1759 361 2057 416 ARCHIEP

2162 358 2423 417 ‘OGUNT.
2461 361 2744 418 OPERUM
2778 361 2956 418 PARS
2992 362 3035 417 ll
3058 401 3073 419 .

3630 365 3739 414 2‘38

481 472 928 542 Epliplieta,quod
940 480 1024 528 est
1039 471 1407 542 adaperire.Et
1421 473 1601 526 statim
1617 479 1818 542 aperta:
1831 480 2060 525 suntau-
2084 477 2134 534 Α
2162 479 2515 526 contemnens
2542 472 2751 542 rapitur
2777 489 2807 526 a
2835 473 3048 542 spiritu,
3077 483 3132 528 et
3156 475 3304 528 audit
3331 484 3447 541 post
3472 489 3529 527 se
3555 489 3742 528 vocem

484 580 594 629 res,
613 573 667 618 et
688 563 921 618 solutum
935 572 1016 617 est
1031 562 1300 617 vinculum
1317 563 1508 631 lingua:
1523 562 1657 632 ejus,
1671 570 1726 615 et
1738 561 2056 629 loquebatur

485 664 648 711 recte.
673 675 690 706 ›
730 653 880 722 Quod
909 666 1036 707 vero
1060 653 1124 706 ad
1149 652 1671 719 transmigrationem
1686 652 1863 722 populi
1879 653 2061 707 admo-

483 747 709 801 nendam
723 745 981 815 propheta
1001 743 1249 806 mittitur,
1267 759 1370 817 non
1386 743 1555 798 solum
1570 741 2058 812 eatransmigratio

479 836 642 889 debet
668 834 913 903 intelligi,
954 848 1072 901 qua:
1111 831 1227 900 ejus
1259 832 1438 902 populi
1467 842 1583 886 erat
1613 832 1665 885 in
1693 846 1939 898 corpore,
1965 831 2058 885 sed

479 923 664 987 etiam,
682 937 800 992 quae
813 921 953 976 facta
975 919 1152 975 fuerat
1170 921 1222 974 in
1237 929 1432 974 mente.
1456 920 1536 974 Ab
1551 919 1846 974 Jerusalem
1863 919 2060 989 quippe

483 1011 550 1064 ad
602 1011 948 1080 Babyloniam
1005 1019 1247 1064 venerat.
1301 1010 1367 1064 Et
1410 1008 1540 1078 quid
1587 1007 1906 1072 Jerusalem,
1953 1007 2056 1062 nisi

487 1099 624 1154 visio
657 1098 840 1169 pacis?
867 1097 1004 1163 Quid
1032 1097 1350 1168 Babylonia,
1378 1096 1480 1150 nisi
1515 1097 1758 1150 confusio
1791 1096 2058 1164 interpre-

484 1190 664 1242 tatur?
703 1187 956 1258 Quisquis
989 1203 1117 1241 vero
1145 1203 1175 1239 a
1203 1185 1365 1239 rectis
1393 1185 1646 1254 operibus
1690 1185 1743 1238 in
1792 1184 2059 1254 perversis

484 1278 693 1332 actibus
715 1277 882 1342 cadit,
905 1276 1118 1346 quando
1155 1289 1183 1330 a
1211 1276 1352 1329 bono
1381 1274 1559 1329 studio
1587 1275 1654 1328 ad
1683 1275 1811 1328 vitia
1842 1274 2056 1339 defluit,

482 1367 637 1434 quasi
669 1368 736 1420 ab
765 1364 1061 1420 Jerusalem
1106 1364 1171 1416 ad
1219 1363 1523 1435 Babylonia:
1567 1364 1841 1419 civitatem
1887 1365 2053 1418 venit.

479 1456 700 1509 tlulmen
734 1455 878 1511 enim
920 1454 1070 1508 boum
1096 1453 1560 1522 contemplationis
1586 1454 1854 1518 deseruit,
1896 1463 2058 1523 atque

479 1543 532 1594 in
565 1540 1037 1611 transmigratione
1062 1539 1390 1594 confusionis
1428 1538 1575 1593 latet.
1604 1538 1754 1606 Quod
1789 1540 1892 1595 illis
1917 1555 2059 1609 saepe

482 1630 618 1685 solet
660 1632 896 1694 evenire,
939 1631 1030 1698 qui
1071 1644 1191 1684 cum
1233 1631 1372 1684 bona
1420 1638 1600 1700 agant,
1636 1630 1686 1684 in
1724 1631 1809 1686 his
1850 1632 1916 1686 de
1961 1646 2057 1686 sua

479 1722 678 1775 virtute
727 1718 1044 1790 gloriantur.
1095 1718 1246 1774 Unde
1293 1717 1606 1782 Psalmista,
1660 1734 1729 1773 ne
1774 1735 1803 1774 a
1849 1721 2056 1774 visione

2157 561 2531 615 commotionis
2557 575 2782 631 magum,
2811 562 3207 631 praeteritorum
3225 563 3572 626 ObllViSCCliS,
3600 573 3649 615 et
3688 564 3738 615 in

2157 647 2393 702 futurum
2429 664 2488 703 se
2532 650 2863 713 extendens,
2895 660 2952 704 ut
2983 651 3320 705 inimicorum
3354 651 3575 704 insidias
3616 665 3739 719 post

2157 748 2364 809 tergum
2413 739 2755 808 relinqueret.
2787 741 2913 794 Tale
2939 741 3067 810 quid
3091 751 3144 794 et
3179 741 3230 793 in
3282 741 3464 795 Exodo
3513 741 3742 810 legimus

2157 826 2357 896 (Exod.
2388 828 2520 898 xw),
2552 830 2766 897 quando
2793 829 3000 884 Pharao
3026 839 3082 882 et
3110 832 3285 883 omnis
3312 830 3582 883 exercitus
3606 831 3734 899 ejus

2155 916 2583 986 persequebatur
2612 919 2796 980 lsracl,
2828 930 2880 971 et
2917 919 3139 987 angelus
3188 920 3238 972 in
3286 920 3532 972 columna
3578 919 3739 972 nubis

2157 1008 2394 1062 deseruit
2426 1008 2604 1077 priora
2634 1017 2963 1072 castrorum,
2992 1011 3242 1075 venitque
3274 1018 3394 1076 post
3423 1017 3654 1076 tergum,
3689 1020 3739 1060 et

2157 1107 2270 1154 tota
2301 1107 2460 1154 nocte
2489 1099 2638 1153 stetit
2685 1098 2825 1152 inter
2852 1098 3012 1152 lsracl
3042 1108 3095 1152 et
3122 1099 3420 1169 Aigyptios,
3447 1108 3504 1151 ut
3529 1109 3740 1167 perter-

2157 1189 2278 1242 ritis
2321 1189 2664 1251 adversariis,
2701 1188 2909 1241 audiret
2951 1187 3132 1241 Israel.
3173 1207 3190 1238 ς
3234 1188 3516 1240 Benedicta
3567 1189 3738 1254 gloria

2157 1278 2369 1333 Domini
2391 1278 2456 1332 de
2479 1278 2597 1332 loco
2618 1293 2735 1331 suo.
2765 1296 2783 1328 ›
2811 1277 2985 1331 Locus
3007 1287 3186 1331 autem
3204 1278 3411 1331 Domini
3436 1290 3512 1331 est
3535 1279 3738 1338 omnis.

2157 1367 2211 1421 in
2262 1367 2458 1435 quibus
2504 1367 2794 1434 hospitium
2839 1366 3075 1429 invenit,
3127 1375 3218 1419 aut
3248 1376 3393 1420 certe
3426 1365 3565 1420 illius
3588 1366 3742 1419 locus

2157 1459 2348 1528 patris,
2386 1458 2526 1512 sicut
2553 1466 2607 1512 et
2632 1466 2788 1526 pater
2811 1456 2959 1510 locus
2999 1468 3082 1509 εει
3111 1454 3228 1519 filii,
3260 1456 3470 1511 dicente
3507 1456 3740 1512 Domino

2159 1547 2436 1602 Salvatore
2480 1563 2493 1598 :
2546 1565 2563 1597 ‹
2601 1546 2711 1614 Ego
2757 1546 2811 1598 in
2840 1545 3016 1608 Patre,
3049 1555 3103 1600 et
3143 1545 3307 1601 Pater
3337 1548 3390 1601 in
3420 1561 3505 1600 me
3550 1546 3734 1616 (Joan.

2159 1638 2271 1708 xw)
2312 1658 2358 1691 ι.
2409 1635 2524 1691 Hoc
2568 1637 2708 1690 idem
2761 1635 3027 1704 significat
3074 1643 3128 1689 et
3158 1634 3407 1690 Michcras
3467 1653 3478 1687 :
3533 1655 3551 1685 ι
3599 1636 3744 1689 Ecce

2161 1728 2418 1783 Dominus
2440 1726 2747 1798 egredietur
2776 1727 2842 1780 de
2868 1725 2987 1780 loco
3017 1741 3134 1791 suo,
3178 1735 3234 1778 et
3261 1725 3549 1779 descendet
3573 1739 3742 1794 super

479 1811 649 1879 pacis,
678 1811 731 1865 id
749 1818 853 1874 est,
881 1809 1092 1863 a'bonis
1117 1809 1326 1864 actibus
1351 1808 1594 1877 captivus
1616 1809 1682 1863 ad
1706 1802 2054 1880 Babyloniam
2085 1809 2130 1867 Β
2157 1817 2370 1873 excelsa
2420 1825 2596 1871 terrae.
2649 1816 2716 1870 Et
2778 1816 3256 1870 commovebuntur
3318 1823 3525 1869 montes
3575 1829 3741 1884 super

479 1901 790 1972 emigraret,
821 1901 1045 1954 Domino
1071 1900 1378 1970 supplicans
1404 1901 1532 1955 dicit
1560 1918 1572 1952 :
1605 1919 1623 1950 ι
1652 1899 1878 1967 Adjutor
1902 1914 2053 1954 meus

479 2009 584 2046 non
609 1991 904 2063 emigrabo.
946 2010 964 2043 ι
1001 1991 1058 2045 Si
1083 1992 1224 2044 enim
1255 1991 1308 2044 in
1340 2005 1398 2045 se
1424 1990 1748 2056 confideret,
1779 2005 1810 2044 a
1829 1990 2054 2059 iustitiae

480 2085 732 2154 operibus
763 2085 998 2141 cadendo
1046 2085 1348 2154 migrasset.
1377 2083 1482 2139 Sed
1519 2098 1692 2152 neque
1731 2084 1819 2148 bi,
1861 2084 1952 2153 qui
1985 2084 2052 2137 ab

481 2186 626 2231 statu
645 2177 982 2231 rectitudinis
1013 2177 1065 2229 in
1093 2191 1256 2245 prava
1285 2176 1494 2230 actione
1513 2175 1843 2240 ceciderunt,
1859 2175 2050 2242 despe-

482 2269 632 2321 randi
660 2276 803 2334 sunt,
835 2267 961 2337 quia
993 2275 1135 2322 recte
1153 2267 1412 2334 preplieta
1434 2265 1500 2320 ad
1523 2265 2052 2336 transmigrationem

481 2355 786 2428 Babylonia:
815 2355 1066 2420 mittitur,
1088 2364 1139 2409 et
1161 2370 1256 2424 per
1275 2355 1591 2423 preplietam
1612 2353 1774 2407 alium
1797 2354 2052 2407 Dominus

483 2445 612 2499 dicit
656 2461 668 2496 :
701 2443 770 2498 Et
796 2444 978 2501 venies
1017 2458 1185 2512 usque
1231 2442 1296 2496 ad
1346 2441 1670 2512 Babylonem
1698 2482 1713 2507 ,
1750 2442 1822 2496 ibi
1858 2441 2055 2496 libera-

481 2532 647 2587 beris.
680 2532 832 2606 Saepe
855 2532 1022 2598 enim,
1050 2531 1140 2601 qui
1168 2540 1450 2601 postquam
1475 2530 1528 2584 in
1560 2529 1872 2585 confusione
1899 2530 2053 2584 vitio-

484 2638 603 2676 rum
633 2621 910 2686 ceciderit,
948 2622 1272 2676 erubescens
1300 2619 1439 2673 mala
1468 2635 1584 2688 qua:
1608 2620 1953 2689 perpetravit,
1987 2620 2053 2674 ad

483 2711 851 2782 pmnitentiam
905 2713 1087 2776 redit,
1140 2727 1306 2789 seque
1357 2727 1388 2764 a
1435 2705 1551 2767 suis
1617 2711 1854 2780 lapsibus
1919 2712 2053 2764 bene

484 2804 711 2880 vivendo
741 2803 915 2877 erigit.
953 2803 1092 2870 Quid
1123 2819 1252 2875 ergo
1281 2803 1410 2866 iste,
1445 2803 1548 2857 nisi
1579 2818 1750 2871 usque
1787 2802 1851 2855 ad
1885 2801 2054 2872 Baby-

484 2896 656 2949 lonem
687 2895 855 2961 venit,
878 2903 931 2950 et
959 2895 1031 2949 ibi
1054 2894 1345 2949 liberatus?
1371 2893 1470 2960 Qui
1493 2902 1774 2963 postquam
1801 2891 2054 2947 confusus

483 2993 659 3039 mente
703 2997 955 3053 perversa
997 2983 1359 3054 perpetravit,
1412 2983 1526 3036 iure
1574 2982 1686 3050 ipsa
1731 2981 2054 3036 erubescens

484 3073 644 3137 inala,
667 3088 786 3144 qua:
813 3072 960 3138 fecit,
991 3088 1049 3128 se
1070 3082 1254 3128 contra
1280 3087 1336 3127 se
1360 3073 1532 3142 erigit,
1550 3072 1757 3126 etbene
1779 3070 2054 3140 operando

486 3169 552 3224 ad
581 3176 779 3226 statum
805 3167 1145 3227 rectitudinis
1177 3167 1333 3224 redit.
1368 3165 1658 3234 Sequitur:

562 3281 580 3312 ι
617 3261 686 3315 Et
727 3259 960 3329 loqueris
987 3268 1044 3314 et
1066 3259 1215 3314 dices
1240 3260 1305 3313 ad
1334 3273 1448 3314 eos.
1492 3258 1614 3313 licec
1643 3257 1771 3312 dicit
1798 3257 2056 3312 Dominus

495 3373 510 3403 ι
532 3352 691 3418 Deus,
712 3353 756 3406 si
781 3350 919 3404 forte
940 3351 1157 3405 audiant
1176 3358 1230 3404 et
1251 3351 1548 3419 quiescant.
1578 3368 1594 3400 ι
1615 3348 1838 3416 Quoties
1864 3349 2057 3402 divinis

489 3443 712 3499 vocibus
733 3439 1018 3503 difficultas
1041 3441 1288 3494 audiendi
1319 3442 1596 3510 repetitur,
1623 3448 1679 3492 ut
1700 3439 1929 3501 dicatur,
1953 3457 1968 3487 ι
2000 3438 2054 3491 Si

489 3537 626 3589 forte
652 3534 890 3596 audiant,
927 3551 944 3583 ι
980 3532 1106 3600 quid
1128 3531 1270 3585 aliud
1291 3546 1452 3600 quam
1481 3529 1843 3601 transmigrati
1877 3528 2055 3597 populi

489 3622 685 3678 duritia
705 3621 1050 3689 designatur?
1068 3619 1126 3674 ln
1148 3621 1341 3690 quibus
1363 3619 1538 3674 verbis
1554 3633 1744 3689 magna
1769 3627 1850 3672 est
1874 3627 2057 3673 nostra

491 3713 803 3780 consolatio,
836 3714 960 3783 quia
988 3712 1033 3768 si
1057 3712 1394 3782 omnipotens
1423 3711 1564 3766 Deus
1593 3711 1905 3780 prophetam
1935 3709 2059 3762 mit.-

490 3818 608 3860 tens
651 3806 718 3860 ad
762 3820 1073 3875 perversum
1103 3804 1353 3874 populum
1397 3804 1558 3857 verba
1607 3819 1702 3858 sua
1739 3802 2055 3865 denuntiat,

492 3895 704 3951 difﬁcile
758 3897 982 3960 audire,
1025 3910 1122 3949 cur
1149 3909 1247 3948 nos
1284 3894 1464 3948 miseri
1510 3894 1917 3955 contristamur,
1964 3907 2061 3946 cur

491 4004 631 4060 srepe
674 4004 703 4042 a
741 3987 997 4042 fratribus
1031 3987 1084 4041 in
1125 3995 1308 4042 nostra
1353 3986 1711 4041 admonitione
1758 3984 2058 4040 contemni-

491 4079 644 4135 mur?
658 4078 790 4132 Nam
807 4079 999 4133 crebro
1013 4078 1378 4147 delinquentes
1393 4076 1731 4146 alloquimur,
1749 4074 1970 4142 frequen
1981 4083 2061 4128 ter

493 4169 835 4236 increpamus
854 4206 869 4231 ,
897 4182 1037 4236 saepe
1065 4181 1186 4220 cum
1215 4167 1294 4221 eis
1319 4165 1527 4219 blandis
1568 4164 1905 4218 sermonibus
1945 4165 2059 4230 agi-

494 4275 634 4323 mus,
659 4268 714 4314 et
738 4267 916 4312 tamen
945 4258 988 4312 si
1013 4257 1149 4312 alter
1178 4257 1345 4321 audit,
1368 4255 1504 4310 alter
1525 4255 1710 4309 audire
1742 4255 2056 4317 contemnit,

493 4351 628 4404 alter
654 4365 718 4403 ex
747 4356 898 4418 parte
925 4347 1146 4402 verbum
1172 4345 1560 4402 exhortationis
1603 4343 1860 4412 suscipit,
1894 4351 1948 4396 et
1996 4358 2060 4396 ex

494 4453 644 4510 parte
671 4441 910 4509 recipere
938 4450 1174 4502 recusat,
1193 4437 1263 4490 ita
1294 4446 1349 4488 ut
1373 4433 1611 4505 quotidie
1632 4434 1840 4502 impleri
1877 4432 2059 4489 videa-

494 4501 613 4584 inus
642 4530 743 4584 hoc
761 4501 901 4598 quod
937 4543 1034 4601 per
1064 4501 1572 4597 prophetam—alium
1595 4501 1782 4578 narrat
1804 4524 2062 4578 Dominus
2095 4501 2139 4558 θ

493 4634 611 4688 quae
634 4617 820 4673 fecerit
850 4618 1042 4680 iratus,
1073 4631 1192 4670 eum
1224 4615 1381 4670 dicit:
1417 4633 1434 4665 ‹
1456 4612 1570 4668 Plui
1601 4627 1763 4682 super
1786 4612 2058 4667 civitatem

494 4723 675 4771 unam,
699 4716 754 4762 et
777 4722 936 4776 super
962 4706 1185 4760 alteram
1217 4705 1487 4758 civitatem
1509 4717 1614 4756 non
1645 4702 1772 4772 plui.
1804 4701 1936 4755 Pars
1956 4718 2059 4761 una

493 4801 758 4870 completa
785 4809 884 4863 est,
920 4809 974 4853 et
999 4813 1122 4867 pars
1151 4812 1268 4866 quas
1295 4795 1560 4865 compluta
1585 4809 1691 4849 non
1717 4802 1821 4860 est,
1844 4793 2002 4848 aruit.
2038 4812 2054 4844 ι

495 4893 626 4945 tium
671 4891 814 4953 enim
863 4898 1057 4946 sancta:
1114 4887 1501 4944 exhortationis
1547 4885 1708 4942 verba
1755 4887 1860 4942 alia
1909 4901 2077 4945 troas

496 4982 738 5051 suscipit,
777 4980 877 5033 alia
909 4981 1183 5050 suscipere
1215 4987 1457 5046 recusat,
1497 4993 1660 5048 super
1685 4992 1844 5031 unam
1869 4977 2058 5032 civitav

497 5081 601 5124 tem
631 5070 885 5124 Dominus
909 5068 1064 5137 pluit,
1095 5078 1148 5122 et
1177 5077 1331 5136 supet
1374 5069 1594 5122 alteram
1624 5083 1729 5121 non
1763 5066 1919 5135 pluit.

572 5179 591 5210 ‹
629 5160 695 5214 Et
722 5161 1008 5228 assumpsit
1028 5173 1113 5212 me
1141 5160 1378 5226 spiritus.
1405 5159 1470 5211 Et
1491 5157 1666 5210 audivi
1707 5165 1829 5226 post
1857 5171 1940 5208 me
1968 5170 2061 5206 vo-

508 5270 523 5296 σ
563 5265 680 5304 cem
711 5250 1085 5303 commotionis
1113 5263 1335 5315 magnae.
1361 5247 1642 5301 Benedicta
1659 5246 1825 5315 gloria
1851 5245 2060 5302 Domini

503 5359 520 5389 ‹
559 5335 626 5392 'de
652 5337 769 5393 loco
781 5353 896 5392 suo.
911 5356 929 5389 ι
951 5345 1053 5392 etc.
1079 5334 1277 5405 (Πίον.)
1295 5337 1453 5399 Deus,
1474 5335 1538 5387 dc
1555 5350 1660 5402 quo
1676 5334 1932 5403 scriptum
1949 5343 2027 5386 est
2050 5352 2060 5384 :

505 5445 522 5480 ι
558 5428 852 5481 Assumens
876 5438 1183 5479 mansuetos
1213 5424 1486 5486 Dominus,
1509 5423 1651 5492 iipse
1681 5425 1970 5493 assumpsit
2012 5435 2063 5476 ct

499 5517 838 5586 prophetam,
871 5515 958 5584 qui
992 5529 1094 5567 nou
1125 5523 1238 5567 erat
1269 5514 1320 5567 in
1343 5527 1522 5575 carne,
1553 5514 1646 5566 sed
1678 5513 1729 5566 in
1757 5513 1944 5580 spiritu
1969 5555 1981 5574 ,
2014 5523 2065 5564 ei

501 5607 778 5661 ambulans
802 5607 851 5660 in
875 5605 1087 5676 spiritu,
1113 5606 1290 5659 carnis
1310 5621 1471 5677 opera
1500 5619 1604 5657 non
1650 5603 1924 5672 implebat,
1957 5605 2064 5671 spi—

502 5700 636 5754 ritus
687 5694 826 5753 enim
860 5694 950 5747 Dri
1005 5704 1118 5748 erat
1164 5693 1213 5745 in
1251 5709 1330 5746 eo.
1374 5692 1729 5756 Quamobrem
1764 5700 1815 5744 et
1848 5699 2060 5744 terrena

2161 1923 2308 1972 eum,
2346 1915 2402 1962 et
2425 1905 2590 1961 valles
2618 1905 2892 1960 tabescent
2923 1906 3063 1960 sicut
3097 1919 3220 1960 cera
3249 1921 3280 1960 a
3315 1905 3449 1961 facie
3476 1907 3647 1976 ignis,
3685 1915 3742 1963 et

2159 2002 2298 2056 sicut
2345 2015 2483 2069 aqua
2535 2014 2653 2068 quae
2704 1998 2942 2052 defertur
2993 2001 3042 2053 in
3087 2015 3324 2070 prmceps
3372 2000 3555 2071 (Mich.
3603 2002 3667 2072 ι).
3717 2022 3734 2052 ι

2159 2090 2525 2146 Descendente
2550 2090 2690 2144 enim
2721 2090 2945 2144 Domino
2967 2090 3265 2157 Salvatore,
3287 2101 3338 2144 et
3367 2093 3748 2162 proficiscente

2158 2179 2225 2233 de
2246 2178 2428 2243 Patre,
2456 2179 2666 2233 excelsa
2692 2187 2867 2244 terrae,
2899 2189 3214 2250 montesque
3238 2183 3488 2236 commoti
3515 2191 3660 2247 sunt,
3683 2193 3742 2237 et

2160 2267 2415 2323 inferiora
2443 2267 2657 2321 vallium
2689 2267 2995 2336 liquefacta.
3026 2269 3210 2325 Potest
3235 2271 3384 2326 locus
3411 2288 3530 2327 esse
3555 2273 3747 2342 gloria}

2159 2355 2369 2410 Domini
2396 2396 2410 2420 ,
2462 2363 2516 2410 et
2542 2355 2636 2409 lux
2665 2356 3084 2424 inaccessibilis,
3134 2359 3200 2412 de
3221 2373 3332 2427 qua
3365 2369 3418 2413 et
3450 2361 3745 2429 Apostolus

2160 2445 2419 2514 loquitur.
2452 2463 2470 2496 ι
2499 2443 2599 2511 Qui
2623 2445 2770 2500 solus
2788 2444 2950 2501 habet
2976 2446 3451 2512 immortalitatem,
3482 2460 3536 2503 et
3559 2451 3744 2506 lucem

2158 2534 2369 2589 habitat
2421 2534 2866 2590 inaccessibilem.
2905 2554 2929 2587 ι.
2963 2535 3185 2603 Quando
3216 2541 3488 2608 pratterita
3530 2541 3742 2610 judicia

2158 2622 2370 2676 Domini
2417 2622 2597 2677 animo
2632 2622 2979 2689 revolvimus,
3029 2625 3335 2680 audivimus
3373 2642 3560 2681 vocem
3615 2639 3741 2697 post

2161 2722 2369 2781 tergum
2414 2713 2794 2767 commotionis
2819 2728 3057 2783 magnae;
3105 2713 3317 2783 quando
3348 2714 3526 2771 fut-ra
3577 2717 3741 2772 corde

2161 2802 2507 2866 meditantur,
2535 2801 2750 2856 auditur
2776 2818 2877 2856 vox
2903 2802 2969 2856 de
2993 2803 3280 2871 prioribus,
3305 2813 3357 2857 et
3393 2820 3458 2858 ex
3508 2806 3591 2860 his
3618 2821 3742 2874 quas

2161 2901 2284 2946 ante
2310 2900 2454 2947 sunt.
2481 2889 2684 2964 (Greg.)
2707 2893 2844 2959 Quid
2871 2893 3098 2958 esthoc,
3123 2895 3264 2964 quod
3289 2897 3568 2964 propheta,
3597 2905 3742 2965 post.

2158 2996 2320 3051 quam
2358 2982 2426 3036 ad
2457 2983 2980 3052 transmigrationem
3011 2981 3240 3036 ﬁliorum
3269 2984 3446 3053 populi
3481 2986 3738 3052 mittitur,

2158 3087 2345 3127 vocent
2386 3080 2509 3143 post
2552 3087 2611 3128 se
2654 3088 2859 3143 magnae
2885 3073 3260 3128 commotionis
3286 3073 3507 3137 audivit,
3559 3076 3744 3131 dicen-

2081 3147 2124 3208 C
2158 3171 2270 3218 tam
2297 3180 2310 3217 :
2343 3180 2363 3213 ι
2397 3161 2688 3219 Benedicta
2713 3163 2879 3234 gloria
2909 3163 3120 3218 Domini
3152 3164 3216 3218 de
3247 3164 3362 3218 loco
3391 3165 3520 3219 suo?
3555 3186 3574 3218 ι
3599 3165 3742 3221 Con-

2155 3267 2346 3309 versus
2383 3254 2579 3325 quippe
2625 3255 2690 3309 ad
2732 3263 3043 3322 peccatores
3084 3254 3390 3325 Babyloniae
3430 3254 3638 3320 fuerat,
3681 3264 3741 3310 et

2157 3356 2345 3397 vocem
2371 3343 2554 3414 glorias
2579 3343 2788 3399 Domini
2813 3344 2879 3398 de
2907 3344 3025 3399 loco
3048 3358 3146 3398 suo
3171 3353 3294 3413 post
3321 3352 3525 3416 tergum
3557 3346 3746 3400 audie-

2159 3436 2272 3489 bat.
2325 3435 2500 3490 Locus
2553 3437 2695 3490 enim
2730 3435 2942 3490 Domini
2989 3434 3316 3499 Jerusalem,
3367 3437 3419 3491 id
3466 3447 3568 3502 est,
3600 3436 3744 3492 visio

2161 3527 2332 3596 pacis,
2363 3527 2486 3595 quia
2537 3527 2788 3580 nimirum
2819 3527 2983 3581 corda
3026 3527 3113 3581 illa
3160 3529 3342 3583 vident
3369 3542 3432 3581 ca
3482 3543 3600 3597 quae
3641 3528 3746 3593 Dei,

2160 3623 2307 3680 sunt,
2336 3631 2454 3683 qua:
2477 3617 2544 3670 ad
2567 3617 3090 3683 transmigratioaem
3119 3616 3443 3686 Babylooite,
3467 3617 3518 3670 id
3541 3626 3642 3680 est,
3671 3621 3741 3670 ad

2161 3707 2495 3762 confusionis
2510 3707 2660 3774 vitia,
2683 3723 2792 3762 non
2821 3708 3170 3763 descendunt.
3200 3708 3276 3766 lbi
3304 3709 3444 3765 enim
3475 3709 3745 3768 inhabitat

2161 3797 2323 3860 Deus,
2360 3797 2450 3850 ubi
2480 3811 2607 3850 vera
2631 3812 2732 3866 pax
2764 3799 3042 3866 quaeritur,
3076 3798 3302 3857 internae
3325 3799 3743 3867 contemplatio-

2162 3887 2247 3941 nis
2268 3887 2434 3957 gloria
2461 3900 2689 3941 amatur.
2709 3889 2840 3942 Nam
2857 3889 2946 3957 qui
2965 3888 3032 3943 ad
3048 3890 3455 3958 perversitatem
3480 3890 3743 3953 defluunt,

2164 3976 2313 4031 locus
2336 3977 2427 4031 Dei
2455 3992 2574 4032 esse
2597 3987 2965 4032 contemnunt.
3006 3978 3180 4033 Locus
3209 3979 3391 4048 gloria:
3421 3979 3515 4033 Dei
3544 3989 3632 4034 est
3657 3982 3750 4035 vel

2163 4079 2350 4128 sancta
2381 4084 2606 4138 qumque
2632 4070 2833 4133 anima,
2861 4070 2943 4124 vel
2967 4071 3334 4140 unusquisque
3357 4071 3410 4124 in
3432 4070 3748 4132 caelestibus

2163 4175 2487 4229 permanens
2523 4160 2795 4230 angelicas
2822 4161 3065 4229 spiritus,
3112 4169 3168 4216 et
3197 4161 3366 4231 gloria
3415 4161 3630 4216 Domini
3677 4162 3747 4216 de

2166 4252 2282 4305 loco
2308 4267 2405 4306 suo
2433 4251 2790 4315 benedicitur,
2824 4266 2944 4305 cum
2978 4251 3057 4304 vel
3088 4251 3155 4304 ab
3185 4250 3370 4305 electis
3402 4251 3711 4305 hominibus
3731 4293 3747 4313 ,

2164 4344 2246 4398 vel
2281 4360 2310 4397 a
2353 4343 2556 4398 sanctis
2609 4342 2812 4412 angelis
2853 4342 3064 4397 auctori
3092 4343 3332 4397 omnium
3378 4343 3497 4396 laus
3541 4351 3744 4396 :elerna

2165 4445 2433 4494 cantatur.
2478 4433 2536 4488 ln
2586 4449 2652 4489 eo
2678 4449 2843 4504 ergo,
2896 4435 3039 4504 quod
3077 4432 3209 4501 justi
3261 4435 3328 4490 de
3364 4435 3745 4491 convertendis

2168 4523 2542 4593 peccatoribus
2564 4523 2819 4592 cogitant,
2845 4523 2966 4590 quia
2983 4536 3171 4578 eorum
3194 4523 3324 4589 vitia
3347 4524 3744 4587 considerando

2169 4613 2234 4666 ad
2261 4611 2505 4667 carnales
2546 4620 2698 4667 actus
2743 4610 2954 4667 oculum
2982 4610 3212 4676 ducunt,
3242 4611 3396 4680 quasi
3420 4612 3487 4665 ad
3519 4610 3746 4682 Babylo-

2170 4700 2310 4755 niam
2339 4700 2633 4754 intcndant.
2671 4698 2771 4764 Qui
2805 4708 2978 4752 tamen
3010 4713 3107 4768 pro
3144 4708 3281 4753 statu
3323 4714 3435 4753 sua:
3456 4699 3743 4754 rectitudi-

2169 4788 2275 4855 nis,
2304 4792 2427 4857 quia
2451 4787 2737 4843 inlaude
2781 4788 2873 4842 Dei
2901 4788 3037 4843 bona
3066 4798 3373 4843 sanctorum
3400 4789 3744 4843 considerare

2170 4892 2442 4945 nunquam
2483 4875 2750 4937 desinunt,
2785 4878 3032 4944 quamvis
3077 4893 3176 4946 per
3219 4877 3596 4948 cogitationem
3639 4879 3744 4932 alio

2170 4965 2481 5026 intendant,
2531 4964 2684 5032 quasi
2733 4974 2853 5032 post
2883 4979 2942 5017 se
2988 4965 3170 5033 glori-.e
3207 4966 3414 5020 Domini
3447 4980 3632 5020 vocem
3674 4967 3742 5020 ab

2170 5054 2530 5120 Hierusalem,
2563 5054 2613 5107 id
2657 5065 2759 5117 est,
2804 5055 2869 5108 de
2896 5055 3013 5108 loco
3050 5071 3148 5110 suo
3193 5055 3434 5110 audiunt.
3478 5056 3617 5124 Quid
3661 5065 3746 5109 est

2169 5162 2316 5216 ergo,
2347 5146 2486 5212 quod
2516 5153 2635 5213 post
2665 5160 2722 5199 se
2752 5145 3008 5214 propheta
3042 5161 3227 5202 vocem
3267 5145 3470 5198 audivit
3509 5159 3746 5199 commo-

2179 5237 2333 5290 .ionis
2363 5252 2598 5306 magme,
2631 5237 2731 5290 nisi
2762 5237 2901 5304 quod
2934 5244 3052 5304 post
3077 5251 3378 5290 sermonem
3413 5234 3749 5304 praedicatio-

2174 5328 2283 5391 nis,
2323 5329 2410 5395 «ιιιὶ
2443 5328 2500 5380 lit
2529 5329 2593 5381 ad
2638 5327 2797 5380 corda
2826 5326 3181 5394 peccantium,
3212 5325 3444 5378 lamenta
3480 5325 3745 5392 preniteu—

2172 5421 2302 5472 tium
2333 5419 2666 5488 sequuntur?
2718 5418 2963 5472 Pcrvcrsi
2990 5417 3130 5470 enim
3163 5417 3380 5485 quippe,
3413 5416 3540 5470 dum
3581 5432 3748 5485 prava

2171 5518 2353 5578 agunt,
2381 5519 2432 5564 et
2464 5525 2492 5561 a
2537 5508 2696 5576 juslis
2725 5518 2869 5562 recta
2899 5523 3000 5561 non
3034 5507 3274 5569 audiunt,
3305 5509 3552 5561 nesciunt
3587 5522 3749 5577 quam

2169 5603 2276 5656 sint
2291 5602 2468 5670 gravia
2485 5617 2602 5671 qua:
2621 5603 2980 5663 committunt,
3001 5609 3158 5669 atque
3173 5615 3234 5653 ex
3255 5600 3364 5669 ipsa
3383 5618 3478 5652 sua
3497 5603 3750 5671 ignorane

2170 5690 2242 5743 tia
2292 5691 2342 5742 in
2394 5707 2488 5742 suo
2521 5701 2733 5756 stupore
2765 5687 2936 5752 securi
2966 5697 3110 5752 sunt,
3141 5697 3188 5740 et
3212 5687 3453 5754 juventus
3489 5690 3543 5741 in
3577 5686 3754 5756 culpis
