3948 6326
190 359 281 415 8‘59
1148 360 1501 418 COMMENT.
1545 360 1610 416 IN
1646 359 2104 415 E'LECHIELEM.
2142 392 2211 402 -—-
2244 363 2374 418 LIB.
2417 364 2500 421 ιιι.
3336 368 3445 430 570

187 472 327 545 quasi
364 472 602 528 molliter
630 475 994 543 requiescunt,
1023 474 1163 529 sicut
1194 475 1258 528 de
1286 474 1515 543 quodam
1562 478 1753 543 pe‘cca—
1786 475 1829 532 Α
1861 474 2591 548 rum,legitetrecognoscit,
2607 482 3016 551 qulaintrorsus
3030 486 3263 552 rediens,
3282 489 3440 545 intel-

188 565 292 619 tore
317 573 367 619 et
397 580 593 620 securo
621 565 815 634 populo
840 565 1037 619 dicitur
1068 582 1080 617 :
1114 564 1397 633 Requievit
1448 567 1496 619 in
1542 565 1749 621 l‘ccilms
1852 562 1967 634 ligit
1990 566 2133 634 quod
2157 565 2287 620 foris
2314 568 2481 622 audit.
2501 570 2660 625 Aliud
2678 588 2906 643 namque
2932 584 3014 629 cst
3034 575 3433 647 eleemosynam

185 658 306 718 suis,
323 658 447 727 quia
468 673 693 712 securus
710 656 879 726 jacuit
904 656 955 711 in
978 658 1233 726 peccatis.
1258 655 1390 710 Cum
1415 672 1539 709 vero
1564 657 1747 710 audire

183 748 409 819 perversi
432 749 654 803 verbum
670 747 1064 817 praedicationis
1078 749 1361 817 eruperint,
1377 763 1495 816 qua:
1510 748 1615 800 sint
1628 762 1748 815 snp-

182 837 326 907 plicia
362 845 559 891 aeterna
595 853 919 907 cognoscere
942 879 956 903 ,
998 837 1090 908 qui
1122 846 1297 892 terror
1318 838 1505 906 judicii
1531 878 1546 901 ,
1581 853 1745 906 quam

180 931 383 985 subtilis
410 931 739 985 examinatio
765 931 831 984 de
882 930 1106 1000 singulis
1139 932 1442 999 quibusque
1471 930 1740 998 peccatis,

179 1010 308 1075 illico
334 1021 773 1081 contremiscunt,
806 1019 1098 1089 implentur
1127 1020 1417 1091 gemitibus
1444 1060 1456 1081 ,
1481 1029 1654 1073 etnon
1684 1033 1741 1072 se

177 1110 502 1182 capientibus
528 1110 775 1179 suspiriis
800 1110 1111 1174 auxiantur,
1140 1121 1301 1178 atque
1322 1123 1518 1179 magno
1541 1123 1739 1176 pavore

174 1200 435 1264 concussi,
482 1200 533 1253 in
566 1200 711 1255 luctu
738 1208 793 1253 et
815 1198 1028 1255 lletihus
1061 1207 1369 1267 erumpunt.
1412 1200 1737 1268 Prophetam

172 1305 289 1361 ergo
320 1304 424 1344 vox
464 1304 671 1358 magna:
702 1289 1078 1344 commotiouis
1121 1290 1399 1357 sequitur,
1446 1290 1571 1357 quia
1620 1298 1741 1358 post

170 1382 384 1435 verbum
418 1382 836 1450 prtedicationis,
866 1395 1251 1437 conversorum
1284 1389 1445 1449 atque
1472 1381 1740 1450 pmniten-

171 1470 292 1523 tium
324 1468 499 1525 luctus
543 1469 853 1523 audiuntur.
885 1467 985 1535 Qui
1018 1469 1162 1523 enim
1209 1469 1357 1538 ptius
1399 1470 1565 1538 quieti
1588 1468 1738 1536 jace-

167 1560 287 1613 bant
329 1560 385 1614 in
424 1558 666 1623 vulnere,
710 1559 842 1613 tacti
882 1560 1225 1629 postmodum
1269 1576 1427 1613 manu
1458 1560 1737 1615 medicina:

166 1664 278 1703 cum
306 1648 493 1705 dolore
529 1650 751 1704 redeunt
796 1649 863 1704 ad
893 1649 1140 1705 salutem.
1172 1648 1278 1705 Sed
1314 1650 1439 1719 quid
1470 1666 1570 1704 vox
1619 1651 1733 1720 ipsa

163 1740 297 1794 dicat
328 1739 630 1795 audiamus.
667 1759 685 1792 ‹
722 1740 1011 1795 Benedicta
1040 1740 1208 1812 gloria
1255 1740 1469 1795 Domini
1512 1742 1578 1796 de
1615 1741 1733 1797 loco

1848 669 1917 707 ex
1938 665 2204 724 praecepto
2229 656 2428 721 facere,
2452 666 2613 728 atque
2638 660 2779 714 aliud
2808 678 2872 715 ex
2898 663 3181 719 charitate.
3202 665 3279 719 Ex
3296 681 3432 735 ραν-

1848 755 2004 813 cepto
2019 748 2162 801 enim
2188 747 2366 803 facere
2388 751 2593 805 bonum
2623 752 2989 809 inchoantium
3019 765 3124 821 est,
3149 773 3213 812 ex
3246 750 3429 815 chari-

1848 843 1958 890 tate
1985 845 2163 890 autem
2187 838 2383 892 bonum
2402 838 2578 893 facere
2597 842 2980 909 perfectorum,
2999 846 3089 913 qui
3120 862 3225 901 non
3253 847 3427 903 solum

1846 924 1973 992 quia
1991 922 2228 989 iubetur,
2250 926 2469 990 faciunt,
2491 930 2582 983 sed
2599 931 2761 983 etiam
2780 932 3006 1002 diligunt
3022 932 3267 990 faciendo
3282 938 3426 1007 quod

1836 1012 2076 1080 jnbetur.
2125 1015 2260 1070 Hinc
2307 1026 2390 1071 est
2418 1019 2561 1071 enim
2598 1020 2740 1087 quod
2784 1021 2838 1075 in
2868 1036 3060 1091 magna
3088 1024 3287 1081 virtute
3326 1042 3429 1097 per

1844 1103 2184 1158 Psalmistam
2212 1107 2408 1162 dicitur
2436 1126 2447 1161 :
2485 1127 2502 1158 ι
2535 1107 2669 1164 Υἱάο
2694 1110 2818 1178 quia
2845 1105 3098 1167 mandata
3124 1122 3212 1169 tua
3238 1115 3421 1182 dilexi,

1844 1193 2110 1259 Domine,
2178 1195 2229 1247 in
2269 1206 2359 1249 tua
2406 1197 2779 1253 misericordia
2828 1199 3042 1255 vivifica
3094 1217 3178 1256 me
3236 1202 3418 1273 (Psal.

1840 1286 2049 1357 cxvm).
2109 1307 2125 1338 ι
2165 1286 2253 1342 Sic
2283 1288 2371 1356 qui
2418 1290 2684 1344 castitatis
2724 1290 2928 1346 bonum
2977 1293 3029 1346 in
3061 1309 3163 1347 suo
3198 1311 3426 1365 corpore

1839 1378 2106 1442 custodit,
2156 1388 2343 1433 contra
2374 1379 2706 1435 luxuriantes
2737 1382 2850 1437 zelo
2888 1384 3221 1447 accenditur,
3255 1394 3313 1439 ut
3354 1388 3424 1442 ab

1839 1468 2192 1540 immunditia
2220 1470 2447 1525 maculis
2475 1471 2778 1540 expientur.
2824 1473 2890 1527 Et
2933 1489 3074 1543 szepe
3102 1474 3226 1528 dum
3257 1492 3419 1546 quos-

1838 1558 1962 1612 dam
2000 1559 2053 1613 in
2084 1558 2326 1629 lapsibus
2363 1562 2586 1626 invenit,
2628 1562 2880 1628 edomat,
2920 1562 3113 1634 aﬂligit
3151 1573 3313 1634 atque
3352 1567 3422 1621 ad

1835 1648 2111 1703 castitatis
2140 1651 2457 1703 munditiam
2490 1651 2789 1722 restringit.
2825 1650 2987 1720 Cujus
3016 1654 3061 1708 si
3099 1653 3238 1710 forte
3263 1666 3421 1710 mens

1836 1739 1902 1792 de
1945 1738 2285 1795 immunditia
2307 1740 2532 1797 luxuria:
2576 1744 2738 1798 fuerit
2760 1754 2996 1811 tentata,
3027 1763 3093 1801 ex
3126 1748 3240 1817 ipso
3263 1749 3418 1804 docet

162 1844 271 1884 suo.
324 1848 343 1882 ι
386 1829 564 1887 Locus
603 1832 747 1887 enim
794 1831 1012 1902 maligni
1056 1832 1280 1901 spiritus
1320 1832 1537 1887 fuerant
1570 1836 1732 1889 corda
1765 1815 1810 1873 Β
1839 1830 1958 1883 zelo
1982 1845 2091 1899 quo
2120 1830 2255 1887 alios
2269 1834 2535 1897 ’correxit,
2567 1837 2911 1905 semetipsam
2938 1815 3187 1893 convenit
3213 1851 3264 1894 et
3293 1856 3417 1895 eru-

161 1920 521 1990 peccantium,
550 1921 644 1976 sed
670 1936 791 1977 cum
822 1921 1171 1991 sibimetipsis
1194 1922 1316 1976 irati
1348 1938 1443 1992 per
1469 1924 1735 1993 poeniten-

164 2012 281 2066 tiam
332 2012 559 2071 redeunt
602 2013 670 2068 ad
692 2014 878 2078 vitam,
920 2013 1105 2085 gloriae
1134 2014 1345 2070 Domini
1392 2016 1542 2072 locus
1580 2017 1728 2083 ﬁunt,

152 2102 258 2171 jam
287 2118 347 2157 se
375 2113 562 2159 contra
592 2119 651 2159 se
702 2105 936 2175 erigunt,
962 2103 1077 2173 jam
1105 2105 1436 2175 pmnitentiae
1477 2107 1731 2178 lacrymis

160 2196 511 2267 insequuntur
536 2196 695 2261 mala,
728 2212 847 2266 qua:
872 2197 1279 2257 commiserunt.
1312 2198 1439 2254 inde
1460 2214 1587 2269 ergo
1635 2215 1731 2254 au-

158 2284 296 2340 ditur
322 2286 626 2340 benedictio
651 2286 832 2356 gloriaa
860 2286 913 2342 in
936 2285 1096 2343 laude
1126 2286 1254 2352 Dei,
1286 2289 1427 2343 unde
1452 2290 1604 2358 prius
1642 2306 1731 2345 so-

157 2377 313 2437 nabat
342 2376 615 2431 Creatoris
652 2375 848 2446 injuria
890 2377 957 2432 de
1000 2392 1183 2433 amore
1212 2379 1494 2447 prcesentis
1523 2380 1725 2446 saeculi,

155 2476 206 2522 et
229 2466 391 2523 corda
423 2469 801 2539 pceuitentium
827 2468 961 2523 ﬁunt
980 2468 1094 2539 jam
1127 2469 1353 2524 Domino
1392 2469 1541 2524 locus
1568 2485 1727 2537 suus,

154 2572 267 2627 quae
290 2560 444 2628 prius
472 2559 525 2613 in
555 2559 795 2630 peccatis
822 2559 1018 2632 posita,
1056 2558 1275 2616 fuerunt
1303 2561 1454 2617 locus
1498 2561 1725 2618 alienus.

153 2646 225 2703 De
250 2648 448 2717 quibus
475 2649 651 2702 adhuc
679 2649 926 2704 subditur
950 2667 963 2707 :

219 2820 237 2853 ι
257 2803 519 2857 Etvocem
534 2803 739 2859 alarum
753 2804 1061 2859 animalium
1073 2805 1488 2878 percutientium
1503 2805 1729 2862 alteram

156 2914 173 2945 ι
206 2893 271 2947 ad
294 2893 545 2959 alteram,
570 2902 677 2948 etc.
712 2913 732 2948 ι
763 2894 984 2950 Audivit
1012 2904 1134 2966 post
1166 2911 1224 2951 se
1250 2898 1511 2967 propheta
1537 2912 1727 2954 vocem

151 2986 525 3041 commotionis
551 3000 777 3058 magna.
809 2987 956 3057 quia,
983 2988 1123 3041 sicut
1147 2987 1348 3042 dictum
1378 2999 1482 3054 est,
1502 2988 1725 3043 verbum

147 3078 549 3147 praedicantium
580 3076 756 3133 luctus
795 3078 1173 3148 pmnitentium
1203 3080 1469 3148 sequitur.
1507 3078 1727 3135 Audivit

1837 1918 2007 1975 bescit
2054 1922 2329 1978 immunda
2384 1925 2655 1994 cogitare,
2708 1942 2827 1995 quae
2870 1942 2927 1982 se
2968 1929 3023 1982 in
3073 1929 3193 1984 aliis
3230 1931 3415 1986 recolit

1836 2012 2159 2067 correxisse.
2190 2013 2247 2067 la
2269 2014 2371 2069 hoc
2392 2030 2518 2084 ergo
2546 2014 2628 2067 ala
2655 2014 2793 2070 alam
2822 2018 3071 2085 percutit,
3099 2019 3224 2075 dum
3247 2020 3417 2076 virtus

1831 2104 2087 2159 virtutem
2114 2105 2385 2174 pulsat,et
2409 2108 2477 2160 ab
2500 2106 2833 2162 immunditia
2861 2109 3111 2163 custodit.
3142 2109 3235 2163 Sin
3264 2126 3415 2177 vero,

1831 2204 1889 2249 ut
1904 2194 2110 2266 praefati
2130 2212 2333 2259 sumus,
2353 2197 2587 2251 vicissim
2607 2213 2663 2252 se
2676 2198 2773 2251 alis
2788 2198 2901 2252 suis
2919 2198 3170 2253 animalia
3190 2198 3411 2268 feriunt,

1832 2297 1885 2342 et
1917 2288 2001 2342 ala
2021 2289 2192 2343 altera
2224 2290 2289 2343 ad
2312 2288 2533 2343 alteram
2556 2291 2697 2343 alam
2720 2291 3019 2360 percutitur
3039 2290 3369 2361 singulorum
3395 2308 3408 2345 :

1832 2378 1992 2449 hujus
2020 2393 2234 2447 quoque
2263 2377 2640 2448 descriptionis
2673 2379 2932 2451 largiente
2964 2380 3191 2434 Domino
3219 2396 3411 2435 sensus

1829 2477 1999 2539 patet.
2028 2470 2167 2536 Quid
2197 2477 2280 2525 est
2303 2484 2432 2540 ergo
2453 2470 2593 2539 quod
2618 2470 2732 2523 haec
2754 2480 2981 2540 pennata
3012 2470 3263 2527 animalia
3298 2470 3411 2526 alas

1831 2562 2058 2616 alteram
2091 2562 2159 2615 ad
2202 2560 2427 2616 alteram
2459 2561 2691 2626 feriunt,
2719 2562 2820 2616 nisi
2852 2539 2992 2632 quod
3020 2578 3207 2617 omnes
3236 2564 3410 2617 sancti

1829 2666 1889 2707 se
1922 2652 2148 2707 invicem
2180 2652 2294 2707 suis
2314 2652 2605 2706 virtutibus
2654 2661 2911 2723 tangunt,
2944 2661 2999 2708 ct
3028 2668 3147 2712 sese
3186 2654 3253 2707 ad
3284 2668 3409 2722 prov-

1831 2751 2047 2796 vectum
2071 2742 2310 2797 excitant
2332 2757 2399 2797 ex
2439 2743 2870 2798 consideratione
2914 2744 3131 2798 virtutis
3176 2743 3406 2799 alicam?

1827 2834 1944 2890 Non
1972 2834 2116 2889 enim
2144 2835 2237 2888 uni
2268 2834 2465 2889 dantur
2490 2835 2693 2899 omnia,
2723 2847 2789 2887 ne
2816 2834 2870 2887 in
2899 2834 3207 2904 superbiam
3233 2834 3405 2890 elatus

1827 2926 2005 2990 cadat,
2054 2924 2149 2979 sed
2200 2925 2324 2979 huic
2369 2925 2526 2979 datur
2553 2924 2695 2993 quod
2741 2923 2837 2977 tibi
2866 2938 2971 2977 non
3011 2924 3192 2989 datur,
3226 2933 3281 2978 et
3310 2926 3402 2981 tibi

1828 3015 1987 3069 datur
2025 3012 2168 3081 quod
2204 3012 2277 3066 illi
2326 3013 2644 3082 denegatur,
2688 3021 2746 3067 ut
2792 3012 2917 3067 dum
2967 3012 3069 3067 istc
3098 3014 3406 3069 considerat

1826 3102 2027 3157 bonum
2055 3102 2199 3172 quod
2247 3103 2453 3169 habes,
2504 3111 2559 3157 et
2590 3103 2702 3174 ipse
2744 3118 2851 3158 non
2896 3102 3078 3168 habet,
3116 3111 3165 3158 te
3207 3104 3306 3160 sibi
3352 3106 3401 3160 in

148 3178 347 3265 Posiae.
372 3185 559 3265 ’⁷90⁸³³
588 3168 794 3265 alarum
822 3169 1154 3265 animalium,
1185 3169 1309 3240 quia
1332 3185 1398 3231 ex
1428 3170 1545 3240 ipso
1570 3170 1716 3225 Ῑυθιυ
1746 3171 1790 3233 C
1823 3168 2426 3265 cogitatiobepml‘erat.
2452 3193 2519 3247 Et
2541 3168 2773 3253 rursum.
2800 3194 2925 3248 dum
2950 3194 3230 3251 tu’habere
3255 3196 3401 3251 illum

145 3260 516 3333 pmnitentium
540 3259 789 3315 oriuntur
816 3260 1041 3314 virtutes
1070 3270 1381 3315 sanctorum
1408 3300 1423 3325 ,
1464 3270 1521 3314 ut
1570 3270 1718 3317 tanto

144 3352 311 3424 magis
340 3352 394 3406 in
447 3358 654 3421 sancta,
678 3350 892 3405 actione
923 3348 1226 3419 proﬁciant,
1273 3360 1476 3420 quanto
1506 3367 1565 3408 se
1593 3359 1718 3411 ante

144 3443 503 3514 cognitionum
549 3442 671 3497 vita:
709 3441 959 3511 nequiter
982 3442 1157 3512 egisse
1196 3442 1578 3497 meminerunt.
1610 3441 1717 3503 Sed

144 3544 222 3591 est
246 3536 299 3590 in
327 3536 413 3591 his
440 3536 620 3599 verbis
660 3549 851 3609 magna
896 3534 1191 3601 dubitatio,
1224 3535 1349 3606 quia
1396 3550 1501 3589 non
1532 3542 1717 3604 aperte

142 3616 578 3699 per-prophetam
603 3629 820 3694 dicitur,
852 3637 1033 3687 utrum
1064 3630 1484 3703 unumquodque
1513 3627 1711 3683 animal

142 3718 249 3777 alas
269 3734 398 3774 suas
423 3720 477 3774 in
502 3719 806 3789 semetipsis
827 3721 1114 3789 percutiat,
1134 3736 1203 3774 an
1226 3729 1375 3781 certe
1396 3723 1509 3776 haec
1526 3721 1714 3777 eadem

141 3818 320 3869 sancta
349 3810 605 3865 animalia
633 3810 733 3866 alis
757 3810 871 3865 suis
896 3825 954 3865 se
979 3811 1214 3867 vicissim
1242 3810 1466 3875 feriant,
1496 3821 1554 3866 ut
1598 3812 1715 3868 alas

141 3904 296 3973 hujus
320 3904 578 3970 alterum,
596 3911 650 3959 et
670 3904 785 3963 alas
809 3903 1030 3959 alterius
1057 3904 1200 3959 istud
1229 3913 1430 3975 tangat.
1461 3904 1564 3959 Sed
1587 3906 1713 3976 quia

139 3996 454 4075 plerumque
496 3997 552 4051 in
594 4010 752 4056 sacro
788 3996 1004 4065 eloquio
1065 3996 1183 4052 ideo
1234 3995 1437 4066 aliquid
1484 3997 1714 4051 obscure

139 4089 349 4153 dicitur,
378 4096 435 4143 et
467 4089 813 4160 dispensante
844 4088 1164 4143 mirabiliter
1186 4088 1297 4143 Deo
1341 4089 1714 4158 multipliciter

139 4193 455 4251 exponetur,
500 4195 601 4238 nos
629 4189 860 4253 utraque
880 4195 1148 4250 exponere
1189 4181 1451 4251 largiente
1485 4180 1713 4235 Domino

140 4272 413 4329 debemus.
433 4271 586 4344 Smpe
603 4273 744 4328 enim
768 4272 882 4335 alas
903 4272 1214 4327 animalium
1238 4273 1463 4327 virtutes
1479 4272 1713 4329 diximus

140 4378 253 4419 esse
290 4373 625 4431 sanctorum,
656 4364 923 4435 quomodo
948 4380 1076 4435 ergo
1120 4366 1540 4435 unumquodque
1590 4366 1710 4419 atii-

140 4454 239 4508 mal
268 4455 384 4510 alas
408 4471 533 4510 suas
553 4457 835 4512 excutiens
861 4455 1085 4510 alteram
1108 4456 1174 4511 ad
1202 4455 1425 4510 alteram
1452 4456 1705 4526 percutit,

140 4547 235 4603 nisi
264 4550 411 4619 quod
440 4557 623 4617 aperte
662 4548 821 4611 datur
849 4548 1072 4617 intelligi
1122 4548 1269 4618 quia,
1302 4548 1345 4603 si
1376 4556 1562 4603 sancta
1593 4551 1709 4603 ani-

140 4638 295 4692 malia
322 4637 607 4701 efﬁcimur,
631 4638 801 4692 virtuts
818 4638 1069 4692 virtutem
1095 4637 1147 4691 in
1165 4639 1319 4692 nobis
1340 4638 1563 4701 excitat,
1582 4638 1707 4693 dum

139 4747 237 4785 una
263 4732 489 4787 alteram
519 4731 585 4785 ad
624 4728 1007 4800 perfectionem
1028 4729 1240 4800 pulsat?
1270 4730 1407 4784 Ecce
1441 4729 1583 4785 enim
1615 4730 1709 4784 ha-

138 4825 224 4879 bet
264 4827 390 4893 quis
436 4826 583 4878 τοῖ’κὶ
627 4824 719 4877 Dei
760 4822 1075 4887 scientiam,
1124 4830 1285 4893 atque
1328 4836 1428 4890 per
1462 4821 1705 4875 eamdem

138 4913 414 4967 scientiam
442 4913 629 4972 discit,
662 4922 716 4964 ut
748 4912 954 4967 viscera
978 4912 1151 4965 etiam.
1172 4910 1558 4966 misericordi-.8
1610 4912 1705 4964 lia-

136 5003 285 5065 heat,
306 5017 405 5070 per
433 5002 710 5079 scientiam
736 5002 932 5069 quippe
958 5000 1106 5055 verbi
1141 5001 1233 5054 Dei
1260 5001 1482 5055 didicit:
1519 5018 1537 5050 α
1576 5002 1708 5055 Date

138 5093 552 5163 eleemosynam,
598 5110 725 5149 ecce
754 5092 931 5148 omnia
974 5093 1171 5147 munda
1200 5100 1328 5150 sunt
1376 5095 1525 5148 vobis
1554 5092 1703 5163 (Luc.

139 5183 231 5255 ιι).
268 5203 287 5235 ι
339 5183 472 5238 Cum
496 5183 605 5251 jzun
637 5200 755 5238 esse
795 5182 1098 5236 misericors
1125 5182 1176 5235 in
1217 5182 1569 5253 eleemosynis
1595 5196 1708 5237 cce-

137 5273 293 5341 perit,
323 5274 487 5328 verba
501 5281 713 5336 sancta;
737 5270 1073 5329 auctoritatis
1100 5270 1249 5340 legit,
1280 5278 1335 5324 et
1362 5272 1618 5341 quidquid
1654 5273 1705 5326 in

137 5364 213 5419 eis
243 5365 308 5419 de
342 5362 713 5418 misericordia
750 5362 963 5422 dicitur,
994 5360 1212 5412 uterius
1245 5375 1339 5426 per
1363 5362 1708 5429 experimen-

140 5463 244 5508 tum
276 5454 546 5523 intelligit.
578 5451 650 5505 lbi
677 5454 817 5507 enim
843 5452 1101 5521 scriptum
1129 5460 1211 5504 est
1254 5470 1265 5503 :
1308 5469 1325 5501 ι
1368 5452 1529 5506 Pater
1559 5469 1705 5507 eram

138 5562 429 5619 pauperum
450 5542 589 5615 (Job.
616 5541 787 5613 xxxx).
812 5562 830 5593 ι
856 5541 1006 5607 Quod
1031 5540 1257 5595 fortasse
1282 5550 1441 5594 antea
1474 5541 1703 5613 legebat,

139 5644 183 5691 ct
215 5636 545 5698 praeteribat,
565 5635 655 5689 sed
669 5648 792 5687 eum
820 5633 872 5685 in
900 5630 1315 5701 ejuscordejam
1331 5633 1701 5687 misericordia

141 5729 349 5796 ςωμυτὶι
370 5739 572 5787 mutare
590 5734 855 5784 naturam,
872 5722 995 5793 quid
1026 5723 1089 5778 sit
1116 5731 1319 5793 patrem
1353 5738 1471 5779 esse
1495 5740 1699 5795 parape-

1821 3285 2114 3354 conspicis.
2163 3283 2305 3353 quod
2330 3284 2445 3354 ipse
2472 3299 2577 3338 non
2605 3282 2789 3348 habes,
2821 3292 2872 3338 te
2897 3284 2970 3337 illi
3000 3285 3052 3338 in
3085 3294 3173 3338 tua
3200 3288 3403 3356 cogita-

1820 3378 1967 3433 tione
1994 3384 2392 3445 postponas,.et
2421 3374 2513 3429 ﬁat
2537 3375 2679 3445 quod
2725 3374 2984 3444 scriptum
3026 3381 3147 3428 est:
3184 3395 3200 3425 ι
3232 3375 3401 3446 Supe-

1819 3467 1991 3521 riores
2022 3466 2123 3520 sibi
2152 3465 2383 3520 invicem
2409 3464 2737 3520 arbitrantes
2763 3480 2779 3529 ;
2811 3482 2828 3514 ι
2855 3471 2917 3517 ut
2951 3463 3095 3518 enim
3131 3479 3298 3533 pauca
3331 3481 3397 3521 ex

1818 3556 2004 3611 multis
2036 3554 2247 3623 loquar,
2273 3555 2359 3609 isti
2390 3554 2541 3609 mira:
2562 3553 2903 3608 abstinentia:
2926 3553 3097 3607 virtus
3121 3554 3395 3619 tribuitur,

1817 3655 1872 3701 et
1897 3654 2078 3701 tamen
2099 3646 2321 3700 verbum
2344 3645 2584 3700 scientia:
2607 3660 2713 3703 non
2731 3643 3014 3719 habetqllli
3041 3647 3197 3699 datur
3221 3660 3398 3709 sermo

1816 3736 2075 3799 scientia,
2100 3744 2160 3790 et
2184 3743 2361 3789 tamen
2390 3734 2643 3789 virtutem
2669 3731 2920 3803 perfecta:
2944 3732 3282 3789 abstinentia:
3306 3735 3397 3787 ad-

1814 3826 2149 3897 prehendere
2188 3818 2416 3880 eonatur
2445 3833 2499 3883 et
2543 3840 2651 3878 non
2697 3823 2856 3876 valet.
2884 3821 3020 3895 Huic
3058 3822 3277 3879 libertas
3302 3815 3397 3879 tri?

1812 3916 2001 3971 buitur
2042 3914 2220 3980 vocis,
2271 3924 2332 3967 ut
2386 3913 2658 3984 oppressis
2704 3912 3007 3981 quibusque
3053 3914 3396 3982 protectiouis

1815 4004 2065 4060 solatium
2089 4004 2433 4076 impendens,
2462 4003 2528 4058 ad
2557 4001 2924 4071 defensionem
2964 4000 3187 4071 justitiae
3229 4003 3396 4061 libere

1813 4094 2105 4165 loquatur;
2150 4092 2246 4149 sed
2299 4103 2477 4146 tamen
2529 4092 2703 4151 adhuc
2739 4090 2906 4146 multa
2948 4092 3000 4145 in
3043 4091 3146 4148 hoc
3194 4093 3394 4147 nmndo

1812 4187 2115 4256 possidens,
2153 4184 2460 4253 relinquere
2489 4183 2669 4238 omnia
2706 4182 2821 4236 vult
2862 4191 2917 4237 et
2960 4194 3065 4240 non
3103 4183 3265 4237 valet.
3314 4183 3391 4239 llli

1812 4293 1940 4333 vero
1962 4275 2074 4345 jam
2124 4276 2309 4331 datum
2355 4281 2438 4329 est
2483 4274 2664 4329 omnia
2692 4282 2907 4328 terrena
2954 4273 3287 4345 relinquere,
3334 4286 3393 4330 ut

1812 4367 1950 4427 nihil
1975 4367 2028 4421 in
2053 4360 2158 4421 hoc
2186 4367 2387 4420 mundo
2414 4365 2594 4433 cupiat
2624 4365 2842 4428 habere,
2887 4365 2980 4418 sed
3011 4374 3186 4420 tamen
3217 4366 3392 4422 adhuc

1815 4458 2191 4513 auctoritatem
2231 4456 2379 4511 vocis
2423 4463 2608 4510 contra
2662 4463 2948 4524 peccantes
2996 4470 3240 4526 quosque
3281 4474 3388 4513 non

1816 4550 2096 4620 praesumit
2119 4562 2395 4612 exercere,
2422 4554 2476 4601 et
2505 4546 2595 4616 qui
2638 4545 2758 4599 ideo
2780 4544 2899 4615 plus
2926 4544 3068 4615 loqui
3097 4545 3263 4601 libere
3297 4548 3390 4603 de-

1814 4639 1953 4702 buit,
1982 4637 2107 4708 quia
2131 4637 2243 4708 jam
2276 4652 2382 4691 non
2418 4637 2578 4692 habet
2606 4635 2746 4689 unde
2774 4634 2826 4687 in
2854 4635 2956 4689 hoc
2984 4637 3182 4691 mundo
3209 4628 3388 4692 tenea-

1816 4737 1920 4792 tur,
1951 4727 2097 4796 loqui
2122 4734 2311 4782 contra
2354 4726 2487 4781 alios
2516 4724 2683 4779 libere
2707 4734 2945 4790 recusat,
2978 4741 3045 4789 ne
3076 4726 3243 4796 ipsam
3267 4728 3389 4782 vitae

1811 4832 1920 4871 suae
1947 4816 2183 4886 quietem
2208 4815 2415 4885 perdat.
2460 4814 2550 4869 lsti
2581 4814 2753 4869 virtus
2799 4816 3096 4885 prophetiae
3118 4818 3241 4872 data
3281 4828 3383 4883 est,

1772 4928 1773 4931 η
1812 4906 1982 4960 multa
2010 4906 2154 4977 jam,
2202 4920 2321 4975 quae
2366 4912 2591 4959 ventura
2619 4912 2742 4958 sunt
2766 4896 3041 4974 prmvidet,
3084 4908 3175 4961 sed
3206 4916 3384 4963 tamen

1811 4996 2092 5065 prcesentis
2134 4994 2365 5065 proximi
2410 4994 2781 5063 aegritudinem
2840 4995 3178 5063 conspiciens
3225 5007 3387 5068 atque

1813 5087 2165 5157 compatiens,
2192 5101 2296 5140 non
2329 5084 2470 5139 valet
2492 5100 2701 5139 curare.
2728 5085 2804 5137 illi
2831 5086 2954 5139 data
2976 5093 3060 5141 est
3088 5089 3384 5145 curationis

1811 5178 2197 5247 gratia,atque
2230 5191 2270 5229 a
2299 5189 2523 5243 corpore
2566 5174 2795 5244 proximi
2829 5174 3132 5230 molestiam
3162 5193 3279 5247 qua:
3328 5178 3382 5233 in

1809 5267 2064 5337 ιιι-ωεξηιί
2106 5274 2188 5320 est
2228 5264 2564 5319 orationibus
2594 5264 2835 5334 repellit,
2886 5263 2979 5318 sed
3031 5273 3208 5321 tamen
3254 5268 3383 5337 quid

1811 5360 2044 5428 seipsum
2089 5355 2245 5427 paulo
2286 5365 2407 5427 post.
2454 5366 2709 5425 sequatur
2736 5356 2967 5425 ignorat.
3020 5356 3151 5412 Mira
3202 5359 3384 5430 itaque

1810 5449 2207 5518 dispensatione
2230 5448 2570 5515 omnipotens
2594 5447 2733 5500 Deus
2759 5446 2837 5501 sic
2864 5448 2913 5500 in
2938 5447 3123 5503 electis
3152 5451 3262 5505 suis
3286 5466 3379 5506 sua

1810 5540 1945 5594 dona
1983 5539 2277 5609 dispensat,
2312 5544 2447 5591 utet
2477 5536 2564 5590 isti
2616 5534 2705 5591 det
2744 5536 2887 5606 quod
2926 5536 3001 5591 illi
3040 5539 3299 5611 denegat,
3330 5550 3381 5595 et

1809 5634 1962 5688 alteri
2000 5633 2171 5702 majus
2198 5632 2337 5703 quod
2366 5632 2521 5687 alteri
2539 5633 2713 5691 minus
2736 5633 2953 5695 tribuat,
2972 5620 3237 5703 quatenus
3256 5642 3381 5691 dum

1809 5725 1889 5783 vel
1920 5726 1933 5778 i
1971 5734 2018 5777 te
2046 5724 2242 5778 habere
2269 5724 2412 5777 illum
2444 5724 2727 5794 conspicit,
2747 5723 2887 5793 quod
2915 5724 3027 5796 ipse
3060 5740 3163 5780 non
3194 5727 3383 5792 habrt,
