3948 6322
505 332 601 390 571

1139 340 1198 393 Β.
1243 332 1499 393 ΒΑΒΑΝΙ
1534 338 1751 395 MAURI
1785 339 2076 395 ARClllEP

2181 339 2460 398 lOGUNT.
2503 341 2786 398 OPERUM
2826 343 3002 401 {ARS
3044 346 3105 401 ll.

3669 349 3781 411 572

502 453 588 509 vel
618 453 706 510 ille
734 454 889 511 hunc
918 454 1094 526 majus
1119 457 1393 526 accepisse
1420 459 1756 522 considerat,
1808 461 1951 530 quod
1979 461 2083 515 sibi
2115 461 2493 533 Aplangimus
2525 464 2666 518 mala
2714 482 2834 534 qua:
2859 466 3105 523 fecimus.
3132 468 3264 523 Post
3292 485 3480 525 vocem
3508 486 3637 526 vero
3664 470 3779 526 ala-

501 544 681 601 miuus
701 546 894 601 adesse
914 554 1126 616 pensat,
1156 548 1293 601 dona
1320 547 1410 602 Dei
1441 548 1577 603 alter
1605 549 1657 603 in
1681 549 1876 613 altero,
1904 550 1955 603 id
1978 558 2084 614 est,

499 640 739 693 vicissim
770 652 959 693 omnes
985 640 1343 703 admirentur,
1375 640 1619 710 atqueex
1647 643 1749 697 hac
1772 642 1885 712 ipsa
1914 643 2085 696 admi-

501 730 708 781 ratione
737 728 1047 782 humilietur
1070 729 1207 783 alter
1234 731 1412 795 alteri,
1442 740 1495 785 et
1518 746 1679 801 quem
1702 732 1848 785 videt
1884 732 2084 787 habere

505 818 642 883 '(aod
679 832 782 870 non
814 819 1007 883 habet,
1040 833 1165 873 eum
1208 821 1392 874 divino
1429 820 1629 888 iudicio
1669 821 1770 874 sibi
1802 821 2081 890 praélatum

489 916 666 977 1,.;tet.
694 907 1129 979 'Alislergo'suis
1183 925 1239 964 se
1267 911 1507 964 vicissim
1552 910 1803 964 animalia
1848 911 2078 975 feriunt,

500 1015 622 1051 eum
654 1007 854 1052 sanctae
904 1009 1113 1053 mentes
1141 999 1365 1054 alternis
1406 1015 1464 1055 se
1492 1000 1783 1055 virtutibus
1822 1009 2078 1069 tangunt,

499 1098 549 1141 ct
583 1088 848 1157 tangemlo
892 1090 1156 1153 excitant,
1212 1098 1372 1157 atque
1405 1090 1642 1144 excitata
1672 1090 1736 1143 al
1767 1099 2080 1159 provectum

498 1178 695 1231 volant.
727 1177 832 1233 Sed
860 1180 1000 1235 inter
1025 1181 1142 1235 hanc
1170 1180 1446 1235 sciendum
1472 1190 1556 1235 est
1581 1182 1728 1250 quia,
1754 1182 1893 1236 sicut
1923 1180 2079 1236 electi

500 1273 703 1341 quique
735 1274 837 1328 hoc
866 1289 1081 1343 semper
1112 1274 1165 1328 iu
1214 1274 1334 1328 aliis
1364 1275 1672 1337 attendunt,
1712 1275 1855 1344 quod
1887 1289 1915 1327 a
1971 1273 2080 1329 Deo

495 1362 689 1416 melius
716 1372 1042 1434 acceperunt
1066 1379 1228 1434 quam
1254 1365 1377 1433 ipsi,
1405 1365 1687 1419 ulcus-sibi
1706 1365 1757 1419 in
1773 1365 2081 1435 cognitione

494 1452 788 1521 praeferant
825 1468 994 1524 seque
1032 1455 1138 1509 illis
1168 1456 1221 1509 in
1262 1455 1567 1510 humilitate
1604 1456 1975 1521 substernant,
2001 1457 2076 1510 ita

492 1544 845 1613 reproborum
886 1556 1094 1601 mentes
1122 1560 1395 1617 nunquam
1429 1546 1771 1601 considerant
1792 1548 1918 1617 quid
1942 1547 2078 1602 alter

494 1634 617 1688 boni
639 1634 885 1704 amplius,
909 1649 1072 1704 quam
1097 1634 1233 1704 ipse,
1262 1636 1354 1689 sed
1380 1634 1507 1704 quid
1531 1635 1653 1689 boni
1684 1636 1796 1706 ipse
1823 1636 2075 1705 amplius,

492 1740 650 1794 quam
675 1726 1045 1788 alter‘habeat,
1070 1736 1519 1797 neque'pensant,
1542 1730 1664 1797 qua:
1686 1728 1825 1782 bona
1848 1728 2075 1798 spiritus

2189 569 2306 608 rum
2326 564 2382 609 et
2407 564 2673 620 rotarum,
2703 559 2935 613 secunda
2965 548 3258 616 commotio
3279 569 3381 627 est,
3404 563 3527 616 dum
3563 564 3779 635 uzagnis

2184 642 2399 698 fletibus
2442 647 2737 714 qumrimus
2778 647 3022 703 cmlestia
3061 650 3225 714 bona,
3272 666 3393 720 qua:
3445 654 3775 707 audivimus.

2186 732 2328 787 Ecce
2357 734 2523 794 enim,
2552 734 2677 803 quia
2707 736 2845 789 intra
2880 747 3120 793 sanctam
3152 740 3446 795 Ecclesiam
3491 744 3556 796 de
3586 742 3778 795 multis

2186 822 2430 894 patribus
2451 822 2708 877 virtutum
2732 825 2978 895 exempla
3006 831 3405 897 cognoscimus,
3436 832 3527 899 qui
3560 831 3774 884 alarum

2183 913 2418 967 sonitum
2468 913 2709 981 quotidie
2759 916 3027 980 audimus,
3067 918 3189 987 quia
3230 919 3429 988 ubique
3461 936 3614 975 sacra
3655 922 3779 975 elo-

2182 1002 2306 1069 quia
2351 1012 2661 1070 personant,
2691 1004 2847 1071 quasi
2881 1012 3121 1058 rotarum
3165 1008 3389 1061 vocibus
3429 1010 3774 1070 excitamur.

2182 1090 2249 1143 Et
2274 1090 2397 1159 quia
2426 1105 2521 1158 per
2543 1093 2729 1145 eadem
2758 1108 2914 1147 sacra
2941 1093 3157 1162 eloquia
3209 1097 3275 1150 ad
3302 1112 3544 1152 amorem
3590 1100 3777 1153 nostri

2181 1176 2477 1231 conditoris
2505 1180 2881 1245 accenr'imur,
2937 1183 3117 1253 magni
3164 1182 3390 1239 fervoris
3440 1186 3653 1257 ignibus
3685 1203 3777 1242 ar-

2181 1267 2370 1323 dentes
2417 1286 2538 1325 esse
2578 1289 2675 1327 nos
2726 1274 2878 1345 longe
2920 1277 3099 1331 adlmc
3137 1278 3208 1332 ab
3253 1278 3637 1349 omnipotentis
3676 1281 3773 1335 Dei

2182 1358 2320 1414 facie
2365 1359 2691 1433 plangimus.
2737 1363 2867 1419 Post
2894 1366 3127 1434 primam
3156 1383 3284 1437 ergo
3314 1385 3497 1423 vocem
3527 1386 3772 1424 commo-

2181 1448 2343 1504 tionis
2384 1466 2591 1520 magna:
2642 1454 2915 1522 sequitur;
2960 1455 3087 1522 quia
3115 1456 3257 1509 .dum
3306 1465 3627 1513 testamenta
3674 1460 3770 1514 Dei

2182 1535 2234 1589 in
2259 1552 2386 1592 aure
2414 1540 2593 1593 cordis
2622 1556 2816 1596 sonare
2842 1543 3126 1611 ceperint,
3166 1545 3498 1601 audientium
3545 1548 3775 1617 Spiritus

2179 1640 2246 1681 ex
2270 1643 2452 1685 amore
2475 1641 2834 1701 compunctus
2866 1636 2933 1689 ad
2955 1635 3193 1691 lamenta
3227 1648 3619 1695 commoveto".

2255 1756 2273 1789 ‹
2309 1737 2542 1809 Spiritus
2570 1758 2784 1813 quoque
2805 1744 3004 1800 levavit
3033 1762 3147 1811 me,
3180 1759 3235 1802 ct
3253 1751 3545 1819 assumpsit
3578 1766 3685 1813 me,
3720 1761 3775 1806 et

491 1806 629 1871 alter
646 1816 1023 1885 aceeperit,-et
1046 1817 1179 1885 ipsis
1202 1816 1401 1878 desint,
1422 1817 1523 1870 sed
1548 1834 1667 1887 qua:
1696 1818 1834 1872 bona
1862 1818 2077 1888 ipsis-el
2108 1798 2151 1857 Β
2188 1845 2205 1878 ι
2241 1798 2601 1887 abiiamarusl
2614 1833 2669 1886 in
2696 1798 3073 1905 indignatione
3099 1798 3322 1906 spiritus
3346 1798 3474 1893 meir.
3520 1860 3538 1891 ι
3566 1798 3773 1913 (Hiera)

492 1906 777 1975 qim‘mala
809 1907 988 1961 adsint
1019 1907 1195 1961 alteri.
1223 1906 1429 1961 Etcum
1460 1907 1975 1977 omnipoteusteus
2010 1908 2081 1961 ad

491 1998 596 2051 hec
636 1997 874 2068 singulis
906 1998 1144 2051 virtutes
1187 1997 1423 2061 dividat,
1458 2007 1513 2051 ut
1545 1998 1775 2053 alterum
1803 1998 1978 2053 alteri
2026 1999 2078 2052 in

491 2086 819 2155 cogitatione
864 2087 1159 2149 ibumiliet,
1198 2087 1280 2141 ad
1332 2088 1433 2142 hoc
1480 2088 1705 2157 reprobi
1757 2089 2082 2157 pertrahunt

490 2175 708 2241 bonum,
734 2178 874 2246 quod
892 2186 1333 2247 aeceperuut,ut-
1347 2194 1412 2232 ex
1426 2192 1491 2231 eo
1530 2177 1591 2231 in
1602 2177 1833 2232 elatione
1848 2179 2080 2247 perdan-

490 2276 598 2332 tur,
632 2268 758 2321 tium
790 2280 1003 2336 semper
1033 2267 1542 2323 considerantibona
1587 2284 1707 2338 quae
1731 2270 1827 2339 ipsi
1857 2269 2075 2333 habent,

487 2372 543 2417 et
583 2363 672 2418 alii
700 2374 805 2419 non
836 2366 1054 2420 habent.
1079 2365 1146 2419 Et
1172 2379 1446 2434 nunquam
1482 2365 1816 2435 perpendere
1847 2365 2079 2419 student

487 2461 688 2525 quanta
714 2456 854 2512 bona
873 2456 965 2511 alii
984 2457 1341 2523 ‘habcant,et
1368 2458 1469 2529 ipsi
1484 2462 1610 2513 F'non
1632 2460 1888 2514 habeant.
1908 2459 2074 2526 Quod

488 2561 619 2619 ergo
648 2547 829 2601 divina
856 2548 1031 2618 pietas
1047 2548 1099 2602 in
1117 2558 1469 2620 augmentum
1482 2548 2076 2619 disponithumilltatis,

487 2638 589 2692 hoc
619 2639 1101 2709 mentesreprobae
1147 2640 1200 2694 in
1246 2648 1598 2711 augmentum
1618 2649 1845 2695 vertunt
1888 2640 2078 2695 elatio-

488 2730 669 2793 nis,‘et
692 2745 758 2785 ex
783 2730 1097 2785 diversitate
1122 2745 1403 2785 munerum
1428 2747 1457 2785 a
1480 2731 1623 2786 bono
1638 2731 1918 2794 deﬁciunt,
1937 2732 2079 2787 unde

486 2832 732 2873 crescere
756 2820 827 2872 ‘in
875 2818 1369 2874 humilitatis'bono
1398 2819 1720 2874 debuerunt.
1754 2818 2029 2889 Sequitur
2059 2838 2070 2873 :

568 2928 586 2960 ι
624 2911 1174 2966 Et'vocemrotarum
1190 2914 1547 2981 sequentium
1571 2913 1831 2968 animalia
1850 2955 1864 2980 ,
1894 2924 1949 2969 et
1968 2928 2074 2968 evo-

495 3020 514 3050 ε
548 3016 666 3056 cem
695 3000 1079 3057 commotionis
1115 3008 1340 3072 magnae.
1380 3023 1397 3053 ι
1440 3003 1497 3057 ln
1528 3005 1832 3060 rotis-sacri
1877 3005 2077 3075 eloquii

486 3090 833 3147 Testamenta
865 3092 1065 3163 signari
1092 3093 1349 3163 superius
1368 3094 1621 3149 diximus.
1652 3095 1767 3149 Vox
1800 3095 1964 3166 igitur
1989 3112 2079 3153 ro-

488 3189 987 3238 tarum'est'sermo
1011 3191 1479 3239 testamentorum.
1507 3185 1846 3242 Post-vocem
1894 3188 2078 3259 itaque

488 3276 696 3330 alarum
724 3275 1041 3330 animalium
1071 3276 1474 3331 audlturetiam
1502 3292 1607 3331 vox
1638 3286 1878 3333 rotarum
1903 3321 1917 3342 ,
1952 3282 2077 3350 quia

488 3369 895 3439 prmdicarttium
944 3380 1479 3439 sermone-suscepto
1508 3372 1635 3425 dum
1678 3373 1908 3428 virtutes
1942 3388 2080 3429 sau-

490 3468 705 3515 ctorum
736 3455 803 3513 ad
832 3458 1027 3513 altiora
1056 3461 1268 3531 agenda
1294 3461 1718 3531 erolant,seque
1742 3463 1985 3518 vicissim
2009 3465 2077 3520 ad

486 3561 799 3623 provectum
823 3553 1066 3624 pulsant,
1102 3552 1581 3609 sariekeEcclesim
1620 3562 1793 3611 status
1827 3556 2073 3625 eligitur,

486 3655 547 3699 ut
576 3658 675 3717 per
718 3646 1033 3701 universum
1084 3645 1346 3699 mundum
1388 3660 1668 3700 sacrorum
1725 3654 2077 3703 testamento-

489 3751 610 3790 rum
648 3736 856 3806 paginte
884 3735 1153 3805 legantur.
1209 3734 1419 3805 Ubique
1460 3736 1797 3808 etenim-jam
1827 3748 2074 3794 sanctum

488 3828 836 3897 Evangelium
856 3868 872 3894 ,
902 3826 1101 3896 ubique
1127 3826 1509 3897 Apostolorum
1546 3828 1715 3895 dicta,
1738 3828 1953 3899 'ubique
1990 3830 2076 3885 lex

474 3926 542 3972 ~et
571 3918 847 3987 propincus
870 3927 1111 3971 'sonant.
1147 3915 1289 3971 'Post
1324 3917 1530 3972 alarum
1576 3934 2075 3989 ergo-sonumvox

486 4018 734 4063 rotarum
788 4007 1053 4078 sequitur,
1104 4008 1237 4077 quia
1275 4016 1399 4078 post
1448 4017 1763 4063 sanctorum
1812 4011 2073 4066 miracula

487 4100 651 4154 verba
674 4100 814 4155 sacri
842 4100 1041 4169 eloquii
1066 4101 1211 4154 intra
1233 4100 1800 4156 sanctam‘Ecclesiam
1828 4102 2000 4157 libere
2022 4110 2077 4157 et

488 4194 719 4248 libenter
761 4193 1094 4258 audiuntur;
1122 4205 1244 4261 qua;
1270 4201 1408 4247 reue
1448 4191 1704 4248 animalia
1750 4202 2072 4263 sequuntur,

486 4283 1065 4352 quia,sicutsuperius
1086 4282 1301 4336 dictum
1324 4290 1751 4352 est,'postquam
1782 4284 1837 4337 in
1870 4284 2075 4339 honore

487 4376 639 4430 venit
656 4375 765 4429 vita
780 4383 1112 4438 sanetorum,
1134 4376 1448 4430 veneran‘da
1466 4388 1682 4445 quoque
1704 4385 2075 4446 apparuerunt

2181 1917 2473 1989 P05tquam
2500 1922 2741 1977 elevatus
2766 1938 2796 1977 a
2818 1925 3141 1995 spiritu-est,
3175 1936 3229 1982 et
3252 1937 3565 1999 assumptus
3590 1930 3658 1983 ab
3682 1946 3770 1992 eo.

2184 2017 2310 2063 tunc
2340 2010 2392 2063 in
2421 2009 2783 2080 indignatione
2812 2023 2866 2069 et
2893 2016 3255 2071 amaritudine
3278 2019 3502 2087 spiritus
3531 2022 3611 2073 sui
3637 2022 3776 2075 abiit

2179 2114 2287 2167 quo
2318 2098 2615 2168 ferebatur,
2639 2104 3395 2179 inteliigensindignationem
3422 2111 3543 2177 Dei,
3571 2122 3623 2166 et
3641 2114 3774 2181 quid

2181 2189 2678 2259 signiticaretvisio
2706 2204 2889 2250 mente
2932 2208 3309 2265 pertractans,
3356 2202 3471 2255 sive
3525 2204 3776 2259 sublimis

2180 2282 2297 2350 ipso
2325 2283 2653 2351 spiritussui
2706 2287 2912 2356 impetu
2963 2288 3259 2355 ferebatur,
3278 2293 3506 2361 cupiens
3550 2295 3630 2349 ire
3658 2310 3773 2364 quo

2179 2370 2437 2426 Dominus
2460 2371 2779 2441 imperabat,
2815 2376 3068 2444 spiritum
3093 2389 3272 2434 autem
3298 2381 3444 2449 ejus,
3464 2398 3569 2437 non
3596 2382 3777 2453 Spiri-

2180 2469 2291 2515 tum
2327 2470 2581 2516 sanctum
2604 2504 2618 2529 ,
2659 2464 2760 2518 sed
2775 2466 3039 2534 spiritum
3072 2470 3341 2536 hominis,
3370 2472 3772 2542 «intelligamus,

2179 2549 2248 2605 de
2270 2566 2380 2620 quo
2412 2551 2704 2608 aio-multis
2756 2554 2893 2610 locis
2920 2558 3117 2613 dicitur
3162 2560 3215 2614 in
3245 2561 3380 2616 Isaia
3431 2581 3442 2614 :
3497 2563 3575 2617 De
3623 2575 3776 2619 nocte

2179 2641 2445 2711 consurgit
2467 2644 2682 2712 spiritus
2708 2661 2852 2699 meus
2878 2648 2947 2700 ad
2967 2648 3194 2709 te,7Deus
3213 2650 3346 2720 (Isa.
3368 2652 3541 2724 xm).
3562 2653 3773 2710 Trans-

2178 2729 2457 2801 ferturque
2503 2736 2797 2805 propheta,
2850 2754 2983 2806 non,
3030 2748 3087 2795 ut
3130 2742 3348 2811 quidam
3388 2746 3679 2807 aestimant,
3714 2749 3769 2801 in

2178 2822 2389 2892 Spiritu,
2407 2825 2499 2879 sed
2523 2826 2574 2878 in
2600 2827 2714 2895 ipso
2735 2843 2985 2899 corpore,
3006 2834 3149 2901 quod
3173 2842 3226 2886 et
3253 2835 3318 2887 de
3342 2833 3599 2901 Habacuc
3610 2835 3767 2904 juxta

2180 2912 2604 2970 Thco'dotioncm
2622 2918 2849 2989 legimus
2870 2920 3033 2991 (Dan.
3068 2921 3198 2995 xxv).
3219 2923 3425 2996 (Greg.)
3451 2924 3560 2980 Cur
3589 2928 3681 2996 qui
3714 2944 3775 2982 se

2180 3014 2516 3075 assumptum
2533 3008 2642 3077 jam
2669 3025 2698 3063 a
2723 3012 2916 3080 spiritu
2934 3013 3168 3078 dixerat,
3202 3015 3401 3070 iterum
3424 3016 3695 3071 elevatqu
3718 3027 3775 3073 et

2183 3105 2516 3168 assumptum
2534 3100 2751 3155 narrat?
2766 3100 2875 3157 Sed
2890 3104 2956 3158 ad
2978 3104 3169 3160 altiora
3186 3120 3339 3162 mens
3358 3108 3770 3177 praedicandum

2164 3186 2422 3255 prolicit,
2448 3204 2569 3245 cum
2598 3206 2694 3260 per
2719 3206 2813 3247 eos
2836 3208 3027 3249 sensus
3057 3195 3388 3251 audientium
3426 3197 3493 3251 ad
3523 3201 3776 3269 omnipo-

2184 3279 2455 3334 tentis'Dei
2485 3281 2811 3337 desiderium
2849 3295 3238 3341 commovetur.
3286 3286 3393 3342 Se‘d
3422 3288 3775 3357 quaerendum

2178 3378 2260 3423 est
2276 3370 2451 3435 nobis,
2471 3386 2593 3426 cum
2617 3371 2839 3441 spiritus
2854 3383 3088 3430 mentem
3114 3392 3220 3431 non
3242 3377 3417 3432 elevet
3436 3379 3538 3432 nisi
3557 3386 3776 3433 assutu~

2178 3458 2367 3527 pserit,
2384 3474 2483 3514 cur
2502 3462 2653 3530 prius
2673 3481 2691 3513 ι
2712 3461 2945 3517 elevavit
2965 3482 2982 3514 ι
2999 3472 3053 3519 et
3066 3468 3411 3534 postmodum
3429 3466 3627 3522 dicitur
3648 3488 3666 3519 ι
3688 3484 3779 3524 as-

2178 3550 2434 3617 sumpsit:
2453 3566 2473 3601 »
2491 3551 2583 3603 sed
2602 3554 2706 3605 hoc
2724 3551 2842 3608 loco
2877 3573 2893 3604 ι
2915 3557 3205 3625 assumpsit
3226 3575 3242 3607 ι
3274 3556 3608 3623 ιίἰςῑιιηιεει,
3641 3573 3778 3613 con-

2177 3648 2385 3695 stanter
2400 3642 2591 3696 tenuit.
2608 3641 2754 3697 ‘Nam
2779 3645 3313 3716 suntnonnulli-quos
3335 3647 3511 3704 elevat
3523 3649 3776 3719 spiritus,

2179 3730 2270 3783 sed
2305 3744 2412 3785 non
2440 3732 2955 3800 assumit,-quorum
2982 3742 3038 3788 et
3066 3734 3375 3799 inteilectus
3406 3738 3473 3792 ad
3504 3738 3776 3806 spiritalia

2176 3822 2391 3885 emicat,
2418 3822 2511 3876 sed
2530 3831 2709 3879 tamen
2728 3825 2838 3879 vita
2863 3825 2927 3879 in'
2944 3824 3103 3881 factis
3131 3824 3443 3883 carnalibus
3454 3844 3774 3897 remanens,

2177 3929 2282 3968 non
2301 3915 2487 3969 oordat
2500 3915 2813 3971 intellectui.
2827 3915 3048 3972 Balaam
3062 3933 3280 3989 quoque
3293 3916 3484 3992 (Nam.
3500 3922 3660 3991 nm)
3674 3937 3780 3992 per

2176 4004 2474 4075 prophetiae
2500 4006 2749 4075 spiritum
2766 4006 3023 4063 elevatus
3042 4012 3309 4075 -crat,'sed
3332 4014 3775 4083 assumptus'uon

2176 4108 2312 4163 erat,
2327 4099 2452 4168 quia
2471 4107 2531 4155 et
2554 4101 2827 4155 veraciter
2841 4101 3014 4170 potuit
3034 4100 3197 4172 longe
3210 4114 3336 4172 post
3358 4103 3539 4159 futura
3553 4107 3778 4175 prospi-

2176 4204 2320 4256 cere,
2354 4198 2617 4246 et'tamen
2643 4207 2678 4245 a
2705 4192 2955 4248 terrenis
2978 4193 3275 4249 desideriis
3299 4204 3553 4249 'meutem
3600 4194 3778 4250 noluit

2176 4294 2453 4351 separare,
2471 4282 2567 4336 sed
2594 4282 2720 4353 quia
2748 4284 3012 4353 propheta
3037 4286 3508 4340 sanetusscientia
3529 4286 3777 4341 elevatus

2175 4381 2276 4438 est,
2303 4382 2360 4428 et
2383 4372 2492 4427 vita
2518 4372 2726 4442 pariter
2770 4383 3105 4445 assumptus,
3149 4376 3263 4446 jam
3288 4376 3465 4446 qualis
3490 4377 3777 4447 iri-pradi-

481 4465 797 4521 hominibus
817 4465 1027 4536 eloquia
1047 4466 1615 4532 testamentorum,vel
1633 4474 1939 4522 certe'rotaa
1954 4467 2073 4521 ani-
2102 4493 2153 4552 D
2181 4465 2399 4521 catione
2451 4464 3029 4533 pergat‘audiamusa
3050 4464 3128 4522 ‘Et
3161 4462 3275 4520 abii
3305 4466 3604 4521 amatus-in
3630 4467 3775 4521 indi-

490 4560 649 4614 malia
662 4561 1119 4630 sequuntur,quia
1135 4560 1185 4613 in
1200 4559 1510 4615 sanctorum
1524 4560 1743 4616 Patrum
1756 4562 2073 4630 vitacogno.

490 4651 691 4703 scimus
716 4648 845 4718 quid
876 4649 929 4702 in
958 4659 1132 4703 sacra:
1148 4648 1447 4719 Scriptum
1480 4650 1753 4705 volumine
1767 4650 2071 4722 intelligere

489 4741 802 4796 debeamus.
855 4740 1073 4796 Illorum
1122 4742 1320 4811 quippe
1365 4742 1522 4798 nobis
1566 4744 1709 4797 actio
1751 4744 1927 4814 aperit
1969 4746 2073 4799 hoc

488 4834 633 4903 quod
674 4834 727 4887 in
775 4833 887 4888 suis
937 4833 1411 4909 praedicationibus
1456 4835 1651 4905 pagina
1713 4844 2069 4892 testamento-

493 4938 609 4977 rum
638 4922 801 4976 dicit.‘
819 4921 925 4976 Sed
952 4922 1301 4991 quaerendum
1333 4922 1488 4977 nobis
1512 4934 1596 4979 est
1633 4940 1752 4987 cur,
1780 4935 2067 4996 postquam

492 5013 741 5083 superius
763 5012 969 5068 dictum
998 5020 1083 5068 est
1112 5030 1125 5066 ;
1163 5032 1182 5065 ι
1214 5012 1407 5068 Audivi
1444 5022 1569 5084 post
1595 5031 1681 5070 me
1707 5031 1895 5071 vocem
1923 5032 2073 5072 com-

493 5102 747 5158 motionis
769 5118 1000 5175 magnae,
1030 5122 1049 5154 ι
1077 5111 1198 5173 post
1218 5116 1404 5159 vocem
1428 5119 1643 5173 quoque
1673 5104 1881 5159 alarum
1908 5115 2073 5175 atque

495 5202 743 5248 rotarum
754 5194 1024 5259 subditur,
1053 5212 1071 5243 ι
1094 5201 1150 5247 et
1174 5209 1360 5249 vocem
1382 5196 1761 5251 commotionis
1783 5212 2013 5267 magnai.
2048 5218 2066 5251 ι

494 5285 649 5352 Quod
669 5286 715 5339 si
743 5284 1032 5355 diligenter
1052 5284 1331 5355 aSpicitur,
1360 5285 1589 5340 inveniri
1614 5295 1792 5358 potest
1812 5288 1939 5356 quia
1965 5306 2069 5345 non

484 5376 668 5432 otiose
712 5376 991 5447 repetitur.
1058 5375 1184 5431 Dum
1250 5377 1448 5446 quippe
1500 5386 1625 5430 sunt
1683 5380 2075 5434 commotiones

493 5466 695 5539 quibus
755 5466 921 5521 corda
977 5474 1163 5521 nostra
1213 5475 1641 5521 commoventur.
1687 5460 1824 5523 'Una
1878 5470 2079 5539 quippe

493 5558 789 5615 commotio
814 5574 883 5613 ex
910 5560 1105 5615 timore
1126 5570 1233 5624 est,
1257 5558 1426 5615 altera
1449 5577 1513 5615 ex
1546 5561 1991 5617 charitate.'Una
2018 5563 2080 5619 iit

487 5664 565 5709 εκ
586 5648 739 5703 luctu
755 5649 1151 5719 ptenitentium,
1171 5648 1277 5703 alia
1298 5662 1361 5703 ex
1387 5647 1599 5705 fervore
1620 5648 1934 5704 amantium.
1952 5650 2081 5705 Post

488 5738 894 5814 praedicationis
918 5755 1047 5810 ergo
1068 5742 1290 5795 verbum
1314 5739 1485 5811 prima
1515 5741 1802 5797 commotio
1825 5750 1926 5808 est,
1954 5758 2075 5796 cum

2181 4556 2435 4625 gnatione
2464 4555 2687 4625 spiritus
2708 4556 2842 4611 mei.
2873 4555 3088 4626 ιῑΕιυςοε
3106 4557 3195 4615 cui
3216 4559 3364 4611 'dona
3390 4557 3568 4613 sancti
3597 4556 3774 4628 Spiri-

2180 4658 2269 4703 tus
2294 4656 2601 4714 creverant,
2616 4663 2716 4703 cur
2740 4648 3159 4704 amatus-abibat
3175 4650 3199 4702 ?
3215 4649 3302 4704 ‘An
3324 4662 3492 4706 omne
3510 4654 3773 4721 eor‘quod

2180 4740 2320 4794 idem
2351 4740 2847 4809 spiritusassumit,
2882 4754 3127 4794 amarum
3178 4740 3232 4794 in
3282 4741 3771 4811 indignatioue'sui

2179 4829 2401 4899 spiritus
2417 4826 2580 4881 facit?
2606 4827 3057 4883 Undesciendum
3080 4837 3162 4883 est
3183 4829 3307 4900 quia
3333 4831 3418 4884 cui
3440 4831 3771 4899 adhucprze—

2178 4933 2304 4973 scus
2338 4918 2446 4972 vita
2473 4918 2644 4973 dulcis
2664 4926 2769 4981 est,
2798 4919 3014 4973 etiamsi
3040 4920 3265 4975 verbum
3290 4919 3384 4974 Dei
3415 4920 3560 4989 loqui
3583 4919 3770 4976 videi-

2181 5017 2270 5062 tur
2324 5007 2494 5078 loqui,
2535 5007 2776 5063 elevatus
2826 5016 2879 5063 et
2924 5017 3237 5079 assumptus
3290 5009 3614 5079 pradicator
3653 5024 3766 5065 non

2180 5109 2281 5155 est.
2319 5099 2558 5155 Mentem
2588 5099 2735 5154 enim
2771 5112 2941 5167 ‘quam
2989 5098 3223 5170 Spiritus
3244 5110 3465 5155 sanctus
3489 5100 3681 5170 repiet,
3710 5102 3767 5156 in

2181 5191 2609 5247 amaritudinem
2639 5190 3016 5261 temporalium
3039 5191 3393 5247 delectatione
3436 5201 3765 5245 :eternorum

2180 5292 2504 5339 commovet.
2536 5282 2699 5336 Dulce
2728 5283 2871 5337 enim
2907 5289 3140 5336 estesse
3191 5282 3244 5335 in
3284 5283 3448 5335 rebus
3493 5282 3767 5345 humanis,

2180 5376 2274 5429 sed
2318 5374 2366 5428 ei
2391 5374 2482 5443 qui
2506 5372 2770 5428 adhucde
2799 5372 3114 5428 caelestibus
3163 5372 3357 5443 gaudia
3400 5369 3547 5425 nulla
3582 5381 3772 5441 gusta-

2180 5468 2272 5529 vit,
2311 5468 2435 5537 quia
2462 5473 2664 5535 quanto
2699 5465 2876 5518 minus
2926 5471 3126 5518 aeterna
3176 5462 3461 5532 intelligit,
3494 5470 3649 5517 tanto
3677 5464 3772 5518 de-

2180 5561 2481 5616 lectabilius
2504 5561 2567 5613 in
2588 5557 2975 5628 temporalibus
3004 5557 3316 5627 requiescit.
3349 5556 3421 5610 At
3444 5556 3490 5611 si
3517 5556 3643 5625 quis
3657 5554 3772 5625 jam

2180 5650 2359 5703 cordis
2410 5664 2505 5702 ore
2535 5646 2831 5717 gustaverit
2855 5660 2975 5714 qua:
3007 5645 3077 5698 sit
3104 5643 3190 5697 illa
3216 5644 3447 5699 dulcedo
3464 5642 3772 5698 caelestium

2182 5740 2548 5810 pnemiorum,
2594 5738 2686 5807 qui
2737 5736 2810 5790 illi
2868 5735 3156 5805 hymnidiei
3208 5734 3523 5805 angelorum
3573 5734 3766 5795 ebori,
