3948 6328
240 382 353 440 573

1197 385 1549 442 COMMENT.
1588 385 1652 442 IN
1696 387 2149 447 EZECIHELEM.
2184 421 2253 430 -—
2288 391 2414 447 LIB.
2455 393 2538 448 Ill.

3386 404 3501 459 ’574

241 511 368 564 quae
410 494 966 565 incomprehensibilis
984 495 1120 550 visio
1141 505 1338 552 sancta:
1365 495 1664 563 Trinitatis,
1696 498 1819 554 huic
1848 503 1895 562 Α
1926 513 2067 562 nem,
2099 501 2165 555 ad
2194 517 2446 558 acervum
2469 521 2726 560 novarum
2752 508 2987 580 frugum,
3020 509 3086 564 ad
3109 524 3202 563 eos
3231 511 3319 580 qui
3353 513 3502 566 habi-

240 599 450 657 quanto
470 588 600 643 illud
621 587 773 642 dulce
796 587 873 650 ﬁt,
899 588 1039 657 quod
1063 589 1208 642 intus
1235 588 1398 652 videt,
1425 595 1574 640 tanto
1604 590 1654 641 in
1677 601 1821 642 ama-

244 679 536 732 ritudinem
562 678 788 731 vertitur
814 692 973 731 omne
1004 679 1144 746 quod
1169 675 1298 731 feris
1319 678 1568 731 sustinet.
1593 676 1822 730 Rixatur

242 783 430 823 secum
460 769 525 822 de
569 769 655 822 his
705 783 822 837 qum
872 768 1010 822 male
1042 769 1216 838 egisse
1270 783 1328 821 se
1377 767 1661 832 recolit,et
1691 766 1821 822 sibi—

241 859 457 926 metipsi
503 857 750 925 displicet
794 873 914 910 cum
961 858 1008 910 ei
1042 857 1154 928 jam
1205 856 1294 912 ille
1332 857 1544 926 placere
1573 858 1818 926 coeperit,

239 949 335 1018 qui
361 949 538 1002 omnia
565 949 785 1002 creavit.
821 947 1180 1018 chrehendit
1203 964 1259 1003 se
1286 951 1350 1003 de
1385 950 1817 1019 cogitationibus,

238 1037 546 1105 insequitur
571 1037 635 1090 de
659 1037 859 1100 verbis,
885 1045 941 1090 et
961 1038 1115 1106 punit
1141 1037 1316 1091 ﬂendo
1345 1038 1410 1091 de
1437 1037 1609 1100 factis,
1637 1053 1822 1106 super-

239 1130 332 1183 nis
355 1129 544 1192 inhiat,
577 1136 785 1182 terrena
813 1128 921 1194 jam
953 1129 1131 1183 omnia
1162 1144 1257 1197 per
1287 1129 1483 1182 mentis
1510 1129 1819 1196 despectura

237 1218 436 1280 calcat,
466 1225 521 1272 et
548 1218 783 1286 quandiu
824 1218 970 1280 illud,
1000 1219 1142 1288 quod
1199 1218 1489 1282 desiderat,
1527 1218 1822 1287 adhoc‘per

238 1310 477 1377 speciem
502 1323 604 1363 non
637 1309 814 1371 habet,
849 1307 977 1363 ﬁere
1007 1308 1161 1362 dulce
1189 1309 1366 1372 habet,
1395 1321 1623 1376 seseque
1649 1308 1821 1362 conti-

236 1397 366 1450 nuis
419 1397 666 1451 lamentis
695 1396 949 1468 afﬂigere,
982 1406 1036 1451 et
1070 1398 1194 1467 quia
1242 1398 1470 1452 necdum
1501 1412 1559 1452 se
1597 1413 1716 1452 esse
1764 1397 1818 1450 in

236 1486 418 1554 patria
453 1486 518 1539 ad
540 1501 701 1556 quam
729 1496 944 1542 creatus
970 1498 1054 1542 est
1074 1487 1236 1552 videt,
1263 1487 1500 1556 in-hujus
1529 1489 1652 1542 vitae
1671 1489 1817 1542 exsi-

233 1575 314 1630 lio
359 1575 494 1630 nihil
525 1577 574 1631 ei
609 1577 726 1648 plus
757 1577 898 1632 aliud
933 1593 1092 1646 quam
1140 1593 1237 1632 sua
1284 1580 1586 1634 amaritudo
1621 1580 1816 1648 placet,

234 1669 562 1740 dedignatur
583 1669 792 1724 etenim
806 1668 1516 1739 sut‘jacere-temporalihus,
1537 1671 1820 1724 'et-arden-

235 1772 326 1816 ter
355 1762 588 1832 suspirat
617 1764 852 1817 aeternis.
891 1763 994 1817 Sed
1035 1763 1308 1818 sciendum
1339 1772 1443 1828 est,
1472 1765 1595 1832 quia
1643 1765 1818 1818 nullus

1924 597 2042 643 tant
2065 589 2217 660 juxta
2254 590 2450 647 ﬁumen
2476 594 2708 649 Cbobar.
2739 616 2756 646 ι
2786 596 2919 652 Cum
2953 613 3115 652 causa
3162 600 3405 669 exigeret
3444 609 3503 652 ut

1921 678 2445 737 in‘dicaredebuissct
2464 685 2604 753 quod
2630 687 2693 739 ad
2723 689 3246 757 transmigrationem
3275 691 3499 754 veniret,

1919 783 2038 838 qua:
2063 769 2271 826 dicendi
2296 775 2588 828 necessitas
2614 774 2732 839 fuit,
2761 784 2816 830 ut
2839 793 2935 846 per
2964 777 3143 848 fruges
3168 779 3341 832 locum
3371 795 3503 848 quo-

1919 871 2024 926 que
2048 860 2393 930 exprimeret,
2417 863 2621 927 dicens,
2677 883 2695 914 ‹
2726 865 2804 917 Ad
2827 881 3074 920 acervum
3105 883 3362 921 novarum
3394 869 3504 921 fru-

1919 963 2067 1018 gum,
2093 968 2111 1000 ›
2134 951 2233 1005 nisi
2255 955 2396 1021 quod
2421 967 2675 1022 saepepcr
2695 970 2779 1008 res
2799 963 2852 1008 et
2867 955 2978 1010 loca
3000 959 3502 1028 causmsignantur?

1921 1042 2072 1096 Multi
2123 1045 2318 1113 quippe
2341 1045 2596 1101 Ezechiel
2635 1048 2993 1117 prophetante
3016 1051 3126 1118 jam
3173 1054 3500 1119 captivitatis

1920 1133 2045 1186 anni
2089 1132 2440 1200 deduxerant,
2471 1147 2630 1204 atque
2675 1154 2738 1192 ex
2793 1138 2876 1192 his
2908 1139 2999 1208 qui
3031 1139 3082 1192 in
3133 1142 3499 1208 captivitatem

1920 1222 2064 1276 ducti
2095 1221 2340 1287 fuerant,
2370 1225 2552 1293 plures
2578 1225 2688 1293 jam
2718 1228 2774 1280 in
2821 1238 2995 1282 morte
3030 1231 3209 1284 carnis
3233 1232 3499 1294 obierant,

1921 1312 1985 1365 ad
2014 1327 2244 1381 quorum
2268 1314 2404 1369 ﬁlios
2436 1319 2694 1386 propheta
2732 1317 2874 1386 loqui
2901 1320 3166 1374 veniebat.
3204 1320 3353 1376 Unde
3376 1323 3501 1377 etei

1921 1402 2169 1470 superius
2190 1402 2419 1457 dicitur:
2451 1406 2592 1460 «Fili
2620 1408 2870 1472 hominis,
2890 1422 2986 1477 ego
3014 1409 3165 1464 mitto
3192 1420 3241 1464 tc
3269 1412 3334 1465 ad
3364 1413 3500 1471 ﬁlios

1917 1491 2102 1557 lsrael,
2127 1494 2192 1547 ad
2219 1504 2404 1565 gentes
2423 1498 2796 1565 apostatrices,
2821 1514 2941 1568 qua;
2973 1510 3309 1568 recesserunt
3337 1517 3364 1555 a
3394 1517 3500 1567 me,

1920 1591 1973 1635 et
2013 1592 2193 1652 patres
2222 1600 2406 1639 eorum
2431 1588 2764 1656 prtevaricati
2800 1598 2922 1642 sunt
2963 1599 3173 1659 pactum
3207 1608 3383 1646 meum
3417 1608 3501 1645 us-

1920 1690 2024 1743 que
2052 1674 2104 1729 in
2144 1675 2480 1740 diem-hanc,
2507 1687 2561 1732 et
2591 1679 2682 1732 ﬁlii
2712 1680 2846 1734 dura
2874 1683 3083 1735 cervice
3109 1689 3163 1736 ct
3193 1683 3502 1738 indomabili

1921 1765 2084 1820 corde
2111 1775 2263 1832 sunt,
2307 1768 2372 1820 ad
2407 1782 2540 1835 quos
2562 1783 2660 1837 ego
2687 1777 2737 1822 te
2762 1769 2935 1823 mitto.
2971 1789 2987 1820 ι
3019 1769 3094 1823 Ex
3125 1772 3349 1839 quibus,
3377 1773 3503 1840 quia

233 1852 356 1906 haec
399 1867 498 1921 pro
545 1867 729 1906 amore
754 1855 1134 1923 omnipotentis
1183 1854 1392 1908 Domini
1423 1870 1490 1908 ex
1518 1862 1630 1910 toto
1655 1855 1817 1909 corde
1846 1861 1891 1919 Β
1920 1855 2070 1908 nmlti
2108 1855 2319 1912 fuerant
2355 1857 2632 1919 credituri,
2673 1867 2832 1927 atque
2882 1874 2978 1927 per
3019 1861 3379 1914 obedientiam
3435 1863 3502 1916 ad

231 1958 398 2014 agere
426 1943 697 2013 prtevalet,
723 1944 824 1998 nisi
843 1945 887 1999 is
913 1946 1313 2014 cujusanimum
1343 1945 1578 2016 Spiritus
1597 1953 1816 2001 sanctus

229 2034 609 2103 assumpserit.
645 2034 774 2089 Nam
801 2037 1014 2105 quando
1036 2037 1196 2091 homo
1224 2052 1290 2091 ex
1316 2053 1411 2091 sua
1449 2038 1649 2091 virtute
1675 2035 1819 2092 solli-

231 2127 345 2179 riat
377 2135 588 2181 terrena
616 2128 910 2196 despicere,
943 2128 1182 2183 coelestia
1220 2143 1424 2193 amare,
1464 2144 1652 2198 pacem
1693 2144 1814 2184 cum

231 2221 349 2273 Deo
378 2234 642 2287 qumrere,
667 2232 850 2275 secum
882 2221 1058 2276 rixam
1082 2221 1286 2286 subire,
1312 2221 1364 2275 in
1388 2221 1713 2292 cogitatione
1733 2236 1816 2276 se.-

231 2308 522 2376 metipsum
552 2308 946 2377 reprehendere
975 2316 1030 2364 et
1055 2310 1344 2380 gemitibus
1373 2311 1600 2380 punire?
1629 2310 1816 2365 Nullus

229 2397 351 2450 lace
377 2411 555 2467 agere,
587 2397 688 2452 nisi
729 2414 890 2467 quem
920 2398 1096 2453 divina
1128 2399 1299 2469 gratia
1329 2399 1665 2454 roboraverit
1685 2438 1700 2464 ,
1722 2414 1820 2452 ‘va-

227 2486 328 2541 let.
363 2485 516 2542 Unde
540 2496 594 2541 et
615 2488 869 2542 subditur
893 2505 906 2541 :

309 2594 329 2628 ε
367 2576 556 2632 Manus
583 2559 932 2632 Dominierat
957 2593 1164 2632 mecum
1207 2577 1518 2633 confortans
1545 2593 1649 2632 me.
1684 2597 1702 2629 ι
1736 2577 1819 2632 Ad

225 2666 373 2720 bona
401 2667 599 2736 quippe
649 2682 932 2735 assurgere
959 2667 1196 2738 perfecte
1223 2683 1327 2722 non
1374 2683 1681 2737 possumus,
1714 2668 1816 2722 nisi

225 2773 332 2813 nos
345 2758 566 2827 spiritus
577 2766 630 2813 et
641 2760 1014 2828 praeveniendo
1028 2759 1220 2823 elevet,
1233 2767 1286 2813 et
1303 2759 1496 2828 subseq
1505 2759 1676 2822 uendo
1691 2770 1818 2812 con-

224 2851 415 2905 fortet.
431 2849 536 2904 Sed
548 2851 894 2920 quaerendum
907 2866 1029 2906 cum
1053 2851 1303 2922 superius
1314 2851 1378 2906 de
1391 2850 1659 2905 volumine
1677 2850 1818 2919 quod

223 2948 516 3010 acceperat
545 2939 807 3010 scriptum
839 2940 945 3006 sit,
984 2959 1002 2992 ‹
1040 2941 1107 2994 Et
1132 2940 1329 2995 factum
1361 2948 1440 2994 est
1471 2941 1524 2994 in
1555 2955 1617 2994 os
1640 2950 1816 2994 meum

223 3032 384 3111 quasi
428 3030 534 3085 mel
578 3031 753 3095 dulce,
788 3049 804 3080 ι
832 3045 937 3098 qua
966 3031 1173 3084 ratione
1200 3030 1770 3100 postmodumdicltur
1800 3047 1813 3082 :

221 3121 351 3177 Abii
379 3135 595 3176 amarus
624 3121 676 3174 in
713 3121 1074 3191 indignatione
1119 3122 1341 3190 spiritus
1391 3120 1516 3174 mei.
1567 3138 1584 3172 ι
1623 3120 1812 3174 Mirum

1919 1944 2250 2000 fertilitatem
2280 1947 2406 2000 boui
2446 1949 2624 2013 Operis
2655 1948 2960 2017 pervcnturi
2987 1987 3000 2011 ,
3037 1962 3260 2001 acervus
3288 1948 3502 2019 frugum

1919 2043 2177 2088 vocantur
2207 2036 2370 2102 :quia
2391 2034 2534 2088 enim
2567 2035 2721 2088 bona:
2745 2036 2936 2089 animae
2958 2036 3138 2106 fruges
3173 2037 3504 2106 appellantur

1917 2125 2008 2179 Dci
2037 2127 2294 2195 propheta
2327 2125 2464 2179 alius
2492 2134 2735 2191 testatur,
2763 2127 2953 2180 dicens
2982 2145 2995 2180 :
3035 2145 3052 2176 ι
3083 2126 3317 2182 Sanctus
3341 2127 3508 2182 lsra.l

1916 2215 2164 2278 Domino,
2191 2213 2676 2285 primitizefrugum
2714 2197 2832 2281 ejus
2855 2214 2990 2285 (Jer.
3021 2218 3103 2283 ιι).
3137 2235 3154 2268 ›

1993 2325 2010 2356 ‹
2047 2305 2113 2358 Et
2160 2305 2272 2358 sedi
2319 2305 2410 2358 ubi
2455 2304 2531 2358 illi
2581 2306 2858 2369 sedebant,
2890 2315 2946 2360 et
2983 2307 3159 2361 mansi
3194 2307 3264 2362 ibi
3296 2315 3500 2376 septem

1923 2417 1941 2449 ι
1979 2399 2167 2452 diebus
2193 2411 2426 2453 mcerens
2456 2399 2506 2450 in
2529 2398 2704 2452 medio
2738 2413 2946 2452 eorum.
2989 2419 3007 2451 ι
3039 2399 3339 2454 Notandum
3361 2400 3505 2470 quod

1918 2488 2130 2556 captivo
2145 2487 2340 2558 populo
2351 2487 2605 2558 propheta
2621 2495 2836 2543 sanctos
2851 2499 3046 2556 quanta
3059 2491 3429 2559 compassione
3445 2504 3504 2545 se

1919 2578 2152 2648 copulat,
2175 2593 2469 2646 eorumque
2507 2591 2564 2632 se
2595 2580 2916 2634 maeroribus
2936 2580 3274 2634 eonscdendo
3298 2589 3349 2634 et
3375 2594 3509 2634 mte-

1920 2669 2088 2722 rendo
2117 2667 2552 2738 conjungit,quia
2581 2670 2732 2722 radix
2759 2670 2912 2742 verbi
2934 2678 3018 2724 est
3042 2670 3210 2724 virtus
3237 2670 3520 2740 operis,ct.

1921 2758 2011 2812 ille
2040 2772 2218 2812 sermo
2251 2757 2318 2811 ab
2344 2758 2596 2812 audiente
2625 2759 2853 2812 libenter
2876 2760 3156 2829 accipitur,
3196 2759 3508 2830 quia-prte-

1920 2848 2135 2901 dicante
2151 2861 2271 2900 cum
2296 2849 2666 2916 compassione
2686 2849 2846 2901 animi
2877 2847 3164 2918 profertur.
3189 2847 3281 2902 Sic
3303 2848 3505 2902 ferrum

1921 2954 2041 2991 cum
2082 2936 2226 2992 ferro
2256 2936 2534 3008 jungitur,
2579 2938 2818 3007 liquatur
2861 2941 3008 3008 prius
3054 2950 3113 2993 ut
3149 2940 3506 3008 postmodum

1921 3029 2154 3084 vicissim
2183 3045 2212 3082 a
2241 3031 2419 3099 seipse
2475 3039 2739 3085 teneatur.
2784 3030 2842 3085 Si
2890 3033 3032 3086 enim
3087 3033 3237 3101 prius
3282 3033 3507 3088 minime

1920 3119 2203 3184 mollescit,
2232 3123 2571 3190 postmodum
2619 3121 2828 3177 fortiter
2859 3138 2916 3176 se
2945 3132 3127 3177 tenere
3155 3140 3260 3178 non
3290 3124 3504 3179 sutlicit.

221 3211 427 3280 quippe
447 3210 601 3266 valde
625 3220 724 3274 est,
751 3212 795 3266 si
823 3211 1047 3266 dulcedo
1075 3211 1233 3265 simul
1275 3220 1327 3265 et
1356 3212 1659 3265 amaritudo
1685 3227 1811 3266 con-
1839 3209 1883 3270 C
1917 3209 2004 3264 Sic
2050 3211 2310 3280 propheta
2340 3211 2548 3278 captivo
2571 3211 2764 3281 popqu
2807 3214 3070 3274 consedit,
3104 3222 3158 3267 et
3187 3227 3420 3267 monens
3451 3213 3502 3268 in

219 3304 468 3357 veniant.
519 3302 794 3370 Sed'juxt-a
822 3305 1155 3373 superiorem
1181 3319 1395 3358 sensum
1426 3305 1703 3358 sciendum
1728 3314 1810 3359 est

219 3393 354 3462 quia
376 3395 460 3448 cui
488 3407 666 3468 sermo
701 3393 792 3450 Dei
816 3395 869 3446 in
896 3409 990 3448 ore
1018 3395 1198 3449 cordis
1223 3394 1532 3449 dulcescere
1559 3394 1805 3465 carpet-it,

221 3485 605 3555 hujusprocul
627 3485 788 3539 dubio
813 3494 999 3540 contra
1028 3501 1086 3540 se
1116 3486 1328 3540 animus
1355 3486 1666 3540 amarescit.
1692 3485 1809 3551 Quo

216 3577 372 3630 enim
420 3576 474 3628 in
505 3576 614 3631 illo
645 3574 914 3629 subtiliter
945 3574 1123 3638 discit,
1153 3575 1387 3644 qualiter
1430 3590 1492 3629 se
1524 3576 1802 3644 reprelien-

216 3667 356 3720 dere
387 3665 595 3728 debeat,
629 3680 693 3721 eo
728 3681 790 3720 se
819 3666 1004 3720 durius
1043 3681 1140 3734 per
1178 3667 1591 3720 amaritudinem
1637 3667 1803 3737 paeni-

219 3755 677 3823 tcntiw-castigat
703 3756 791 3826 qui
821 3763 966 3809 tante
990 3756 1091 3811 sibi
1115 3756 1284 3826 magis
1318 3756 1585 3824 displicet,
1604 3764 1810 3827 quanto

219 3846 278 3899 in
314 3860 469 3899 sacro
491 3845 760 3899 volumine
787 3844 1014 3914 amplius
1041 3844 1106 3899 de
1139 3845 1504 3914 omnipotente
1530 3846 1638 3900 Deo
1666 3846 1810 3900 videt

217 3937 370 4006 quod
395 3945 570 4002 amet;
599 3937 692 3991 sed
717 3938 841 4006 quia
863 3937 929 3991 ad
953 3937 1052 3991 ista
1074 3935 1336 4006 proﬁcere
1359 3953 1452 3991 sua
1478 3937 1678 3992 virtute
1699 3953 1806 3992 non

215 4026 374 4080 valet
403 4028 585 4092 homo,
622 4034 765 4082 recte
794 4043 933 4080 nunc
983 4027 1178 4081 dicitur
1222 4045 1234 4079 :
1272 4045 1291 4077 ι
1330 4027 1516 4081 Manus
1540 4029 1680 4081 enim
1706 4029 1809 4085 Do-

216 4119 365 4176 mini
414 4127 531 4173 erat
576 4133 807 4177 mecum,
859 4117 1170 4173 confortans
1217 4133 1320 4173 me.
1362 4139 1380 4171 ι
1433 4119 1621 4176 Manus
1666 4121 1807 4175 enim

220 4207 440 4263 Domini
464 4208 516 4261 in
547 4223 703 4264 sacro
745 4207 958 4277 eloquio
984 4209 1272 4277 aliquando
1297 4209 1458 4262 etiam
1487 4210 1810 4280 -tmigenitus

215 4299 396 4356 Filius
420 4299 739 4370 appellatur,
769 4299 893 4368 quia
922 4300 1101 4354 omnia
1148 4315 1243 4368 per
1277 4299 1450 4369 ipsum
1491 4299 1632 4353 facta
1662 4311 1806 4366 sunt,

216 4392 371 4448 etde
398 4391 550 4461 cujus
574 4392 891 4448 ascensione
924 4408 1020 4460 per
1046 4391 1262 4463 Moysen
1294 4393 1452 4447 Pater
1470 4394 1810 4462 multipotens

219 4485 482 4555 loquitur,
502 4483 717 4539 dicens:
748 4503 766 4533 ι
786 4483 990 4538 Tollam
1020 4484 1070 4537 in
1097 4483 1294 4538 omium
1319 4495 1540 4537 manum
1563 4497 1733 4537 meam
1745 4499 1768 4535 .-‘
1784 4503 1801 4535 ›

1913 3301 2088 3360 medio
2114 3317 2299 3356 eorum
2333 3302 2558 3366 exstitit,
2601 3311 2659 3355 ut
2704 3301 2826 3355 dum
2853 3317 2948 3372 per
2971 3303 3251 3357 charitatis
3273 3303 3503 3370 gratiam

1911 3388 2317 3443 censcendendo
2356 3405 2413 3444 se
2443 3391 2489 3444 ei
2541 3389 2837 3445 molliorem
2866 3392 3132 3455 redderet,
3166 3407 3288 3446 cum
3319 3393 3501 3446 statim

1909 3474 2057 3532 verbi
2087 3475 2402 3533 fortitudine
2444 3487 2670 3532 teneret.
2729 3478 2825 3532 Sin
2875 3494 3000 3531 vero
3043 3479 3368 3536 lsraeliticus
3409 3495 3504 3549 po-

1908 3569 2087 3639 pulus,
2119 3568 2209 3637 qui
2237 3568 2428 3622 domus
2475 3584 2807 3638 exasperatis
2850 3579 3108 3634 vocatur,
3146 3571 3269 3640 quia
3316 3570 3501 3639 culpas

1912 3677 2013 3715 nec
2065 3660 2210 3715 inter
2241 3655 2445 3732 ﬂagella
2484 3662 2733 3731 cognovit
2786 3661 2931 3716 nullo
2986 3677 3216 3717 munere
3260 3661 3500 3716 animum

1909 3751 2190 3820 depressit.
2224 3751 2489 3821 Propheta
2515 3752 2655 3805 inter
2682 3762 2866 3822 gentes
2889 3748 3126 3806 manens
3163 3753 3350 3808 sedere
3379 3761 3497 3806 stu-

1908 3841 2041 3904 duit,
2067 3849 2124 3894 ut
2146 3841 2370 3902 tacendo
2393 3844 2703 3895 ostenderet
2723 3843 2850 3911 quid
2874 3842 3383 3911 loquendo-venerat
3406 3844 3501 3898 do-

1907 3949 2050 3997 cere,
2074 3942 2129 3987 et
2149 3933 2459 4002 priusquam
2474 3935 2647 4002 verba
2672 3932 2868 3989 faceret
2894 3934 2944 3987 in
2974 3935 3074 3988 hoc
3097 3934 3238 4003 quod
3267 3950 3499 3990 maerens

1912 4023 2098 4088 tacuit,
2126 4022 2352 4076 formam
2374 4024 2656 4078 verborum
2681 4024 2926 4092 sumpsit.
2950 4023 3224 4092 Sequitur
3253 4041 3265 4077 ;
3305 4042 3322 4074 ι
3362 4018 3495 4079 Cum

1909 4126 2087 4172 autem
2114 4117 2535 4188 pertransissent
2558 4125 2761 4187 septem
2787 4118 2921 4182 dies,
2950 4116 3150 4172 factum
3174 4126 3255 4172 est
3275 4120 3498 4173 verbum

1911 4211 2122 4266 Domini
2153 4211 2216 4264 ad
2258 4224 2344 4264 me
2370 4210 2571 4264 dicens.
2609 4229 2626 4261 ι
2671 4209 2874 4280 (Greg.)
2928 4209 2985 4262 ln
3013 4224 3077 4262 eo
3106 4208 3258 4278 quod.
3291 4219 3496 4279 septem

1909 4301 2096 4356 diebus
2126 4298 2363 4355 intereas
2397 4300 2555 4363 sedit,
2588 4309 2642 4354 et
2672 4309 2795 4368 post
2821 4300 2960 4353 diem
2997 4301 3282 4368 septimmn
3330 4302 3495 4354 verba

1907 4379 2202 4448 Dominica:
2219 4391 2478 4461 jussionis
2505 4395 2727 4462 accepit,
2758 4400 2815 4445 ut
2839 4392 2980 4461 loqui
3005 4391 3298 4455 debuisset,
3315 4401 3497 4461 aperte

1911 4482 2112 4536 indicat
2138 4483 2263 4553 quia
2291 4482 2494 4538 eisdem
2522 4483 2714 4536 diebus
2753 4482 3029 4540 mterendo
3078 4490 3338 4536 tacuerat.
3360 4481 3497 4538 Mis-

220 4578 354 4634 llaac
380 4590 589 4637 manus,
618 4590 742 4645 qua:
767 4575 1060 4629 electorum
1082 4589 1301 4628 suorum
1323 4574 1486 4627 corda
1516 4570 1802 4636 confo'rtat,
1840 4557 1884 4616 Ι)
1913 4586 2006 4624 sus
2036 4579 2216 4627 autem
2245 4570 2310 4624 ad
2334 4571 2734 4642 praedicandum
2761 4569 2974 4634 fuerat,
2998 4579 3052 4624 et
3084 4581 3260 4625 tamen
3289 4583 3494 4641 septem

216 4666 502 4736 discipulis
530 4666 740 4720 dicebat
772 4683 784 4718 :
825 4683 843 4715 ι
883 4665 1011 4718 Sine
1059 4680 1145 4719 me
1191 4664 1325 4719 nihil
1352 4663 1598 4732 potestis
1628 4661 1805 4717 facere

218 4757 410 4826 (.Ioan.
467 4754 579 4824 xv).
632 4773 650 4806 ι
693 4753 750 4807 1n
795 4769 954 4808 omne
1005 4769 1133 4823 ergo
1178 4753 1326 4823 quod
1380 4753 1704 4823 cogitamus,
1750 4753 1802 4806 in

216 4860 387 4900 «inme
401 4845 548 4914 quod
577 4843 809 4914 agimus,
839 4858 1051 4910 semper
1079 4828 1343 4896 orandum
1376 4850 1491 4908 est,
1526 4851 1586 4895 ut
1610 4851 1666 4896 et
1686 4843 1804 4910 ipso

215 4937 498 5006 aspirante
535 4936 856 5005 cogitemus,
894 4942 946 4987 et
1004 4934 1122 5004 ipso
1174 4933 1458 5001 adjuvante
1518 4935 1798 4991 faciamus.

299 5055 319 5086 ι
354 5036 419 5090 Et
455 5037 571 5089 veni
602 5037 668 5089 ad
702 5036 1225 5106 transmigrationem
1265 5035 1329 5090 ad
1359 5050 1613 5092 acervum
1642 5052 1803 5092 nova—

222 5149 242 5178 ι
284 5142 405 5180 rum
441 5124 670 5197 frugum,
704 5127 768 5180 a‘d
807 5141 900 5180 eos
947 5125 1035 5195 qui
1065 5126 1377 5180 habitabant
1418 5126 1573 5195 juxta
1604 5128 1802 5184 ﬂumen

220 5238 240 5269 ι
282 5216 518 5281 Chobar,
539 5226 593 5270 et
617 5216 729 5273 sedi
754 5216 849 5280 ibi,
882 5215 970 5268 ubi
1017 5214 1087 5270 illi
1129 5216 1407 5280 sedebant,
1451 5218 1800 5272 et-mansi'ibi

221 5333 238 5361 ι
282 5317 486 5378 septem
536 5309 724 5363 diebus
773 5323 1007 5363 mcerens
1056 5307 1107 5362 in
1155 5309 1331 5362 medio
1362 5323 1568 5362 eorum.
1606 5330 1623 5361 ι
1658 5310 1802 5364 inter

213 5409 416 5457 cetera
469 5400 764 5469 prOphetia:
813 5398 1089 5462 miracula,
1121 5399 1223 5452 hoc
1261 5414 1477 5467 quoque
1499 5400 1798 5453 mirandum

211 5490 423 5546 habent
449 5487 570 5543 libri
605 5489 1010 5558 prophetarum,
1040 5487 1180 5566 quod
1231 5489 1372 5543 sicut
1421 5490 1474 5542 in
1495 5491 1598 5544 ~eis
1623 5492 1802 5546 verbis

211 5593 332 5646 res,
354 5578 425 5633 ita
446 5593 826 5648 nonnunquam
859 5580 1021 5632 verba
1051 5579 1210 5633 rebus
1238 5589 1600 5650 exponuntur,
1623 5591 1682 5635 ut
1711 5598 1802 5636 eo-

215 5688 341 5725 rum
371 5687 470 5725 non
493 5671 666 5726 solum
689 5670 849 5734 dicta,
882 5671 974 5724 sed
996 5674 1158 5724 etiam
1183 5687 1267 5725 res
1293 5681 1476 5740 gestae,
1502 5674 1800 5742 prophetiae

210 5763 346 5822 sant.
401 5761 546 5818 Unde
597 5776 738 5814 mum
783 5760 1017 5817 dicitur:
1056 5780 1074 5812 ι
1115 5761 1240 5817 chi
1273 5762 1340 5813 ad
1371 5763 1799 5831 transmigratio-

1913 4663 2104 4718 diebus
2154 4663 2350 4718 sedens
2401 4663 2633 4717 tacebat.
2677 4662 2814 4729 Quid
2869 4671 2956 4718 est
2999 4663 3121 4723 hoc,
3153 4663 3294 4731 quod
3342 4663 3496 4718 nobis

1912 4763 2132 4811 sanctus
2160 4755 2420 4825 prepheta
2444 4754 2496 4807 in
2520 4755 2623 4808 hoc
2650 4754 2862 4809 silentio
2902 4754 3093 4815 innuit,
3126 4756 3223 4808 nisi
3255 4755 3381 4823 quia
3408 4754 3494 4810 ille

1909 4844 2052 4914 loqui
2077 4846 2342 4900 veraciter
2357 4846 2523 4910 novit,
2551 4846 2641 4915 qui
2668 4847 2821 4915 prius
2847 4847 3189 4902 bene-tacere
3210 4847 3493 4905 didicerit?

1911 4936 2072 5000 Quasi
2102 4938 2244 4990 enim
2277 4937 2544 5005 quoddam
2573 4937 2959 4992 nutrimentum
2988 4940 3135 4993 verbi
3160 4949 3241 4994 est
3261 4953 3490 4995 censura

1881 5027 2126 5106 'silcntii.
2161 5029 2225 5083 Et
2258 5037 2403 5082 recte
2434 5043 2529 5097 per
2557 5029 3216 5100 excrementum-silentii,
3240 5045 3488 5084 crescen-

1910 5127 2016 5171 tem
2038 5133 2252 5188 quoque
2293 5119 2520 5188 gratiam
2563 5119 2828 5172 sermonis
2868 5119 3098 5187 accepit,
3124 5120 3215 5186 qui
3241 5120 3488 5174 ordinate

1908 5217 2199 5278 anteaper
2229 5209 2582 5264 humilitatem
2614 5217 2774 5263 tacet.
2828 5207 2964 5263 Hinc
2991 5211 3187 5264 etenim
3215 5209 3490 5278 per‘Salo-

1909 5315 2121 5355 monetn
2150 5301 2345 5355 dicitur
2373 5319 2386 5355 :
2419 5320 2437 5352 ι
2473 5300 2708 5370 Tempus
2761 5301 2993 5366 tacendi,
3045 5310 3100 5355 et
3153 5311 3360 5372 tempus
3402 5303 3488 5358 ΔῙο-

1907 5388 2100 5458 quendi
2125 5389 2352 5459 (Eccles.
2378 5391 2482 5455 Ill).
2516 5410 2533 5441 ι
2570 5389 2683 5444 Non
2707 5391 2847 5444 enim
2878 5391 2975 5455 ait,
3000 5400 3206 5459 tempus
3235 5393 3493 5461 loquendi.

1905 5487 1959 5532 et
2007 5485 2220 5547 tempus
2277 5479 2528 5543 tacendi,
2579 5481 2674 5535 sed
2731 5482 2881 5550 prius
2949 5483 3156 5536 tacendi
3207 5484 3487 5552 prannittit

1908 5575 2139 5634 tempus,
2173 5575 2228 5620 et
2256 5569 2596 5635 postmodum
2643 5569 2875 5623 subdidit
2908 5569 3345 5639 loquendi..Quia
3377 5587 3490 5632 non

1905 5656 2168 5725 loquendo
2197 5665 2398 5725 tacere,
2431 5659 2524 5713 sed
2554 5659 2778 5714 tacendo
2801 5659 3228 5731 debemusloqui
3247 5663 3485 5723 discere.

1905 5745 1958 5800 Si
1983 5761 2111 5816 ergo
2141 5748 2400 5816 propheta
2429 5759 2666 5814 sanctus,
2721 5750 2813 5816 qui
2841 5751 3035 5806 missus
3065 5752 3130 5806 ad
3163 5751 3488 5825 loquendum
