3948 6328
471 377 559 432 S75
1099 372 1163 434 Β.
1208 373 1458 440 ΒΑΒΛῖἦί
1497 367 1716 427 ΜΑυΒι
1754 365 2075 424 ARCHlEP.
2119 360 2430 419 HOGUNT.
2473 357 2757 415 OPERUM
2795 357 2973 412 PARS
3010 357 3071 412 ll.

3626 347 3735 407 376

451 488 646 552 fuerat,
672 486 758 541 diu
788 487 939 555 prius
981 486 1171 549 tacuit,
1208 493 1267 537 ut
1297 484 1637 553 postmodum
1669 490 1815 536 recte
1842 479 2034 549 loque-
2065 481 2110 539 Α
2139 483 2287 529 tatur
2314 490 2341 527 a
2372 474 2459 527 via
2484 488 2579 526 sua
2603 469 2765 541 impia
2794 481 2849 526 et
2878 471 3039 525 vivat.
3068 468 3426 555 Comminatio
3456 467 3603 522 enim
3622 484 3735 521 non

453 590 621 645 retur,
650 579 983 649 pensandum
1008 578 1161 632 nobis
1190 586 1290 641 est,
1331 584 1529 645 quanta
1559 576 1607 629 ei
1634 575 1791 644 culpa
1819 573 1891 627 sit
1931 585 2037 626 non

453 681 652 734 tacere,
698 684 859 738 quem
915 668 1056 722 nulla
1088 668 1232 736 cogit
1285 668 1580 723 necessitas
1630 665 1797 735 loqui.
1849 660 2041 731 Sequi-

453 771 544 817 tur
574 802 588 817 .
642 780 661 813 ι
695 760 796 818 Fili
833 762 1091 827 hominis,
1144 761 1539 831 speculatorem
1596 759 1717 815 dedi
1762 767 1815 813 te
1856 756 2039 812 domui

456 853 638 911 lsracl.
682 873 701 907 ι
732 854 1037 910 NOtandum
1084 856 1226 925 quod
1274 869 1417 916 eum,
1461 865 1621 922 quem
1666 850 1928 904 Dominus
1971 846 2041 901 ad

453 948 855 1021 praedicandum
913 947 1079 1001 mittit
1130 947 1523 1016 speculatorem
1573 956 1694 1000 esse
1736 940 2038 997 denuntiat.

451 1035 549 1095 Cui
567 1039 711 1094 enim
727 1054 855 1093 cura
873 1037 1044 1092 aliena
1071 1038 1446 1100 committitur,
1465 1034 1772 1107 speculator
1792 1042 2037 1096 vocatur,

452 1137 512 1181 ut
542 1129 593 1181 in
620 1128 814 1182 mentis
845 1128 1128 1182 altitudine
1161 1129 1363 1190 sedeat,
1399 1137 1561 1197 atque
1580 1123 1899 1181 vocabulum
1951 1136 2047 1175 no-

454 1216 617 1271 minis
642 1231 708 1271 ex
758 1216 959 1270 virtute
984 1216 1214 1271 actionis
1253 1216 1448 1269 trahat.
1486 1213 1600 1269 Non
1632 1220 1715 1269 est
1758 1212 1902 1266 enim
1927 1222 2046 1279 spe“

454 1307 686 1371 colator,
714 1306 806 1375 qui
839 1307 892 1360 in
938 1307 1047 1361 imo
1082 1313 1186 1360 est.
1233 1303 1552 1376 Speculator
1580 1303 1781 1375 quippe
1831 1314 2047 1369 semper

455 1400 513 1455 in
557 1399 838 1459 altitudine
868 1407 999 1460 stat,
1043 1407 1102 1453 ut
1157 1397 1417 1470 quidquid
1464 1404 1749 1450 venturum
1781 1399 1864 1448 est
1890 1390 2047 1460 longe

454 1491 772 1561 prospiciat.
808 1489 873 1544 Et
894 1489 1137 1560 quisquis
1170 1488 1350 1559 populi
1391 1487 1697 1556 speculator
1724 1484 1963 1555 ponitur,
1990 1483 2043 1536 in

456 1581 568 1637 alto
595 1581 753 1637 debet
784 1590 931 1637 stare
976 1596 1076 1651 per
1097 1581 1280 1646 vitam,
1329 1588 1387 1634 ut
1429 1579 1686 1649 prodesse
1730 1578 1906 1649 possit
1951 1590 2047 1645 per

456 1672 870 1742 providentiam.
927 1670 1065 1726 Hinc.
1125 1672 1388 1741 propheta
1446 1670 1586 1725 alius
1652 1668 2047 1739 speculatorem

458 1761 731 1827 admonet,
753 1760 972 1815 dicens:
1002 1779 1020 1812 ι
1055 1758 1229 1830 Super
1250 1768 1488 1815 montem
1521 1759 1794 1816 excelsum
1816 1757 2049 1814 ascende

2142 566 2195 619 in
2222 565 2487 627 homines,
2524 564 2618 617 sed
2644 563 2695 616 in
2719 570 3030 631 peccatores
3051 571 3152 625 est,
3180 552 3351 614 nec'in
3373 574 3465 613 eos
3485 558 3577 629 qui
3601 575 3736 614 cor:-

2140 652 2679 717 vertunturavitiis,
2735 652 2829 706 sed
2883 651 2972 720 qui
3008 650 3059 703 in
3109 658 3331 719 peccato
3378 657 3732 718 permanent;

2141 760 2506 815 magnumque
2531 742 2824 798 discrimen
2871 751 2952 795 est
3001 740 3096 794 Dei
3153 748 3332 794 tacere
3358 753 3635 793 sermones
3662 738 3740 792 ob

2142 819 2423 906 triplicem
2443 847 2687 896 causam,
2722 830 2806 886 vel
2830 837 3052 901 prepter
3084 831 3353 892 timorem,
3392 827 3478 881 vel
3514 835 3741 897 propter

2140 924 2438 995 pigritiam,
2468 922 2552 977 vel
2580 930 2805 992 propter
2830 919 3213 975 adulationem.
3253 918 3406 974 Unde
3442 926 3495 972 et
3522 918 3692 972 Isaias
3722 935 3735 969 :

2149 1034 2168 1068 ε
2212 1013 2320 1078 ναξ,
2353 1012 2547 1083 inquit,
2602 1012 2734 1065 mihi
2772 1008 2995 1077 misero,
3041 1009 3169 1079 quia
3223 1008 3365 1063 tacui
3413 1007 3548 1077 (lsa.
3577 1007 3675 1078 vt).
3714 1026 3732 1058 ι

2146 1106 2406 1181 Quodque
2448 1104 2786 1174 sequitur”
2828 1100 2906 1156 Tu
2950 1112 3130 1157 autem
3162 1101 3397 1154 animam
3427 1108 3569 1152 tuam
3598 1098 3739 1152 libe-

2147 1197 2361 1262 rasti,»
2395 1195 2527 1250 illud
2576 1193 2927 1265 apostolicum
2980 1201 3135 1248 sonat
3180 1204 3195 1245 .'
3240 1213 3257 1244 ι
3306 1191 3363 1246 Si
3402 1190 3555 1260 cujus
3600 1206 3740 1261 opus

2148 1287 2367 1352 arserit,
2406 1286 2662 1341 damnum
2712 1284 2969 1353 patietur,
3007 1282 3122 1352 ipse
3170 1290 3351 1336 autem
3394 1282 3579 1336 salvus
3608 1283 3737 1346 erit,

2148 1381 2227 1437 sic
2268 1388 2450 1435 tamen
2495 1378 2649 1449 quasi
2688 1393 2787 1448 per
2816 1377 2994 1447 ignem
3039 1374 3093 1449 (I
3130 1375 3253 1430 Cor.
3281 1374 3385 1445 ιιι),
3416 1394 3433 1427 ι
3465 1383 3525 1429 ut
3545 1376 3743 1446 probet

2148 1478 2332 1525 utrum
2362 1469 2668 1539 speculator
2710 1476 2969 1523 externus
3012 1482 3042 1521 a
3089 1480 3251 1522 causa
3298 1467 3372 1521 sit
3404 1468 3596 1521 mortis
3621 1467 3745 1538 ejus

2150 1561 2241 1633 qui
2268 1561 2431 1631 periit
2459 1574 2528 1613 an
2556 1574 2701 1614 reus.
2733 1559 2881 1629 Opus
2927 1557 3073 1613 enim
3124 1556 3381 1628 magistri
3405 1556 3553 1612 salus
3580 1556 3748 1611 disci-

2149 1651 2283 1724 pull'
2302 1662 2405 1710 est.
2435 1652 2494 1708 In
2527 1652 2725 1722 quibus
2752 1650 2939 1707 verbis
2967 1650 3096 1721 quid
3126 1648 3280 1705 nobis
3312 1649 3609 1704 notandum
3631 1657 3743 1712 est,

2153 1745 2283 1815 quid
2308 1744 2537 1801 sollicite
2564 1744 2931 1815 cogitandum,
2956 1742 3060 1797 nisi
3082 1740 3208 1812 quia
3240 1755 3343 1796 nec
3380 1740 3654 1810 subjectus
3674 1754 3748 1794 ex

458 1860 540 1916 tu,
564 1852 653 1922 qui
695 1850 1035 1922 evangelizas
1064 1829 1191 1906 Sion
1219 1850 1355 1923 (lsa.
1384 1851 1496 1925 ιι),
1543 1871 1561 1904 ι
1596 1861 1657 1906 ut
1683 1850 1932 1906 videlicet
1952 1850 2045 1927 qui

2163 1836 2424 1905 praepositi
2454 1834 2611 1904 culpa
2649 1834 2910 1900 moritur,
2942 1848 3044 1888 nec
3072 1832 3397 1902 prapositus
3430 1831 3547 1886 sine
3585 1829 3746 1900 culpa

456 1943 858 2013 praedicationis
884 1942 1060 1998 locum
1095 1944 1337 2014 accepit,
1389 1943 1455 1998 ad
1505 1943 1841 1998 altitudinem
1895 1941 2049 1997 bona:

460 2034 689 2090 actionis
712 2035 988 2099 ascendat,
1016 2035 1082 2089 ad
1108 2034 1319 2090 excelsa
1346 2041 1606 2100 transeat,
1638 2042 1692 2088 et
1738 2048 1926 2087 eorum
1958 2033 2051 2102 qui

460 2125 561 2181 sibi
585 2125 859 2180 commissi
888 2134 1195 2196 suntopera
1221 2125 1593 2190 transcendat,
1622 2133 1892 2195 quatenus
1921 2126 2050 2179 sub-

456 2214 913 2286 iectorumvitam
936 2223 1086 2270 tanto
1111 2216 1360 2271 subtilius
1378 2217 1579 2283 videat,
1594 2226 1798 2285 quanto
1818 2216 2054 2271 terrenis

462 2306 626 2362 rebus
651 2322 784 2376 quas
814 2307 1062 2377 despicit,
1092 2307 1335 2362 animum
1386 2322 1492 2361 non
1524 2307 1796 2377 supponit.
1850 2303 2053 2377 (Ηὶεν.)

464 2395 660 2452 Manus
688 2404 869 2451 autem
892 2397 1105 2451 Domini
1128 2396 1188 2451 fit
1214 2412 1378 2468 super
1399 2388 1715 2467 prophetam
1742 2394 2054 2451 confortans

464 2500 611 2554 eum,
641 2494 701 2541 ut
720 2487 890 2557 possit
910 2502 1103 2542 nomen
1138 2488 1493 2558 speculatoris
1517 2486 1839 2559 accipereet
1859 2487 2054 2542 docere

464 2578 609 2649 quod
660 2578 809 2634 dicit.
843 2577 1171 2649 Septemque
1211 2580 1361 2649 prius
1402 2580 1589 2635 diebus
1629 2586 1873 2634 versatur
1918 2580 2058 2632 inter

465 2682 583 2735 eos,
607 2669 799 2725 videns
822 2677 1016 2724 cuncta
1034 2684 1151 2738 qum
1174 2677 1447 2740 gererent,
1472 2677 1532 2723 ut
1550 2677 1735 2739 postea
1751 2669 1914 2724 sciret
1938 2683 2058 2739 quae

465 2759 782 2830 corriperet.
815 2759 1025 2816 Mmret‘
1046 2769 1225 2814 autem
1272 2760 1386 2814 sive
1417 2769 1769 2815 conversatur
1798 2759 1850 2813 in
1883 2759 2059 2814 medio

468 2865 676 2914 eorum,
705 2850 895 2905 videns
918 2850 1122 2905 scelera
1152 2860 1207 2905 et
1234 2851 1437 2920 justam
1470 2851 1565 2905 Dei
1589 2867 1686 2923 pro
1714 2859 2057 2921 peccatorum

471 2938 754 3009 iniquitate
798 2940 1145 2995 sententiam.
1185 2960 1202 2991 ι
1238 2941 1371 2995 Cum
1402 2951 1580 2997 autem
1610 2944 2057 3012 pertransissent,

470 3029 668 3099 inquit,
712 3037 917 3100 septem
970 3029 1106 3096 dies,
1156 3029 1358 3086 factum
1388 3040 1470 3087 est
1496 3034 1717 3087 verbum
1749 3032 1959 3087 Domini
1993 3033 2062 3087 ad

470 3141 575 3191 me,
605 3128 791 3183 dicens
810 3146 821 3180 :
839 3126 940 3181 Fili
962 3128 1217 3193 hominis,
1246 3128 1639 3198 speculatorem
1656 3128 1775 3183 dedi
1801 3139 1854 3184 te
1875 3129 2057 3184 domui

470 3218 657 3275 Israel.
698 3238 716 3272 ι
752 3218 855 3287 Qui
902 3219 1209 3290 speculator
1266 3220 1482 3275 futurus
1530 3228 1635 3287 est,
1664 3229 1719 3276 et
1774 3219 1867 3275 Dei
1898 3219 2057 3275 verba

470 3310 668 3382 populo
700 3319 1042 3377 narraturus,
1089 3311 1257 3365 multo
1296 3319 1536 3381 tempore
1567 3310 1726 3367 debet
1756 3312 2059 3382 quiescere,

472 3411 528 3458 et
556 3402 743 3457 dolere
767 3402 835 3456 ad
866 3418 950 3465 ea,
984 3417 1104 3471 qua:
1123 3402 1326 3469 videat,
1376 3402 1616 3473 nihilque
1646 3403 1849 3458 habere
1875 3417 2062 3479 eorum

474 3494 529 3549 iu
560 3492 911 3555 conscientia,
938 3507 1058 3561 quae
1099 3492 1154 3546 in
1178 3492 1298 3548 aliis
1318 3502 1665 3562 correpturos
1692 3500 1795 3548 est.
1835 3512 1853 3545 ι
1881 3492 1949 3546 Ει
1970 3508 2068 3546 au-

475 3584 590 3639 dies
615 3584 680 3638 de
702 3598 796 3638 ore
828 3598 948 3638 meo
972 3584 1214 3650 verbum,
1244 3591 1296 3637 et
1326 3582 1672 3637 annuntiabis
1700 3583 1781 3637 eis
1811 3597 1877 3637 ex
1899 3596 2008 3636 me.
2040 3600 2057 3631 ι

480 3662 547 3744 (ϐ
556 3672 687 3745 reg.)
704 3673 841 3728 Ecce
862 3673 1053 3727 iterum
1076 3673 1397 3727 admonetur
1416 3673 1677 3743 propheta
1695 3687 1761 3727 ne
1776 3680 2067 3743 praesumat

475 3762 621 3832 loqui
636 3765 778 3832 quod
802 3779 907 3817 non
924 3764 1169 3827 audierit,
1189 3765 1281 3819 sed
1297 3765 1446 3833 prius
1466 3778 1651 3819 aurem
1668 3765 1847 3819 cordis
1861 3762 2067 3833 aperiat

474 3853 593 3908 voci
627 3854 910 3917 creatoris,
934 3860 989 3907 et
1010 3854 1350 3924 postmodum
1376 3869 1437 3909 os
1463 3854 1545 3907 sui
1587 3854 1828 3922 corporis
1859 3853 2068 3923 aperiat

478 3941 701 3999 auribus
758 3942 951 4012 plebis.
1007 3942 1161 3998 Unde
1200 3944 1466 4014 prepheta
1492 3943 1629 3998 alius
1652 3942 1781 3998 dicit
1812 3962 1824 3996 :
1860 3962 1878 3994 ι
1913 3942 2069 3997 Incli—

477 4038 620 4090 nabo
662 4034 728 4088 ad
788 4033 1193 4089 similitudinem
1252 4050 1436 4090 aurem
1486 4050 1681 4098 meam,
1731 4036 1972 4106 aperiam
2013 4037 2065 4089 in

477 4124 735 4195 psalterio
783 4125 1205 4195 propositionem
1251 4142 1421 4180 meam
1458 4125 1630 4197 (Psa‘l.
1666 4125 1875 4197 xum).
1918 4146 1936 4179 ι
1965 4125 2067 4192 Qui

478 4216 622 4271 enim
655 4222 803 4271 recte
828 4216 1102 4284 prmdicat,
1148 4216 1314 4285 prius,
1346 4216 1485 4270 sicut
1512 4218 1711 4271 dictum
1745 4226 1849 4283 est,
1880 4233 2068 4272 aurem

479 4305 666 4360 cordis.
697 4304 951 4359 locutioni
985 4304 1172 4359 intime
1224 4304 1463 4371 inclinat,
1512 4315 1568 4360 ut
1619 4309 1960 4377 postmodum
2006 4322 2069 4362 os

480 4397 722 4467 corporis
752 4396 804 4450 in
831 4397 1195 4467 propositione
1218 4398 1598 4453 admonitionis
1624 4400 1851 4469 aperiat.

557 4508 574 4538 ‹
613 4487 670 4542 Si
702 4489 917 4542 dicente
959 4502 1045 4541 me
1073 4487 1139 4541 ad
1168 4487 1416 4557 impium,
1450 4488 1621 4543 Morte
1654 4491 1925 4556 morieris,
1960 4508 2066 4545 nou

489 4598 506 4629 ς
544 4578 953 4633 annuntiaveris
970 4579 1040 4642 ei,
1068 4594 1242 4647 neque
1272 4578 1482 4632 locutus
1505 4562 1689 4643 fueris,
1708 4588 1767 4634 ut
1792 4589 2068 4635 avertatur

490 4689 507 4719 ‹
547 4684 575 4722 a
600 4670 685 4723 via
711 4684 809 4723 suo
849 4669 1033 4738 impia,
1063 4677 1117 4723 ct
1141 4670 1306 4724 vivat.
1339 4670 1454 4739 Ipse
1476 4669 1668 4739 impius
1699 4671 1750 4724 in
1783 4672 2068 4741 iniquitate

490 4778 507 4809 ι
547 4774 642 4813 sua
674 4758 953 4824 morietur,
978 4760 1293 4829 sanguinem
1332 4770 1511 4815 autem
1549 4760 1664 4828 ejus
1697 4764 1761 4818 de
1794 4780 1951 4817 manu
1982 4775 2069 4819 tua

492 4869 509 4900 ‹
548 4850 841 4918 requiram.
864 4848 920 4903 Si
941 4858 1119 4903 autem
1142 4852 1545 4905 annuntiaveris
1569 4853 1749 4922 impio,
1775 4864 1829 4908 et
1856 4854 1941 4908 ille
1962 4870 2066 4907 non

493 4959 511 4991 ι
546 4940 706 4994 fuerit
735 4956 1029 4996 conversus
1060 4943 1126 4995 ab
1156 4942 1437 5011 iniquitate
1471 4954 1524 4997 et
1560 4960 1587 4997 a
1635 4947 1719 4999 via
1749 4962 1843 5001 sua
1875 4948 2066 5016 impia,

493 5049 510 5081 ι
550 5030 666 5099 ipse
702 5028 919 5099 quidem
953 5031 1004 5083 in
1035 5031 1319 5101 iniquitate
1342 5048 1435 5086 sua
1466 5033 1746 5088 morietur.
1780 5034 1855 5088 Tu
1889 5045 2069 5090 autem

494 5137 512 5169 ι
553 5120 786 5173 animam
830 5128 971 5173 tuam
1022 5120 1291 5175 liberabis.
1330 5143 1347 5173 )
1380 5122 1578 5193 (Ηὶεν.)
1612 5124 1725 5177 Duo
1755 5135 1880 5180 sunt
1922 5126 2069 5197 impii

490 5210 603 5263 sive
632 5209 819 5278 iniqui,
846 5218 902 5263 ut
944 5208 1289 5280 Septuaginta
1332 5213 1759 5278 transtulerunt;
1813 5231 1951 5269 unus
1979 5216 2071 5285 qui

489 5299 619 5355 nihil
647 5300 846 5353 audita
874 5301 1229 5370 speculatore,
1260 5312 1313 5355 et
1348 5304 1397 5355 in
1435 5320 1528 5356 sua
1559 5304 1835 5374 impietate
1880 5307 2075 5360 morie-

490 5399 597 5452 tur,
626 5389 777 5459 cujus
804 5390 1021 5457 sanguis
1043 5390 1107 5444 de
1136 5390 1486 5459 speculatoris
1510 5394 1770 5463 qua-ritur
1793 5395 2072 5461 manibus;

489 5478 628 5531 alter
654 5479 738 5531 cui
768 5479 1075 5547 speculator
1096 5480 1399 5543 annuntiat,
1432 5490 1484 5533 et
1511 5480 1599 5535 ille
1621 5482 1807 5536 audire
1830 5493 2073 5538 contem-

492 5584 750 5624 nenssuo
782 5571 913 5625 vitio
943 5571 1190 5626 moritur.
1214 5572 1290 5626 ita
1323 5573 1603 5637 duntaxat,
1635 5584 1691 5628 ut
1717 5575 2024 5644 speculator
2046 5594 2075 5630 a

471 5661 884 5731 oculp‘a'alicnus
913 5666 998 5720 sit.
1031 5664 1109 5719 Ex
1139 5680 1245 5735 quo
1271 5665 1617 5735 intelligimus
1643 5666 1763 5721 ideo
1790 5666 2076 5722 Dominum

500 5751 989 5821 impiocomminari
1006 5756 1270 5823 ctdiccre,
1303 5775 1316 5807 τ
1342 5756 1507 5813 Morte
1523 5756 1793 5825 moriaris,
1819 5777 1835 5810 ν
1861 5766 1917 5812 ut
1935 5774 2079 5813 aver-

2151 1933 2254 1989 est,
2271 1925 2485 1996 quando
2506 1924 2669 1979 verba
2687 1924 2815 1979 vita:
2831 1937 2935 1977 non
2954 1923 3178 1978 audiens
3202 1938 3264 1977 ex
3279 1936 3377 1976 sua
3404 1922 3559 1991 culpa
3574 1920 3749 1976 mori-

2154 2021 2262 2078 tur,
2317 2012 2631 2081 subjectus?
2666 2012 2837 2083 lmpio
2882 2012 3084 2065 etenim
3134 2025 3283 2065 mors
3336 2010 3601 2075 debetur,
3653 2009 3751 2064 sed

2155 2102 2206 2157 ei
2256 2103 2325 2155 ab
2356 2100 2696 2171 speculatore
2742 2100 2830 2154 via
2883 2101 3006 2154 vitae
3037 2098 3335 2155 nuntianda
3370 2107 3491 2165 est,
3535 2106 3592 2154 et
3632 2098 3753 2170 ejus

2156 2192 2405 2261 impietas
2431 2191 2781 2261 increpanda.
2826 2188 2883 2245 Si
2924 2205 3055 2245 vero
3080 2190 3391 2260 speculator
3424 2197 3602 2255 tacet,
3634 2189 3754 2260 ipse

2157 2284 2352 2355 impius
2402 2268 2459 2338 in
2514 2283 2800 2352 iniquitate
2827 2296 2925 2337 sua
2979 2280 3270 2344 morietur,
3317 2280 3442 2349 quia
3501 2280 3756 2349 impletae

2158 2378 2228 2431 tis
2255 2375 2371 2445 ejus
2415 2375 2671 2429 meritum
2696 2372 2830 2440 fuit,
2862 2380 2920 2426 ut
2958 2368 3152 2442 dignus
3179 2385 3287 2424 non
3312 2361 3458 2426 esset
3490 2370 3558 2425 ad
3589 2384 3756 2440 quem

2156 2464 2512 2537 speculatoris
2540 2479 2719 2527 sermo
2743 2462 2927 2527 fieret;
2952 2462 3048 2517 sed
3076 2461 3391 2533 sanguinem
3422 2462 3539 2531 ejus
3572 2447 3761 2515 Domi-

2159 2571 2261 2612 nus
2304 2556 2370 2611 de
2416 2569 2578 2609 manu
2611 2552 2971 2623 speculatoris
2999 2552 3246 2622 requirit,
3287 2553 3412 2622 quia
3454 2552 3570 2620 ipse
3612 2552 3761 2607 hunc

2159 2648 2378 2710 occidit,
2407 2647 2498 2716 qui
2540 2662 2663 2700 eum
2696 2646 2924 2700 tacendo
2967 2644 3126 2699 morti
3168 2645 3407 2699 tradidit.
3456 2643 3512 2697 ln
3563 2644 3762 2713 quibus

2160 2739 2406 2807 utrisque
2444 2736 2777 2806 pensandum
2806 2742 2889 2789 est
2914 2743 3174 2804 quantum
3204 2734 3304 2787 sibi
3346 2748 3590 2787 connexa
3630 2739 3761 2787 sunt

2160 2834 2381 2897 peccata
2410 2826 2749 2882 subditorum
2785 2833 2948 2893 atque
2972 2824 3403 2894 praepositorum,
3431 2825 3557 2893 quia
3589 2824 3675 2878 ubi
3704 2830 3762 2881 et

2162 2918 2436 2990 subjectus
2469 2934 2532 2974 ex
2567 2933 2662 2972 sua
2708 2916 2863 2987 culpa
2912 2916 3162 2982 moritur,
3209 2916 3281 2970 ibi
3324 2916 3371 2970 is
3418 2916 3509 2985 qui
3539 2923 3760 2985 purast.

2161 3009 2379 3080 quando
2405 3009 2593 3071 tacuit,
2628 3023 2755 3063 reus
2800 3009 2992 3062 mortis
3022 3014 3253 3061 tenetur.
3277 3005 3335 3062 Ο
3375 3021 3538 3077 quam
3567 3005 3707 3061 liber
3730 3021 3763 3061 ι

2164 3098 2579 3154 commissorum
2624 3098 2727 3153 sibi
2762 3097 3023 3167 sanguine
3051 3094 3230 3151 fuerat
3253 3096 3583 3166 pmdicator
3606 3112 3765 3169 egre-

2087 3180 2130 3241 C
2164 3191 2283 3261 gius
2333 3190 2424 3259 qui
2478 3188 2711 3251 dicebat,
2770 3187 3000 3241 Mundus
3050 3200 3169 3241 sum
3238 3200 3267 3240 a
3321 3186 3586 3257 sanguine
3638 3202 3763 3242 om-

2166 3282 2349 3337 nium!
2382 3279 2498 3335 Non
2552 3280 2695 3334 enim
2742 3276 3079 3348 subterfugi,
3126 3277 3415 3347 quominus
3551 3292 3767 3332 annun-

2168 3372 2360 3425 tiarem
2388 3383 2548 3423 omne
2574 3366 2863 3423 consilium
2898 3365 2991 3420 Dei
3024 3365 3197 3439 vobis.
3235 3364 3293 3420 Si
3328 3365 3471 3419 enim
3518 3380 3625 3419 non
3660 3380 3765 3420 au-

2166 3461 2503 3523 nuntiasset,
2548 3458 2782 3513 mundus
2812 3472 2842 3510 a
2870 3450 3267 3526 sanguinenon
3299 3464 3478 3522 esset,
3518 3456 3613 3511 sed
3643 3456 3769 3527 qui-

2166 3555 2268 3609 bus
2310 3569 2470 3608 omne
2502 3552 2785 3607 consilium
2816 3550 2909 3606 Dei
2942 3550 3267 3605 annuntiare
3311 3550 3536 3617 studuit,
3573 3551 3641 3607 ab
3672 3566 3770 3606 eo.

2166 3659 2286 3697 rum
2315 3642 2574 3712 sanguine
2603 3643 2836 3696 mundus
2870 3639 2989 3694 fuit.
3022 3640 3079 3694 In
3115 3655 3222 3710 qua
3253 3655 3388 3696 voce
3414 3656 3513 3696 nos
3542 3641 3772 3697 convin-

2167 3737 2358 3798 cimur,
2396 3750 2492 3789 nos
2520 3733 2965 3803 constringimur,
3013 3748 3114 3788 nos
3145 3732 3223 3787 rei
3249 3746 3370 3787 esse
3397 3733 3767 3799 ostendimur,

2168 3827 2293 3896 quia
2324 3825 2635 3879 sacerdOtes
2662 3838 2941 3885 vocamur,
2999 3823 3090 3893 qui
3143 3837 3392 3893 superes
3440 3823 3601 3888 mala,
3645 3839 3771 3894 qum

2167 3916 2384 3987 proprie
2424 3916 2705 3979 habemus,
2745 3915 2955 3969 alienas
3004 3929 3220 3984 quoque
3248 3920 3454 3969 mortes
3494 3914 3767 3977 addimus,

2169 4008 2296 4076 quia
2346 4015 2427 4061 tot
2474 4005 2790 4067 occidimus,
2842 4013 2973 4075 quot
3013 4004 3094 4057 ad‘
3131 4012 3360 4059 mortem
3408 4004 3487 4059 ire
3525 4003 3771 4074 quotidie

2171 4099 2335 4169 tepidi
2363 4108 2416 4154 et
2439 4108 2681 4153 tacentes
2707 4099 2971 4153 videmus.
2997 4096 3130 4152 Cum
3157 4113 3288 4152 vero
3316 4095 3517 4152 dicitur
3545 4116 3556 4153 :
3588 4117 3605 4149 ι
3629 4097 3772 4152 San-

2169 4191 2385 4261 guinem
2417 4189 2533 4258 ejus
2567 4190 2632 4244 de
2662 4204 2823 4242 manu
2853 4197 2939 4242 tua
2968 4189 3265 4258 requiram,
3299 4207 3317 4240 ι
3352 4188 3396 4242 si
3436 4189 3489 4265 in
3521 4189 3627 4244 boc
3647 4189 3769 4245 loco

2170 4279 2450 4349 sanguinis
2481 4280 2721 4345 nomine,
2777 4296 2924 4334 mors
2972 4280 3215 4348 corporis
3242 4280 3580 4349 designatur,
3612 4281 3774 4339 valde

2172 4372 2328 4427 nobis
2355 4372 2421 4426 de
2466 4379 2654 4425 nostro
2707 4370 2923 4425 silentio
2971 4379 3200 4442 augetur
3250 4379 3446 4435 metus,
3477 4371 3603 4440 quia
3632 4373 3675 4427 si
3713 4372 3772 4427 in

2175 4460 2432 4530 subjectis
2456 4462 2570 4517 suis
2600 4462 2646 4516 is
2684 4462 2775 4530 qui
2807 4460 3062 4531 praelatus
3084 4461 3151 4517 ad
3199 4460 3580 4530 speculandum
3608 4463 3771 4518 etiam

2097 4533 2149 4592 Ῐ)
2176 4555 2241 4609 de
2268 4562 2443 4609 morte
2470 4554 2715 4623 corporis
2741 4554 3069 4623 quandoque
3100 4553 3345 4607 morituri
3388 4562 3495 4606 tam
3534 4554 3775 4623 graviter

2179 4658 2303 4698 reus
2334 4643 2585 4712 punitur,
2634 4657 2742 4712 quo
2786 4651 2941 4697 reatu
2971 4643 3038 4697 de
3066 4652 3242 4698 morte
3282 4642 3475 4697 anima:
3503 4643 3774 4713 subjecto-

2181 4748 2299 4786 rum
2323 4733 2748 4801 constringetur,
2777 4746 2898 4801 quae
2946 4732 3210 4802 potuisset
3246 4747 3461 4800 semper
3485 4732 3687 4797 vivere,
3726 4734 3772 4789 si

2178 4822 2731 4891 verba-correptionis
2754 4821 3025 4876 audisset!
3058 4822 3161 4877 Sed
3188 4822 3376 4877 melius
3405 4835 3631 4892 possunt
3654 4841 3773 4878 san-

2182 4910 2359 4981 guinis
2412 4911 2630 4965 nomine
2678 4920 2900 4979 peccata
2936 4910 3158 4978 signari.
3209 4909 3357 4965 Unde
3398 4910 3616 4979 quidam
3646 4928 3769 4968 cum

2180 5004 2245 5055 de
2268 5002 2506 5070 peccatis
2529 5002 2712 5056 carnis
2729 5000 2967 5066 defieret,
2996 5000 3163 5054 dixit:
3199 5018 3217 5051 ι
3236 4981 3429 5054 Libera
3454 5016 3540 5054 me
3558 5002 3623 5055 de
3650 5018 3772 5060 san~

2178 5084 2429 5164 guinibus
2452 5092 2614 5157 Deus,
2650 5091 2812 5157 Deus,
2844 5090 3034 5145 salutis
3062 5105 3196 5145 meae
3223 5088 3338 5161 (Ps.
3371 5090 3443 5163 L).
3480 5110 3499 5142 ι
3538 5090 3773 5163 Sanguis

2180 5204 2309 5261 ergo
2357 5190 2645 5245 morientis
2694 5191 2759 5244 de
2805 5166 2969 5243 manli
3018 5191 3379 5260 speculatoris
3416 5194 3770 5262 requiretur:

2183 5292 2306 5360 quia
2334 5299 2611 5358 peccatum
2646 5289 2844 5345 subditi
2886 5291 3057 5361 culpae
3084 5294 3379 5362 praepositi,
3424 5294 3469 5349 si
3523 5297 3771 5361 tacuerit,

2185 5380 2494 5450 deputatur.
2542 5381 2638 5435 Est
2682 5396 2810 5450 ergo
2840 5381 2984 5450 quod
3011 5382 3196 5450 faciat,
3225 5393 3287 5438 ut
3313 5386 3477 5439 etiam
3508 5389 3777 5453 moriente

2185 5480 2400 5535 subdito
2427 5495 2485 5535 se
2515 5481 2744 5537 liberum
2786 5481 2995 5537 reddat.
3042 5483 3259 5555 Surgat,
3303 5486 3567 5557 invigilet,
3618 5490 3778 5548 malis

2186 5579 2396 5635 actibus
2423 5581 2778 5645 contradicat,
2811 5581 2951 5635 sicut
2999 5583 3259 5652 scriptum
3286 5591 3408 5638 est:
3440 5603 3458 5636 ‹
3496 5585 3777 5656 Diseurre,

2187 5670 2403 5737 festina,
2460 5674 2658 5727 suscita
2688 5668 2939 5728 amicum
2968 5683 3139 5739 tuum,
3187 5689 3254 5729 ne
3282 5675 3494 5733 dederis
3522 5693 3780 5736 somnum

2189 5764 2357 5820 oculis
2380 5766 2505 5830 tuis,
2532 5780 2629 5821 nec
2654 5765 2945 5821 dormitcnt
2972 5767 3241 5837 palpebra:
3268 5776 3369 5823 tuae
3401 5765 3583 5837 (Prov.
3626 5768 3720 5839 ri).
3754 5788 3772 5823 ι
