3948 6354
254 396 362 451 577

253 598 403 653 veris
440 596 625 667 impio,
661 604 715 651 et
765 594 853 647 ille
900 609 1005 646 non
1046 593 1206 647 fuerit
1237 609 1532 649 conversus
1555 595 1622 647 ab
1652 593 1841 663 impie-

255 697 371 743 tate
398 702 495 742 sua
525 696 581 742 et
631 702 658 739 a
701 687 785 739 via
816 700 911 738 sua
956 685 1141 754 impia,
1185 685 1300 755 ipse
1328 700 1546 754 queque
1576 684 1627 738 in
1658 684 1844 752 impie-

257 788 372 834 ‘ate
393 793 487 832 sua
512 778 792 833 morietur.
814 776 891 830 Tu
908 784 1082 830 autem
1107 758 1341 830 animam
1368 785 1514 830 tuam
1539 775 1797 830 liberasti.
1820 794 1839 827 ι

254 868 412 925 Tune
440 878 619 922 autem
676 866 949 933 subjectus
1000 866 1227 920 moritur
1276 867 1391 921 sine
1432 876 1508 929 te,
1540 864 1754 935 quando
1790 865 1844 919 in

254 974 421 1012 causa
480 958 673 1012 mortis
732 956 1185 1012 contradictorem
1239 956 1527 1026 pertulerit
1586 964 1657 1010 te.
1712 954 1843 1009 Nam

255 1050 446 1115 morti,
491 1051 576 1105 cui
630 1064 735 1102 non
787 1050 1136 1113 contradicis,
1178 1047 1529 1119 adjungeris;
1562 1054 1617 1101 et
1652 1056 1843 1099 notan-

252 1142 386 1195 dum
416 1154 535 1209 quae
560 1148 685 1193 sunt
710 1154 829 1209 qua:
853 1138 1081 1195 debeant
1107 1138 1174 1191 ab
1205 1144 1511 1207 Spectatore
1538 1136 1842 1204 praedicari.

253 1230 514 1283 nimirum
565 1227 699 1282 ﬁdes
742 1238 797 1281 et
847 1228 1111 1296 operatio.
1147 1225 1281 1279 Nam
1310 1226 1407 1289 ait,
1445 1245 1462 1276 ί
1492 1225 1547 1278 Si
1579 1236 1757 1278 autem
1791 1234 1841 1277 tu

253 1318 669 1373 annuntiaveris
696 1319 883 1386 impio,
914 1326 969 1371 et
1013 1316 1101 1371 ille
1127 1332 1233 1369 non
1270 1314 1433 1370 fuerit
1460 1330 1754 1370 conversus
1776 1314 1843 1368 ab

253 1409 543 1477 iniquitate
570 1422 665 1461 sua
708 1416 762 1461 et
790 1423 818 1459 a
846 1406 929 1459 via
958 1421 1053 1459 sua
1095 1405 1275 1475 impia.
1316 1424 1333 1455 ι
1370 1405 1622 1473 Impietas
1647 1404 1843 1473 quippe

252 1498 329 1552 ad
380 1497 747 1551 infidelitatem
792 1496 1054 1566 pertinet;
1096 1496 1178 1548 via
1223 1509 1352 1549 vero
1381 1495 1567 1563 impia,
1618 1495 1681 1547 ad
1714 1510 1841 1564 pra-

252 1604 382 1642 vam
418 1590 707 1641 actionem.
749 1588 816 1641 Et
861 1586 1039 1642 omnis
1063 1586 1368 1656 speculator
1394 1586 1495 1640 hoc
1526 1585 1723 1638 habere
1752 1585 1845 1638 (le-

250 1680 351 1735 bet
380 1680 563 1744 studii,
602 1687 659 1732 ut
701 1678 850 1749 prius
898 1678 964 1732 ad
994 1678 1270 1746 pietatem
1326 1676 1468 1741 fidei,
1502 1674 1841 1744 postmodum

252 1772 329 1825 ad
373 1771 516 1841 piam
561 1771 724 1833 viam,
760 1770 812 1825 id
851 1778 955 1834 est,
986 1770 1053 1822 ad
1096 1767 1290 1821 bonam
1328 1768 1596 1821 actionem
1631 1766 1838 1830 trahat;

250 1862 355 1917 sed
374 1862 499 1931 quia
517 1861 581 1915 de
603 1861 979 1915 exhortatione
1001 1874 1180 1914 sermo
1205 1874 1262 1914 se
1286 1858 1485 1922 intulit,
1502 1859 1841 1912 innotescere
1874 1850 1915 1907 Β

249 1954 494 2008 breviter
543 1952 802 2005 debemus
830 1951 882 2004 in
924 1963 1019 2005 ore
1063 1949 1316 2019 pastoris,
1368 1956 1603 2018 quantus
1646 1948 1839 2001 debeat

248 2057 377 2097 esse
425 2042 559 2095 ordo
614 2050 776 2109 atque
826 2038 1187 2095 consideratio
1245 2037 1551 2093 locutionis.
1608 2036 1843 2091 Pensare

251 2134 455 2188 etenim
501 2133 688 2187 doctor
736 2130 896 2185 debet
944 2131 1071 2199 quid
1120 2130 1393 2199 loquatur,
1443 2128 1527 2183 cui
1564 2127 1836 2197 loquatur,

251 2224 471 2294 quando
514 2225 799 2292 loquatur,
852 2222 1085 2292 qualiter
1129 2221 1415 2290 loquatur,
1451 2229 1712 2290 quantum
1762 2218 1839 2273 lo-

249 2326 504 2388 quatur:
550 2316 596 2372 si
652 2318 796 2371 enim
845 2331 1014 2369 unum
1058 2316 1255 2370 horum
1313 2313 1586 2377 defuerit,
1638 2313 1839 2367 locutio

251 2416 378 2475 apta
410 2421 517 2462 non
567 2406 688 2461 erit.
724 2404 996 2475 Scriptum
1041 2405 1237 2474 quippe
1273 2413 1391 2458 est:
1432 2422 1451 2455 ε
1489 2401 1545 2457 Si
1578 2412 1724 2457 recte
1758 2400 1841 2455 of-

252 2497 433 2563 feras,
473 2507 617 2552 recte
665 2505 843 2551 autem
876 2511 980 2549 non
1032 2495 1269 2560 dividas,
1301 2495 1557 2565 peccasti.
1604 2513 1620 2545 I
1674 2493 1842 2548 Recte

251 2596 435 2642 autem
497 2586 811 2651 offerimus,
866 2600 989 2640 cum
1037 2586 1179 2638 bono
1230 2585 1410 2638 studio
1454 2583 1654 2637 bonum
1706 2598 1841 2653 opus

251 2678 486 2750 agimus.
543 2678 649 2732 Sed
685 2684 831 2730 recte
869 2691 975 2730 non
1022 2676 1309 2731 dividimus
1333 2715 1349 2739 ,
1395 2675 1442 2729 si
1480 2674 1695 2737 habere
1734 2674 1844 2730 dis-

249 2771 551 2827 cretionem
610 2770 665 2823 in
712 2769 857 2824 bono
910 2782 1071 2839 opere
1120 2777 1529 2838 postponamus.
1584 2766 1842 2821 Conside-

253 2876 381 2917 rare
408 2862 607 2916 etenim
641 2860 899 2916 debemus
928 2860 1055 2929 quid
1094 2858 1383 2928 loquimur,
1413 2867 1472 2911 ut
1496 2857 1651 2928 juxta
1688 2857 1841 2913 Pauli

250 2966 443 3009 vocem
488 2950 708 3023 (Colon.
762 2944 861 3020 tv),
900 2969 917 3001 ‹
951 2964 1164 3019 semper
1195 2949 1265 3004 sit
1293 2963 1472 3004 sermo
1512 2959 1696 3004 noster
1731 2948 1844 3004 sale

250 3044 528 3101 conditus.
567 3060 585 3094 ι
614 3040 953 3095 Pensandum
982 3055 1109 3094 vero
1136 3039 1288 3093 nobis
1305 3048 1387 3094 est
1413 3039 1500 3094 cui
1531 3039 1838 3109 loquamur,

250 3135 384 3204 quia
407 3149 545 3203 Stepe
579 3133 963 3203 increpationis
986 3133 1231 3197 verbum,
1265 3132 1409 3201 quod
1449 3133 1565 3187 haec
1603 3132 1838 3185 admittit

253 3240 509 3295 persona,
555 3214 721 3278 alter'a
751 3240 855 3278 non
884 3223 1119 3277 admittit
1166 3242 1177 3275 :
1221 3234 1276 3277 et
1322 3238 1462 3293 saepe
1499 3224 1688 3276 eadem
1728 3223 1838 3292 ipsa

252 3328 491 3384 persona
521 3313 813 3368 secundum
845 3312 1046 3366 factum
1094 3314 1150 3366 iit
1200 3313 1389 3366 altera.
1445 3311 1596 3367 Unde
1630 3309 1842 3365 Nathan

252 3406 520 3473 propheta
553 3402 637 3474 (II
670 3402 799 3472 Reg.
832 3402 932 3473 xu)
975 3402 1143 3456 David
1195 3409 1317 3472 post
1363 3402 1686 3456 adulterium
1716 3400 1841 3456 forti

254 3494 643 3563 increpationis
665 3492 935 3547 sententia
960 3491 1249 3560 percussit,
1275 3490 1365 3559 qui
1393 3506 1513 3546 cum
1538 3492 1603 3545 de
1631 3500 1843 3560 raptore

252 3586 378 3639 ovis
398 3586 619 3647 diceret,
642 3601 659 3633 ‹
681 3581 847 3636 Filius
868 3582 1056 3637 mortis
1078 3592 1178 3645 est,
1204 3581 1295 3651 qui
1316 3579 1576 3642 fecithoc,
1604 3600 1619 3632 ι
1642 3581 1687 3634 ei
1714 3595 1842 3650 pro-

256 3678 408 3732 tinus
434 3674 726 3745 respondit,
752 3674 936 3727 dicens
960 3690 972 3725 :
1006 3691 1022 3723 ι
1058 3672 1136 3725 Tu
1161 3688 1218 3726 es
1242 3672 1332 3726 ille
1363 3672 1462 3725 vir.
1496 3690 1513 3722 ι
1541 3670 1636 3725 Cui
1664 3682 1843 3725 tamen

253 3784 384 3823 cum
412 3767 476 3821 de
505 3765 811 3820 Salomonis
840 3779 1007 3835 regno
1057 3763 1386 3831 loqueretur,
1417 3763 1542 3832 quia
1572 3764 1725 3832 culpa
1754 3763 1844 3817 de-

254 3858 384 3922 fuit,
414 3858 462 3911 ei
517 3872 575 3911 se
627 3855 903 3910 humiliter
936 3855 989 3908 in
1045 3854 1412 3908 adorationem
1441 3844 1752 3922 prostravit.
1787 3852 1843 3907 lu

254 3963 371 4003 una
393 3964 518 4018 ergo
539 3947 835 4015 eademque
863 3960 1115 4015 persona,
1139 3944 1263 4014 quia
1290 3959 1450 3998 causa
1472 3944 1654 4013 dispar
1672 3944 1841 3998 exsti-

255 4040 349 4102 tit,
379 4039 536 4092 etiam
569 4052 744 4091 sermo
771 4035 1115 4105 propheticus
1155 4034 1431 4087 dissimilis
1458 4031 1575 4086 fuit.
1607 4032 1846 4088 Pensan-

256 4130 391 4185 dum
416 4141 625 4197 quoque
648 4134 732 4180 est
763 4125 978 4194 quando
1008 4124 1150 4194 loqui
1182 4124 1491 4187 debeamus,
1527 4122 1651 4192 quia
1681 4136 1844 4191 smpe,

257 4218 369 4275 etsi
414 4215 655 4271 defertur
705 4214 1019 4282 increpatio,
1073 4213 1417 4282 postmodum
1446 4213 1683 4283 benigne
1711 4211 1847 4266 reci-

255 4310 428 4381 pitur,
470 4316 525 4363 et
568 4321 952 4375 nonnunquam
985 4306 1282 4377 languescit
1331 4306 1375 4359 si
1415 4282 1515 4360 hoc
1568 4320 1673 4373 quo
1724 4313 1847 4359 ante

257 4397 499 4473 proferri
542 4396 727 4453 debuit
777 4404 988 4465 tempus
1029 4396 1296 4450 amiserit.
1335 4393 1469 4451 Nam
1527 4405 1583 4449 et
1633 4396 1847 4465 sapiens

258 4490 460 4549 mulier
485 4487 652 4542 Nabal
676 4487 885 4541 ebrium
917 4487 1107 4541 videns
1135 4484 1189 4550 (I
1232 4484 1361 4555 Reg.
1393 4484 1543 4555 xxv),
1568 4486 1847 4555 increpare

260 4579 335 4635 de
363 4579 519 4647 culpa
569 4578 875 4631 tenacitatis
905 4576 1093 4639 noluit,
1143 4591 1303 4645 quem
1354 4577 1563 4646 digesto
1600 4576 1725 4630 vino
1769 4578 1847 4629 in-

259 4666 593 4738 crepationis
631 4681 735 4721 suae
790 4666 973 4720 verbis
1030 4666 1236 4720 utiliter
1296 4668 1583 4737 percussit.
1620 4668 1685 4721 Et
1722 4683 1847 4735 pro-

260 4762 426 4832 pheta
458 4759 787 4814 adulantium
824 4759 1192 4829 linguasmon
1223 4776 1342 4816 esse
1392 4762 1446 4815 in
1504 4760 1848 4831 subsequenti

263 4862 511 4921 tempore
539 4850 862 4905 difl'erendas
908 4852 1219 4916 annuntiat,
1271 4854 1365 4921 qui
1394 4853 1470 4905 ait
1504 4870 1516 4905 :
1556 4872 1573 4903 ‹
1607 4851 1849 4905 Confun-

263 4946 467 4999 dantur
496 4943 676 5019 statim
710 4944 1114 5006 erubescentes,
1145 4944 1236 5012 qui
1271 4944 1455 4998 dicunt
1492 4944 1643 5007 mihi,
1680 4945 1847 5013 Euge,

262 5050 401 5104 euge
434 5034 603 5104 (Psal.
650 5033 819 5106 thx).
856 5053 874 5086 ι
909 5033 1159 5087 Adulatio
1197 5034 1394 5088 etenim
1423 5035 1467 5089 si
1499 5034 1579 5089 vel
1605 5036 1670 5088 ad
1719 5045 1850 5089 tem-

264 5141 369 5195 pus
419 5124 688 5193 patienter
739 5124 1047 5193 suscipitur,
1102 5131 1346 5194 augetur,
1378 5133 1432 5178 et
1459 5123 1730 5195 paulisper
1758 5123 1852 5178 dc-

264 5214 468 5271 mulcet
492 5214 730 5268 animum
753 5224 859 5268 uta
884 5215 1061 5283 rigore.
1078 5229 1186 5267 sua:
1209 5215 1547 5269 rectitudinis
1592 5216 1852 5271 inolescat

267 5309 323 5361 iu
342 5307 705 5361 delectatione
720 5306 1003 5359 sermonis.
1025 5304 1127 5357 Sed
1156 5320 1219 5357 ne
1247 5318 1493 5358 crescere
1508 5306 1719 5376 debeat,
1738 5313 1849 5358 sta-

269 5398 368 5451 tim
396 5405 479 5449 est
505 5404 560 5449 et
587 5396 703 5449 sine
734 5412 885 5450 mora
922 5394 1239 5463 abjicienda.
1271 5393 1613 5449 Pensandum
1644 5410 1855 5465 quoque

270 5486 431 5542 nobis
454 5494 537 5539 est
566 5484 798 5553 qualiter
823 5484 1127 5553 loquamur,
1179 5500 1302 5537 nam
1335 5500 1475 5552 smpe
1506 5486 1689 5547 verba,
1737 5500 1857 5555 qum

271 5578 420 5633 hunc
450 5576 517 5630 ad
547 5575 776 5629 salutem
808 5586 1125 5644 provocant,
1175 5576 1337 5628 alium
1367 5576 1670 5629 vulnerant.
1708 5576 1858 5631 Unde

271 5670 472 5733 Paulus
514 5683 727 5738 quoque
755 5667 1062 5736 Apostolus,
1109 5668 1199 5736 qui
1230 5667 1409 5721 Titum
1458 5668 1729 5733 admonet,
1778 5668 1859 5721 di—

272 5777 405 5817 cens
435 5776 448 5814 :
484 5779 500 5812 ι
540 5759 720 5828 Argue
745 5775 866 5813 cum
892 5762 1039 5815 omni
1081 5760 1304 5830 imperio
1340 5759 1467 5830 (Tit.
1506 5762 1589 5831 u),
1630 5780 1645 5813 ι
1676 5760 1858 5817 Timo-

1218 392 1571 447 COMT’JUNT.
1615 390 1678 446 IN
1718 390 2173 446 EZECilli-TLEM.

257 508 412 565 lfnde
441 508 527 561 hic
565 520 777 576 quoque
826 502 1081 556 additur:
1121 522 1137 553 ι
1179 502 1235 555 Si
1284 504 1427 557 enim
1460 512 1513 555 tu
1552 504 1835 556 annuutia-
1868 506 1911 563 Α
1946 503 2127 553 theum
2179 502 2495 554 exhortatur
2543 503 2727 557 dicens

2210 421 2273 428 -ο
2314 387 2438 442 ΗΒ.
2484 388 2566 442 lli.
3420 393 3522 453 573

2774 521 2785 555 :
2830 522 2846 553 ‹
2899 504 3097 571 Argue,
3130 506 3374 571 olsccra,
3399 522 3520 564 eum

1948 591 2093 643 omni
2127 590 2383 659 patientia
2413 599 2469 644 et
2507 591 2745 645 doctrina
2776 592 2857 662 (II
2890 592 3018 646 Tim.
3060 593 3151 664 tv).
3184 612 3202 645 ι
3237 594 3377 661 Quid
3418 604 3523 662 est,

1946 685 2087 753 quod
2114 682 2204 735 uni
2236 682 2518 750 imperium
2546 692 2600 737 et
2629 684 2715 737 alii
2755 684 3067 753 patientiam
3096 686 3370 756 praecipit,
3418 687 3524 743 nisi

1946 775 2086 843 quod
2112 788 2275 827 unum
2302 773 2537 837 lenioris,
2559 773 2782 828 alterum
2802 791 2927 830 vero
2951 776 3527 847 ferventiorisspiritus

1946 877 2066 916 esse
2093 862 2342 930 aspexit?
2379 861 2508 916 Leni
2537 878 2635 930 per
2659 864 3031 918 auctoritatem
3079 863 3288 934 imperii
3342 864 3524 936 injunc

1943 938 2115 1019 ge’nda
2145 958 2263 1004 erat
2285 952 2546 1005 severitas
2570 952 2735 1006 verbi.
2765 952 2811 1005 is
2837 961 3013 1005 autem
3038 954 3128 1021 qui
3157 969 3251 1022 per
3274 954 3524 1024 spiritum

1946 1042 2209 1105 fervebat,
2265 1058 2359 1109 per
2386 1043 2698 1110 patientiam
2732 1045 3107 1112 temperandus
3134 1044 3325 1111 fuerat,
3365 1060 3433 1101 ne
3477 1046 3527 1101 si

1946 1133 2063 1202 plus
2106 1132 2255 1201 justo
2308 1133 2713 1193 infervesceret,
2744 1150 2851 1187 non
2884 1135 2950 1187 ad
2992 1133 3214 1188 salutem
3248 1136 3525 1190 vulnerata

1945 1224 2251 1287 reduceret,
2304 1227 2398 1276 sed
2445 1238 2575 1276 sana
2602 1224 2927 1277 vulueiaret.
2960 1221 3267 1278 Curandum
3312 1241 3527 1295 quoque

1944 1321 2203 1380 quantum
2260 1311 2560 1379 loquamur,
2610 1329 2675 1365 ne
2727 1314 2769 1367 si
2821 1314 2891 1378 ei,
2921 1313 3013 1383 qui
3052 1314 3218 1367 multa
3251 1315 3389 1369 ferre
3419 1333 3525 1372 non

1943 1403 2106 1467 valet,
2132 1402 2357 1457 verbum
2386 1403 2469 1456 vel
2492 1404 2883 1457 exhortationis
2904 1404 2982 1457 vel
3012 1405 3392 1475 increpationis
3414 1408 3528 1462 lon-

1944 1492 2061 1563 gius
2091 1494 2377 1557 trahimus,
2413 1494 2716 1547 auditorem
2744 1503 2986 1548 nostrum
3009 1494 3073 1548 ad
3105 1494 3377 1550 fastidium
3407 1512 3528 1566 per-

1945 1584 2225 1639 ducamus.

2023 1695 2041 1727 c
2094 1675 2201 1731 Sed
2230 1688 2284 1731 et
2310 1677 2355 1732 si
2385 1692 2676 1732 conversus
2696 1676 2876 1745 justus
2914 1695 2942 1732 a
2982 1677 3192 1747 justitia
3223 1695 3316 1733 sua
3341 1678 3528 1735 fecerit

1954 1787 1972 1819 ι
2010 1770 2369 1838 iniquitatem,
2396 1783 2590 1837 ponam
2619 1767 2998 1822 oll'endiculum
3055 1784 3238 1823 coram
3282 1784 3367 1835 eo,
3413 1768 3528 1837 ipse

1950 1879 1967 1910 ι
2007 1860 2289 1922 morietur,
2318 1859 2443 1926 quia
2474 1873 2580 1912 non
2607 1858 2942 1911 annuntiasti
2983 1858 3052 1923 ei,
3087 1860 3138 1911 in
3183 1868 3402 1927 peccato
3428 1874 3525 1913 suo

1952 1970 1969 2001 ί
2005 1950 2285 2015 morietur,
2316 1958 2371 2003 et
2399 1965 2505 2004 non
2527 1958 2686 2003 erunt
2715 1949 2767 2002 in
2812 1948 3128 2003 memoriam
3159 1948 3380 2017 justitia:
3410 1950 3527 2018 ejus

1949 2059 1967 2091 ι
2004 2056 2139 2111 quas
2158 2040 2307 2105 fecit,
2333 2026 2652 2109 sanguinem
2678 2052 2804 2091 vero
2824 2039 2940 2108 ejus
2962 2039 3025 2091 de
3048 2052 3206 2091 manu
3230 2046 3317 2091 tua
3343 2038 3527 2108 requi-

1948 2152 1965 2183 ‹
2004 2148 2141 2186 ram.
2166 2132 2221 2185 Si
2250 2139 2426 2186 autem
2462 2140 2516 2184 tu
2536 2130 2955 2183 annuntiaveris
2981 2130 3149 2199 justo,
3182 2139 3240 2183 ut
3264 2144 3371 2183 non
3399 2144 3527 2199 pee-

1948 2240 1965 2272 ‹
1999 2221 2297 2289 cetjustus,
2326 2232 2380 2274 et
2404 2219 2492 2275 ille
2519 2235 2623 2273 non
2656 2220 2983 2289 peccaverit,
3005 2219 3191 2274 vivens
3209 2219 3373 2282 vivet,
3402 2218 3526 2287 quia

1948 2331 1966 2364 ι
2003 2312 2556 2374 annuntiastiei,ettu
2569 2310 2803 2365 animam
2823 2320 2969 2363 tuam
2994 2308 3255 2364 liberasti.
3282 2328 3297 2361 ι
3324 2307 3525 2380 (Βίην.)

1944 2402 2093 2458 Sicut
2123 2403 2314 2471 impios
2333 2401 2415 2458 vel
2443 2402 2661 2472 iniquos
2691 2402 2825 2455 duos
2846 2400 3102 2471 legimus,
3131 2414 3297 2454 unum
3310 2399 3402 2469 qui
3420 2412 3526 2451 non

1944 2497 2209 2551 audivitet
2226 2496 2403 2566 periit,
2421 2495 2649 2549 alterum
2671 2494 2761 2563 qui
2786 2493 2991 2548 audivit
3006 2500 3059 2545 et
3087 2491 3451 2560 perseveravit
3471 2490 3528 2546 in

1944 2588 2209 2658 nequitia,
2230 2590 2309 2643 sic
2340 2589 2445 2642 duo
2467 2586 2600 2655 justi
2625 2595 2770 2653 sunt,
2808 2602 2945 2640 unus
2968 2586 3058 2655 qui
3092 2600 3197 2639 non
3223 2586 3449 2650 audivit,
3474 2593 3530 2647 et

1943 2683 2122 2754 periit,
2149 2683 2286 2738 alter
2305 2683 2396 2753 qui
2414 2683 2634 2745 audivit,
2652 2692 2707 2737 et
2729 2662 3023 2736 conversus
3049 2682 3115 2735 ad
3135 2679 3527 2749 pcenitentiam,

1945 2773 2174 2828 salvavit
2214 2774 2447 2828 animam
2492 2789 2665 2829 suam.
2712 2772 3125 2841 Notandumque
3158 2770 3320 2840 .qnod
3362 2772 3533 2840 possit

1938 2866 2117 2935 justus
2131 2867 2344 2930 cadere,
2362 2866 2464 2920 etsi
2484 2864 2729 2919 habuerit
2745 2864 3057 2933 magistrum
3076 2861 3141 2915 ad
3162 2861 3385 2916 meliora
3397 2875 3530 2914 con-

1944 2956 2101 3010 verti.
2120 2956 2187 3010 Et
2199 2956 2335 3011 bona
2351 2957 2513 3026 igitur
2525 2971 2685 3025 opera
2703 2955 2940 3024 indigent
2952 2954 3167 3007 assiduo
3180 2959 3530 3023 praeceptore.

1943 3063 2010 3101 ne
2040 3046 2214 3102 lasSus
2240 3049 2447 3117 optimo
2471 3064 2655 3111 cursu,
2686 3047 2931 3101 retrahat
2960 3044 3168 3114 pedem.
3208 3044 3275 3098 Et
3334 3043 3531 3112 impius

1946 3140 2163 3208 quidem
2202 3140 2281 3193 vel
2308 3140 2544 3208 iniquus,
2578 3141 2619 3192 si
2661 3153 2955 3193 conversus
2984 3152 3088 3191 non
3117 3135 3300 3201 fuerit,
3342 3136 3396 3189 in
3427 3137 3557 3189 im-_

1894 3233 1912 3252 ‘
1947 3231 2149 3297 pietate
2164 3236 2216 3283 et
2248 3230 2299 3283 in
2328 3228 2610 3297 iniquitate
2626 3243 2723 3282 sua
2750 3228 3027 3293 morietur.
3046 3225 3231 3281 Justus
3255 3234 3459 3291 autem,
3488 3226 3535 3281 si

1948 3318 2139 3374 fecerit
2171 3320 2503 3389 impietatem
2543 3330 2705 3388 atque
2734 3326 3040 3388 peccatum,
3067 3332 3172 3371 non
3205 3318 3387 3371 statim
3412 3331 3533 3372 mo-

1948 3411 2108 3473 ritur,
2155 3411 2247 3463 sed
2300 3410 2517 3479 ponitur
2564 3407 2942 3462 oll‘endiculum
2994 3407 3047 3461 in
3100 3416 3391 3477 conSpectu
3420 3405 3535 3473 ejus

1947 3501 2058 3556 sive
2077 3509 2423 3555 tormentum.
2456 3500 2538 3565 Et,
2559 3508 2618 3553 ut
2640 3498 2937 3553 Theodotio
2961 3497 3115 3562 dixit,
3140 3517 3157 3549 ‹
3180 3496 3486 3562 infirmitas,
3511 3516 3528 3549 ι

1945 3602 2004 3647 ut
2035 3600 2371 3661 torqueatur,
2399 3600 2455 3646 et
2486 3592 2702 3660 planam
2751 3589 2889 3644 viam
2924 3605 3029 3644 non
3058 3590 3315 3653 inveniat,
3359 3596 3412 3641 et
3448 3588 3533 3641 in—

1948 3682 2151 3751 tclfigat
2174 3698 2231 3736 se
2270 3681 2599 3751 languidum.
2630 3682 2703 3736 De
2726 3681 2921 3750 quibus
2952 3689 3003 3734 et
3034 3680 3320 3748 Apostolus
3354 3678 3489 3732 dixit
3516 3696 3527 3731 :

1952 3793 1969 3823 ‹
2013 3774 2137 3827 ideo
2177 3755 2523 3827 infirniantur
2586 3771 2738 3825 multi
2794 3773 2932 3840 apud
2988 3786 3112 3836 vos,
3161 3779 3214 3825 et
3262 3771 3532 3824 dormiunt

1948 3864 2099 3917 multi
2126 3862 2173 3933 (I
2200 3862 2319 3917 Cor.
2348 3861 2447 3932 xu).
2474 3881 2492 3915 ι
2522 3861 2747 3917 Prodest
2776 3863 2918 3916 enim
2939 3860 3088 3929 justo
3117 3861 3414 3931 intelligere
3438 3862 3531 3916 de-

1948 3953 2131 4007 lictum
2177 3967 2356 4017 suum,
2389 3952 2840 4021 conscientiaeque
2894 3960 3245 4017 tormentum,
3272 3960 3327 4005 et
3355 3951 3535 4006 dicere

1949 4058 2068 4097 eum
2113 4042 2396 4096 Psalmista
2435 4060 2446 4094 :
2486 4060 2503 4093 ι
2542 4042 2844 4097 Conversus
2890 4058 3007 4097 sum
3040 4043 3092 4096 in
3126 4057 3365 4096 {erumna
3392 4056 3532 4106 mea,

1949 4137 2075 4190 dum
2112 4137 2242 4190 utini
2268 4135 2506 4206 infigitur
2534 4136 2685 4205 spina
2726 4133 2898 4201 (Psal.
2930 4135 3101 4204 xxxi).
3134 4154 3150 4186 ›
3174 4135 3241 4189 Et
3266 4135 3532 4204 quomodo

1951 4226 2113 4295 impio
2144 4242 2247 4278 non
2292 4235 2419 4279 sunt
2446 4224 2619 4280 obvia:
2645 4225 2980 4293 iniquitates,
3009 4226 3053 4280 si
3085 4233 3360 4279 avertatur
3389 4241 3418 4279 a
3447 4226 3535 4280 via

1949 4331 2044 4368 sua
2077 4315 2238 4384 impia
2260 4356 2273 4378 ,
2313 4323 2366 4371 et
2396 4316 2561 4379 vivat,
2602 4316 2680 4369 sic
2703 4314 2853 4382 justo
2896 4331 2997 4371 non
3030 4323 3257 4383 prosunt
3301 4316 3534 4383 antiqua:

1945 4405 2190 4474 justitim,
2220 4407 2262 4458 si
2312 4406 2467 4459 novis
2503 4404 2834 4459 facinoribus
2869 4407 3222 4474 opprimatur.
3258 4404 3407 4470 Quod
3439 4420 3536 4456 au-

1878 4534 1923 4593 D
1954 4504 2059 4548 tem
2087 4494 2294 4548 intulit:
2319 4513 2335 4545 ‹
2356 4495 2769 4565 lpsemorietur,
2794 4495 2915 4562 quia
2935 4509 3041 4547 non
3070 4494 3397 4548 annuntiasti
3417 4495 3485 4557 ei,
3510 4515 3527 4546 ι

1952 4583 2273 4637 subauditur
2322 4584 2560 4653 potuisse
2591 4599 2712 4637 eum
2741 4583 2951 4646 vivere,
3002 4583 3047 4635 si
3089 4582 3393 4651 speculator
3422 4598 3535 4636 ma-

1952 4675 2225 4745 gisterque
2273 4675 2562 4729 docuisset.
2600 4692 2615 4723 ι
2654 4673 2845 4747 Sedet
2890 4674 2936 4726 si
2986 4688 3302 4737 conversus,
3340 4672 3533 4741 inquit,

1942 4749 2121 4837 justus
2135 4784 2163 4821 a
2183 4766 2395 4834 justitia
2408 4782 2503 4820 sua
2520 4765 2705 4821 fecerit
2722 4766 3080 4833 iniquitatem,
3097 4779 3290 4834 ponam
3314 4763 3530 4817 offendi-

1950 4857 2125 4912 culum
2175 4872 2354 4910 coram
2406 4872 2490 4911 eo.
2530 4857 2645 4924 ipse
2694 4856 2975 4920 morietur,
3005 4856 3127 4923 quia
3184 4870 3289 4909 non
3334 4871 3535 4908 annun-

1953 4949 2094 5002 tiasti
2137 4948 2219 5011 ei,
2256 4949 2306 4999 in
2341 4957 2559 5015 peccato
2608 4963 2705 4999 sun
2745 4946 3023 5008 morietur,
3052 4953 3107 4998 et
3139 4961 3242 4999 non
3289 4955 3447 4999 erunt
3481 4946 3532 4999 in

1958 5034 2467 5104 memoriajustitim
2513 5036 2628 5105 ejus
2663 5050 2797 5104 quas
2845 5034 2990 5088 fecit.
3041 5034 3367 5105 Sanguinem
3411 5050 3535 5088 vero

1956 5127 2071 5194 ejus
2088 5128 2153 5181 de
2175 5144 2331 5181 manu
2352 5137 2438 5179 tua
2458 5127 2743 5196 requiram.
2771 5145 2789 5176 ›
2813 5122 3015 5196 (ϐνρθ.)
3032 5124 3163 5191 Quia
3185 5124 3353 5191 justo,
3372 5126 3461 5192 qui
3483 5124 3533 5177 in

1956 5225 2178 5283 peccato
2201 5218 2413 5278 cecidit,
2435 5216 2753 5283 prtedicator
2774 5216 2954 5276 tacuit,
2984 5212 3097 5281 ejus
3111 5214 3383 5284 sanguinis
3412 5228 3535 5267 rcus

1960 5315 2190 5360 tenetur.
2222 5306 2285 5358 Et
2316 5305 2406 5372 qui
2435 5305 2694 5359 sollicitus
2720 5318 2839 5358 esse
2870 5320 2972 5357 non
3020 5304 3225 5357 studuit
3252 5304 3306 5356 in
3344 5302 3536 5371 prmdi-

1957 5398 2189 5457 ratione,
2217 5397 2389 5447 factus
2415 5407 2497 5448 est
2526 5395 2794 5463 particeps
2816 5393 2930 5461 ejus
2966 5394 3017 5446 in
3044 5393 3399 5447 damnatione.
3428 5389 3536 5445 Sed

1957 5500 2076 5539 cum
2103 5486 2296 5538 dicitur
2326 5504 2336 5535 :
2362 5504 2377 5534 ‹
2402 5482 2458 5536 In
2490 5494 2711 5553 peccato
2734 5498 2830 5536 suo
2854 5482 3135 5546 morietur,
3168 5491 3219 5535 et
3245 5497 3350 5534 nou
3376 5490 3537 5534 erunt

1957 5579 2011 5631 in
2059 5576 2317 5630 memoria
2368 5574 2593 5643 justitia:
2645 5575 2757 5642 ejus
2808 5589 2941 5643 quas
2982 5574 3144 5637 fecit,
3177 5592 3194 5624 ι
3227 5573 3328 5627 hoc
3380 5572 3537 5627 nobis

1958 5666 2192 5721 maxime
2223 5666 2676 5721 considerandum
2701 5673 2785 5718 est
2818 5666 2943 5735 quia
2972 5679 3090 5718 cum
3125 5664 3261 5717 mala
3289 5664 3536 5719 commit-

1960 5762 2121 5815 timus
2161 5758 2278 5813 sine
2303 5772 2497 5825 causa,
2530 5755 2593 5811 ad
2626 5758 2939 5813 memoriam
2982 5757 3117 5812 bona
3150 5764 3333 5809 nostra
3362 5762 3534 5809 trana—
