3948 6366
444 379 547 435 519

1084 378 1144 433 B.
1190 377 1440 433 BABANI
1482 374 1701 435 MACRI
1738 375 2062 433 ARCHIEP.
2105 377 2415 437 MOGUNT.
2457 378 2741 437 OPERUM
2784 379 2959 436 PARS
2999 382 3058 436 11.

3624 383 3739 439 580

446 505 568 553 acta
600 507 938 557 revocamus,
966 490 1220 561 quoniam
1255 492 1311 545 in
1341 490 1741 562 perpetratione
1766 490 2031 546 malorum
2062 494 2110 552 Α
2140 492 2280 547 unde
2313 492 2488 547 adhuc
2518 492 2818 563 peccatoris
2859 493 3071 547 animus
3100 493 3258 547 altius
3282 494 3567 563 obligetur.
3597 494 3738 549 Pec-

446 586 589 646 nulla
624 586 785 638 debet
812 598 930 638 esse
966 581 1160 635 liducia
1188 583 1453 636 bonorum
1474 582 1894 651 praeteritorum.
1928 581 2035 636 Sed

449 676 618 748 quaeri
659 682 836 745 potest
876 682 1055 727 utrum
1078 674 1249 743 iusto,
1273 682 1558 742 postquam
1601 672 1879 737 ceciderit,
1903 688 2036 743 prae-

449 770 736 824 dicandum
758 768 849 831 sit,
876 781 942 820 an
968 774 1022 820 et
1052 767 1365 835 priusquam
1389 766 1546 820 cadat
1573 764 1855 835 invigilare
1893 780 2036 834 prae-

449 860 659 916 dicator
694 859 850 914 debet
875 873 941 912 ne
971 858 1039 912 ad
1078 872 1266 912 casum
1294 857 1513 921 veniat,
1550 854 1741 925 procul
1780 854 1943 909 dubio
1982 863 2062 910 et-

450 952 764 1023 priusquam
791 950 971 1025 cadat,
993 964 1117 1003 nam
1147 947 1395 1016 sequitur
1429 964 1441 1000 :
1482 966 1499 997 ι
1536 944 1596 1001 Si
1627 954 1809 1001 autem
1838 954 1896 999 tu
1940 960 2037 1000 an-

449 1044 785 1100 nuutiaveris
816 1040 984 1109 justo,
1024 1048 1084 1094 ut
1111 1055 1215 1095 non
1247 1047 1435 1111 peccet
1474 1038 1674 1106 iustus,
1724 1045 1779 1093 et
1810 1036 1898 1093 ille
1927 1052 2037 1091 non

449 1126 773 1207 peccaverit,
791 1136 976 1188 vivens
1001 1132 1163 1196 vivet,
1181 1132 1304 1199 quia
1336 1129 1668 1184 annuutiasti
1691 1128 1761 1191 ei,
1780 1136 1833 1182 tu
1856 1137 2037 1182 autem

451 1228 687 1285 animam
717 1234 862 1280 tuam
883 1223 1177 1279 liberasti.»
1206 1219 1262 1275 Si
1288 1234 1416 1289 ergo
1438 1218 1756 1290 prmdicator
1774 1218 1895 1273 ideo
1923 1218 2037 1271 ani-

450 1335 593 1374 mam
629 1333 782 1374 suam
813 1316 1027 1378 liberat,
1056 1312 1181 1381 quia
1225 1309 1375 1377 iusto
1414 1325 1480 1363 ne
1522 1316 1772 1379 peccaret
1825 1322 2037 1361 annun-

452 1409 627 1474 tiavit,
659 1422 780 1462 cum
811 1405 989 1474 iustus
1027 1402 1092 1457 ad
1131 1408 1409 1471 peccatum
1438 1400 1796 1468 praedicatore
1825 1406 2039 1452 tacente

449 1502 665 1567 cecidit,
708 1500 1051 1570 praedicator,
1092 1500 1218 1568 quia
1252 1499 1438 1562 tacuit,
1473 1512 1599 1553 reus
1653 1505 1892 1552 tenetur.
1934 1494 2042 1553 Sed

449 1595 572 1665 quis
626 1602 871 1646 nostrum
918 1605 1047 1661 rogo
1075 1589 1142 1643 ad
1172 1590 1287 1644 lucc
1317 1587 1579 1652 sulllciat,
1624 1596 1685 1642 ut
1730 1602 1839 1642 non
1868 1584 2043 1640 solum

448 1689 763 1753 peccatores
792 1682 1032 1739 studiose
1072 1680 1354 1750 corripiat,
1387 1680 1484 1733 sed
1502 1688 1557 1735 et
1581 1677 1748 1747 iustis
1775 1677 2039 1748 invigilet,

449 1789 523 1829 ne
572 1772 813 1831 cadant?
833 1770 942 1826 Nos
987 1772 1130 1826 enim
1183 1770 1518 1825 inﬁrmitatis
1567 1779 1769 1831 nostra
1813 1769 2037 1836 conscii,

2134 592 2315 637 catum
2355 600 2505 648 vero,
2553 585 2697 653 quod
2742 602 2808 639 ex
2862 593 3085 654 peccato
3115 586 3391 656 sequitur,
3440 598 3735 655 peccatum

2136 673 2295 728 simul
2320 683 2426 739 est,
2456 684 2511 728 et
2542 690 2703 744 poena
2733 676 2943 745 peccati
2973 715 2986 738 ,
3027 676 3153 744 quia
3182 687 3539 731 excrescente
3562 677 3735 733 caeci-

2138 770 2248 816 tate
2293 777 2361 817 ex
2411 764 2768 818 retributione
2816 764 3013 833 prioris
3068 764 3239 833 culpae
3309 776 3616 836 generatur,
3671 776 3737 820 ut

2135 853 2289 922 quasi
2313 851 2426 921 iam
2454 855 2705 922 quaadam
2751 855 2863 909 sint
2889 856 2942 909 in
2972 866 3257 925 peccatore
3292 856 3554 927 supplicia
3607 857 3733 928 ipsa

2137 944 2472 1000 incrementa
2496 946 2769 1001 vitiorum.
2787 946 2876 1001 Fit
2904 962 3034 1001 vero
3058 964 3443 1017 nonnunquam
3475 959 3535 1003 ut
3560 965 3733 1003 unum

2138 1036 2387 1107 idemque
2414 1048 2715 1109 peccatum,
2740 1048 2791 1093 et
2818 1048 3099 1108 peccatum
3131 1042 3201 1094 sit
3222 1050 3277 1095 et
3311 1056 3471 1111 paena
3494 1041 3732 1111 peccati,

2139 1130 2296 1185 simul
2344 1140 2591 1186 etcausa
2619 1133 2845 1202 peccati.
2884 1132 3155 1187 Ponamus
3204 1148 3333 1204 ergo
3387 1144 3511 1188 ante
3540 1135 3736 1189 oculos

2138 1222 2450 1290 quempiam
2499 1236 2613 1277 rem
2665 1222 2900 1291 proximi
2964 1224 3320 1292 concupisse,
3375 1241 3535 1293 quam
3600 1226 3738 1295 quia

2140 1321 2325 1381 aperte
2352 1326 2457 1365 non
2490 1311 2671 1375 valuit,
2714 1309 2859 1365 furto
2886 1297 3139 1381 deripuit.
3174 1313 3278 1368 Sed
3326 1315 3379 1367 in
3409 1313 3535 1369 l‘urti
3566 1331 3739 1370 accu-

2140 1402 2350 1456 satione
2388 1402 2616 1471 positus,
2652 1417 2709 1456 se
2749 1402 2889 1465 hanc
2935 1404 3595 1476 diripuissciureiurando
3638 1408 3740 1461 deo

2140 1492 2372 1561 negavit.
2405 1491 2540 1548 Huic
2574 1507 2703 1563 ergo
2732 1495 3168 1564 concupiscentia
3205 1507 3493 1565 peccatum
3529 1497 3630 1552 fuit
3682 1506 3744 1552 et

2141 1595 2302 1635 causa
2339 1581 2579 1651 peccati,
2618 1582 2743 1651 quia
2774 1596 2873 1651 per
2902 1598 3021 1637 eam
3052 1585 3300 1654 pervenit
3348 1587 3423 1641 ad
3465 1588 3737 1657 rapinam.

2141 1672 2321 1741 ipsum
2354 1688 2482 1727 vero
2510 1674 2734 1743 l’urtum,
2757 1690 2864 1744 quo
2891 1691 3003 1739 rem
3044 1678 3386 1747 concupitam
3408 1680 3649 1749 diripuit,
3685 1685 3743 1735 et

2142 1773 2427 1835 peceatum
2472 1767 2520 1821 ei
2573 1765 2775 1821 factum
2806 1772 2911 1832 est,
2952 1775 3005 1823 et
3040 1783 3207 1838 poena;
3248 1771 3484 1840 peccati,
3514 1772 3637 1839 quia
3668 1786 3743 1825 ex

450 1879 573 1918 cum
596 1860 776 1931 iustos
822 1861 969 1942 viros
1020 1860 1407 1931 conspicimus,
1445 1860 1742 1921 adimere
1786 1873 1883 1915 eos
1934 1874 2042 1912 non
2073 1848 2117 1907 Β
2146 1854 2501 1909 retributione
2515 1855 2628 1925 iam
2658 1872 2764 1911 non
2786 1862 3515 1930 represszcconcupiscentia:
3535 1861 3743 1919 factum

448 1952 847 2025 praesumimus,
897 1958 959 2005 ut
992 1949 1220 2019 iustitiae
1246 1948 1393 2004 viam
1444 1958 1680 2013 teneant,
1713 1963 1877 2019 quam
1915 1947 2041 2017 quia

453 2050 639 2100 tenent
659 2042 925 2107 videmus,
956 2053 1011 2095 et
1040 2049 1216 2100 tamen
1245 2039 1625 2109 praedicatoris
1667 2047 1751 2094 est
1801 2038 2041 2094 debitum

449 2135 615 2191 etiam
643 2133 823 2203 iustos
877 2134 1190 2189 admouere.
1246 2132 1399 2187 Unde
1438 2133 1761 2202 praedicator
1794 2132 2043 2204 egregius

450 2226 704 2280 dicebat:
739 2224 1130 2295 «Sapientibus
1167 2232 1222 2278 et
1262 2224 1643 2293 insipientibus
1680 2223 1892 2284 debitor
1923 2239 2041 2279 sum

452 2316 643 2388 (Rom.
698 2316 771 2386 ι).
801 2335 819 2369 ι
868 2315 929 2370 In
975 2318 1066 2371 bis
1115 2332 1248 2371 vero
1290 2316 1560 2381 omnibus,
1615 2332 1740 2386 qum
1782 2316 1853 2371 de
1894 2316 2043 2387 justo

452 2407 523 2461 ad
564 2406 905 2475 iniquitatem
938 2421 1202 2462 converso
1256 2406 1401 2461 diota
1438 2415 1595 2469 sunt,
1628 2407 1732 2461 hoc
1755 2415 1840 2471 est
1886 2406 2040 2461 labo-

452 2496 654 2551 riosum
688 2497 761 2551 ad
791 2495 1117 2565 loquendum
1144 2535 1158 2560 ,
1209 2496 1315 2550 hoc
1346 2496 1505 2550 valde
1529 2497 2039 2566 pertimescendum,

448 2589 595 2662 quod
640 2587 900 2643 Dominus
928 2586 1102 2644 dicit:
1142 2604 1161 2638 ι
1205 2585 1409 2653 Ponam
1448 2585 1834 2649 otl‘endiculum
1858 2601 2043 2642 coram

450 2698 535 2739 eo.
569 2702 587 2739 ι
620 2681 715 2740 Ait
733 2680 877 2738 enim
906 2698 917 2732 :
966 2698 986 2730 ι
1020 2678 1078 2735 Si
1110 2693 1409 2738 conversus
1438 2676 1621 2747 iustus
1651 2694 1686 2739 α
1713 2695 1809 2737 sua
1828 2679 2048 2751 iustitia

452 2774 638 2832 fecerit
664 2772 1025 2841 iniquitatem,
1050 2786 1247 2840 ponam
1275 2771 1651 2829 olIeudiculum
1681 2786 1865 2828 coram
1898 2785 1981 2825 eo.
2019 2789 2037 2823 ι

454 2865 561 2920 Nos
590 2865 759 2929 enim,
792 2862 874 2920 ait
918 2862 1203 2926 Dominus,
1224 2862 1349 2931 quia
1383 2863 1433 2920 si
1461 2861 1798 2931 iniquitatem
1830 2860 2039 2925 fecerit,

2141 1954 2245 2012 est,
2287 1956 2346 2000 ut
2372 1947 2584 2002 veniret
2613 1948 2688 2003 ad
2713 1948 2949 2015 fur-tum;
2977 1958 3030 2005 et
3058 1951 3215 2019 culpa
3247 1951 3427 2006 cordis
3456 1968 3741 2008 excresce-

2142 2045 2309 2101 retin
2352 2060 2517 2115 opere
2540 2061 2608 2101 ex
2636 2047 2840 2103 ultione
2889 2049 3170 2103 caecitatis.
3216 2048 3321 2103 Sed
3373 2050 3498 2119 quia
3533 2050 3740 2105 furtum

2141 2136 2380 2207 periurio
2414 2148 2607 2208 tegere,
2626 2139 2856 2205 curavit,
2885 2156 2951 2195 ex
2972 2152 3194 2209 peccato
3216 2156 3429 2195 rursum
3454 2146 3741 2209 peccatum

2142 2228 2345 2296 genuit.
2380 2227 2607 2283 Furtum
2632 2243 2759 2299 ergo
2782 2230 2929 2301 quod
2954 2245 3019 2284 ex
3045 2231 3485 2301 concupiscentia
3511 2246 3740 2301 proces-

2143 2320 2216 2374 sit
2240 2326 2299 2374 et
2324 2319 2620 2390 periurium
2660 2320 2905 2389 protulit,
2938 2331 3215 2391 peccatum
3236 2330 3305 2386 et
3345 2337 3501 2393 poena
3531 2324 3743 2393 peccati

2142 2410 2347 2465 factum
2366 2420 2457 2465 est
2479 2412 2648 2482 eulpae
2668 2413 3015 2481 prmcedenti,
3046 2423 3325 2485 peccatum
3357 2425 3411 2470 et
3432 2432 3590 2472 causa
3616 2432 3743 2486 pec-

2142 2500 2251 2556 cati
2309 2501 2479 2572 culpae
2524 2503 2895 2574 subsequenti,
2939 2506 3065 2574 quia
3118 2507 3184 2561 de
3228 2505 3314 2560 illa
3366 2518 3551 2561 natum
3598 2508 3744 2561 lianc.

2143 2593 2348 2663 genuit.
2382 2592 2539 2649 Unde
2586 2609 2728 2648 nunc
2774 2595 2939 2649 etiam
2970 2596 3228 2652 Dominus
3261 2598 3391 2652 dicit
3424 2612 3439 2651 :
3474 2615 3493 2648 ι
3528 2596 3586 2651 Si
3614 2613 3746 2652 con.

2142 2697 2334 2738 versus
2361 2680 2542 2750 iustus
2584 2698 2615 2736 a
2654 2700 2749 2738 sua
2770 2683 3015 2752 iustitia,
3048 2696 3103 2741 et
3146 2687 3337 2743 fecerit
3371 2689 3739 2759 iniquitatem.

2144 2786 2340 2841 ponam
2390 2770 2772 2827 oll'endiculum
2804 2788 2989 2831 coram
3032 2790 3116 2831 ee.
3155 2796 3173 2828 ι
3209 2778 3285 2831 Ae
3326 2778 3371 2831 si
3424 2786 3609 2847 aperte
3656 2779 3744 2832 di-

2144 2870 2232 2917 cat
2256 2880 2269 2915 :
2293 2861 2431 2929 Quia
2456 2863 2770 2933 pmnitendo
2797 2864 2987 2920 audire
3009 2866 3202 2932 noluit,
3230 2868 3320 2923 ubi
3349 2868 3461 2938 iam
3493 2869 3739 2938 impegit,

452 2956 696 3014 oilendit.
728 2955 796 3011 Et
823 2968 1015 3009 verum
1043 2960 1127 3010 est
1175 2954 1419 3013 omnino.
1456 2953 1601 3023 quod
1648 2951 1914 3018 dicimus,
1946 2968 2047 3008 cur
2138 2956 2288 3026 justo
2314 2969 2443 3009 eum
2478 2954 2685 3024 iudicio
2715 2955 2995 3023 deserens,
3027 2973 3224 3027 ponam
3254 2959 3324 3023 ei,
3378 2968 3438 3013 ut
3480 2959 3605 3014 alibi
3637 2960 3743 3013 im-

450 3049 630 3106 adbuc
650 3048 702 3101 ei
731 3048 874 3103 Deus
902 3045 1246 3114 omnipotens
1276 3044 1665 3105 aliendiculum
1685 3046 1858 3116 ponit,
1883 3059 2046 3114 quem
2144 3047 2351 3117 pingat.
2393 3044 2546 3111 Quod
2591 3054 2769 3099 tamen
2816 3046 2986 3101 Deum
3034 3064 3237 3119 ponere
3274 3059 3356 3105 est
3397 3064 3742 3120 nequaquam

449 3143 562 3213 iam
608 3140 898 3209 impegisse
941 3146 1001 3195 et
1034 3137 1299 3196 cecidisse
1352 3152 1447 3207 per
1490 3137 1841 3207 iniquitatem;
1878 3152 2041 3207 quam
2090 3211 2097 3213 Α
2148 3140 2217 3194 ad
2236 3139 2571 3209 peccandum
2596 3152 2865 3209 premere,
2898 3142 2991 3197 sed
3016 3142 3155 3197 nolle
3177 3158 3206 3195 a
3235 3150 3460 3213 peccato
3481 3142 3739 3197 liberare.

451 3211 804 3305 perpetravit,
836 3230 1135 3301 conspicit?
1177 3230 1286 3285 Sed
1328 3230 1576 3290 districta
1627 3237 1753 3287 sunt
1799 3211 2114 3298 omnipo-C
2146 3229 2299 3289 Sicut
2346 3231 2413 3285 de
2471 3232 2753 3289 Pharaone
2805 3234 3047 3290 dicitur:
3098 3211 3273 3304 «'Ego
3324 3234 3588 3289 indurabo
3643 3250 3745 3289 cor

454 3326 618 3382 tentis
646 3325 739 3381 Dei
764 3323 991 3395 iudicia,
1020 3330 1081 3377 et
1123 3326 1217 3393 qui
1256 3331 1596 3392 peccatorem
1643 3322 1733 3378 diu
1762 3329 2046 3391 exspectat
2145 3313 2446 3375 Pharaonis
2489 3320 2687 3393 (Exod.
2717 3322 2846 3396 vu);
2883 3342 2903 3376 ι
2956 3339 3064 3379 non
3111 3324 3255 3379 enim
3313 3339 3410 3380 cor
3463 3325 3745 3394 peccantis

453 3428 517 3477 ut
565 3420 775 3484 redeat,
816 3433 922 3472 non
959 3417 1202 3471 redeunti
1254 3426 1416 3486 atque
1457 3415 1831 3479 contemnenti
1890 3415 2045 3484 ponit

456 3511 664 3575 adhuc,
730 3509 821 3564 ubi
867 3509 1089 3578 gravius
1147 3506 1427 3577 impingat.
1500 3505 1790 3559 Peccatum
1845 3505 2048 3575 quippe

453 3604 600 3675 quod
633 3617 734 3673 per
758 3600 1136 3671 pmnitentiam
1165 3597 1326 3652 citius
1372 3612 1483 3651 non
1531 3596 1762 3660 deletur,
1796 3604 1890 3654 aut
1918 3609 2045 3663 pec-

456 3702 639 3749 catum
686 3700 775 3748 est
802 3700 858 3745 et
896 3705 1063 3745 causa
1090 3689 1321 3759 peccati,
1352 3696 1445 3741 aut
1472 3694 1752 3757 peccatum
1785 3694 1841 3741 et
1880 3698 2045 3755 plena

457 3780 709 3853 peccati,
766 3788 860 3835 aut
908 3788 1191 3850 peccatum
1242 3776 1406 3834 simul
1462 3784 1516 3831 et
1563 3790 1730 3831 causa
1777 3783 1833 3831 et
1883 3790 2045 3844 pinna

456 3872 687 3942 peccati.
717 3870 887 3927 Omne
916 3872 1060 3929 enim
1100 3870 1243 3941 quod
1279 3870 1430 3939 prius
1458 3869 1821 3925 committitur
1851 3883 2045 3939 pecca-

459 3972 575 4017 tum
603 3971 708 4027 est,
750 3961 845 4016 sed
881 3962 926 4016 si
958 3961 1117 4016 citius
1143 3962 1454 4029 pmnitendo
1482 3976 1589 4015 non
1622 3961 1874 4031 largitur,
1895 3959 2049 4029 justo

450 4052 658 4123 iudicio
684 4054 1025 4122 omnipotens
1065 4052 1207 4107 Deus
1248 4052 1537 4124 obligatam
1578 4052 1859 4121 peccantis
1889 4066 2045 4106 men-

459 4154 573 4200 tem
612 4144 859 4200 etiamin
908 4143 1120 4213 culpam
1164 4142 1390 4198 alteram
1440 4143 1706 4212 permittit
1729 4143 1957 4209 cadere,
1986 4152 2051 4197 ut

458 4238 588 4305 quia
616 4234 792 4292 ﬂendo
820 4242 875 4289 ct
900 4234 1220 4304 corrigendo
1262 4234 1437 4288 noluit
1477 4234 1736 4289 mundare
1769 4234 1914 4303 quod
1969 4234 2047 4287 fe-

458 4328 564 4393 cit,
590 4334 870 4397 peccatum
910 4326 1132 4395 incipiat
1170 4332 1395 4395 peccato
1420 4324 1718 4381 cumulare.
1750 4323 2045 4380 Peccatum

458 4419 605 4489 ergo“
630 4418 774 4486 quod
808 4416 1138 4486 pmuitentia:
1160 4415 1395 4471 lamenta
1436 4430 1542 4470 non
1571 4414 1812 4482 diluitur,
1851 4431 2045 4485 pecca-

460 4518 574 4566 tum
610 4507 773 4564 simul
820 4515 984 4562 estet
1017 4520 1185 4564 causa
1207 4506 1439 4576 peccati,
1470 4507 1596 4577 quia
1636 4521 1704 4561 ex
1734 4505 1825 4560 illo
1867 4505 2044 4559 oritur

466 4613 1807 4639 mm

2148 3410 2409 3468 Dominus
2449 3411 2704 3479 obdurat,
2765 3413 2859 3471 sed
2908 3415 3177 3469 obdurare
3241 3415 3459 3479 dicitur,
3506 3416 3744 3469 cum‘ab

2144 3503 2503 3560 obduratione
2530 3519 2637 3558 non
2667 3504 2883 3559 liberat.
2919 3505 3225 3563 Misericors
3255 3507 3399 3561 enim
3426 3507 3569 3561 Deus
3598 3514 3743 3559 tem-

2145 3608 2247 3663 pus
2270 3592 2339 3648 ad
2366 3594 2743 3664 paenitentiam
2777 3595 3209 3651 misericorditer
3233 3595 3461 3662 relaxat,
3494 3596 3589 3651 sed
3615 3611 3743 3651 cum

2151 3682 2267 3752 eius
2293 3685 2479 3754 gratiae
2521 3686 2841 3755 patientiam
2869 3702 2967 3741 nos
3008 3688 3076 3741 ad
3103 3696 3452 3757 augmentum
3478 3687 3745 3741 vertimus

2153 3774 2344 3845 culpas,
2371 3776 2474 3829 hoc
2504 3775 2683 3845 ipsum
2716 3786 2929 3847 tempus
2952 3818 2965 3841 ,
2998 3777 3142 3847 quod
3172 3778 3239 3833 ad
3278 3778 3611 3847 p‘arcendnm
3652 3778 3745 3849 pie

2147 3865 2405 3934 disponit,
2433 3865 2733 3923 districtius
2759 3866 2826 3920 ad
2859 3866 3157 3923 feriendum
3188 3868 3369 3933 vertit,
3406 3876 3465 3922 ut
3492 3884 3616 3924 cum
3647 3883 3743 3923 re-

2146 3958 2287 4013 verti
2334 3958 2457 4028 quis
2484 3946 2648 4013 etiam
2684 3960 2860 4029 apatio
2905 3962 3163 4029 temporis
3210 3970 3431 4031 accepto
3480 3962 3742 4030 noluerit,

2147 4067 2246 4122 per
2271 4053 2373 4107 hoc
2409 4051 2549 4105 mala
2572 4067 2669 4106 sua
2697 4053 2765 4107 ad
2796 4062 3005 4107 reatum
3032 4061 3245 4123 augeat,
3272 4067 3369 4123 per
3388 4053 3531 4123 quod
3558 4069 3622 4107 ea
3659 4055 3744 4108 di-

2152 4143 2298 4198 luere
2332 4144 2533 4213 potuit,
2585 4144 2631 4197 si
2683 4145 2928 4197 converti
2955 4142 3240 4199 voluisset.
3283 4142 3434 4199 Unde
3480 4145 3742 4214 scriptum

2149 4220 2231 4290 est
2264 4254 2275 4288 :
2310 4255 2327 4285 ι
2366 4234 2588 4304 Ignoras
2620 4238 2879 4305 quoniam.
2905 4234 3209 4306 benignitas
3243 4235 3338 4290 Dei
3368 4235 3437 4289 ad
3469 4236 3742 4306 paeniten-

2147 4328 2277 4382 tiam
2311 4337 2360 4383 te
2388 4326 2640 4383 adducit?
2684 4326 2989 4382 Secundum
3016 4327 3269 4381 duritiam
3299 4334 3478 4382 autem
3512 4336 3655 4381 tuam
3686 4338 3744 4383 et

2145 4432 2239 4471 cor
2268 4418 2613 4487 impteuitens
2647 4416 2984 4471 thesaurizas
3016 4415 3115 4470 tibi
3146 4418 3281 4470 iram
3315 4415 3371 4470 in
3425 4416 3511 4470 die
3560 4415 3655 4470 ira:
3685 4427 3744 4472 et

2145 4507 2489 4563 revelationis
2507 4506 2638 4575 justi
2662 4506 2853 4578 iudicii
2889 4508 2982 4561 Dei
3012 4506 3295 4577 (Bonum).
3330 4531 3346 4557 ι

1837 4614 3738 4642 W

1014 4750 1041 4769 ,
1641 4681 1940 4759 LIBER
2016 4680 2497 4808 ρυΑιι-Τυδ

1852 4798 2257 4815 ..υ--η--ν

886 4860 1236 4931 SEQUITUR
1281 4860 1507 4919 CAPUT
1546 4861 1630 4918 lli.

522 4965 785 5035 Explicito
818 4978 1068 5020 sermone
1098 4962 1309 5017 Domini
1332 4964 1397 5017 ad
1420 4963 1761 5033 prophetam,
1792 4977 1898 5032 quo
1920 4978 2045 5018 cum

460 5056 853 5129 speculatorem
881 5053 1064 5108 domui
1088 5052 1255 5109 Israel
1280 5053 1589 5118 constituit,
1638 5061 1693 5107 et
1721 5054 2046 5108 annuntiare

453 5152 619 5221 iussit
649 5148 811 5217 impio
840 5155 900 5200 ut
941 5153 1207 5201 avertatur
1259 5160 1290 5199 a
1316 5145 1402 5198 via
1440 5160 1537 5198 sua
1578 5145 1740 5214 impia
1781 5152 1837 5199 et
1873 5145 2043 5209 vivat,

456 5243 712 5312 iustoque
744 5236 987 5308 prmcipit
1034 5246 1095 5289 ut
1147 5250 1254 5289 non
1305 5244 1511 5305 peccet,
1547 5248 1617 5289 ne
1656 5234 1883 5305 iustitiae
1929 5234 2046 5304 eius

463 5348 601 5402 quas
652 5340 778 5384 ante
828 5327 972 5390 fecit,
1005 5333 1249 5396 pereant,
1304 5335 1359 5379 et
1415 5326 1527 5395 ipse
1582 5326 1741 5380 simul
1791 5325 2040 5380 intereat.

464 5424 605 5490 Quid
644 5429 829 5490 postea
851 5419 952 5474 sibi
979 5417 1237 5474 Dominus
1268 5416 1448 5473 facere
1474 5416 1789 5487 pra-ceperit
1825 5413 2047 5483 subiun-

466 5516 563 5585 git,
591 5513 775 5566 (licens
800 5528 814 5563 :

542 5622 561 5654 ι
591 5603 653 5656 Et
681 5599 823 5655 facta
847 5606 933 5653 est
954 5598 1026 5653 ibi
1058 5596 1243 5671 [Va/9.
1278 5606 1409 5653 tacet
1433 5594 1529 5667 ibi]
1559 5610 1720 5664 super
1743 5609 1827 5649 me
1852 5608 2046 5647 manus

470 5713 491 5745 ι
525 5692 756 5757 Domini,
791 5699 847 5746 ot
874 5690 1007 5745 dixit
1035 5688 1101 5742 ad
1123 5703 1207 5745 me
1236 5706 1246 5739 :
1275 5685 1514 5756 Surgens
1534 5685 1789 5755 egredere
1812 5685 1866 5738 in
1899 5698 2048 5738 cam-

470 5803 489 5835 1
524 5798 676 5852 pum,
702 5790 754 5835 et
778 5781 849 5835 ibi
870 5781 1063 5851 loquar
1089 5790 1283 5843 tecum,
1315 5786 1417 5832 etc.
1444 5795 1459 5824 ι
1490 5772 1875 5843 (κήν-,βυρτα
1897 5773 2043 5828 enim

2076 4873 2130 4932 ι)
2158 4862 2401 4933 legimus,
2435 4880 2453 4912 ‹
2478 4863 2543 4916 ιιι
2568 4861 2689 4917 veni
2719 4861 2791 4915 ad
2809 4861 3363 4932 transmigrationem,
3382 4860 3450 4915 ad
3478 4875 3732 4917 acervum

2150 4969 2407 5009 novarum
2430 4952 2666 5023 frugum,
2689 4950 2755 5007 ad
2782 4967 2875 5010 eos
2890 4953 2982 5023 qui
3008 4952 3323 5008 habitabant
3340 4951 3497 5020 iuxta
3512 4950 3731 5008 ﬂuvium

2146 5043 2381 5107 Cbobar,
2419 5064 2438 5096 ι
2467 5052 2721 5113 recteque
2744 5043 2791 5098 ei
2817 5043 2903 5098 cui
2926 5042 3141 5098 dixerat
3172 5062 3193 5095 t
3217 5042 3384 5109 sedi,»
3413 5040 3638 5112 iubetur
3672 5052 3733 5097 ut

2146 5145 2348 5207 surgat.
2376 5135 2439 5190 Et
2464 5134 2557 5205 qui
2586 5134 2860 5205 ingressus
2878 5134 3051 5187 fuerat
3073 5133 3139 5189 ad
3172 5134 3731 5205 transmigrationem,

2147 5226 2296 5281 audit
2331 5244 2348 5275 ι
2377 5224 2653 5295 egredere,
2680 5243 2698 5275 ι
2728 5238 2834 5278 non
2862 5226 2917 5277 in
2942 5222 3291 5294 confragosas
3322 5221 3509 5288 valles,
3534 5238 3641 5277 nou
3676 5222 3731 5277 iu

2146 5326 2445 5389 praeruptas
2492 5331 2676 5387 rupes,
2708 5317 2803 5371 sed
2857 5316 2911 5370 in
2956 5316 3131 5385 campi
3185 5315 3555 5380 latitudinem,
3613 5329 3731 5383 quae

2148 5409 2321 5479 possit
2362 5423 2554 5478 capere
2598 5407 2823 5477 gloriam
2864 5407 3093 5461 Domini.
3144 5405 3297 5461 Unde
3337 5413 3392 5460 et
3434 5404 3730 5460 Corinthiis

2149 5503 2386 5559 dicitur:
2421 5499 2731 5556 Dilatamini
2779 5498 2995 5569 (IICar.
3023 5498 3096 5568 vi)
3118 5538 3131 5559 ,
3178 5498 3396 5567 quando
3430 5496 3732 5567 ingreditur

2149 5593 2216 5647 ad
2242 5591 2503 5661 captivos.
2532 5590 2607 5643 De
2629 5590 2825 5659 quibus
2842 5588 3049 5643 dictum
3074 5595 3174 5653 est,
3201 5586 3341 5657 quod
3367 5585 3641 5641 insaniant
3675 5595 3733 5642 et

2146 5692 2540 5756 persequantur
2560 5698 2700 5745 eum,
2728 5681 2851 5737 forti
2893 5698 3052 5738 manu
3096 5683 3295 5754 in'liget
3335 5690 3393 5737 ut
3428 5680 3603 5751 possit
3648 5696 3734 5737 re-

2147 5777 2359 5841 sistere,
2388 5784 2444 5830 et
2469 5775 2702 5830 furorem
2732 5774 3165 5841 persequentium
3189 5772 3475 5827 sustinere.
3503 5772 3736 5839 Quando
