3948 6354
259 384 361 442 581

1208 390 1556 447 COMMENT.
1596 394 1662 448 lN
1702 380 2150 452 sz‘scuuauau.
2192 429 2257 437 -
2298 398 2424 453 LIB.
2465 399 2550 455 iv.

3414 407 3518 464 583

260 509 447 551 autem
488 498 763 567 egreditur
805 499 856 551 ia
895 513 1163 567 campum,
1190 501 1249 553 lit
1278 502 1493 569 quidem
1534 519 1696 572 super
1720 520 1843 561 eum
1872 516 1919 571 Α
1948 522 2115 561 meos.
2143 528 2162 561 ι
2197 509 2330 563 Cum
2352 525 2451 564 nos
2479 511 2754 567 humiliter
2782 511 2891 565 Dm
2913 514 3229 579 sterniimts,
3250 533 3371 573 cum
3397 506 3523 575 esse

260 603 457 643 manus
476 588 708 654 Domini,
738 590 861 657 quia
885 590 1086 658 absque
1110 591 1251 645 illius
1273 591 1541 659 adjutorio
1564 596 1712 649 exire
1737 612 1841 650 non

259 685 496 745 poterat,
520 678 613 732 sed
635 694 739 732 non
768 679 981 733 alditur
1008 698 1025 730 ι
1055 678 1259 734 fortis.»
1285 681 1367 735 Ad
1390 681 1670 739 videndam
1697 686 1839 740 enim

256 765 490 835 gloriam
516 765 642 831 Dei,
690 784 795 821 non
838 768 905 822 ad
942 769 1285 837 pugnandum
1309 771 1604 840 egreditur.
1634 772 1701 828 Et
1739 776 1843 829 hoc

1947 611 2044 651 nos
2072 597 2309 653 cinerem
2353 598 2734 669 pttlrereruque
2760 605 3165 672 cognoscimus,
3212 621 3331 660 cum
3364 607 3517 662 inﬁr-

1945 687 2183 741 mitatem
2211 688 2441 755 propriae
2462 690 2795 746 conditionis
2814 704 3124 759 pensantes,
3154 701 3355 753 statum
3383 695 3515 765 rigi-

1943 774 2127 829 ditatis
2155 782 2211 829 et
2234 777 2495 844 superbiae
2544 793 2649 831 non
2682 778 2961 845 habemus,
3006 782 3344 851 omnipotens
3373 782 3514 839 Deus

254 857 798 912 animadvertendum
817 900 831 923 ,
859 858 1000 926 quod
1025 859 1078 915 in
1101 858 1276 914 medio
1298 862 1629 931 captivorum
1652 866 1843 920 seden-
1940 878 2038 933 per
2061 880 2217 921 suum
2247 880 2345 921 nos
2374 868 2623 936 spiritum
2653 868 2813 934 levat,
2838 881 2893 924 et
2934 886 3095 941 super
3119 873 3282 941 pedes
3303 884 3514 931 nostros

256 947 396 1000 tium
412 947 526 1016 ipse
540 948 731 1002 sedens
755 949 1011 1018 propheta
1031 945 1253 1018 gloriam
1270 950 1481 1003 Domini
1504 964 1607 1003 non
1624 951 1836 1005 viderit.

336 1056 355 1089 ι
388 1039 679 1095 Etsurrexi
717 1048 771 1093 et
801 1054 1049 1109 egressus
1093 1054 1211 1094 sum
1250 1039 1303 1093 in
1334 1055 1603 1107 campum,
1634 1050 1687 1095 et
1711 1056 1839 1097 ecce

256 1145 277 1177 ι
322 1128 395 1181 ibi
420 1126 587 1199 gloria
615 1128 827 1183 Domini
872 1128 1071 1194 stabat,
1110 1129 1261 1199 quasi
1286 1128 1488 1197 gloria,
1520 1146 1683 1198 quam
1728 1131 1835 1186 vidi

255 1237 277 1269 ι
309 1219 464 1289 juxta
502 1217 721 1273 ﬂuvium
746 1218 982 1284 Chobar,
1025 1227 1131 1274 etc.
1163 1220 1445 1274 iJubente
1488 1220 1713 1281 Domino
1756 1221 1837 1275 in-

248 1309 518 1378 greditur,
540 1307 829 1377 etjubente
861 1310 1159 1377 egreditur,
1185 1309 1431 1376 seditque
1472 1325 1592 1363 cum
1642 1311 1835 1366 seden-

250 1401 431 1467 tibus,
466 1401 590 1471 quia
620 1409 850 1456 stantem
884 1400 1031 1454 illum
1076 1416 1332 1454 numerus
1376 1402 1708 1469 captivorum
1739 1416 1835 1456 au-

246 1492 369 1549 dire
408 1508 511 1546 non
544 1500 773 1561 poterat.
802 1492 1171 1561 Egressusque
1197 1490 1248 1543 in
1274 1491 1448 1558 campi
1472 1490 1828 1558 latitudinem,

246 1581 400 1635 videt
428 1590 661 1636 stantem
704 1581 927 1651 gloriam
975 1580 1209 1645 Domini,
1252 1596 1413 1650 quam
1447 1582 1596 1650 prius
1624 1581 1831 1636 viderat

243 1672 615 1727 ambulantem
658 1681 712 1726 et
737 1672 1037 1727 elevantem
1077 1686 1136 1725 se
1170 1680 1223 1723 et
1252 1672 1519 1734 interdum
1556 1680 1823 1738 stantem;

242 1762 375 1831 quia
399 1762 552 1833 juxta
591 1761 806 1815 ﬂuvium
848 1760 1027 1816 saeeuli
1060 1760 1217 1830 hujus
1240 1752 1451 1815 Chobar
1473 1801 1486 1825 ,
1528 1761 1618 1830 qui
1662 1761 1825 1816 inter-

1940 953 2152 1016 statuit,
2205 960 2261 1006 ut
2290 954 2380 1023 qui
2427 955 2701 1010 humiliter
2751 959 2889 1026 apud
2931 975 3027 1013 nos
3070 976 3134 1014 ex
3185 960 3511 1017 inﬁrmitatis

1939 1049 2137 1095 nostrae
2183 1043 2489 1113 cognitione
2532 1041 2827 1111 jaeuimns,
2866 1057 2921 1102 et
2959 1050 3224 1117 jacemus,
3267 1052 3320 1107 in
3368 1051 3509 1109 bono

1937 1143 2057 1199 post
2082 1146 2244 1201 opere
2270 1134 2428 1203 quasi
2452 1151 2614 1205 super
2640 1136 2806 1207 pedes
2832 1153 2897 1191 ex
2929 1140 3253 1196 rectitudine
3281 1151 3503 1197 stemus.

1938 1221 2090 1288 Quod
2116 1236 2212 1276 cur
2239 1222 2296 1278 in
2326 1239 2515 1294 campo
2550 1226 2614 1282 de
2646 1228 2908 1296 prOpheta
2938 1230 3136 1298 agitur,
3165 1232 3263 1285 nisi
3303 1242 3359 1286 ut
3385 1249 3508 1302 spc-

1936 1313 2146 1367 cialiter
2175 1314 2487 1383 designetur
2535 1318 2662 1386 quia
2697 1320 2859 1374 etiam
2906 1320 3093 1374 electis
3119 1325 3353 1392 gentium
3388 1328 3508 1399 Spi-

1936 1404 2071 1457 ritus
2093 1413 2316 1459 sanctus
2344 1406 2550 1461 dandus
2567 1417 2732 1473 esset,
2752 1411 2875 1477 quia
2910 1426 3001 1465 eos
3026 1426 3163 1480 quos
3186 1429 3503 1485 assumeret,

1934 1495 2163 1563 etprius
2193 1511 2223 1548 a
2272 1496 2535 1566 Superbia:
2582 1513 2691 1553 sua:
2734 1508 2875 1553 statu
2928 1501 3217 1571 dejiceret,
3249 1514 3303 1559 et
3360 1522 3507 1576 post-

1933 1585 2148 1639 modum
2192 1599 2351 1653 super
2383 1585 2547 1657 pedes
2579 1603 2722 1651 suos,
2755 1589 2809 1642 id
2836 1597 2939 1653 est,
2974 1607 3132 1661 super
3167 1592 3302 1648 bona
3342 1612 3505 1667 Opera

1932 1672 2207 1735 solidaret,
2271 1672 2415 1725 sicut
2468 1688 2563 1752 per
2625 1673 2849 1730 Paulum
2903 1678 3099 1732 dicitur
3153 1694 3167 1731 :
3230 1679 3505 1741 Βῃωίεεςιε

1932 1778 2122 1817 manus
2188 1769 2243 1819 et
2311 1764 2572 1818 dissoluta
2643 1779 2815 1834 genua
2889 1768 3121 1838 erigite,
3163 1783 3220 1825 et
3286 1789 3505 1843 gressus

240 1866 495 1926 pretatur
523 1856 910 1927 gravissimus,
957 1855 1125 1924 gloria
1174 1854 1515 1919 cernebatur,
1564 1854 1706 1923 quod
1756 1856 1828 1909 si-
1856 1851 1901 1908 Β
1931 1862 2107 1907 rectos
2158 1852 2322 1908 facite
2367 1852 2594 1923 pedibus
2635 1856 2863 1909 vestris?
2903 1856 3202 1925 Sequitur:
3250 1878 3276 1911 ι
3308 1863 3375 1915 Ει
3428 1863 3505 1916 lo-

240 1946 466 2017 guilicat
484 1960 698 2002 omnem
720 1946 902 2000 mundi
930 1944 1087 2011 hujus
1108 1945 1332 2016 gloriam
1368 1947 1753 2013 praeterﬂuere,
1774 1955 1831 2000 et

238 2049 469 2108 gradum
508 2038 754 2102 stabilem
782 2052 887 2091 non
921 2026 1140 2091 habere.
1182 2034 1365 2092 Gloria
1396 2043 1576 2089 autem
1616 2035 1828 2091 Domini

236 2135 397 2181 stans
420 2135 475 2182 et
499 2140 853 2197 perseverans
872 2141 996 2181 cum
1020 2132 1197 2179 stante
1236 2125 1500 2194 propheta
1532 2123 1743 2178 videtur
1771 2124 1828 2177 in

236 2230 452 2285 campo,
475 2230 593 2285 qua:
620 2216 672 2269 in
699 2214 874 2269 medio
896 2213 1237 2283 captivorum
1280 2228 1380 2267 nec
1423 2220 1572 2267 stare
1610 2220 1827 2283 poterat

238 2319 345 2359 uec
375 2304 566 2358 videri.
808 2293 817 2297 ’

321 2412 339 2444 ε
375 2393 442 2447 Ει
489 2396 659 2448 cecidi
689 2408 743 2446 in
781 2389 974 2448 faciem
1005 2408 1213 2459 meam,
1261 2400 1317 2449 et
1358 2390 1636 2463 ingressus
1662 2392 1823 2447 estin

241 2502 263 2535 ι
301 2499 389 2539 me
412 2485 651 2555 spiritus,
667 2494 719 2539 et
742 2473 926 2539 statuit
952 2500 1038 2540 me
1060 2500 1224 2554 super
1236 2485 1400 2555 pedes
1417 2499 1585 2549 meos,
1610 2485 1824 2539 etlocu-

241 2595 261 2624 ι
306 2586 391 2629 tus
418 2584 502 2630 est
519 2576 670 2638 mibi,
693 2583 747 2630 et
767 2575 901 2629 dixit
925 2575 990 2629 ad
1011 2590 1095 2628 me
1118 2591 1132 2628 :
1157 2574 1445 2642 ingredere
1462 2583 1515 2628 et
1548 2574 1822 2629 includere

241 2686 259 2718 ι
310 2668 361 2720 in
399 2668 575 2722 medio
608 2668 798 2743 domus
835 2675 957 2722 tuze.
991 2686 1008 2717 ι
1044 2665 1290 2739 Stantem
1335 2665 1562 2738 gloriam
1610 2667 1819 2729 Domini

236 2772 350 2811 non
375 2758 666 2822 sustinens,
690 2757 884 2812 cecidit
924 2758 977 2811 in
1010 2755 1202 2811 faciem
1236 2754 1409 2822 suam,
1451 2766 1508 2809 ut
1540 2757 1607 2811 ab
1647 2757 1818 2826 ingre-

234 2850 422 2902 diente
460 2849 512 2901 in
547 2865 669 2903 eum
694 2849 884 2919 spiritu
918 2849 1227 2914 levaretur;
1263 2849 1354 2918 qui
1379 2848 1601 2918 spiritus
1629 2840 1819 2903 statuit

231 2952 363 2991 eum
386 2951 549 3006 super
568 2938 731 3007 pedes
751 2953 898 3003 suos,
927 2946 981 2993 et
1010 2938 1219 2991 locutus
1244 2946 1328 2990 est
1348 2934 1395 2991 ei
1428 2932 1611 2991 dieens
1636 2955 1648 2989 :
1675 2936 1818 2992 Intra

231 3040 292 3083 et
320 3030 590 3084 includere
617 3030 669 3084 in
691 3028 865 3083 medio
887 3020 1078 3084 domus
1104 3038 1239 3093 tute;
1266 3036 1320 3082 et
1343 3039 1424 3082 est
1450 3044 1657 3091 sensus,
1692 3029 1817 3097 quia

230 3117 617 3173 corroboratus
643 3132 702 3172 es
741 3125 959 3187 aspectu
998 3116 1289 3170 Dominicae
1329 3113 1657 3183 majestatis,
1696 3112 1816 3170 nul-

1928 1952 2084 1999 cutus
2132 1954 2217 1999 est
2265 1944 2433 2009 mihi,
2489 1952 2546 2017 et
2588 1944 2726 2000 dixit
2776 1946 2840 1999 ad
2902 1962 2987 2003 me
3040 1966 3052 2001 :
3101 1949 3385 2020 Ingredere
3448 1963 3505 2009 et

1929 2032 2202 2089 includere
2229 2032 2287 2095 in
2335 2034 2512 2090 medio
2558 2034 2747 2089 domus
2796 2043 2919 2097 tute.
2954 2055 2973 2088 ι
3013 2038 3152 2103 Quid
3194 2048 3317 2106 est,
3358 2044 3506 2111 quod

1929 2124 1980 2177 in
2034 2124 2210 2179 medio
2260 2122 2539 2179 Israelitici
2594 2124 2771 2196 populi
2819 2127 3079 2194 propheta
3129 2129 3196 2183 ad
3253 2145 3507 2199 campum

1926 2215 2188 2277 educitur,
2228 2223 2385 2283 atque
2426 2215 2490 2267 ad
2528 2215 2742 2270 domum
2784 2225 2968 2284 postea
3010 2218 3077 2271 de
3119 2234 3315 2289 campo
3349 2236 3503 2276 τρι-οι

1926 2310 2077 2356 catur
2099 2344 2114 2370 ,
2145 2303 2249 2357 nisi
2278 2304 2420 2372 quod
2446 2304 2842 2372 przetlicationis
2864 2306 3033 2373 gratia
3053 2304 3287 2369 .lndaico
3304 2312 3505 2379 populo

1928 2393 2101 2447 ablata
2127 2393 2180 2463 in
2203 2391 2541 2446 latitudinem
2573 2392 2891 2463 gentilitatis
2926 2408 3113 2462 sparsa
3143 2394 3258 2449 est?
3287 2396 3392 2449 Sed
3415 2406 3503 2450 ta-

1927 2498 2047 2537 men
2083 2482 2134 2537 in
2163 2457 2283 2535 .line
2309 2480 2491 2535 mundi
2541 2481 2668 2535 dum
2714 2481 2883 2535 ἆυ(ιωὶ
2932 2483 2997 2536 ad
3049 2484 3206 2537 [idem
3252 2485 3500 2549 redeunt,

1926 2573 2081 2643 quasi
2112 2574 2178 2627 ad
2224 2575 2439 2628 domum
2468 2574 2725 2643 propheta
2772 2574 3078 2640 reducetur,
3099 2586 3157 2629 ut
3200 2578 3252 2629 in
3280 2593 3376 2629 suo
3404 2593 3498 2646 po-

1925 2664 2048 2732 pulo
2075 2679 2264 2719 rursus
2288 2664 2598 2734 praedicatio
2628 2663 2907 2727 inhabitet,
2939 2680 3059 2733 quze
3094 2666 3260 2719 modo
3278 2667 3422 2726 velut
3441 2668 3499 2723 iu

1926 2769 2117 2825 campo
2152 2755 2223 2810 ita
2272 2756 2327 2808 in
2390 2742 2615 2811 diversis
2651 2756 2901 2826 gentibus
2947 2755 3112 2825 fulget
3160 2775 3172 2811 :
3227 2757 3497 2827 Scriptum

1924 2848 2120 2915 quippe
2166 2856 2247 2901 est
2280 2863 2301 2907 ε,
2330 2865 2347 2896 ‹
2384 2846 2565 2901 Donec
2608 2846 2884 2916 plenitudo
2922 2848 3160 2917 gentium
3206 2848 3494 2914 introiret,

1926 2946 2051 2992 tunc
2079 2938 2254 2992 omnis
2286 2937 2450 2991 Israel
2476 2937 2655 2991 salvus
2685 2936 2837 3009 ﬁeret
2883 2937 3061 3009 (Rom.
3091 2939 3187 3011 χι).
3229 2960 3246 2992 ι
3280 2941 3412 3007 Quia
3444 2953 3499 2997 et

1922 3045 2019 3100 per
2064 3030 2380 3098 prephetam
2421 3028 2650 3083 alterum
2703 3030 2901 3084 dicitur
2932 3048 2944 3083 :
2975 3048 2993 3081 ι
3028 3029 3085 3084 Si
3117 3029 3275 3085 fuerit
3314 3048 3500 3086 nume-

1926 3135 2018 3173 rus
2042 3119 2271 3173 ﬁliorum
2300 3118 2462 3174 lsrael
2491 3120 2643 3200 quasi
2670 3133 2836 3177 arena
2860 3121 3048 3185 maris,
3069 3121 3307 3193 reliquiae
3339 3123 3500 3178 salvas

233 3206 359 3261 lum
379 3210 587 3272 timeas,
614 3223 709 3263 nec
742 3207 975 3277 aliquem
1001 3206 1399 3277 pertremiscas,
1427 3208 1519 3261 sed
1549 3215 1817 3263 revertere
1846 3187 1889 3248 C
1923 3211 2052 3265 ﬁent
2092 3209 2245 3282 (Iani.
2292 3209 2367 3281 ι).
2409 3229 2429 3262 ›
2458 3187 2626 3265 sici:
2650 3225 2777 3281 ergo
2805 3211 3067 3279 propheta
3096 3212 3159 3265 de
3188 3187 3377 3267 ‘medio
3402 3229 3500 3284 po-

232 3300 291 3352 in
330 3299 546 3353 domum
590 3306 767 3362 tuam,
810 3297 894 3352 vel
936 3298 1004 3351 ad
1037 3298 1390 3351 necessitates
1438 3297 1709 3365 corporis,
1760 3305 1818 3352 ut

232 3391 455 3460 quidam
491 3396 711 3458 putant,
746 3389 829 3442 vel
858 3389 912 3442 in
943 3389 1153 3459 signum
1193 3386 1387 3442 futurae
1416 3388 1731 3442 obsidionis.
1752 3389 1818 3442 Et

228 3482 505 3552 quomodo
544 3479 709 3534 Isaias
755 3478 1114 3535 discalceatus
1147 3488 1203 3533 et
1243 3480 1419 3533 nudus
1454 3480 1616 3532 trium
1651 3496 1817 3535 anno-

230 3588 357 3626 rum
385 3571 745 3640 captivitatem
771 3576 826 3623 et
851 3568 1149 3622 nuditatem
1190 3569 1373 3638 populi
1400 3569 1709 3635 .nuntiavit,
1741 3570 1815 3625 ita

230 3671 292 3715 et
320 3670 372 3715 tu
394 3661 605 3715 clausus
640 3660 816 3725 domo,
840 3658 1007 3728 Opere
1044 3659 1162 3730 ipso
1186 3660 1448 3729 propheta
1476 3659 1704 3713 vicinam
1722 3660 1818 3715 ob-

230 3752 501 3807 sidionem
526 3750 673 3805 urbis
698 3748 1019 3803 Jerusalem.
1041 3747 1243 3821 (Greg.)
1265 3748 1400 3815 Quid
1424 3751 1648 3816 esthoc,
1673 3752 1816 3820 quod

229 3844 389 3915 prius
433 3842 691 3897 Dominus
740 3843 796 3895 in
844 3842 1022 3897 medio
1067 3840 1431 3897 lsraelitarum
1480 3843 1693 3897 locutus
1746 3842 1815 3896 ad

230 3938 553 4008 prophetam
581 3953 734 3991 suum
762 3934 963 4001 fuerat,
986 3944 1041 3990 et
1064 3946 1243 3992 tamen
1266 3939 1605 4007 postmodum
1641 3937 1771 3993 dicit
1797 3954 1810 3990 :

236 4048 255 4080 ι
302 4028 567 4096 Egredere
600 4028 653 4081 iu
700 4041 969 4097 campum,
1002 4034 1055 4080 et
1086 4026 1159 4082 ibi
1189 4025 1381 4097 loquar
1413 4036 1622 4093 tecum,
1654 4046 1679 4078 ›
1712 4027 1812 4081 nisi

230 4119 402 4190 quod,
436 4119 731 4188 prophetiae
784 4132 893 4172 suae
941 4117 1190 4188 gratiam,
1220 4126 1275 4172 et
1318 4119 1468 4188 prius
1508 4118 1704 4173 Iudaea:
1735 4118 1817 4171 in-

233 4210 525 4264 t‘underet?
558 4208 708 4264 Hanc
728 4209 1069 4280 postmodum
1100 4208 1357 4279 dignatus
1400 4218 1483 4264 est
1528 4209 1581 4263 in
1630 4210 1816 4263 latitu-

232 4302 419 4356 dinem
449 4301 684 4371 gentium
725 4300 1116 4354 demonstrare.
1156 4298 1340 4370 Neque
1363 4301 1507 4355 enim
1550 4300 1816 4354 immerito

230 4404 336 4459 per
376 4405 623 4459 campum
651 4389 923 4460 gentilitas
966 4378 1301 4461 designatur,
1345 4405 1463 4459 qua:
1505 4386 1659 4459 longe
1689 4388 1818 4443 late-

234 4496 364 4550 que,
397 4481 447 4535 id
475 4488 593 4545 est,
624 4480 677 4533 in
708 4480 961 4534 universo
990 4481 1192 4534 mundo
1238 4480 1590 4544 distenditur,
1636 4478 1709 4533 ibi
1761 4488 1813 4533 et

232 4552 529 4627 subditur;
560 4588 578 4621 ι
605 4570 913 4639 Exsurgens
936 4585 1188 4641 egressus
1212 4586 1331 4625 sum
1366 4571 1418 4625 in
1461 4586 1731 4641 campum,
1759 4579 1815 4625 et

231 4676 366 4717 ecce
402 4660 563 4731 gloria
619 4660 829 4714 Domini
879 4664 1086 4725 stabat,
1118 4662 1273 4731 quasi
1309 4662 1476 4733 gloria
1505 4677 1667 4732 quam
1705 4662 1812 4716 vidi

225 4751 389 4821 juxta
426 4750 622 4805 ﬂumen
654 4751 888 4806 Cbobar.
932 4770 951 4803 ι
1000 4753 1059 4807 In
1104 4767 1295 4823 campo
1336 4753 1563 4824 gloriam
1603 4751 1813 4805 Domini

232 4842 495 4914 propheta
524 4842 677 4912 vidit,
700 4857 862 4911 quam
902 4843 1059 4912 juxta
1104 4841 1300 4898 ﬂumen
1336 4842 1549 4898 Chobar
1596 4842 1648 4895 in
1698 4856 1813 4894 me-

235 4936 332 4993 dio
358 4935 717 4990 lsraelitarum
762 4935 1005 5001 viderat,
1058 4936 1183 5004 quia
1220 4935 1336 5005 ipsa
1384 4934 1502 5004 ejus
1558 4932 1815 5002 maiestas

235 5029 491 5099 gentibus
510 5028 909 5098 apparuitque:
936 5029 1084 5095 prius
1104 5041 1161 5081 se
1188 5026 1375 5082 electis
1402 5028 1456 5081 in
1476 5027 1698 5082 Iudaico
1723 5042 1816 5096 po-

234 5121 386 5192 pulo,
404 5120 670 5174 revelante
698 5119 903 5191 spiritu,
929 5117 1241 5171 declaravit.
1272 5114 1527 5187 Sequitur
1552 5132 1567 5171 :
1598 5136 1617 5170 ι
1636 5117 1701 5171 Et
1726 5132 1817 5172 ce-

236 5212 345 5266 cidi
374 5211 426 5264 in
458 5209 647 5264 faciem
672 5225 869 5265 meam.
907 5228 924 5259 »
962 5208 1083 5262 Visa
1113 5207 1283 5277 gloria
1316 5206 1527 5261 Domini
1552 5207 1814 5277 propheta

236 5304 296 5356 in
326 5300 514 5355 faciem
555 5315 709 5355 suam
735 5299 898 5363 cadit,
946 5298 1068 5368 quia
1098 5297 1343 5366 quamvis
1374 5298 1534 5352 homo
1565 5297 1631 5350 ad
1661 5296 1818 5349 intel-

234 5392 454 5463 ligenda
500 5391 762 5459 spiritalia
800 5389 1071 5455 elevatur,
1127 5403 1190 5441 ex
1242 5386 1694 5455 contemplatione
1726 5396 1807 5438 ta-

236 5497 365 5535 men
381 5480 673 5548 majestatis
687 5479 780 5534 Dei
796 5478 1162 5533 inﬁrmitatem
1181 5493 1291 5532 suae
1315 5477 1637 5532 conditionis
1662 5476 1810 5529 intel-

233 5573 375 5639 ligit,
401 5580 455 5625 et
478 5570 841 5640 quasistatum
866 5584 970 5622 non
986 5568 1166 5631 habet,
1190 5568 1279 5636 qui
1299 5582 1355 5621 se
1377 5574 1501 5619 ante
1524 5564 1811 5618 Deioculos

232 5677 359 5716 esse
392 5662 627 5715 cinerem
660 5666 713 5712 et
732 5658 1006 5727 pulverem
1036 5656 1199 5711 videt.
1233 5654 1526 5723 Sequitur:
1567 5671 1587 5705 ‹
1620 5654 1690 5709 Et
1729 5654 1812 5707 in-

232 5767 453 5830 gressus
481 5758 564 5804 est
604 5750 655 5802 in
683 5764 765 5802 me
803 5748 1045 5817 spiritus,
1075 5756 1128 5801 et
1154 5746 1341 5801 statuit
1361 5759 1446 5801 me
1468 5758 1627 5815 super
1650 5744 1814 5817 pedes

1918 3299 2026 3369 puli
2074 3300 2142 3353 ad
2192 3299 2461 3369 campum,
2489 3301 2551 3354 de
2582 3313 2770 3369 campo
2818 3301 3000 3354 redeat
3046 3300 3114 3356 ad
3160 3302 3402 3369 domum,
3436 3311 3500 3360 ut

1918 3398 1974 3443 et
2011 3389 2343 3457 praedicatio,
2370 3405 2488 3459 quae
2515 3388 2712 3443 Iudaea
2754 3388 2895 3444 facta
2942 3400 3045 3454 est,
3076 3392 3385 3460 egrediatur
3432 3394 3489 3448 in

1918 3492 2124 3552 gentes,
2146 3488 2203 3534 et
2239 3480 2458 3549 repletis
2488 3479 2591 3537 [lth
2621 3481 2893 3551 gentibus,
2923 3482 3147 3551 recipiat
3171 3483 3352 3538 Judtea
3386 3486 3495 3555 spi-

1920 3574 2093 3639 ritalis
2140 3572 2398 3629 doctrinae
2446 3574 2619 3638 dona,
2671 3587 2790 3643 quas
2836 3575 3035 3629 amisit.
3074 3574 3275 3630 lncludi
3316 3585 3492 3632 autem

1917 3663 2176 3732 propheta
2205 3662 2259 3715 in
2306 3661 2481 3717 medio
2504 3648 2697 3717 domus
2726 3677 2837 3717 suae
2873 3662 3198 3731 praecipitur,
3231 3664 3355 3731 quia
3384 3664 3495 3718 An-

1920 3752 2149 3806 tichristi
2185 3760 2420 3821 tempore
2465 3752 2532 3807 ab
2559 3752 2640 3807 eis
2690 3753 2975 3822 gentibus,
3018 3768 3136 3821 qum
3166 3754 3219 3806 in
3265 3753 3494 3807 inﬁdeli-

1920 3852 2029 3897 tate
2082 3844 2466 3906 remanserint,
2496 3842 2644 3911 plebs
2695 3858 2953 3897 conversa
2990 3843 3294 3899 διώκοι-ιλιι]
3343 3844 3493 3901 duris

1916 3933 2380 4003 persecutionibus
2433 3941 2774 4000 angustatur.
2828 3932 2982 4015 Un‘de
3034 3934 3293 4004 scriptum
3354 3944 3491 3989 est:

1914 4024 2341 4087 Atriumantem,
2363 4023 2502 4092 quod
2534 4033 2651 4079 erat
2671 4032 2823 4079 extra
2853 4024 2996 4077 fores
3019 4024 3221 4093 templi,
3245 4025 3383 4096 ejice
3412 4025 3492 4079 ΐο-

1918 4126 2027 4177 ras,
2045 4122 2183 4167 etne
2203 4113 2443 4169 metiaris
2466 4114 2881 4183 illud,qnoniam
2902 4099 3086 4167 datum
3112 4122 3193 4167 est
3220 4114 3491 4183 gentibus,

1915 4217 1970 4259 et
1997 4207 2271 4261 civitatem
2325 4217 2569 4261 sanctam
2618 4206 2906 4263 calcabunt
2947 4208 3224 4263 mensibus
3261 4209 3493 4276 quadra-

1915 4298 2063 4366 ginta
2094 4296 2318 4352 duobus.

1992 4406 2008 4436 ‹
2038 4386 2103 4440 Ει
2138 4394 2227 4451 tu,
2271 4387 2347 4441 ﬁli
2375 4386 2631 4449 hominis.
2657 4400 2781 4441 ecce
2806 4387 2930 4441 data
2960 4397 3085 4443 sunt
3112 4402 3271 4456 super
3297 4394 3349 4441 te
3376 4389 3493 4441 vin-

1923 4496 1941 4528 ‹
1982 4477 2123 4541 cula,
2146 4485 2202 4531 et
2229 4476 2470 4546 ligahunt
2496 4484 2547 4529 te
2569 4480 2671 4541 eis,
2693 4485 2747 4530 et
2771 4491 2874 4530 non
2906 4476 3209 4546 egredieris
3225 4477 3289 4532 de
3316 4478 3491 4531 medio

1923 4582 1943 4615 ο
1984 4580 2193 4619 eorum.
2225 4565 2291 4619 Et
2312 4564 2547 4634 linguam
2582 4572 2726 4617 tuam
2760 4563 3037 4617 adhaerere
3078 4562 3270 4617 faciam
3312 4565 3492 4633 palato

1924 4672 1944 4706 α
1990 4654 2070 4708 vel
2100 4653 2305 4724 gdtturi
2336 4663 2444 4716 tuo,
2489 4661 2543 4707 et
2581 4654 2689 4707 eris
2718 4663 2919 4717 mutus,
2963 4668 3063 4707 nec
3090 4660 3149 4708 ut
3190 4654 3272 4706 vir
3313 4653 3491 4721 objur-

1923 4761 1941 4795 ‹
1984 4759 2133 4815 gans,
2161 4744 2286 4811 quia
2308 4743 2498 4797 domus
2516 4756 2845 4812 exasperans
2880 4751 2981 4795 est.
3003 4762 3020 4793 ι
3050 4741 3246 4812 (Ηὶεν.)
3265 4743 3414 4809 Quod
3439 4744 3489 4797 in

1918 4836 2074 4889 domo
2108 4832 2401 4898 clauditur,
2438 4832 2581 4900 quod
2607 4832 2832 4887 vinculis
2859 4832 3109 4901 alligatur
3130 4874 3143 4893 ,
3193 4833 3333 4900 quod
3385 4849 3491 4889 non

1916 4927 2192 4996 egreditur
2214 4925 2279 4979 ad
2306 4939 2400 4979 eos
2437 4924 2583 4979 inter
2606 4938 2742 4991 quos
2773 4924 2996 4987 habitat,
3028 4924 3125 4977 sed
3145 4924 3273 4978 inter
3313 4924 3491 4977 multi-

1920 5019 2159 5072 tudinem
2187 5017 2524 5087 captivorum
2546 5014 2889 5069 solitudinem
2910 5015 3147 5067 carceris
3174 5013 3407 5081 patitur,
3434 5021 3491 5065 nt

1917 5126 2077 5179 supra
2119 5109 2258 5173 dixi,
2313 5107 2609 5163 obsidionis
2659 5105 2913 5159 indicium
2971 5112 3079 5170 est,
3117 5104 3260 5172 quod
3309 5104 3487 5157 clausa

1915 5200 2212 5255 Jerusalem
2286 5208 2446 5267 atque
2522 5195 2853 5251 circumdata
2912 5196 2980 5251 ab
3040 5195 3281 5248 exercitu
3332 5193 3491 5248 Chal-

1917 5292 2176 5349 darorum,
2204 5287 2407 5342 nullum
2434 5286 2789 5341 habitantium
2834 5284 2979 5338 foras
3019 5284 3167 5337 exire
3191 5282 3489 5351 permittet.

1920 5381 2042 5434 lbec
2069 5388 2151 5432 est
2194 5376 2331 5440 olla,
2360 5376 2424 5430 de
2455 5390 2559 5444 qua
2585 5372 2849 5429 Jeremias
2888 5372 3144 5442 loquitur,
3177 5380 3231 5425 et
3258 5372 3370 5441 ipse
3403 5370 3492 5423 hic

1915 5474 2176 5541 propheta
2230 5469 2283 5522 in
2330 5467 2802 5534 censequentibus,
2836 5465 2889 5520 in
2937 5480 3043 5535 qua
3096 5477 3287 5518 carnes
3314 5460 3490 5531 pepuli

1920 5567 2324 5615 consumuntur.
2371 5556 2521 5622 Quod
2557 5563 2738 5609 autem
2779 5555 2958 5625 lingua
3009 5554 3283 5623 propheta‘
3314 5550 3490 5619 palato

1919 5652 2002 5704 vel
2066 5647 2289 5720 gutturi,
2326 5647 2582 5708 coli-daret,
2645 5654 2700 5699 et
2756 5654 2934 5715 mutus
2986 5644 3209 5697 etl‘eetus
3259 5639 3488 5694 auctori-

1923 5751 2081 5795 tatem
2114 5754 2216 5791 non
2256 5720 2416 5791 habet
2446 5734 2792 5803 increpantis,
2840 5749 3000 5788 causa
3044 5734 3327 5802 perspicua
3374 5735 3487 5790 est,
