3948 6320
494 358 601 413 583

1159 360 1216 414 Β.
1262 358 1511 415 liABANl
1550 357 1770 415 MAURI
1807 350 2125 423 ARCHI‘EP.
2164 352 2473 412 MOCUNT.
2517 342 2797 409 OPERUM
2824 348 3011 404 PARS
3051 349 3109 404 ll.

3678 341 3803 400 384

495 492 513 525 ‹
537 473 665 543 quia
688 473 907 540 donius,
939 493 957 527 ο
986 475 1183 543 inquit,
1207 492 1225 525 ι
1248 488 1575 546 exasperans
1595 485 1697 529 est.
1721 473 1930 528 tEtcst
1958 485 2081 526 seu-
2108 478 2159 535 Α
2186 469 2508 531 incredulus,
2545 463 2861 523 incredulus
2900 464 2989 518 sit.
3022 482 3038 514 ι
3075 460 3321 515 Secunda
3361 456 3569 526 Aquila:
3613 454 3809 510 editio

495 579 590 620 sus
616 582 634 619 ε
664 564 852 620 Tanta:
898 574 1027 621 sunt
1051 565 1471 631 amaritudines,
1516 575 1571 620 et
1616 571 1781 619 tantae
1820 564 2083 618 adversus

492 656 665 710 Deum
694 656 1092 720 contentiones,
1125 663 1184 709 ut
1213 650 1593 726 obiurgantem
1632 669 1738 710 non
1769 662 2085 709 mereantur

496 741 708 799 audire.
742 741 823 797 Ex
849 757 957 812 quo
987 742 1327 814 perspicuum
1359 751 1472 809 est,
1498 743 1587 798 ubi
1613 740 1899 797 multitudo
1921 741 2085 797 fuerit

493 839 866 901 peccatorum,
904 830 1157 903 indignos
1194 846 1317 887 esse
1344 838 1654 900 peccantes,
1679 830 1772 900 qui
1800 846 1829 884 a
1855 830 2084 885 Domino

496 922 860 991 corrigantur.
897 940 915 971 ι
951 921 1019 975 Et
1052 929 1132 987 tu,
1164 920 1366 990 inquit,
1398 920 1471 975 fili
1505 919 1761 985 hominis,
1791 935 1916 975 ecce
1956 918 2086 973 data

497 1020 649 1071 sunt
671 1024 833 1081 super
870 1022 923 1066 te
963 1008 1195 1076 vincula,
1245 1022 1302 1066 et
1333 1008 1577 1079 ligabuut
1615 1017 1666 1064 te
1696 1009 1748 1063 in
1775 1010 1873 1073 eis,
1897 1020 1949 1063 et
1979 1025 2088 1063 non

498 1101 795 1169 egredieris
838 1102 894 1157 iu
933 1102 1109 1157 medio
1154 1115 1362 1166 eorum,
1418 1109 1474 1155 et
1526 1099 1764 1170 linguam
1812 1100 2089 1154 adhaerere

472 1188 698 1245 iaciam
732 1190 914 1261 palato
955 1202 1069 1257 tuo,
1105 1202 1161 1246 et
1197 1192 1307 1247 eris
1342 1199 1538 1253 mutus,
1570 1206 1671 1245 nec
1698 1190 1851 1261 quasi
1884 1191 1967 1245 vir
1988 1190 2088 1245 ob-

496 1281 743 1352 iurgans,
768 1283 893 1352 quia
923 1282 1115 1338 domus
1138 1297 1469 1353 exasperans
1495 1290 1598 1337 est.
1623 1301 1641 1334 ι
1667 1282 1816 1348 Quze,
1841 1282 2091 1337 videlicet

503 1372 689 1438 verba,
724 1373 769 1429 si
798 1390 896 1444 per
924 1374 1115 1447 typicte
1138 1370 1489 1444 expositionis
1516 1373 1764 1428 ordinem
1791 1372 2087 1441 sequimur,

502 1463 773 1533 Propheta
804 1465 856 1519 in
891 1465 1049 1519 domo
1095 1478 1193 1519 sua
1238 1462 1454 1519 vincula
1505 1462 1731 1532 suscipit
1774 1470 1831 1515 et
1869 1462 2087 1531 ligatur,

504 1554 629 1624 quia
653 1554 707 1609 in
737 1554 1017 1619 extremis,
1047 1568 1171 1609 cum
1194 1551 1376 1608 Iudaea
1402 1552 1715 1618 crediderit,
1738 1553 2094 1624 gravissimas

502 1644 825 1698 Antichristi
882 1652 1123 1714 tempore
1169 1642 1572 1712 persecutiones
1624 1642 1866 1707 sentiret,
1906 1644 1981 1696 ita
2033 1651 2092 1697 ut

504 1733 909 1802 praedicationes
944 1731 1177 1787 ministri
1213 1729 1515 1801 iniquitatis
1543 1744 1651 1785 non
1680 1730 2092 1800 recipiant,sed

2189 556 2501 613 transtulit:
2544 574 2563 608 ι
2593 556 2693 623 Qui
2725 555 2896 619 audit,
2937 553 3213 615 audietur;
3253 560 3307 604 et
3356 549 3447 618 qui
3499 547 3804 616 relinquit,

2184 645 2539 716 relinquetur.
2570 664 2589 698 ι
2625 644 2691 700 Et
2736 654 2819 698 est
2868 652 3101 697 sensus:
3135 658 3153 691 ι
3191 639 3292 707 Qui
3340 630 3523 700 liabet,
3564 637 3813 692 dabitur

2184 734 2235 791 ei
2261 753 2276 803 ;
2307 738 2396 807 qui
2426 744 2609 789 autem
2635 750 2739 788 non
2768 734 2959 796 habet,
2984 732 3145 787 etiam
3176 731 3231 785 id
3264 730 3413 800 quu.‘
3434 730 3649 783 videtur
3688 730 3812 783 ba»-

2188 825 2337 889 bere,
2367 823 2643 878 auferetnr
2670 822 2739 877 ab
2767 838 2831 876 eo
2862 820 3080 893 (Matth.
3107 816 3248 885 xm).
3278 833 3300 870 ι

2264 932 2283 966 ι
2318 913 2452 971 Cum
2478 912 3125 983 autem,inquit,locutus
3142 910 3294 965 fuero
3322 909 3701 979 tibi,aperiam
3730 923 3813 962 os

2189 1013 2363 1069 tuum,
2380 1013 2434 1059 et
2448 1005 2595 1059 dices
2613 1005 2683 1058 ad
2702 1020 2795 1059 eos
2815 1000 3047 1074 :(Greg.)
3078 1000 3201 1055 Haec
3216 1001 3344 1055 dicit
3361 1002 3618 1055 Dominus
3637 998 3813 1052 Deus

2188 1104 2334 1151 tuus.
2391 1115 2409 1149 δ
2464 1094 2616 1150 Tunc
2660 1096 2805 1149 enim
2842 1094 2987 1148 velut
3035 1093 3088 1146 in
3117 1104 3362 1147 extremo
3407 1106 3470 1144 os
3503 1090 3815 1159 propheta:

2191 1188 2447 1257 aperitur,
2481 1203 2603 1243 cum
2647 1191 2698 1240 in
2730 1184 3112 1255 praedicatione
3139 1183 3323 1237 Enoch
3362 1191 3417 1237 et
3449 1181 3577 1235 Elite
3606 1197 3635 1234 a
3695 1179 3813 1233 Ju—

2191 1280 2322 1335 tlteis
2354 1281 2419 1333 ad
2454 1280 2612 1334 [idem
2658 1277 3010 1333 redeuntibus
3054 1275 3350 1347 prophetiae
3394 1275 3534 1329 sacri
3579 1271 3813 1341 eloquii

2192 1372 2257 1426 de
2282 1370 2499 1426 Christo
2532 1370 2699 1425 fuisse
2723 1373 3138 1441 cognoscuntur.
3174 1364 3278 1420 Sed
3306 1363 3429 1435 quia
3465 1364 3577 1418 haec
3608 1364 3815 1434 ιδ’ρίςο

2191 1462 2459 1527 diximus,
2493 1476 2635 1516 nunc
2663 1460 2826 1515 verba
2863 1460 3053 1514 eadem
3093 1456 3344 1512 citaritati
3382 1466 3572 1511 veStrtc
3604 1466 3815 1508 mora-

2192 1552 2317 1606 liter
2355 1553 2705 1607 disseramus.
2737 1550 2877 1618 Quid
2926 1558 3008 1605 est
3048 1548 3193 1604 enim
3226 1548 3369 1618 quod
3390 1548 3538 1602 exire
3559 1545 3814 1615 jubctur

2193 1643 2456 1714 propheta
2480 1642 2535 1697 in
2557 1657 2827 1712 campum,
2848 1638 2951 1695 nisi
2967 1639 3107 1710 quod
3124 1638 3510 1708 unttsquisque,
3530 1636 3620 1707 qui
3645 1654 3809 1707 pra.»

2194 1734 2339 1790 dicat
2358 1742 2577 1803 propter
2601 1744 2697 1788 eos
2715 1747 2851 1803 quos
2875 1735 3028 1786 extra
3049 1746 3107 1786 se
3129 1729 3333 1801 positos
3355 1724 3597 1800 corrigit.
3622 1739 3811 1797 atquc

505 1826 807 1881 resistendo
832 1826 979 1881 hunc
1000 1822 1233 1880 vinculis
1266 1823 1465 1879 doloris
1498 1830 1764 1893 premant.
1796 1822 1863 1877 Et
1889 1822 1943 1876 in
1974 1836 2088 1885 ,me-
2114 1812 2162 1873 Β
2189 1824 2257 1879 ab
2278 1824 2563 1894 iniquitate
2587 1819 2914 1892 compescit,
2950 1819 3217 1889 loquendo
3259 1820 3326 1874 ad
3355 1832 3605 1889 campum
3636 1818 3753 1872 exit
3781 1819 3811 1872 τ

506 1915 594 1970 dio
619 1929 824 1976 eorum
847 1926 957 1970 non
987 1913 1317 1984 egredietur,
1350 1912 1475 1984 quia
1501 1911 1569 1966 ad
1606 1911 1771 1968 corda
1796 1925 2087 1982 pravorum

506 1995 817 2073 prrcdicstio
845 2018 952 2058 non
980 2003 1248 2073 pervenit,
1273 2003 1398 2058 dum
1424 2003 1605 2075 lingua
1634 2004 1898 2058 bonorum
1927 2001 2089 2073 ligata

509 2094 947 2155 tribulationibus
992 2104 1155 2154 tacet.
1200 2098 1373 2152 Erunt
1400 2098 1611 2153 etenim
1664 2105 1794 2151 tunc
1824 2096 1993 2150 multi
2021 2111 2088 2151 ex

509 2188 708 2244 Judzeis
738 2187 1068 2254 inﬁdelibus,
1096 2187 1189 2258 qui
1220 2188 1438 2243 eosdem
1477 2187 1646 2257 ipsos,
1683 2187 1774 2256 qui
1800 2201 1866 2241 ex
1891 2182 2092 2240 Judzeis

509 2281 863 2347 crediderint,
887 2287 1302 2352 persequentur.
1332 2277 1485 2333 Unde
1515 2278 1809 2333 notandum
1831 2284 1916 2331 est
1949 2274 2094 2347 quod

512 2373 600 2427 hic
623 2382 838 2440 quoque
862 2369 1062 2426 dicitur
1081 2367 1209 2438 quia
1231 2367 1284 2421 in
1302 2359 1473 2421 domo
1488 2380 1585 2421 sua
1601 2363 2093 2437 prophetaviucula

512 2462 795 2527 sustineat,
822 2467 884 2514 ut
924 2459 1174 2515 videlicet
1223 2456 1556 2530 designetur,
1594 2458 1847 2528 quoniam
1881 2472 1949 2513 ex
1977 2458 2098 2528 ipso

511 2565 610 2605 suo
639 2563 835 2621 genere
886 2548 1088 2615 Iudaea,
1140 2554 1265 2603 eum
1304 2548 1476 2604 ﬁdelis
1511 2547 1694 2614 fuerit,
1720 2548 2097 2605 tribulatione:

509 2642 900 2713 persecutionis
939 2648 1143 2713 portet.
1195 2640 1331 2696 Dum
1361 2639 1505 2696 enim
1548 2639 1863 2711 Unigenitus
1897 2640 2097 2697 summi

512 2731 689 2786 Patris
742 2731 1073 2798 incarnatus,
1115 2745 1181 2785 ac
1224 2740 1493 2797 mortuus,
1527 2731 1891 2793 resurrexisse
1936 2740 2098 2801 atque

511 2828 580 2881 ad
617 2827 784 2883 caelos
816 2827 1128 2883 ascendisse
1159 2841 1266 2883 non
1297 2825 1557 2888 creditur,
1604 2824 1745 2879 sicut
1784 2836 1884 2894 per
1929 2836 2098 2877 sacrae

513 2917 807 2988 Scriptura:
828 2919 1051 2988 paginas
1075 2906 1421 2989 praedicatur,
1438 2916 1688 2971 nimirum
1704 2914 1841 2986 apud
1866 2930 1959 2970 eos
1976 2929 2098 2984 pro-

513 3011 695 3079 phetia
721 3008 883 3081 ligata
914 3009 1017 3065 erit
1043 3027 1054 3061 :
1089 3024 1208 3078 quae
1243 3007 1289 3063 si
1329 3009 1401 3061 ita
1432 3015 1494 3062 ut
1541 3006 1687 3060 dicta
1712 3013 1796 3059 est
1827 3005 1882 3057 in
1910 3018 2099 3059 eorum

512 3099 841 3155 intellectum
861 3099 1191 3161 decurreret,
1214 3097 1366 3168 quasi
1383 3093 1809 3167 gressusliberos
1835 3107 1943 3147 sua:
1965 3106 2101 3163 pne-

514 3190 797 3246 dicationis
831 3189 1124 3245 habuisset.
1163 3187 1428 3259 chrobis
1454 3200 1587 3257 ergo
1614 3194 1743 3254 tunc
1782 3184 2111 3255 prtedicato-‘

518 3298 638 3337 rum
671 3282 899 3338 scientia
928 3291 1108 3338 tacere
1131 3279 1487 3352 compellitur.
1521 3277 1673 3334 Unde
1700 3278 1875 3334 adhuc
1911 3276 2097 3332 subdi-

524 3384 612 3427 tur
644 3391 655 3425 :
689 3391 707 3423 ι
744 3373 805 3426 Et
835 3373 1070 3443 linguam
1096 3380 1240 3426 tuam
1262 3370 1538 3424 adhaerere
1560 3366 1767 3422 faciam
1781 3366 1961 3438 palato
1985 3375 2097 3431 tuo,

521 3472 574 3517 et
605 3464 713 3518 eris
746 3472 947 3528 mutus,
982 3477 1083 3515 nec
1120 3460 1273 3530 quasi
1302 3459 1387 3513 vir
1409 3458 1727 3529 objurgans,
1752 3456 1878 3525 quia
1910 3454 2100 3509 domus

518 3566 847 3621 exasperans
868 3561 970 3608 est.
997 3571 1015 3603 ι
1048 3550 1155 3606 Sed
1176 3549 1321 3621 quia,
1340 3548 1524 3609 Enocb
1544 3555 1599 3601 et
1617 3545 1734 3601 Elia
1748 3544 2097 3615 praedicante,

523 3641 676 3695 multi
712 3657 777 3695 ex
809 3643 912 3706 his,
950 3640 1040 3711 qui
1081 3649 1205 3698 tunc
1233 3658 1299 3696 ex
1332 3638 1532 3695 Judmis
1560 3639 1612 3693 in
1658 3636 1971 3692 infidelitate
2017 3651 2101 3689 re-

521 3731 835 3797 manserint,
858 3732 925 3787 ad
944 3732 1301 3802 cognitionem
1320 3731 1561 3786 veritatis
1592 3729 1833 3792 redeunt,
1865 3728 2002 3782 sicut
2031 3727 2098 3781 de

516 3818 669 3874 llelia
693 3821 888 3875 dicitur
919 3835 934 3874 :
968 3838 987 3873 ί
1020 3821 1164 3877 Elias
1194 3820 1373 3876 veniet
1398 3827 1451 3874 et
1479 3820 1593 3886 ipse
1630 3819 1875 3873 restituet
1919 3816 2099 3871 omnia

518 3908 734 3980 (Matth.
789 3908 941 3983 xvu).
980 3931 999 3963 ι
1052 3908 1155 3979 Qui
1210 3911 1423 3979 utrique
1471 3923 1567 3979 per
1610 3908 1928 3963 Zachariam
1980 3908 2100 3961 duae

518 3997 674 4051 oliva:
699 3997 883 4070 (lactt.
912 4000 1009 4069 tv),
1038 4007 1093 4055 et
1117 4013 1216 4070 per
1246 3997 1506 4055 Joannem
1530 3998 1634 4053 duo
1658 3995 1979 4052 candelabra
2003 4010 2100 4050 no-

518 4087 793 4143 minantur
820 4087 1003 4160 (Apoc.
1030 4088 1128 4163 x1).

595 4194 613 4225 ι
634 4175 767 4231 Cum
782 4187 959 4233 autem
971 4179 1192 4234 locutus
1211 4178 1361 4234 fuero
1386 4180 1495 4243 tibi,
1513 4179 1751 4248 aperiam
1769 4192 1830 4233 os
1846 4188 2018 4244 tuum,
2043 4187 2100 4232 et

518 4266 666 4323 dices
681 4270 746 4323 ad
763 4284 857 4325 eos
880 4288 892 4323 :
912 4269 1037 4326 llaec
1057 4270 1187 4326 dicit
1202 4271 1459 4327 Dominus
1478 4272 1617 4325 Deus
1637 4281 1786 4325 tuus:
1807 4269 1907 4336 Qui
1925 4270 2095 4333 audit,

518 4359 728 4425 audiat;
751 4368 805 4414 et
828 4362 915 4430 qui
945 4363 1193 4431 quiescit,
1217 4363 1479 4432 quiescat,
1513 4366 1635 4433 quia
1662 4363 1853 4417 domus
1866 4377 2094 4433 exaspe-

2189 1914 2373 1984 lbique
2401 1912 2612 1969 Domini
2642 1913 2867 1985 gloriam
2913 1908 3074 1973 videt,
3120 1910 3246 1979 quia
3278 1915 3426 1963 tanto
3456 1908 3658 1978 largius
3698 1909 3810 1963 do-

2189 2003 2378 2060 ctrina:
2399 2004 2627 2075 gratiam
2656 2002 2909 2073 percipit,
2931 2010 3134 2070 quanto
3159 2013 3216 2055 se
3238 2000 3291 2054 in
3322 1999 3504 2061 labore
3524 1999 3809 2068 praedica-

2191 2093 2355 2149 tionis
2398 2108 2468 2150 ex
2518 2106 2699 2148 amore
2747 2092 3118 2162 proximorum
3176 2079 3367 2155 tendit.
3429 2089 3598 2143 Foras
3650 2104 3803 2159 ergo

2191 2183 2367 2239 eundo
2390 2184 2445 2240 in
2474 2182 2641 2239 altum
2669 2182 2878 2239 visione
2906 2181 3145 2245 ducitur,
3169 2181 3292 2250 quia
3340 2182 3480 2237 unde
3517 2180 3567 2233 in
3593 2180 3803 2234 alienis

2193 2276 2449 2333 cordibus
2488 2276 2807 2347 ignorantiae
2846 2275 3139 2331 caecitatem
3173 2274 3473 2329 ministerio
3492 2289 3613 2329 sua:
3639 2274 3805 2329 locu-

2194 2367 2359 2424 tionis
2395 2367 2679 2433 illuminat,
2720 2367 2842 2423 inde
2882 2382 3005 2422 eum
3034 2382 3266 2438 superna
3308 2367 3479 2438 gratia
3512 2365 3568 2422 in
3591 2365 3804 2423 altiore

2194 2457 2547 2530 intelligentia
2589 2457 2810 2513 exultat.
2868 2457 2974 2513 Sed
3028 2456 3151 2528 quia
3201 2472 3417 2527 semper
3463 2457 3803 2525 pranlicator

2197 2552 2355 2609 debet
2376 2553 2442 2608 ad
2466 2560 2699 2607 mentem
2731 2566 3031 2615 recurrere,
3053 2548 3413 2605 humilitatem
3442 2558 3601 2619 atque
3628 2566 3760 2604 mun
3777 2580 3800 2591 -

2197 2651 2383 2707 ditiam
2425 2649 2755 2703 intrinsecus
2800 2642 3093 2710 custodire,
3124 2653 3245 2715 post
3282 2658 3531 2713 campum
3560 2658 3801 2699 necesse

2197 2749 2300 2807 est,
2330 2749 2391 2795 ut
2417 2739 2483 2793 ad
2511 2738 2727 2794 domum
2754 2736 2960 2800 redeat,
2989 2745 3254 2806 quatenus
3282 2736 3332 2789 in
3361 2735 3467 2799 his,
3495 2748 3614 2803 qua:
3632 2734 3793 2797 dicit,

2199 2829 2374 2899 qualis
2423 2827 2585 2885 etiam
2633 2827 2747 2897 ipse
2774 2828 2863 2893 sit,
2901 2828 3043 2881 intra
3082 2826 3469 2881 conscientiam
3509 2835 3790 2896 agnoscat.

2201 2917 2258 2974 Si
2287 2920 2431 2973 enim
2464 2927 2557 2972 aut
2585 2918 2689 2973 hoc
2714 2918 2855 2986 quod
2885 2917 3121 2988 loquitur
3164 2917 3384 2972 minime
3410 2916 3662 2981 custodit,
3696 2925 3797 2970 aut

2202 3007 2268 3062 de
2296 3006 2382 3063 his
2428 3022 2547 3077 quae
2588 3005 2826 3076 loquitur
2871 3006 3219 3075 temporalem
3261 3004 3486 3074 gloriam
3532 3006 3789 3075 requirit,

2207 3097 2473 3169 loquendo
2515 3098 2729 3168 quidem
2776 3096 2842 3152 ad
2884 3113 3129 3167 campum
3167 3098 3300 3163 exit,
3345 3099 3436 3152 sed
3482 3112 3585 3151 non
3635 3098 3793 3167 cogi-

2205 3191 2364 3246 tando
2391 3189 2737 3259 semetipsum
2768 3188 2835 3243 ad
2870 3188 3086 3243 domum
3124 3189 3299 3243 redire
3335 3188 3650 3243 contemnit.
3687 3188 3791 3242 Ac-

2199 3292 2357 3352 cepto
2401 3284 2545 3338 enim
2604 3281 2797 3351 spiritu
2847 3282 2899 3335 in
2954 3282 3130 3337 medio
3180 3281 3371 3336 domus
3420 3281 3784 3344 includimur,

2202 3371 2454 3442 quoniam
2503 3386 2599 3440 per
2643 3369 2759 3439 ejus
2812 3372 3042 3440 gratiam
3093 3374 3157 3425 ad
3208 3371 3540 3427 discutienda
3592 3372 3791 3427 mentis

2202 3470 2400 3516 nostra:
2448 3470 2656 3516 secreta
2706 3475 3041 3526 revocamur,
3089 3470 3145 3515 ut
3182 3462 3323 3530 apud
3351 3460 3700 3530 semetipsum
3732 3462 3785 3514 in

2203 3554 2315 3609 Deo
2359 3554 2573 3608 animus
2613 3554 2876 3623 quiescat,
2930 3561 2986 3607 et
3037 3567 3140 3632 non
3187 3553 3299 3623 jam
3350 3567 3446 3621 per
3492 3553 3788 3607 exteriores

2202 3645 2668 3716 concupiscentias
2700 3646 2753 3699 in
2782 3645 3021 3715 appetitu
3058 3643 3231 3698 laudis
3262 3652 3315 3698 et
3354 3643 3559 3713 glorier,
3589 3645 3787 3712 cogita~

2203 3734 2365 3789 tionis
2398 3734 2694 3790 mobilitate
2727 3734 3017 3789 discurrat.
3054 3733 3130 3787 De
3166 3735 3265 3789 bac
3286 3735 3445 3792 domo
3470 3734 3649 3787 cordis
3677 3736 3785 3787 cui-

2201 3827 2322 3881 dam
2346 3834 2534 3881 sauato
2557 3840 2656 3896 per
2681 3827 3025 3896 scmetipsam
3041 3824 3255 3881 Veritas
3270 3826 3431 3880 dicit:
3455 3845 3472 3876 ι
3497 3825 3647 3881 Tolle
3664 3842 3784 3896 grav

2200 3916 2383 3970 batum
2402 3926 2573 3980 tuum,
2592 3906 2655 3971 et
2686 3916 2817 3970 vade
2840 3917 2893 3969 in
2914 3916 3129 3970 domum
3150 3924 3314 3970 tuam.
3342 3933 3360 3966 ι
3383 3915 3484 3969 Per
3507 3914 3782 3985 grabatum

2200 4005 2413 4075 quippe,
2443 4006 2498 4058 in
2526 4020 2632 4074 quo
2654 4004 2832 4059 carnis
2853 4013 2934 4060 est
2956 4005 3189 4074 requies,
3227 4004 3341 4075 ipsa
3371 4018 3499 4059 caro
3525 4005 3782 4073 signatur,

2203 4111 2297 4165 per
2325 4098 2538 4151 domum
2578 4111 2708 4151 vero
2752 4097 3080 4151 conscientia
3114 4096 3391 4167 ﬁguratur.
3424 4095 3491 4150 Et
3518 4097 3641 4166 quia
3665 4112 3782 4151 cum

2201 4193 2380 4240 mente
2432 4186 2629 4241 mortui
2682 4185 2737 4239 in
2780 4185 2929 4239 vitiis
2953 4186 3217 4255 jaccmus,
3260 4187 3313 4239 in
3348 4185 3529 4239 carnis
3556 4185 3784 4239 delecta—

2202 4281 2347 4335 tione
2394 4279 2741 4349 quiescimus,
2793 4277 2992 4347 inlirmi
3047 4286 3326 4348 portamur
3364 4277 3416 4330 in
3460 4277 3619 4332 lecto.
3653 4276 3782 4331 Cum

2198 4384 2328 4423 vero
2354 4368 2527 4424 sanati
2562 4377 2740 4422 mente
2768 4366 3050 4429 fuerimus,
3078 4373 3139 4419 ut
3163 4364 3271 4430 jam
3300 4365 3640 4435 pulsantibus
3670 4380 3781 4418 Car-

519 4465 645 4544 l‘3_"5
676 4458 776 4504 εει·
808 4469 827 4502 ³
863 4448 1064 4523 (Ηίετι)
1089 4451 1223 4506 mliti
1254 4452 1469 4522 (illudill
1494 4451 1816 4507 Ecclesiaste
1846 4452 2093 4521 legimus,
2123 4486 2175 4544 Β
2204 4461 2285 4514 nis
2331 4459 2480 4513 vitiis
2524 4458 2858 4522 resistamus,
2902 4446 3123 4510 necesse
3170 4464 3269 4517 est,
3325 4463 3383 4509 ut
3428 4454 3780 4508 tentationttm

525 4556 541 4587 ς
557 4537 787 4608 Tempus
803 4541 1089 4605 tacendi,et
1108 4552 1317 4611 tempus
1332 4538 1601 4618 loqpendi,
1616 4542 1804 4596 setiam
1821 4542 1871 4595 in
1889 4556 2098 4597 sermo-

520 4643 585 4680 ne
599 4629 911 4697 propbetico
925 4626 1469 4700 comprobatur,quod
1487 4630 1725 4699 ejusdem
1740 4631 1809 4685 sit
1823 4631 2100 4701 sapienti-.1:

520 4725 575 4771 et
604 4726 779 4772 tacere
803 4726 858 4773 et
894 4718 1038 4788 loqui
1075 4736 1170 4789 pro
1199 4729 1459 4791 tempore,
1491 4730 1545 4774 et
1582 4721 1712 4775 dare
1738 4720 2016 4775 conservis
2045 4720 2098 4774 in

523 4822 761 4879 tempore
792 4825 910 4877 suo,
940 4811 1163 4867 cibaria.
1201 4811 1351 4867 Unde
1390 4811 1555 4867 lsaias
1594 4814 1660 4868 ad
1696 4813 1949 4882 pupulum
1993 4826 2098 4865 non

518 4902 825 4956 credentem
860 4920 873 4955 ε
908 4922 927 4954 t
959 4903 1143 4965 Tacui,
1188 4902 1445 4972 numquid
1487 4918 1701 4972 semper
1734 4903 1940 4967 tacebo,
1973 4902 2103 4955 dicit

524 4990 812 5044 Dominus?
841 4988 985 5062 (Ira.
1018 4991 1169 5063 va.)
1199 5010 1217 5044 ι
1267 4990 1366 5059 Qui
1397 4993 1561 5062 igitur
1604 4992 1673 5046 ob
1706 4989 2100 5045 multitudinem

520 5089 861 5147 peccatorum
909 5081 998 5136 diu
1054 5070 1296 5138 clausum
1343 5098 1406 5138 os
1446 5083 1635 5148 tenuit,
1668 5085 1794 5153 quia
1830 5083 1963 5136 vidit
2004 5082 2100 5136 ali-

522 5185 656 5239 quos
697 5185 855 5239 posse
896 5174 1153 5227 converti.
1191 5173 1266 5228 De
1308 5173 1500 5243 quibus
1546 5174 1748 5228 dictum
1783 5182 1909 5227 est:
1948 5190 1963 5222 ε
2000 5172 2099 5239 Qui

523 5259 687 5322 audit,
720 5262 923 5330 audiat,
959 5281 977 5315 ι
1011 5271 1065 5333 et
1094 5263 1181 5331 qui
1230 5278 1261 5316 a
1291 5262 1447 5316 malis
1486 5262 1733 5331 quiescit,
1776 5262 2017 5329 quiescat
2047 5268 2101 5313 et

525 5350 735 5404 desinat
760 5350 974 5423 (Exerit.
1004 5351 1107 5426 ιιι).
1132 5372 1151 5406 ι
1187 5351 1392 5408 idcirco
1420 5361 1607 5422 aperto
1633 5366 1729 5405 ore
1768 5360 1821 5405 et
1848 5367 1951 5404 non
1979 5366 2101 5420 pro-

524 5440 641 5511 pria
669 5440 964 5512 voluntate,
992 5444 1085 5500 sed
1115 5444 1323 5500 Domini
1348 5444 1589 5514 iussione
1628 5442 1865 5510 loquitur
1900 5442 1967 5494 ad
2008 5456 2101 5510 po-

525 5535 726 5605 pulum.
761 5535 815 5592 ω
846 5547 1045 5606 autem,
1075 5539 1217 5611 quod
1260 5553 1358 5594 nos
1386 5552 1692 5606 possumus,
1727 5556 1745 5589 ε
1781 5536 1881 5604 Qui
1932 5538 2101 5603 audit,

526 5622 735 5692 audiat;
769 5639 823 5684 ct
858 5631 947 5698 qui
976 5631 1221 5701 quiescit,
1258 5631 1536 5700 quiescat;
1573 5650 1589 5679 ι
1617 5644 1713 5697 pro
1742 5644 1849 5701 quo
1876 5627 2101 5698 Septua-

528 5716 675 5786 ginta
723 5718 1053 5789 interpretati
1108 5729 1249 5786 sunt,
1288 5737 1305 5769 α
1344 5720 1434 5788 qui
1467 5704 1632 5784 a‘udll,
1676 5717 1889 5783 audii“;
1924 5724 1978 5772 εί
2009 5715 2099 5786 σιιιί

2202 4549 2555 4606 contumelias
2585 4549 2652 4603 de
2691 4557 2875 4604 nostra
2922 4560 3086 4603 carne
3126 4546 3434 4599 toleremus.
3469 4542 3641 4611 Egro
3684 4544 3780 4596 ita-

2202 4656 2306 4711 que
2332 4640 2399 4695 ad
2424 4640 2658 4703 salutem
2685 4640 2905 4693 reducto
2925 4637 3252 4707 praecipitur,
3277 4655 3295 4687 ‹
3326 4634 3473 4690 Tolle
3506 4635 3777 4705 grabatum

2204 4743 2374 4795 tuum,
2405 4750 2422 4782 ι
2451 4729 2505 4785 id
2547 4739 2647 4792 est,
2691 4738 2844 4799 porta
2870 4729 3088 4791 lectum,
3122 4728 3174 4780 in
3205 4742 3311 4797 quo
3350 4732 3594 4797 portatus
3621 4724 3697 4789 es,
3724 4733 3779 4797 ut

2203 4830 2422 4877 sanatus
2466 4820 2693 4890 quisque
2736 4828 2911 4889 portet
2949 4817 3326 4874 contumeliam
3371 4816 3571 4888 carnis,
3598 4816 3649 4870 in
3674 4832 3775 4885 qua

2203 4915 2353 4983 prius
2374 4911 2591 4980 jacebat
2617 4920 2872 4983 aegrotus.
2908 4909 3048 4975 Quid
3075 4917 3158 4963 est
3183 4923 3308 4976 ergo
3337 4906 3518 4962 dicere
3548 4925 3562 4959 :
3593 4925 3610 4956 ι
3636 4906 3777 4961 Tolle

2206 5006 2487 5074 grabatum
2513 5012 2680 5067 tuum,
2715 5010 2769 5057 et
2799 5004 2931 5055 vade
2960 5002 3013 5054 in
3033 5001 3249 5053 domum
3272 5007 3417 5052 tuam
3450 4996 3629 5068 (Joan.
3658 4999 3729 5068 v),
3752 5018 3767 5049 ι

2209 5094 2307 5148 nisi
2338 5101 2490 5162 porta
2527 5092 2849 5150 tentationcs
2881 5092 3082 5155 carnis,
3114 5090 3166 5143 in
3199 5088 3390 5157 quibus
3422 5088 3674 5141 hactenus
3693 5089 3773 5156 ja-

2206 5183 2385 5246 cuisti,
2417 5197 2482 5236 ac
2509 5190 2779 5237 revertere
2807 5180 2871 5233 ad
2902 5180 3287 5234 conscientiam
3315 5188 3481 5241 tuam,
3511 5186 3566 5230 ut
3601 5178 3774 5234 videas

2208 5288 2327 5340 qua:
2375 5270 2595 5325 fecisti?
2618 5270 2885 5340 Propheta
2928 5269 3090 5339 igitur
3116 5277 3233 5339 post
3262 5281 3508 5336 campum
3540 5268 3590 5319 in
3624 5268 3774 5320 domo

2206 5360 2403 5414 includi
2448 5360 2779 5430 praecipitur,
2810 5368 2865 5410 ut
2916 5359 3233 5428 praedicator
3272 5371 3484 5425 semper
3518 5365 3635 5426 post
3661 5372 3777 5425 gra-

2206 5451 2333 5503 tiam
2382 5450 2660 5512 doctrinae,
2718 5464 2876 5517 quam
2928 5448 3184 5518 proximis
3230 5447 3524 5511 ministrat,
3555 5446 3617 5501 ad
3654 5461 3775 5501 con-

2204 5539 2483 5593 scientiam
2522 5539 2727 5599 redeat,
2760 5554 2924 5605 seque
2958 5540 3131 5606 ipsum
3177 5537 3356 5591 subtili
3390 5538 3774 5592 examinatione

2205 5626 2477 5690 discutiat,
2519 5643 2584 5681 ne
2622 5628 2689 5681 de
2714 5627 2813 5687 bis,
2835 5641 2953 5696 qua:
2983 5625 3111 5679 foris
3147 5627 3423 5696 praedicat,
3452 5626 3648 5695 aliquid
3669 5627 3775 5694 ipse

2204 5716 2340 5787 apud
2371 5734 2428 5773 sc
2463 5719 2785 5773 intrinsecus
2839 5716 3159 5772 ll'.‘-:tsil0l‘l;l’
3208 5718 3379 5772 laudis
3423 5727 3647 5788 quzerat.
3676 5719 3775 5773 Sed
