  <div class='ocr_page' id='page_1' title='image "/cluster/home/n/w/nwhite01/storage/ocr_20150623/110/uva.x000827066/300.png"; bbox 0 0 3948 6372; ppageno 0'>
   <div class='ocr_carea' id='block_1_1' title="bbox 173 381 282 438">
    <p class='ocr_par' dir='ltr' id='par_1_1' title="bbox 173 381 282 438">
     <span class='ocr_line' id='line_1_1' title="bbox 173 381 282 438; baseline 0 0"><span class='ocrx_word' id='word_1_1' title='bbox 173 381 282 438; x_wconf 79' lang='lat'><strong>585</strong></span> 
     </span>
    </p>
   </div>
   <div class='ocr_carea' id='block_1_2' title="bbox 1123 379 2469 439">
    <p class='ocr_par' dir='ltr' id='par_1_2' title="bbox 1123 379 2469 439">
     <span class='ocr_line' id='line_1_2' title="bbox 1123 379 2469 439; baseline -0.001 -2"><span class='ocrx_word' id='word_1_2' title='bbox 1123 381 1475 439; x_wconf 70' lang='lat' dir='ltr'><strong>COMMENT.</strong></span> <span class='ocrx_word' id='word_1_3' title='bbox 1515 382 1580 436; x_wconf 72' lang='grc' dir='ltr'><strong>ΙΝ</strong></span> <span class='ocrx_word' id='word_1_4' title='bbox 1620 382 2068 439; x_wconf 76' lang='lat' dir='ltr'><strong>EZECHIELEM.</strong></span> <span class='ocrx_word' id='word_1_5' title='bbox 2115 413 2178 424; x_wconf 91' lang='lat'><strong>-—</strong></span> <span class='ocrx_word' id='word_1_6' title='bbox 2220 379 2344 438; x_wconf 85' lang='lat' dir='ltr'><strong>LIB.</strong></span> <span class='ocrx_word' id='word_1_7' title='bbox 2386 383 2469 437; x_wconf 77' lang='lat' dir='ltr'><strong>iV.</strong></span> 
     </span>
    </p>
   </div>
   <div class='ocr_carea' id='block_1_3' title="bbox 3325 385 3429 442">
    <p class='ocr_par' dir='ltr' id='par_1_3' title="bbox 3325 385 3429 442">
     <span class='ocr_line' id='line_1_3' title="bbox 3325 385 3429 442; baseline -0.019 0"><span class='ocrx_word' id='word_1_8' title='bbox 3325 385 3429 442; x_wconf 63' lang='lat'><strong>588</strong></span> 
     </span>
    </p>
   </div>
   <div class='ocr_carea' id='block_1_4' title="bbox 170 487 3434 562">
    <p class='ocr_par' dir='ltr' id='par_1_4' title="bbox 170 487 3434 562">
     <span class='ocr_line' id='line_1_4' title="bbox 170 487 3434 562; baseline 0 -14"><span class='ocrx_word' id='word_1_9' title='bbox 170 495 312 552; x_wconf 80' lang='lat' dir='ltr'><strong>haec.</strong></span> <span class='ocrx_word' id='word_1_10' title='bbox 336 508 454 562; x_wconf 72' lang='lat' dir='ltr'><strong>qua:</strong></span> <span class='ocrx_word' id='word_1_11' title='bbox 473 491 713 548; x_wconf 84' lang='lat' dir='ltr'><strong>breviter</strong></span> <span class='ocrx_word' id='word_1_12' title='bbox 734 492 835 548; x_wconf 89' lang='lat' dir='ltr'><strong>sub</strong></span> <span class='ocrx_word' id='word_1_13' title='bbox 859 492 1053 562; x_wconf 76' lang='lat' dir='ltr'><strong>duplici</strong></span> <span class='ocrx_word' id='word_1_14' title='bbox 1085 493 1356 548; x_wconf 89' lang='lat' dir='ltr'><strong>intellectu</strong></span> <span class='ocrx_word' id='word_1_15' title='bbox 1380 492 1750 555; x_wconf 86' lang='lat' dir='ltr'><strong>discnssimus,</strong></span> <span class='ocrx_word' id='word_1_16' title='bbox 1784 497 1832 554; x_wconf 78' lang='grc' dir='ltr'><strong>Α</strong></span> <span class='ocrx_word' id='word_1_17' title='bbox 1862 494 1945 547; x_wconf 85' lang='lat' dir='ltr'><strong>nis</strong></span> <span class='ocrx_word' id='word_1_18' title='bbox 1967 493 2190 548; x_wconf 87' lang='lat' dir='ltr'><strong>verbum</strong></span> <span class='ocrx_word' id='word_1_19' title='bbox 2234 507 2340 546; x_wconf 92' lang='lat' dir='ltr'><strong>non</strong></span> <span class='ocrx_word' id='word_1_20' title='bbox 2376 491 2582 557; x_wconf 88' lang='lat' dir='ltr'><strong>habuit,</strong></span> <span class='ocrx_word' id='word_1_21' title='bbox 2612 492 2738 561; x_wconf 85' lang='lat' dir='ltr'><strong>quia</strong></span> <span class='ocrx_word' id='word_1_22' title='bbox 2777 500 2831 547; x_wconf 87' lang='lat' dir='ltr'><strong>et</strong></span> <span class='ocrx_word' id='word_1_23' title='bbox 2857 490 2975 560; x_wconf 90' lang='lat' dir='ltr'><strong>eius</strong></span> <span class='ocrx_word' id='word_1_24' title='bbox 3005 487 3353 562; x_wconf 74' lang='lat' dir='ltr'><strong>negligentia,</strong></span> <span class='ocrx_word' id='word_1_25' title='bbox 3377 509 3434 550; x_wconf 83' lang='lat' dir='ltr'><strong>et</strong></span> 
     </span>
    </p>
   </div>
   <div class='ocr_carea' id='block_1_5' title="bbox 169 582 1755 652">
    <p class='ocr_par' dir='ltr' id='par_1_5' title="bbox 169 582 1755 652">
     <span class='ocr_line' id='line_1_5' title="bbox 169 582 1755 652; baseline 0.001 -17"><span class='ocrx_word' id='word_1_26' title='bbox 169 583 350 652; x_wconf 90' lang='lat' dir='ltr'><strong>placet</strong></span> <span class='ocrx_word' id='word_1_27' title='bbox 392 591 451 636; x_wconf 91' lang='lat' dir='ltr'><strong>ut</strong></span> <span class='ocrx_word' id='word_1_28' title='bbox 488 582 644 652; x_wconf 81' lang='lat' dir='ltr'><strong>juxta</strong></span> <span class='ocrx_word' id='word_1_29' title='bbox 681 582 1169 637; x_wconf 89' lang='lat' dir='ltr'><strong>considerationem</strong></span> <span class='ocrx_word' id='word_1_30' title='bbox 1200 582 1390 638; x_wconf 75' lang='lat' dir='ltr'><strong>littera:</strong></span> <span class='ocrx_word' id='word_1_31' title='bbox 1426 583 1620 637; x_wconf 90' lang='lat' dir='ltr'><strong>leniter</strong></span> <span class='ocrx_word' id='word_1_32' title='bbox 1641 591 1755 636; x_wconf 81' lang='lat' dir='ltr'><strong>tan-</strong></span> 
     </span>
    </p>
   </div>
   <div class='ocr_carea' id='block_1_6' title="bbox 169 669 1758 741">
    <p class='ocr_par' dir='ltr' id='par_1_6' title="bbox 169 669 1758 741">
     <span class='ocr_line' id='line_1_6' title="bbox 169 669 1758 741; baseline 0.001 -18"><span class='ocrx_word' id='word_1_33' title='bbox 169 672 347 741; x_wconf 80' lang='lat' dir='ltr'><strong>gendo</strong></span> <span class='ocrx_word' id='word_1_34' title='bbox 371 680 730 725; x_wconf 81' lang='lat' dir='ltr'><strong>transeamus.</strong></span> <span class='ocrx_word' id='word_1_35' title='bbox 761 669 897 736; x_wconf 85' lang='lat' dir='ltr'><strong>Quid</strong></span> <span class='ocrx_word' id='word_1_36' title='bbox 917 670 1064 725; x_wconf 89' lang='lat' dir='ltr'><strong>enim</strong></span> <span class='ocrx_word' id='word_1_37' title='bbox 1096 671 1323 739; x_wconf 84' lang='lat' dir='ltr'><strong>amplius</strong></span> <span class='ocrx_word' id='word_1_38' title='bbox 1345 687 1443 741; x_wconf 90' lang='lat' dir='ltr'><strong>per</strong></span> <span class='ocrx_word' id='word_1_39' title='bbox 1464 672 1579 741; x_wconf 85' lang='lat' dir='ltr'><strong>ipsa</strong></span> <span class='ocrx_word' id='word_1_40' title='bbox 1598 670 1758 727; x_wconf 84' lang='lat' dir='ltr'><strong>verba</strong></span> 
     </span>
    </p>
   </div>
   <div class='ocr_carea' id='block_1_7' title="bbox 1859 583 3430 676">
    <p class='ocr_par' dir='ltr' id='par_1_7' title="bbox 1859 583 3430 676">
     <span class='ocr_line' id='line_1_7' title="bbox 1859 583 3430 676; baseline 0.002 -38"><span class='ocrx_word' id='word_1_41' title='bbox 1859 584 2092 640; x_wconf 83' lang='lat' dir='ltr'><strong>filiorum</strong></span> <span class='ocrx_word' id='word_1_42' title='bbox 2119 583 2368 654; x_wconf 80' lang='lat' dir='ltr'><strong>exigebat</strong></span> <span class='ocrx_word' id='word_1_43' title='bbox 2385 583 2516 646; x_wconf 90' lang='lat' dir='ltr'><strong>vita,</strong></span> <span class='ocrx_word' id='word_1_44' title='bbox 2533 591 2593 637; x_wconf 84' lang='lat' dir='ltr'><strong>ut</strong></span> <span class='ocrx_word' id='word_1_45' title='bbox 2613 597 2736 638; x_wconf 88' lang='lat' dir='ltr'><strong>cum</strong></span> <span class='ocrx_word' id='word_1_46' title='bbox 2759 584 2836 638; x_wconf 88' lang='lat' dir='ltr'><strong>eis</strong></span> <span class='ocrx_word' id='word_1_47' title='bbox 2859 593 2914 637; x_wconf 88' lang='lat' dir='ltr'><strong>et</strong></span> <span class='ocrx_word' id='word_1_48' title='bbox 2940 584 3167 652; x_wconf 90' lang='lat' dir='ltr'><strong>populus</strong></span> <span class='ocrx_word' id='word_1_49' title='bbox 3191 586 3430 676; x_wconf 66' lang='lat' dir='ltr'><strong>caderet,</strong></span> 
     </span>
    </p>
   </div>
   <div class='ocr_carea' id='block_1_8' title="bbox 1858 672 3430 746">
    <p class='ocr_par' dir='ltr' id='par_1_8' title="bbox 1858 672 3430 746">
     <span class='ocr_line' id='line_1_8' title="bbox 1858 672 3430 746; baseline -0.002 -14"><span class='ocrx_word' id='word_1_50' title='bbox 1858 685 1914 732; x_wconf 90' lang='lat' dir='ltr'><strong>et</strong></span> <span class='ocrx_word' id='word_1_51' title='bbox 1940 690 2068 730; x_wconf 89' lang='lat' dir='ltr'><strong>arca</strong></span> <span class='ocrx_word' id='word_1_52' title='bbox 2095 674 2306 729; x_wconf 89' lang='lat' dir='ltr'><strong>Domini</strong></span> <span class='ocrx_word' id='word_1_53' title='bbox 2333 680 2487 743; x_wconf 84' lang='lat' dir='ltr'><strong>capta</strong></span> <span class='ocrx_word' id='word_1_54' title='bbox 2514 672 2582 727; x_wconf 90' lang='lat' dir='ltr'><strong>ad</strong></span> <span class='ocrx_word' id='word_1_55' title='bbox 2601 672 2911 744; x_wconf 81' lang='lat' dir='ltr'><strong>Allophylos</strong></span> <span class='ocrx_word' id='word_1_56' title='bbox 2938 675 3195 729; x_wconf 82' lang='lat' dir='ltr'><strong>transiret</strong></span> <span class='ocrx_word' id='word_1_57' title='bbox 3223 672 3272 745; x_wconf 89' lang='lat' dir='ltr'><strong>(I</strong></span> <span class='ocrx_word' id='word_1_58' title='bbox 3303 672 3430 746; x_wconf 76' lang='lat' dir='ltr'><strong>Reg.</strong></span> 
     </span>
    </p>
   </div>
   <div class='ocr_carea' id='block_1_9' title="bbox 170 761 3435 835">
    <p class='ocr_par' dir='ltr' id='par_1_9' title="bbox 170 761 3435 835">
     <span class='ocr_line' id='line_1_9' title="bbox 170 761 3435 835; baseline 0.001 -19"><span class='ocrx_word' id='word_1_59' title='bbox 170 763 442 826; x_wconf 56' lang='lat' dir='ltr'><strong>historia,</strong></span> <span class='ocrx_word' id='word_1_60' title='bbox 508 777 668 831; x_wconf 89' lang='lat' dir='ltr'><strong>quam</strong></span> <span class='ocrx_word' id='word_1_61' title='bbox 719 763 888 816; x_wconf 91' lang='lat' dir='ltr'><strong>virtus</strong></span> <span class='ocrx_word' id='word_1_62' title='bbox 937 761 1257 816; x_wconf 76' lang='lat' dir='ltr'><strong>obedientize</strong></span> <span class='ocrx_word' id='word_1_63' title='bbox 1312 762 1758 828; x_wconf 88' lang='lat' dir='ltr'><strong>commendatur,</strong></span> <span class='ocrx_word' id='word_1_64' title='bbox 1852 764 1951 834; x_wconf 76' lang='lat' dir='ltr'><strong>tv).</strong></span> <span class='ocrx_word' id='word_1_65' title='bbox 1990 764 2177 834; x_wconf 83' lang='lat' dir='ltr'><strong>Magna</strong></span> <span class='ocrx_word' id='word_1_66' title='bbox 2221 763 2365 817; x_wconf 91' lang='lat' dir='ltr'><strong>enim</strong></span> <span class='ocrx_word' id='word_1_67' title='bbox 2409 763 2790 832; x_wconf 85' lang='lat' dir='ltr'><strong>omnipotentis</strong></span> <span class='ocrx_word' id='word_1_68' title='bbox 2829 764 2921 817; x_wconf 89' lang='lat' dir='ltr'><strong>Dei</strong></span> <span class='ocrx_word' id='word_1_69' title='bbox 2973 773 3055 820; x_wconf 85' lang='lat' dir='ltr'><strong>est</strong></span> <span class='ocrx_word' id='word_1_70' title='bbox 3093 767 3265 835; x_wconf 88' lang='lat' dir='ltr'><strong>gratia</strong></span> <span class='ocrx_word' id='word_1_71' title='bbox 3311 782 3435 822; x_wconf 87' lang='lat' dir='ltr'><strong>cum</strong></span> 
     </span>
    </p>
   </div>
   <div class='ocr_carea' id='block_1_10' title="bbox 169 850 1762 922">
    <p class='ocr_par' dir='ltr' id='par_1_10' title="bbox 169 850 1762 922">
     <span class='ocr_line' id='line_1_10' title="bbox 169 850 1762 922; baseline 0 -14"><span class='ocrx_word' id='word_1_72' title='bbox 169 869 296 908; x_wconf 90' lang='lat' dir='ltr'><strong>cum</strong></span> <span class='ocrx_word' id='word_1_73' title='bbox 327 853 559 910; x_wconf 83' lang='lat' dir='ltr'><strong>modoin</strong></span> <span class='ocrx_word' id='word_1_74' title='bbox 586 851 1110 922; x_wconf 87' lang='lat' dir='ltr'><strong>transmigrationem</strong></span> <span class='ocrx_word' id='word_1_75' title='bbox 1127 853 1280 920; x_wconf 83' lang='lat' dir='ltr'><strong>juxta</strong></span> <span class='ocrx_word' id='word_1_76' title='bbox 1305 852 1524 906; x_wconf 82' lang='lat' dir='ltr'><strong>ﬂuvium</strong></span> <span class='ocrx_word' id='word_1_77' title='bbox 1545 850 1762 908; x_wconf 84' lang='lat' dir='ltr'><strong>Chobar</strong></span> 
     </span>
    </p>
   </div>
   <div class='ocr_carea' id='block_1_11' title="bbox 170 942 1762 1014">
    <p class='ocr_par' dir='ltr' id='par_1_11' title="bbox 170 942 1762 1014">
     <span class='ocr_line' id='line_1_11' title="bbox 170 942 1762 1014; baseline 0.002 -18"><span class='ocrx_word' id='word_1_78' title='bbox 170 956 424 1011; x_wconf 77' lang='lat' dir='ltr'><strong>pergere,</strong></span> <span class='ocrx_word' id='word_1_79' title='bbox 471 942 629 996; x_wconf 91' lang='lat' dir='ltr'><strong>modo</strong></span> <span class='ocrx_word' id='word_1_80' title='bbox 678 942 731 995; x_wconf 91' lang='lat' dir='ltr'><strong>in</strong></span> <span class='ocrx_word' id='word_1_81' title='bbox 767 956 1015 1010; x_wconf 85' lang='lat' dir='ltr'><strong>campum</strong></span> <span class='ocrx_word' id='word_1_82' title='bbox 1045 942 1251 1014; x_wconf 75' lang='lat' dir='ltr'><strong>egredi,</strong></span> <span class='ocrx_word' id='word_1_83' title='bbox 1287 942 1446 997; x_wconf 88' lang='lat' dir='ltr'><strong>modo</strong></span> <span class='ocrx_word' id='word_1_84' title='bbox 1474 957 1541 997; x_wconf 79' lang='lat' dir='ltr'><strong>ex</strong></span> <span class='ocrx_word' id='word_1_85' title='bbox 1570 957 1762 1012; x_wconf 90' lang='lat' dir='ltr'><strong>campo</strong></span> 
     </span>
    </p>
   </div>
   <div class='ocr_carea' id='block_1_12' title="bbox 172 1032 1761 1102">
    <p class='ocr_par' dir='ltr' id='par_1_12' title="bbox 172 1032 1761 1102">
     <span class='ocr_line' id='line_1_12' title="bbox 172 1032 1761 1102; baseline 0.001 -17"><span class='ocrx_word' id='word_1_86' title='bbox 172 1033 243 1087; x_wconf 92' lang='lat' dir='ltr'><strong>ad</strong></span> <span class='ocrx_word' id='word_1_87' title='bbox 275 1032 494 1088; x_wconf 90' lang='lat' dir='ltr'><strong>domum</strong></span> <span class='ocrx_word' id='word_1_88' title='bbox 540 1032 716 1086; x_wconf 89' lang='lat' dir='ltr'><strong>redire</strong></span> <span class='ocrx_word' id='word_1_89' title='bbox 751 1033 1015 1102; x_wconf 84' lang='lat' dir='ltr'><strong>propheta</strong></span> <span class='ocrx_word' id='word_1_90' title='bbox 1054 1033 1383 1102; x_wconf 69' lang='lat' dir='ltr'><strong>praecipitur,</strong></span> <span class='ocrx_word' id='word_1_91' title='bbox 1424 1041 1484 1087; x_wconf 91' lang='lat' dir='ltr'><strong>ut</strong></span> <span class='ocrx_word' id='word_1_92' title='bbox 1515 1033 1664 1102; x_wconf 92' lang='lat' dir='ltr'><strong>prius</strong></span> <span class='ocrx_word' id='word_1_93' title='bbox 1693 1048 1761 1088; x_wconf 80' lang='lat' dir='ltr'><strong>ex</strong></span> 
     </span>
    </p>
   </div>
   <div class='ocr_carea' id='block_1_13' title="bbox 165 1114 1762 1194">
    <p class='ocr_par' dir='ltr' id='par_1_13' title="bbox 165 1114 1762 1194">
     <span class='ocr_line' id='line_1_13' title="bbox 165 1114 1762 1194; baseline 0.004 -18"><span class='ocrx_word' id='word_1_94' title='bbox 165 1124 412 1194; x_wconf 84' lang='lat' dir='ltr'><strong>iussione</strong></span> <span class='ocrx_word' id='word_1_95' title='bbox 438 1137 687 1193; x_wconf 79' lang='lat' dir='ltr'><strong>pergens,</strong></span> <span class='ocrx_word' id='word_1_96' title='bbox 711 1133 768 1178; x_wconf 88' lang='lat' dir='ltr'><strong>et</strong></span> <span class='ocrx_word' id='word_1_97' title='bbox 793 1124 952 1194; x_wconf 88' lang='lat' dir='ltr'><strong>paulo</strong></span> <span class='ocrx_word' id='word_1_98' title='bbox 980 1133 1100 1194; x_wconf 89' lang='lat' dir='ltr'><strong>post</strong></span> <span class='ocrx_word' id='word_1_99' title='bbox 1127 1117 1338 1190; x_wconf 81' lang='lat' dir='ltr'><strong>exiens,</strong></span> <span class='ocrx_word' id='word_1_100' title='bbox 1367 1114 1550 1194; x_wconf 39' lang='lat' dir='ltr'><strong>atque’</strong></span> <span class='ocrx_word' id='word_1_101' title='bbox 1569 1116 1762 1183; x_wconf 83' lang='lat' dir='ltr'><strong>iterum</strong></span> 
     </span>
    </p>
   </div>
   <div class='ocr_carea' id='block_1_14' title="bbox 171 1212 1766 1284">
    <p class='ocr_par' dir='ltr' id='par_1_14' title="bbox 171 1212 1766 1284">
     <span class='ocr_line' id='line_1_14' title="bbox 171 1212 1766 1284; baseline 0.001 -18"><span class='ocrx_word' id='word_1_102' title='bbox 171 1213 394 1266; x_wconf 91' lang='lat' dir='ltr'><strong>domum</strong></span> <span class='ocrx_word' id='word_1_103' title='bbox 440 1212 673 1283; x_wconf 86' lang='lat' dir='ltr'><strong>rediens,</strong></span> <span class='ocrx_word' id='word_1_104' title='bbox 717 1223 772 1268; x_wconf 90' lang='lat' dir='ltr'><strong>et</strong></span> <span class='ocrx_word' id='word_1_105' title='bbox 811 1214 1160 1282; x_wconf 86' lang='lat' dir='ltr'><strong>semetipsum</strong></span> <span class='ocrx_word' id='word_1_106' title='bbox 1204 1213 1505 1276; x_wconf 86' lang='lat' dir='ltr'><strong>recludens,</strong></span> <span class='ocrx_word' id='word_1_107' title='bbox 1553 1229 1766 1284; x_wconf 85' lang='lat' dir='ltr'><strong>semper</strong></span> 
     </span>
    </p>
   </div>
   <div class='ocr_carea' id='block_1_15' title="bbox 173 1303 1766 1375">
    <p class='ocr_par' dir='ltr' id='par_1_15' title="bbox 173 1303 1766 1375">
     <span class='ocr_line' id='line_1_15' title="bbox 173 1303 1766 1375; baseline 0.001 -17"><span class='ocrx_word' id='word_1_108' title='bbox 173 1319 288 1358; x_wconf 73' lang='lat' dir='ltr'><strong>sure</strong></span> <span class='ocrx_word' id='word_1_109' title='bbox 331 1303 622 1359; x_wconf 82' lang='lat' dir='ltr'><strong>voluntatis</strong></span> <span class='ocrx_word' id='word_1_110' title='bbox 670 1305 975 1367; x_wconf 87' lang='lat' dir='ltr'><strong>arbitrium,</strong></span> <span class='ocrx_word' id='word_1_111' title='bbox 1023 1305 1088 1358; x_wconf 90' lang='lat' dir='ltr'><strong>ad</strong></span> <span class='ocrx_word' id='word_1_112' title='bbox 1135 1306 1303 1360; x_wconf 90' lang='lat' dir='ltr'><strong>divini</strong></span> <span class='ocrx_word' id='word_1_113' title='bbox 1341 1305 1535 1375; x_wconf 89' lang='lat' dir='ltr'><strong>eloquii</strong></span> <span class='ocrx_word' id='word_1_114' title='bbox 1564 1321 1766 1375; x_wconf 75' lang='lat' dir='ltr'><strong>praece-</strong></span> 
     </span>
    </p>
   </div>
   <div class='ocr_carea' id='block_1_16' title="bbox 172 1391 1766 1464">
    <p class='ocr_par' dir='ltr' id='par_1_16' title="bbox 172 1391 1766 1464">
     <span class='ocr_line' id='line_1_16' title="bbox 172 1391 1766 1464; baseline 0.004 -20"><span class='ocrx_word' id='word_1_115' title='bbox 172 1398 327 1461; x_wconf 86' lang='lat' dir='ltr'><strong>ptum</strong></span> <span class='ocrx_word' id='word_1_116' title='bbox 371 1391 604 1461; x_wconf 85' lang='lat' dir='ltr'><strong>frangat,</strong></span> <span class='ocrx_word' id='word_1_117' title='bbox 651 1401 920 1462; x_wconf 89' lang='lat' dir='ltr'><strong>quatenus</strong></span> <span class='ocrx_word' id='word_1_118' title='bbox 960 1393 1014 1446; x_wconf 93' lang='lat' dir='ltr'><strong>in</strong></span> <span class='ocrx_word' id='word_1_119' title='bbox 1054 1393 1260 1448; x_wconf 71' lang='lat' dir='ltr'><strong>cmlesti</strong></span> <span class='ocrx_word' id='word_1_120' title='bbox 1301 1394 1510 1449; x_wconf 82' lang='lat' dir='ltr'><strong>visione</strong></span> <span class='ocrx_word' id='word_1_121' title='bbox 1541 1409 1766 1464; x_wconf 90' lang='lat' dir='ltr'><strong>suspen-</strong></span> 
     </span>
    </p>
   </div>
   <div class='ocr_carea' id='block_1_17' title="bbox 172 1485 1764 1549">
    <p class='ocr_par' dir='ltr' id='par_1_17' title="bbox 172 1485 1764 1549">
     <span class='ocr_line' id='line_1_17' title="bbox 172 1485 1764 1549; baseline 0.002 -11"><span class='ocrx_word' id='word_1_122' title='bbox 172 1500 290 1549; x_wconf 90' lang='lat' dir='ltr'><strong>sus,</strong></span> <span class='ocrx_word' id='word_1_123' title='bbox 335 1502 440 1540; x_wconf 92' lang='lat' dir='ltr'><strong>non</strong></span> <span class='ocrx_word' id='word_1_124' title='bbox 487 1500 659 1549; x_wconf 90' lang='lat' dir='ltr'><strong>suam,</strong></span> <span class='ocrx_word' id='word_1_125' title='bbox 697 1485 790 1540; x_wconf 88' lang='lat' dir='ltr'><strong>sed</strong></span> <span class='ocrx_word' id='word_1_126' title='bbox 818 1485 1124 1540; x_wconf 84' lang='lat' dir='ltr'><strong>Conditoris</strong></span> <span class='ocrx_word' id='word_1_127' title='bbox 1171 1486 1253 1540; x_wconf 90' lang='lat' dir='ltr'><strong>sui</strong></span> <span class='ocrx_word' id='word_1_128' title='bbox 1304 1487 1635 1541; x_wconf 82' lang='lat' dir='ltr'><strong>voluntatem</strong></span> <span class='ocrx_word' id='word_1_129' title='bbox 1666 1488 1764 1541; x_wconf 90' lang='lat' dir='ltr'><strong>im-</strong></span> 
     </span>
    </p>
   </div>
   <div class='ocr_carea' id='block_1_18' title="bbox 173 1576 1762 1646">
    <p class='ocr_par' dir='ltr' id='par_1_18' title="bbox 173 1576 1762 1646">
     <span class='ocr_line' id='line_1_18' title="bbox 173 1576 1762 1646; baseline 0.001 -16"><span class='ocrx_word' id='word_1_130' title='bbox 173 1577 319 1646; x_wconf 89' lang='lat' dir='ltr'><strong>pleat</strong></span> <span class='ocrx_word' id='word_1_131' title='bbox 341 1579 363 1631; x_wconf 90' lang='lat'><strong>?</strong></span> <span class='ocrx_word' id='word_1_132' title='bbox 389 1578 487 1633; x_wconf 87' lang='lat' dir='ltr'><strong>Cui</strong></span> <span class='ocrx_word' id='word_1_133' title='bbox 538 1577 735 1632; x_wconf 85' lang='lat' dir='ltr'><strong>dicitur</strong></span> <span class='ocrx_word' id='word_1_134' title='bbox 765 1597 776 1630; x_wconf 92' lang='lat'>:</span> <span class='ocrx_word' id='word_1_135' title='bbox 811 1596 828 1630; x_wconf 87' lang='grc' dir='ltr'><strong>ι</strong></span> <span class='ocrx_word' id='word_1_136' title='bbox 862 1577 927 1631; x_wconf 83' lang='grc' dir='ltr'>Ει</span> <span class='ocrx_word' id='word_1_137' title='bbox 963 1587 1042 1642; x_wconf 83' lang='grc' dir='ltr'>ιιι,</span> <span class='ocrx_word' id='word_1_138' title='bbox 1083 1576 1156 1630; x_wconf 83' lang='lat' dir='ltr'><strong>ﬁli</strong></span> <span class='ocrx_word' id='word_1_139' title='bbox 1191 1578 1443 1642; x_wconf 92' lang='lat' dir='ltr'><strong>hominis,</strong></span> <span class='ocrx_word' id='word_1_140' title='bbox 1469 1593 1596 1633; x_wconf 91' lang='lat' dir='ltr'><strong>ecce</strong></span> <span class='ocrx_word' id='word_1_141' title='bbox 1638 1579 1762 1632; x_wconf 89' lang='lat' dir='ltr'><strong>data</strong></span> 
     </span>
    </p>
   </div>
   <div class='ocr_carea' id='block_1_19' title="bbox 175 1667 1762 1738">
    <p class='ocr_par' dir='ltr' id='par_1_19' title="bbox 175 1667 1762 1738">
     <span class='ocr_line' id='line_1_19' title="bbox 175 1667 1762 1738; baseline 0.001 -17"><span class='ocrx_word' id='word_1_142' title='bbox 175 1683 342 1738; x_wconf 89' lang='lat' dir='ltr'><strong>super</strong></span> <span class='ocrx_word' id='word_1_143' title='bbox 391 1677 441 1722; x_wconf 94' lang='lat' dir='ltr'><strong>te</strong></span> <span class='ocrx_word' id='word_1_144' title='bbox 483 1676 608 1722; x_wconf 92' lang='lat' dir='ltr'><strong>sunt</strong></span> <span class='ocrx_word' id='word_1_145' title='bbox 651 1667 883 1732; x_wconf 91' lang='lat' dir='ltr'><strong>vincula,</strong></span> <span class='ocrx_word' id='word_1_146' title='bbox 922 1675 977 1721; x_wconf 91' lang='lat' dir='ltr'><strong>et</strong></span> <span class='ocrx_word' id='word_1_147' title='bbox 1015 1667 1260 1737; x_wconf 83' lang='lat' dir='ltr'><strong>ligabunt</strong></span> <span class='ocrx_word' id='word_1_148' title='bbox 1289 1675 1341 1721; x_wconf 89' lang='lat' dir='ltr'><strong>te</strong></span> <span class='ocrx_word' id='word_1_149' title='bbox 1371 1669 1426 1722; x_wconf 92' lang='lat' dir='ltr'><strong>in</strong></span> <span class='ocrx_word' id='word_1_150' title='bbox 1452 1668 1550 1731; x_wconf 90' lang='lat' dir='ltr'><strong>eis,</strong></span> <span class='ocrx_word' id='word_1_151' title='bbox 1580 1677 1762 1723; x_wconf 91' lang='lat' dir='ltr'><strong>etnon</strong></span> 
     </span>
    </p>
   </div>
   <div class='ocr_carea' id='block_1_20' title="bbox 175 1756 1762 1826">
    <p class='ocr_par' dir='ltr' id='par_1_20' title="bbox 175 1756 1762 1826">
     <span class='ocr_line' id='line_1_20' title="bbox 175 1756 1762 1826; baseline 0.001 -15"><span class='ocrx_word' id='word_1_152' title='bbox 175 1759 473 1826; x_wconf 84' lang='lat' dir='ltr'><strong>egredieris</strong></span> <span class='ocrx_word' id='word_1_153' title='bbox 520 1759 573 1812; x_wconf 90' lang='lat' dir='ltr'><strong>in</strong></span> <span class='ocrx_word' id='word_1_154' title='bbox 617 1758 792 1812; x_wconf 91' lang='lat' dir='ltr'><strong>medio</strong></span> <span class='ocrx_word' id='word_1_155' title='bbox 835 1771 1042 1811; x_wconf 89' lang='lat' dir='ltr'><strong>eorum.</strong></span> <span class='ocrx_word' id='word_1_156' title='bbox 1078 1776 1097 1809; x_wconf 76' lang='grc' dir='ltr'><strong>ι</strong></span> <span class='ocrx_word' id='word_1_157' title='bbox 1143 1756 1259 1823; x_wconf 84' lang='lat' dir='ltr'><strong>Qua</strong></span> <span class='ocrx_word' id='word_1_158' title='bbox 1299 1757 1352 1811; x_wconf 94' lang='lat' dir='ltr'><strong>in</strong></span> <span class='ocrx_word' id='word_1_159' title='bbox 1386 1771 1444 1811; x_wconf 89' lang='lat' dir='ltr'><strong>re</strong></span> <span class='ocrx_word' id='word_1_160' title='bbox 1470 1758 1762 1812; x_wconf 83' lang='lat' dir='ltr'><strong>notandum</strong></span> 
     </span>
    </p>
   </div>
   <div class='ocr_carea' id='block_1_21' title="bbox 1860 853 3438 927">
    <p class='ocr_par' dir='ltr' id='par_1_21' title="bbox 1860 853 3438 927">
     <span class='ocr_line' id='line_1_21' title="bbox 1860 853 3438 927; baseline 0.004 -20"><span class='ocrx_word' id='word_1_161' title='bbox 1860 855 2043 921; x_wconf 90' lang='lat' dir='ltr'><strong>inique</strong></span> <span class='ocrx_word' id='word_1_162' title='bbox 2067 853 2370 922; x_wconf 77' lang='lat' dir='ltr'><strong>agentibus,</strong></span> <span class='ocrx_word' id='word_1_163' title='bbox 2395 854 2559 907; x_wconf 88' lang='lat' dir='ltr'><strong>durus</strong></span> <span class='ocrx_word' id='word_1_164' title='bbox 2585 869 2614 906; x_wconf 90' lang='lat' dir='ltr'><strong>a</strong></span> <span class='ocrx_word' id='word_1_165' title='bbox 2645 853 2953 908; x_wconf 84' lang='lat' dir='ltr'><strong>doctoribus</strong></span> <span class='ocrx_word' id='word_1_166' title='bbox 2979 871 3158 911; x_wconf 84' lang='lat' dir='ltr'><strong>sermo</strong></span> <span class='ocrx_word' id='word_1_167' title='bbox 3184 857 3402 927; x_wconf 75' lang='lat' dir='ltr'><strong>increpo</strong></span> <span class='ocrx_word' id='word_1_168' title='bbox 3419 888 3438 898; x_wconf 87' lang='lat'><em>-</em></span> 
     </span>
    </p>
   </div>
   <div class='ocr_carea' id='block_1_22' title="bbox 1860 941 3440 1013">
    <p class='ocr_par' dir='ltr' id='par_1_22' title="bbox 1860 941 3440 1013">
     <span class='ocr_line' id='line_1_22' title="bbox 1860 941 3440 1013; baseline 0.002 -15"><span class='ocrx_word' id='word_1_169' title='bbox 1860 944 2023 998; x_wconf 88' lang='lat' dir='ltr'><strong>tionis</strong></span> <span class='ocrx_word' id='word_1_170' title='bbox 2051 941 2340 1013; x_wconf 82' lang='lat' dir='ltr'><strong>profertur,</strong></span> <span class='ocrx_word' id='word_1_171' title='bbox 2374 958 2479 1011; x_wconf 92' lang='lat' dir='ltr'><strong>quo</strong></span> <span class='ocrx_word' id='word_1_172' title='bbox 2507 952 2696 998; x_wconf 88' lang='lat' dir='ltr'><strong>contra</strong></span> <span class='ocrx_word' id='word_1_173' title='bbox 2725 958 2867 998; x_wconf 88' lang='lat' dir='ltr'><strong>nunc</strong></span> <span class='ocrx_word' id='word_1_174' title='bbox 2905 945 3100 999; x_wconf 90' lang='lat' dir='ltr'><strong>dicitur</strong></span> <span class='ocrx_word' id='word_1_175' title='bbox 3135 964 3147 975; x_wconf 88' lang='grc'><strong>·</strong></span> <span class='ocrx_word' id='word_1_176' title='bbox 3181 965 3198 997; x_wconf 77' lang='grc' dir='ltr'><strong>ι</strong></span> <span class='ocrx_word' id='word_1_177' title='bbox 3234 947 3300 1000; x_wconf 84' lang='grc' dir='ltr'>Ει</span> <span class='ocrx_word' id='word_1_178' title='bbox 3329 949 3440 1002; x_wconf 88' lang='lat' dir='ltr'><strong>eris</strong></span> 
     </span>
    </p>
   </div>
   <div class='ocr_carea' id='block_1_23' title="bbox 1861 1035 3439 1106">
    <p class='ocr_par' dir='ltr' id='par_1_23' title="bbox 1861 1035 3439 1106">
     <span class='ocr_line' id='line_1_23' title="bbox 1861 1035 3439 1106; baseline -0.001 -15"><span class='ocrx_word' id='word_1_179' title='bbox 1861 1044 2062 1100; x_wconf 90' lang='lat' dir='ltr'><strong>mutus,</strong></span> <span class='ocrx_word' id='word_1_180' title='bbox 2079 1049 2180 1089; x_wconf 89' lang='lat' dir='ltr'><strong>nec</strong></span> <span class='ocrx_word' id='word_1_181' title='bbox 2199 1035 2352 1104; x_wconf 83' lang='lat' dir='ltr'><strong>quasi</strong></span> <span class='ocrx_word' id='word_1_182' title='bbox 2371 1036 2454 1088; x_wconf 92' lang='lat' dir='ltr'><strong>vir</strong></span> <span class='ocrx_word' id='word_1_183' title='bbox 2473 1035 2780 1106; x_wconf 86' lang='lat' dir='ltr'><strong>obiurgans.</strong></span> <span class='ocrx_word' id='word_1_184' title='bbox 2803 1054 2822 1086; x_wconf 82' lang='grc' dir='ltr'><strong>ι</strong></span> <span class='ocrx_word' id='word_1_185' title='bbox 2842 1035 3219 1105; x_wconf 87' lang='lat' dir='ltr'><strong>Delinquentes</strong></span> <span class='ocrx_word' id='word_1_186' title='bbox 3237 1037 3439 1091; x_wconf 85' lang='lat' dir='ltr'><strong>etenim</strong></span> 
     </span>
    </p>
   </div>
   <div class='ocr_carea' id='block_1_24' title="bbox 1861 1123 3438 1195">
    <p class='ocr_par' dir='ltr' id='par_1_24' title="bbox 1861 1123 3438 1195">
     <span class='ocr_line' id='line_1_24' title="bbox 1861 1123 3438 1195; baseline 0 -15"><span class='ocrx_word' id='word_1_187' title='bbox 1861 1125 2218 1195; x_wconf 83' lang='lat' dir='ltr'><strong>obiurgasset,</strong></span> <span class='ocrx_word' id='word_1_188' title='bbox 2255 1125 2299 1178; x_wconf 92' lang='lat' dir='ltr'><strong>si</strong></span> <span class='ocrx_word' id='word_1_189' title='bbox 2343 1124 2489 1195; x_wconf 88' lang='lat' dir='ltr'><strong>digni</strong></span> <span class='ocrx_word' id='word_1_190' title='bbox 2533 1124 2645 1192; x_wconf 88' lang='lat' dir='ltr'><strong>ipsa</strong></span> <span class='ocrx_word' id='word_1_191' title='bbox 2683 1123 3071 1193; x_wconf 85' lang='lat' dir='ltr'><strong>obiurgationis</strong></span> <span class='ocrx_word' id='word_1_192' title='bbox 3102 1125 3271 1195; x_wconf 88' lang='lat' dir='ltr'><strong>gratia</strong></span> <span class='ocrx_word' id='word_1_193' title='bbox 3304 1124 3438 1180; x_wconf 85' lang='lat' dir='ltr'><strong>fuis—</strong></span> 
     </span>
    </p>
   </div>
   <div class='ocr_carea' id='block_1_25' title="bbox 1863 1214 3454 1284">
    <p class='ocr_par' dir='ltr' id='par_1_25' title="bbox 1863 1214 3454 1284">
     <span class='ocr_line' id='line_1_25' title="bbox 1863 1214 3454 1284; baseline 0.001 -14"><span class='ocrx_word' id='word_1_194' title='bbox 1863 1223 2002 1270; x_wconf 87' lang='lat' dir='ltr'><strong>sent.</strong></span> <span class='ocrx_word' id='word_1_195' title='bbox 2042 1215 2146 1268; x_wconf 85' lang='lat' dir='ltr'><strong>Sed</strong></span> <span class='ocrx_word' id='word_1_196' title='bbox 2177 1229 2300 1268; x_wconf 90' lang='lat' dir='ltr'><strong>cum</strong></span> <span class='ocrx_word' id='word_1_197' title='bbox 2326 1215 2381 1268; x_wconf 91' lang='lat' dir='ltr'><strong>in</strong></span> <span class='ocrx_word' id='word_1_198' title='bbox 2404 1215 2652 1268; x_wconf 82' lang='lat' dir='ltr'><strong>doctrina</strong></span> <span class='ocrx_word' id='word_1_199' title='bbox 2676 1224 2835 1284; x_wconf 89' lang='lat' dir='ltr'><strong>atque</strong></span> <span class='ocrx_word' id='word_1_200' title='bbox 2863 1214 3078 1272; x_wconf 87' lang='lat' dir='ltr'><strong>silentio</strong></span> <span class='ocrx_word' id='word_1_201' title='bbox 3119 1218 3190 1272; x_wconf 88' lang='lat' dir='ltr'><strong>sit</strong></span> <span class='ocrx_word' id='word_1_202' title='bbox 3219 1218 3454 1272; x_wconf 82' lang='lat' dir='ltr'><strong>merito-‘</strong></span> 
     </span>
    </p>
   </div>
   <div class='ocr_carea' id='block_1_26' title="bbox 1864 1304 3440 1376">
    <p class='ocr_par' dir='ltr' id='par_1_26' title="bbox 1864 1304 3440 1376">
     <span class='ocr_line' id='line_1_26' title="bbox 1864 1304 3440 1376; baseline 0.003 -18"><span class='ocrx_word' id='word_1_203' title='bbox 1864 1320 1983 1358; x_wconf 87' lang='lat' dir='ltr'><strong>rum</strong></span> <span class='ocrx_word' id='word_1_204' title='bbox 2009 1313 2154 1357; x_wconf 89' lang='lat' dir='ltr'><strong>tanta</strong></span> <span class='ocrx_word' id='word_1_205' title='bbox 2188 1304 2494 1368; x_wconf 86' lang='lat' dir='ltr'><strong>diversitas,</strong></span> <span class='ocrx_word' id='word_1_206' title='bbox 2522 1312 2580 1357; x_wconf 93' lang='lat' dir='ltr'><strong>ut</strong></span> <span class='ocrx_word' id='word_1_207' title='bbox 2599 1305 2724 1358; x_wconf 91' lang='lat' dir='ltr'><strong>sciri</strong></span> <span class='ocrx_word' id='word_1_208' title='bbox 2747 1304 2899 1360; x_wconf 78' lang='lat' dir='ltr'><strong>facile</strong></span> <span class='ocrx_word' id='word_1_209' title='bbox 2920 1321 3023 1360; x_wconf 92' lang='lat' dir='ltr'><strong>non</strong></span> <span class='ocrx_word' id='word_1_210' title='bbox 3047 1308 3234 1376; x_wconf 86' lang='lat' dir='ltr'><strong>possit,</strong></span> <span class='ocrx_word' id='word_1_211' title='bbox 3260 1317 3440 1362; x_wconf 90' lang='lat' dir='ltr'><strong>utrum</strong></span> 
     </span>
    </p>
   </div>
   <div class='ocr_carea' id='block_1_27' title="bbox 1863 1383 3438 1462">
    <p class='ocr_par' dir='ltr' id='par_1_27' title="bbox 1863 1383 3438 1462">
     <span class='ocr_line' id='line_1_27' title="bbox 1863 1383 3438 1462; baseline 0.001 -13"><span class='ocrx_word' id='word_1_212' title='bbox 1863 1383 1930 1449; x_wconf 63' lang='lat' dir='ltr'><strong>ei</strong></span> <span class='ocrx_word' id='word_1_213' title='bbox 1957 1393 2291 1448; x_wconf 86' lang='lat' dir='ltr'><strong>auditoribus</strong></span> <span class='ocrx_word' id='word_1_214' title='bbox 2329 1408 2396 1446; x_wconf 91' lang='lat' dir='ltr'><strong>an</strong></span> <span class='ocrx_word' id='word_1_215' title='bbox 2426 1407 2492 1447; x_wconf 82' lang='lat' dir='ltr'><strong>ex</strong></span> <span class='ocrx_word' id='word_1_216' title='bbox 2527 1391 2642 1459; x_wconf 82' lang='lat' dir='ltr'><strong>ejus</strong></span> <span class='ocrx_word' id='word_1_217' title='bbox 2668 1395 2820 1458; x_wconf 90' lang='lat' dir='ltr'><strong>vitio,</strong></span> <span class='ocrx_word' id='word_1_218' title='bbox 2849 1396 2939 1462; x_wconf 91' lang='lat' dir='ltr'><strong>qui</strong></span> <span class='ocrx_word' id='word_1_219' title='bbox 2967 1396 3222 1451; x_wconf 72' lang='lat' dir='ltr'><strong>doctrinm</strong></span> <span class='ocrx_word' id='word_1_220' title='bbox 3261 1396 3438 1451; x_wconf 88' lang='lat' dir='ltr'><strong>locum</strong></span> 
     </span>
    </p>
   </div>
   <div class='ocr_carea' id='block_1_28' title="bbox 1863 1483 3442 1555">
    <p class='ocr_par' dir='ltr' id='par_1_28' title="bbox 1863 1483 3442 1555">
     <span class='ocr_line' id='line_1_28' title="bbox 1863 1483 3442 1555; baseline 0.001 -17"><span class='ocrx_word' id='word_1_221' title='bbox 1863 1486 2075 1539; x_wconf 89' lang='lat' dir='ltr'><strong>videtur</strong></span> <span class='ocrx_word' id='word_1_222' title='bbox 2125 1489 2339 1549; x_wconf 87' lang='lat' dir='ltr'><strong>tenere,</strong></span> <span class='ocrx_word' id='word_1_223' title='bbox 2391 1483 2614 1538; x_wconf 87' lang='lat' dir='ltr'><strong>docendi</strong></span> <span class='ocrx_word' id='word_1_224' title='bbox 2665 1498 2844 1538; x_wconf 89' lang='lat' dir='ltr'><strong>sermo</strong></span> <span class='ocrx_word' id='word_1_225' title='bbox 2894 1486 3262 1549; x_wconf 87' lang='lat' dir='ltr'><strong>subtrahetur,</strong></span> <span class='ocrx_word' id='word_1_226' title='bbox 3315 1488 3442 1555; x_wconf 88' lang='lat' dir='ltr'><strong>quid</strong></span> 
     </span>
    </p>
   </div>
   <div class='ocr_carea' id='block_1_29' title="bbox 1865 1573 3442 1643">
    <p class='ocr_par' dir='ltr' id='par_1_29' title="bbox 1865 1573 3442 1643">
     <span class='ocr_line' id='line_1_29' title="bbox 1865 1573 3442 1643; baseline 0.001 -15"><span class='ocrx_word' id='word_1_227' title='bbox 1865 1575 2008 1629; x_wconf 85' lang='lat' dir='ltr'><strong>aliud</strong></span> <span class='ocrx_word' id='word_1_228' title='bbox 2036 1573 2210 1639; x_wconf 85' lang='lat' dir='ltr'><strong>nobis,</strong></span> <span class='ocrx_word' id='word_1_229' title='bbox 2258 1589 2419 1643; x_wconf 88' lang='lat' dir='ltr'><strong>quam</strong></span> <span class='ocrx_word' id='word_1_230' title='bbox 2465 1587 2685 1628; x_wconf 89' lang='lat' dir='ltr'><strong>servare</strong></span> <span class='ocrx_word' id='word_1_231' title='bbox 2729 1588 2942 1643; x_wconf 87' lang='lat' dir='ltr'><strong>semper</strong></span> <span class='ocrx_word' id='word_1_232' title='bbox 2978 1574 3030 1627; x_wconf 88' lang='lat' dir='ltr'><strong>in</strong></span> <span class='ocrx_word' id='word_1_233' title='bbox 3077 1576 3234 1629; x_wconf 87' lang='lat' dir='ltr'><strong>rebus</strong></span> <span class='ocrx_word' id='word_1_234' title='bbox 3266 1576 3442 1630; x_wconf 90' lang='lat' dir='ltr'><strong>dubiis</strong></span> 
     </span>
    </p>
   </div>
   <div class='ocr_carea' id='block_1_30' title="bbox 1865 1660 3439 1734">
    <p class='ocr_par' dir='ltr' id='par_1_30' title="bbox 1865 1660 3439 1734">
     <span class='ocr_line' id='line_1_30' title="bbox 1865 1660 3439 1734; baseline -0.001 -13"><span class='ocrx_word' id='word_1_235' title='bbox 1865 1666 2138 1721; x_wconf 83' lang='lat' dir='ltr'><strong>humilitas</strong></span> <span class='ocrx_word' id='word_1_236' title='bbox 2177 1664 2421 1734; x_wconf 85' lang='lat' dir='ltr'><strong>iubetur,</strong></span> <span class='ocrx_word' id='word_1_237' title='bbox 2467 1660 2524 1717; x_wconf 85' lang='lat' dir='ltr'><strong>ut</strong></span> <span class='ocrx_word' id='word_1_238' title='bbox 2568 1672 2622 1718; x_wconf 91' lang='lat' dir='ltr'><strong>et</strong></span> <span class='ocrx_word' id='word_1_239' title='bbox 2666 1664 2880 1732; x_wconf 90' lang='lat' dir='ltr'><strong>quando</strong></span> <span class='ocrx_word' id='word_1_240' title='bbox 2926 1665 3070 1734; x_wconf 91' lang='lat' dir='ltr'><strong>loqui</strong></span> <span class='ocrx_word' id='word_1_241' title='bbox 3116 1681 3439 1734; x_wconf 90' lang='lat' dir='ltr'><strong>possumus,</strong></span> 
     </span>
    </p>
   </div>
   <div class='ocr_carea' id='block_1_31' title="bbox 1865 1755 3444 1825">
    <p class='ocr_par' dir='ltr' id='par_1_31' title="bbox 1865 1755 3444 1825">
     <span class='ocr_line' id='line_1_31' title="bbox 1865 1755 3444 1825; baseline 0.002 -15"><span class='ocrx_word' id='word_1_242' title='bbox 1865 1772 1968 1810; x_wconf 91' lang='lat' dir='ltr'><strong>non</strong></span> <span class='ocrx_word' id='word_1_243' title='bbox 2018 1756 2356 1818; x_wconf 82' lang='lat' dir='ltr'><strong>extollamur,</strong></span> <span class='ocrx_word' id='word_1_244' title='bbox 2406 1769 2473 1809; x_wconf 89' lang='lat' dir='ltr'><strong>ne</strong></span> <span class='ocrx_word' id='word_1_245' title='bbox 2518 1755 2654 1808; x_wconf 89' lang='lat' dir='ltr'><strong>forte</strong></span> <span class='ocrx_word' id='word_1_246' title='bbox 2701 1757 2814 1814; x_wconf 71' lang='lat' dir='ltr'><strong>hazc</strong></span> <span class='ocrx_word' id='word_1_247' title='bbox 2862 1756 2974 1825; x_wconf 90' lang='lat' dir='ltr'><strong>ipsa</strong></span> <span class='ocrx_word' id='word_1_248' title='bbox 3022 1757 3220 1812; x_wconf 76' lang='lat' dir='ltr'><strong>locutio</strong></span> <span class='ocrx_word' id='word_1_249' title='bbox 3255 1766 3444 1814; x_wconf 86' lang='lat' dir='ltr'><strong>nostra</strong></span> 
     </span>
    </p>
   </div>
   <div class='ocr_carea' id='block_1_32' title="bbox 175 1845 3445 1924">
    <p class='ocr_par' dir='ltr' id='par_1_32' title="bbox 175 1845 3445 1924">
     <span class='ocr_line' id='line_1_32' title="bbox 175 1845 3445 1924; baseline 0.001 -24"><span class='ocrx_word' id='word_1_250' title='bbox 175 1849 322 1918; x_wconf 88' lang='lat' dir='ltr'><strong>quod</strong></span> <span class='ocrx_word' id='word_1_251' title='bbox 357 1849 581 1902; x_wconf 90' lang='lat' dir='ltr'><strong>adversa</strong></span> <span class='ocrx_word' id='word_1_252' title='bbox 610 1848 868 1917; x_wconf 88' lang='lat' dir='ltr'><strong>propheta</strong></span> <span class='ocrx_word' id='word_1_253' title='bbox 901 1847 1210 1916; x_wconf 79' lang='lat' dir='ltr'><strong>praenoscit,</strong></span> <span class='ocrx_word' id='word_1_254' title='bbox 1252 1854 1313 1899; x_wconf 93' lang='lat' dir='ltr'><strong>ut</strong></span> <span class='ocrx_word' id='word_1_255' title='bbox 1353 1855 1546 1901; x_wconf 90' lang='lat' dir='ltr'><strong>contra</strong></span> <span class='ocrx_word' id='word_1_256' title='bbox 1581 1847 1762 1901; x_wconf 86' lang='lat' dir='ltr'><strong>omnia</strong></span> <span class='ocrx_word' id='word_1_257' title='bbox 1791 1849 1837 1907; x_wconf 91' lang='lat' dir='ltr'><strong>B</strong></span> <span class='ocrx_word' id='word_1_258' title='bbox 1866 1846 2035 1914; x_wconf 89' lang='lat' dir='ltr'><strong>gratia</strong></span> <span class='ocrx_word' id='word_1_259' title='bbox 2061 1860 2165 1898; x_wconf 94' lang='lat' dir='ltr'><strong>non</strong></span> <span class='ocrx_word' id='word_1_260' title='bbox 2201 1845 2375 1906; x_wconf 87' lang='lat' dir='ltr'><strong>nobis,</strong></span> <span class='ocrx_word' id='word_1_261' title='bbox 2405 1845 2498 1900; x_wconf 91' lang='lat' dir='ltr'><strong>sed</strong></span> <span class='ocrx_word' id='word_1_262' title='bbox 2527 1846 2860 1901; x_wconf 87' lang='lat' dir='ltr'><strong>auditoribus</strong></span> <span class='ocrx_word' id='word_1_263' title='bbox 2887 1850 3086 1924; x_wconf 76' lang='lat' dir='ltr'><strong>nqstris</strong></span> <span class='ocrx_word' id='word_1_264' title='bbox 3110 1850 3301 1903; x_wconf 89' lang='lat' dir='ltr'><strong>collata</strong></span> <span class='ocrx_word' id='word_1_265' title='bbox 3348 1849 3445 1903; x_wconf 83' lang='lat' dir='ltr'><strong>sit?</strong></span> 
     </span>
    </p>
   </div>
   <div class='ocr_carea' id='block_1_33' title="bbox 176 1935 1761 2007">
    <p class='ocr_par' dir='ltr' id='par_1_33' title="bbox 176 1935 1761 2007">
     <span class='ocr_line' id='line_1_33' title="bbox 176 1935 1761 2007; baseline -0.001 -16"><span class='ocrx_word' id='word_1_266' title='bbox 176 1947 419 2007; x_wconf 88' lang='lat' dir='ltr'><strong>paretur.</strong></span> <span class='ocrx_word' id='word_1_267' title='bbox 453 1938 626 1992; x_wconf 85' lang='lat' dir='ltr'><strong>Minus</strong></span> <span class='ocrx_word' id='word_1_268' title='bbox 650 1938 794 1991; x_wconf 90' lang='lat' dir='ltr'><strong>enim</strong></span> <span class='ocrx_word' id='word_1_269' title='bbox 822 1937 959 1990; x_wconf 88' lang='lat' dir='ltr'><strong>mala</strong></span> <span class='ocrx_word' id='word_1_270' title='bbox 984 1947 1174 1991; x_wconf 91' lang='lat' dir='ltr'><strong>contra</strong></span> <span class='ocrx_word' id='word_1_271' title='bbox 1195 1946 1426 1991; x_wconf 90' lang='lat' dir='ltr'><strong>mentem</strong></span> <span class='ocrx_word' id='word_1_272' title='bbox 1451 1935 1761 2006; x_wconf 70' lang='lat' dir='ltr'><strong>pmvalent,</strong></span> 
     </span>
    </p>
   </div>
   <div class='ocr_carea' id='block_1_34' title="bbox 175 2027 1763 2100">
    <p class='ocr_par' dir='ltr' id='par_1_34' title="bbox 175 2027 1763 2100">
     <span class='ocr_line' id='line_1_34' title="bbox 175 2027 1763 2100; baseline -0.001 -18"><span class='ocrx_word' id='word_1_273' title='bbox 175 2045 298 2099; x_wconf 67' lang='lat' dir='ltr'><strong>qua:</strong></span> <span class='ocrx_word' id='word_1_274' title='bbox 326 2029 598 2100; x_wconf 88' lang='lat' dir='ltr'><strong>inopinata</strong></span> <span class='ocrx_word' id='word_1_275' title='bbox 624 2043 730 2083; x_wconf 91' lang='lat' dir='ltr'><strong>non</strong></span> <span class='ocrx_word' id='word_1_276' title='bbox 757 2029 998 2082; x_wconf 87' lang='lat' dir='ltr'><strong>veniunt.</strong></span> <span class='ocrx_word' id='word_1_277' title='bbox 1027 2028 1091 2082; x_wconf 86' lang='lat' dir='ltr'><strong>Et</strong></span> <span class='ocrx_word' id='word_1_278' title='bbox 1117 2040 1317 2095; x_wconf 89' lang='lat' dir='ltr'><strong>tamen,</strong></span> <span class='ocrx_word' id='word_1_279' title='bbox 1347 2028 1471 2082; x_wconf 91' lang='lat' dir='ltr'><strong>dum</strong></span> <span class='ocrx_word' id='word_1_280' title='bbox 1492 2027 1763 2082; x_wconf 88' lang='lat' dir='ltr'><strong>contraria</strong></span> 
     </span>
    </p>
   </div>
   <div class='ocr_carea' id='block_1_35' title="bbox 176 2118 1766 2194">
    <p class='ocr_par' dir='ltr' id='par_1_35' title="bbox 176 2118 1766 2194">
     <span class='ocr_line' id='line_1_35' title="bbox 176 2118 1766 2194; baseline -0.003 -17"><span class='ocrx_word' id='word_1_281' title='bbox 176 2124 606 2194; x_wconf 65' lang='lat' dir='ltr'><strong>prmnosc&#39;untur,</strong></span> <span class='ocrx_word' id='word_1_282' title='bbox 636 2128 842 2190; x_wconf 88' lang='lat' dir='ltr'><strong>quanta</strong></span> <span class='ocrx_word' id='word_1_283' title='bbox 894 2120 966 2174; x_wconf 87' lang='lat' dir='ltr'><strong>sit</strong></span> <span class='ocrx_word' id='word_1_284' title='bbox 1015 2121 1068 2174; x_wconf 91' lang='lat' dir='ltr'><strong>in</strong></span> <span class='ocrx_word' id='word_1_285' title='bbox 1115 2135 1181 2175; x_wconf 91' lang='lat' dir='ltr'><strong>eo</strong></span> <span class='ocrx_word' id='word_1_286' title='bbox 1228 2119 1549 2174; x_wconf 76' lang='lat' dir='ltr'><strong>obedientite</strong></span> <span class='ocrx_word' id='word_1_287' title='bbox 1595 2118 1766 2173; x_wconf 89' lang='lat' dir='ltr'><strong>virtus</strong></span> 
     </span>
    </p>
   </div>
   <div class='ocr_carea' id='block_1_36' title="bbox 178 2209 1767 2280">
    <p class='ocr_par' dir='ltr' id='par_1_36' title="bbox 178 2209 1767 2280">
     <span class='ocr_line' id='line_1_36' title="bbox 178 2209 1767 2280; baseline -0.002 -14"><span class='ocrx_word' id='word_1_288' title='bbox 178 2212 502 2275; x_wconf 86' lang='lat' dir='ltr'><strong>ostenditur,</strong></span> <span class='ocrx_word' id='word_1_289' title='bbox 540 2211 631 2280; x_wconf 88' lang='lat' dir='ltr'><strong>qui</strong></span> <span class='ocrx_word' id='word_1_290' title='bbox 672 2219 725 2266; x_wconf 90' lang='lat' dir='ltr'><strong>et</strong></span> <span class='ocrx_word' id='word_1_291' title='bbox 754 2209 1049 2277; x_wconf 81' lang='lat' dir='ltr'><strong>cognoscit,</strong></span> <span class='ocrx_word' id='word_1_292' title='bbox 1079 2210 1222 2278; x_wconf 92' lang='lat' dir='ltr'><strong>quod</strong></span> <span class='ocrx_word' id='word_1_293' title='bbox 1258 2209 1484 2263; x_wconf 87' lang='lat' dir='ltr'><strong>adversa</strong></span> <span class='ocrx_word' id='word_1_294' title='bbox 1511 2223 1767 2277; x_wconf 88' lang='lat' dir='ltr'><strong>passurus</strong></span> 
     </span>
    </p>
   </div>
   <div class='ocr_carea' id='block_1_37' title="bbox 180 2297 1763 2367">
    <p class='ocr_par' dir='ltr' id='par_1_37' title="bbox 180 2297 1763 2367">
     <span class='ocr_line' id='line_1_37' title="bbox 180 2297 1763 2367; baseline -0.003 -12"><span class='ocrx_word' id='word_1_295' title='bbox 180 2310 285 2367; x_wconf 89' lang='lat' dir='ltr'><strong>est,</strong></span> <span class='ocrx_word' id='word_1_296' title='bbox 317 2310 372 2365; x_wconf 88' lang='lat' dir='ltr'><strong>et</strong></span> <span class='ocrx_word' id='word_1_297' title='bbox 416 2309 596 2355; x_wconf 84' lang='lat' dir='ltr'><strong>tamen</strong></span> <span class='ocrx_word' id='word_1_298' title='bbox 650 2299 770 2353; x_wconf 89' lang='lat' dir='ltr'><strong>voci</strong></span> <span class='ocrx_word' id='word_1_299' title='bbox 805 2300 1099 2354; x_wconf 73' lang='lat' dir='ltr'><strong>Dominica:</strong></span> <span class='ocrx_word' id='word_1_300' title='bbox 1151 2297 1463 2353; x_wconf 87' lang='lat' dir='ltr'><strong>inobediens</strong></span> <span class='ocrx_word' id='word_1_301' title='bbox 1506 2313 1613 2354; x_wconf 91' lang='lat' dir='ltr'><strong>non</strong></span> <span class='ocrx_word' id='word_1_302' title='bbox 1660 2307 1763 2354; x_wconf 90' lang='lat' dir='ltr'><strong>est.</strong></span> 
     </span>
    </p>
   </div>
   <div class='ocr_carea' id='block_1_38' title="bbox 181 2387 1769 2460">
    <p class='ocr_par' dir='ltr' id='par_1_38' title="bbox 181 2387 1769 2460">
     <span class='ocr_line' id='line_1_38' title="bbox 181 2387 1769 2460; baseline 0 -17"><span class='ocrx_word' id='word_1_303' title='bbox 181 2389 373 2460; x_wconf 77' lang='lat' dir='ltr'><strong>Magna</strong></span> <span class='ocrx_word' id='word_1_304' title='bbox 420 2398 599 2444; x_wconf 89' lang='lat' dir='ltr'><strong>autem</strong></span> <span class='ocrx_word' id='word_1_305' title='bbox 646 2388 1078 2444; x_wconf 88' lang='lat' dir='ltr'><strong>consideratione</strong></span> <span class='ocrx_word' id='word_1_306' title='bbox 1131 2387 1371 2457; x_wconf 88' lang='lat' dir='ltr'><strong>indigent</strong></span> <span class='ocrx_word' id='word_1_307' title='bbox 1420 2389 1585 2442; x_wconf 83' lang='lat' dir='ltr'><strong>verba</strong></span> <span class='ocrx_word' id='word_1_308' title='bbox 1647 2403 1769 2457; x_wconf 66' lang='lat' dir='ltr'><strong>qua</strong></span> 
     </span>
    </p>
   </div>
   <div class='ocr_carea' id='block_1_39' title="bbox 179 2479 1771 2552">
    <p class='ocr_par' dir='ltr' id='par_1_39' title="bbox 179 2479 1771 2552">
     <span class='ocr_line' id='line_1_39' title="bbox 179 2479 1771 2552; baseline 0 -17"><span class='ocrx_word' id='word_1_309' title='bbox 179 2482 428 2552; x_wconf 90' lang='lat' dir='ltr'><strong>protinus</strong></span> <span class='ocrx_word' id='word_1_310' title='bbox 474 2481 743 2535; x_wconf 89' lang='lat' dir='ltr'><strong>adduntur</strong></span> <span class='ocrx_word' id='word_1_311' title='bbox 781 2497 795 2533; x_wconf 90' lang='lat'><strong>:</strong></span> <span class='ocrx_word' id='word_1_312' title='bbox 843 2498 861 2531; x_wconf 79' lang='grc' dir='ltr'><strong>ι</strong></span> <span class='ocrx_word' id='word_1_313' title='bbox 903 2479 971 2534; x_wconf 88' lang='lat' dir='ltr'><strong>Et</strong></span> <span class='ocrx_word' id='word_1_314' title='bbox 1019 2480 1254 2549; x_wconf 84' lang='lat' dir='ltr'><strong>linguam</strong></span> <span class='ocrx_word' id='word_1_315' title='bbox 1294 2489 1441 2533; x_wconf 90' lang='lat' dir='ltr'><strong>tuam</strong></span> <span class='ocrx_word' id='word_1_316' title='bbox 1493 2481 1771 2536; x_wconf 76' lang='lat' dir='ltr'><strong>adhaerere</strong></span> 
     </span>
    </p>
   </div>
   <div class='ocr_carea' id='block_1_40' title="bbox 180 2570 1770 2644">
    <p class='ocr_par' dir='ltr' id='par_1_40' title="bbox 180 2570 1770 2644">
     <span class='ocr_line' id='line_1_40' title="bbox 180 2570 1770 2644; baseline -0.001 -17"><span class='ocrx_word' id='word_1_317' title='bbox 180 2574 379 2630; x_wconf 79' lang='lat' dir='ltr'><strong>faciam</strong></span> <span class='ocrx_word' id='word_1_318' title='bbox 425 2573 602 2644; x_wconf 89' lang='lat' dir='ltr'><strong>palato</strong></span> <span class='ocrx_word' id='word_1_319' title='bbox 647 2581 758 2640; x_wconf 93' lang='lat' dir='ltr'><strong>tuo,</strong></span> <span class='ocrx_word' id='word_1_320' title='bbox 791 2580 846 2627; x_wconf 87' lang='lat' dir='ltr'><strong>et</strong></span> <span class='ocrx_word' id='word_1_321' title='bbox 883 2571 993 2633; x_wconf 87' lang='lat' dir='ltr'><strong>eris</strong></span> <span class='ocrx_word' id='word_1_322' title='bbox 1019 2579 1218 2634; x_wconf 90' lang='lat' dir='ltr'><strong>mutus,</strong></span> <span class='ocrx_word' id='word_1_323' title='bbox 1255 2584 1354 2626; x_wconf 91' lang='lat' dir='ltr'><strong>nec</strong></span> <span class='ocrx_word' id='word_1_324' title='bbox 1382 2571 1537 2640; x_wconf 87' lang='lat' dir='ltr'><strong>quasi</strong></span> <span class='ocrx_word' id='word_1_325' title='bbox 1565 2571 1648 2628; x_wconf 89' lang='lat' dir='ltr'><strong>vir</strong></span> <span class='ocrx_word' id='word_1_326' title='bbox 1676 2570 1770 2626; x_wconf 89' lang='lat' dir='ltr'><strong>ob-</strong></span> 
     </span>
    </p>
   </div>
   <div class='ocr_carea' id='block_1_41' title="bbox 175 2660 1770 2735">
    <p class='ocr_par' dir='ltr' id='par_1_41' title="bbox 175 2660 1770 2735">
     <span class='ocr_line' id='line_1_41' title="bbox 175 2660 1770 2735; baseline -0.001 -17"><span class='ocrx_word' id='word_1_327' title='bbox 175 2663 425 2735; x_wconf 90' lang='lat' dir='ltr'><strong>iurgans.</strong></span> <span class='ocrx_word' id='word_1_328' title='bbox 462 2684 482 2716; x_wconf 79' lang='grc' dir='ltr'><strong>ι</strong></span> <span class='ocrx_word' id='word_1_329' title='bbox 512 2663 931 2718; x_wconf 90' lang='lat' dir='ltr'><strong>Discernendum</strong></span> <span class='ocrx_word' id='word_1_330' title='bbox 955 2661 1153 2733; x_wconf 90' lang='lat' dir='ltr'><strong>quippe</strong></span> <span class='ocrx_word' id='word_1_331' title='bbox 1180 2660 1334 2718; x_wconf 86' lang='lat' dir='ltr'><strong>nobis</strong></span> <span class='ocrx_word' id='word_1_332' title='bbox 1358 2669 1442 2716; x_wconf 92' lang='lat' dir='ltr'><strong>est</strong></span> <span class='ocrx_word' id='word_1_333' title='bbox 1468 2669 1644 2716; x_wconf 92' lang='lat' dir='ltr'><strong>utrum</strong></span> <span class='ocrx_word' id='word_1_334' title='bbox 1674 2676 1770 2732; x_wconf 89' lang='lat' dir='ltr'><strong>pro</strong></span> 
     </span>
    </p>
   </div>
   <div class='ocr_carea' id='block_1_42' title="bbox 182 2752 1772 2823">
    <p class='ocr_par' dir='ltr' id='par_1_42' title="bbox 182 2752 1772 2823">
     <span class='ocr_line' id='line_1_42' title="bbox 182 2752 1772 2823; baseline -0.003 -12"><span class='ocrx_word' id='word_1_335' title='bbox 182 2756 315 2811; x_wconf 88' lang='lat' dir='ltr'><strong>solis</strong></span> <span class='ocrx_word' id='word_1_336' title='bbox 341 2756 495 2809; x_wconf 88' lang='lat' dir='ltr'><strong>malis</strong></span> <span class='ocrx_word' id='word_1_337' title='bbox 520 2754 873 2820; x_wconf 81' lang='lat' dir='ltr'><strong>auditoribus,</strong></span> <span class='ocrx_word' id='word_1_338' title='bbox 906 2770 975 2808; x_wconf 89' lang='lat' dir='ltr'><strong>an</strong></span> <span class='ocrx_word' id='word_1_339' title='bbox 1018 2754 1303 2823; x_wconf 83' lang='lat' dir='ltr'><strong>aliquando</strong></span> <span class='ocrx_word' id='word_1_340' title='bbox 1331 2753 1498 2807; x_wconf 88' lang='lat' dir='ltr'><strong>etiam</strong></span> <span class='ocrx_word' id='word_1_341' title='bbox 1517 2767 1614 2822; x_wconf 91' lang='lat' dir='ltr'><strong>pro</strong></span> <span class='ocrx_word' id='word_1_342' title='bbox 1641 2752 1772 2806; x_wconf 84' lang='lat' dir='ltr'><strong>vitio</strong></span> 
     </span>
    </p>
   </div>
   <div class='ocr_carea' id='block_1_43' title="bbox 182 2843 1774 2916">
    <p class='ocr_par' dir='ltr' id='par_1_43' title="bbox 182 2843 1774 2916">
     <span class='ocr_line' id='line_1_43' title="bbox 182 2843 1774 2916; baseline -0.002 -15"><span class='ocrx_word' id='word_1_343' title='bbox 182 2847 552 2916; x_wconf 69' lang='lat' dir='ltr'><strong>prmdicantis‘,</strong></span> <span class='ocrx_word' id='word_1_344' title='bbox 581 2846 981 2916; x_wconf 67' lang='lat' dir='ltr'><strong>prmdicationis</strong></span> <span class='ocrx_word' id='word_1_345' title='bbox 1010 2861 1190 2901; x_wconf 91' lang='lat' dir='ltr'><strong>sermo</strong></span> <span class='ocrx_word' id='word_1_346' title='bbox 1224 2847 1594 2900; x_wconf 88' lang='lat' dir='ltr'><strong>subtrahatur.</strong></span> <span class='ocrx_word' id='word_1_347' title='bbox 1629 2843 1774 2911; x_wconf 87' lang='lat' dir='ltr'><strong>Qua-</strong></span> 
     </span>
    </p>
   </div>
   <div class='ocr_carea' id='block_1_44' title="bbox 183 2933 1772 3005">
    <p class='ocr_par' dir='ltr' id='par_1_44' title="bbox 183 2933 1772 3005">
     <span class='ocr_line' id='line_1_44' title="bbox 183 2933 1772 3005; baseline -0.001 -16"><span class='ocrx_word' id='word_1_348' title='bbox 183 2944 310 2989; x_wconf 90' lang='lat' dir='ltr'><strong>tuor</strong></span> <span class='ocrx_word' id='word_1_349' title='bbox 353 2935 497 2989; x_wconf 87' lang='lat' dir='ltr'><strong>enim</strong></span> <span class='ocrx_word' id='word_1_350' title='bbox 545 2933 894 3005; x_wconf 83' lang='lat' dir='ltr'><strong>qualitatibus</strong></span> <span class='ocrx_word' id='word_1_351' title='bbox 935 2948 1022 2989; x_wconf 90' lang='lat' dir='ltr'><strong>res</strong></span> <span class='ocrx_word' id='word_1_352' title='bbox 1069 2934 1181 2989; x_wconf 62' lang='lat' dir='ltr'><strong>haec</strong></span> <span class='ocrx_word' id='word_1_353' title='bbox 1214 2933 1554 2989; x_wconf 88' lang='lat' dir='ltr'><strong>considerata</strong></span> <span class='ocrx_word' id='word_1_354' title='bbox 1583 2933 1772 2988; x_wconf 90' lang='lat' dir='ltr'><strong>distin-</strong></span> 
     </span>
    </p>
   </div>
   <div class='ocr_carea' id='block_1_45' title="bbox 183 3022 1770 3093">
    <p class='ocr_par' dir='ltr' id='par_1_45' title="bbox 183 3022 1770 3093">
     <span class='ocr_line' id='line_1_45' title="bbox 183 3022 1770 3093; baseline 0.001 -17"><span class='ocrx_word' id='word_1_355' title='bbox 183 3023 388 3093; x_wconf 82' lang='lat' dir='ltr'><strong>guitur.</strong></span> <span class='ocrx_word' id='word_1_356' title='bbox 444 3022 577 3076; x_wconf 85' lang='lat' dir='ltr'><strong>Nam</strong></span> <span class='ocrx_word' id='word_1_357' title='bbox 636 3022 923 3091; x_wconf 85' lang='lat' dir='ltr'><strong>aliquando</strong></span> <span class='ocrx_word' id='word_1_358' title='bbox 972 3032 1192 3093; x_wconf 89' lang='lat' dir='ltr'><strong>propter</strong></span> <span class='ocrx_word' id='word_1_359' title='bbox 1239 3023 1513 3079; x_wconf 87' lang='lat' dir='ltr'><strong>auditores</strong></span> <span class='ocrx_word' id='word_1_360' title='bbox 1566 3022 1770 3090; x_wconf 90' lang='lat' dir='ltr'><strong>malos,</strong></span> 
     </span>
    </p>
   </div>
   <div class='ocr_carea' id='block_1_46' title="bbox 185 3110 1772 3183">
    <p class='ocr_par' dir='ltr' id='par_1_46' title="bbox 185 3110 1772 3183">
     <span class='ocr_line' id='line_1_46' title="bbox 185 3110 1772 3183; baseline 0.001 -17"><span class='ocrx_word' id='word_1_361' title='bbox 185 3112 344 3166; x_wconf 87' lang='lat' dir='ltr'><strong>bonis</strong></span> <span class='ocrx_word' id='word_1_362' title='bbox 384 3110 588 3166; x_wconf 80' lang='lat' dir='ltr'><strong>tollitur</strong></span> <span class='ocrx_word' id='word_1_363' title='bbox 618 3126 794 3166; x_wconf 89' lang='lat' dir='ltr'><strong>sermo</strong></span> <span class='ocrx_word' id='word_1_364' title='bbox 822 3112 1154 3178; x_wconf 90' lang='lat' dir='ltr'><strong>doctoribus,</strong></span> <span class='ocrx_word' id='word_1_365' title='bbox 1180 3112 1468 3182; x_wconf 85' lang='lat' dir='ltr'><strong>aliquando</strong></span> <span class='ocrx_word' id='word_1_366' title='bbox 1497 3127 1624 3167; x_wconf 80' lang='lat' dir='ltr'><strong>vero</strong></span> <span class='ocrx_word' id='word_1_367' title='bbox 1648 3127 1772 3183; x_wconf 86' lang='lat' dir='ltr'><strong>pro-</strong></span> 
     </span>
    </p>
   </div>
   <div class='ocr_carea' id='block_1_47' title="bbox 1867 1935 3445 2007">
    <p class='ocr_par' dir='ltr' id='par_1_47' title="bbox 1867 1935 3445 2007">
     <span class='ocr_line' id='line_1_47' title="bbox 1867 1935 3445 2007; baseline 0.003 -19"><span class='ocrx_word' id='word_1_368' title='bbox 1867 1935 1934 1988; x_wconf 84' lang='lat' dir='ltr'><strong>Et</strong></span> <span class='ocrx_word' id='word_1_369' title='bbox 1964 1950 2170 1999; x_wconf 89' lang='lat' dir='ltr'><strong>rursus,</strong></span> <span class='ocrx_word' id='word_1_370' title='bbox 2210 1937 2422 2004; x_wconf 85' lang='lat' dir='ltr'><strong>quando</strong></span> <span class='ocrx_word' id='word_1_371' title='bbox 2443 1935 2588 2004; x_wconf 89' lang='lat' dir='ltr'><strong>loqui</strong></span> <span class='ocrx_word' id='word_1_372' title='bbox 2610 1950 2716 1990; x_wconf 91' lang='lat' dir='ltr'><strong>non</strong></span> <span class='ocrx_word' id='word_1_373' title='bbox 2744 1950 3049 2005; x_wconf 86' lang='lat' dir='ltr'><strong>possumus,</strong></span> <span class='ocrx_word' id='word_1_374' title='bbox 3078 1939 3132 1992; x_wconf 90' lang='lat' dir='ltr'><strong>hi</strong></span> <span class='ocrx_word' id='word_1_375' title='bbox 3171 1940 3262 2007; x_wconf 89' lang='lat' dir='ltr'><strong>qni</strong></span> <span class='ocrx_word' id='word_1_376' title='bbox 3290 1940 3445 1993; x_wconf 85' lang='lat' dir='ltr'><strong>nobis</strong></span> 
     </span>
    </p>
   </div>
   <div class='ocr_carea' id='block_1_48' title="bbox 1867 2025 3446 2097">
    <p class='ocr_par' dir='ltr' id='par_1_48' title="bbox 1867 2025 3446 2097">
     <span class='ocr_line' id='line_1_48' title="bbox 1867 2025 3446 2097; baseline 0.001 -17"><span class='ocrx_word' id='word_1_377' title='bbox 1867 2027 2141 2082; x_wconf 84' lang='lat' dir='ltr'><strong>commissi</strong></span> <span class='ocrx_word' id='word_1_378' title='bbox 2183 2035 2326 2091; x_wconf 89' lang='lat' dir='ltr'><strong>sunt,</strong></span> <span class='ocrx_word' id='word_1_379' title='bbox 2365 2025 2587 2080; x_wconf 89' lang='lat' dir='ltr'><strong>minime</strong></span> <span class='ocrx_word' id='word_1_380' title='bbox 2632 2040 2730 2081; x_wconf 90' lang='lat' dir='ltr'><strong>nos</strong></span> <span class='ocrx_word' id='word_1_381' title='bbox 2773 2025 3083 2097; x_wconf 88' lang='lat' dir='ltr'><strong>diiudicent,</strong></span> <span class='ocrx_word' id='word_1_382' title='bbox 3115 2041 3184 2081; x_wconf 89' lang='lat' dir='ltr'><strong>ne</strong></span> <span class='ocrx_word' id='word_1_383' title='bbox 3212 2027 3446 2083; x_wconf 71' lang='lat' dir='ltr'><strong>fortasse</strong></span> 
     </span>
    </p>
   </div>
   <div class='ocr_carea' id='block_1_49' title="bbox 1868 2101 3445 2186">
    <p class='ocr_par' dir='ltr' id='par_1_49' title="bbox 1868 2101 3445 2186">
     <span class='ocr_line' id='line_1_49' title="bbox 1868 2101 3445 2186; baseline 0.001 -16"><span class='ocrx_word' id='word_1_384' title='bbox 1868 2132 1974 2171; x_wconf 92' lang='lat' dir='ltr'><strong>non</strong></span> <span class='ocrx_word' id='word_1_385' title='bbox 2000 2131 2066 2170; x_wconf 79' lang='lat' dir='ltr'><strong>ex</strong></span> <span class='ocrx_word' id='word_1_386' title='bbox 2094 2125 2303 2180; x_wconf 89' lang='lat' dir='ltr'><strong>nostro,</strong></span> <span class='ocrx_word' id='word_1_387' title='bbox 2329 2116 2423 2169; x_wconf 87' lang='lat' dir='ltr'><strong>sed</strong></span> <span class='ocrx_word' id='word_1_388' title='bbox 2453 2131 2520 2169; x_wconf 78' lang='lat' dir='ltr'><strong>ex</strong></span> <span class='ocrx_word' id='word_1_389' title='bbox 2551 2123 2773 2185; x_wconf 88' lang='lat' dir='ltr'><strong>peccato</strong></span> <span class='ocrx_word' id='word_1_390' title='bbox 2801 2101 3129 2171; x_wconf 86' lang='lat' dir='ltr'><strong>audientium</strong></span> <span class='ocrx_word' id='word_1_391' title='bbox 3168 2117 3314 2186; x_wconf 86' lang='lat' dir='ltr'><strong>loqui</strong></span> <span class='ocrx_word' id='word_1_392' title='bbox 3345 2119 3445 2172; x_wconf 85' lang='lat' dir='ltr'><strong>mi-</strong></span> 
     </span>
    </p>
   </div>
   <div class='ocr_carea' id='block_1_50' title="bbox 1869 2207 3448 2278">
    <p class='ocr_par' dir='ltr' id='par_1_50' title="bbox 1869 2207 3448 2278">
     <span class='ocr_line' id='line_1_50' title="bbox 1869 2207 3448 2278; baseline -0.001 -15"><span class='ocrx_word' id='word_1_393' title='bbox 1869 2211 2014 2264; x_wconf 89' lang='lat' dir='ltr'><strong>nime</strong></span> <span class='ocrx_word' id='word_1_394' title='bbox 2051 2209 2339 2278; x_wconf 82' lang='lat' dir='ltr'><strong>possimus.</strong></span> <span class='ocrx_word' id='word_1_395' title='bbox 2366 2208 2447 2262; x_wconf 78' lang='lat' dir='ltr'><strong>Ad</strong></span> <span class='ocrx_word' id='word_1_396' title='bbox 2474 2208 2576 2262; x_wconf 92' lang='lat' dir='ltr'><strong>hoc</strong></span> <span class='ocrx_word' id='word_1_397' title='bbox 2604 2222 2732 2276; x_wconf 90' lang='lat' dir='ltr'><strong>ergo</strong></span> <span class='ocrx_word' id='word_1_398' title='bbox 2755 2207 2908 2262; x_wconf 89' lang='lat' dir='ltr'><strong>nobis</strong></span> <span class='ocrx_word' id='word_1_399' title='bbox 2930 2217 3120 2263; x_wconf 89' lang='lat' dir='ltr'><strong>cuncta</strong></span> <span class='ocrx_word' id='word_1_400' title='bbox 3143 2209 3210 2263; x_wconf 89' lang='lat' dir='ltr'><strong>de</strong></span> <span class='ocrx_word' id='word_1_401' title='bbox 3236 2209 3448 2264; x_wconf 71' lang='lat' dir='ltr'><strong>meritis</strong></span> 
     </span>
    </p>
   </div>
   <div class='ocr_carea' id='block_1_51' title="bbox 1869 2301 3442 2369">
    <p class='ocr_par' dir='ltr' id='par_1_51' title="bbox 1869 2301 3442 2369">
     <span class='ocr_line' id='line_1_51' title="bbox 1869 2301 3442 2369; baseline 0 -13"><span class='ocrx_word' id='word_1_402' title='bbox 1869 2301 2069 2356; x_wconf 90' lang='lat' dir='ltr'><strong>nostris</strong></span> <span class='ocrx_word' id='word_1_403' title='bbox 2097 2301 2300 2365; x_wconf 78' lang='lat' dir='ltr'><strong>incerta</strong></span> <span class='ocrx_word' id='word_1_404' title='bbox 2341 2308 2489 2366; x_wconf 91' lang='lat' dir='ltr'><strong>sunt,</strong></span> <span class='ocrx_word' id='word_1_405' title='bbox 2515 2308 2576 2354; x_wconf 94' lang='lat' dir='ltr'><strong>ut</strong></span> <span class='ocrx_word' id='word_1_406' title='bbox 2599 2315 2760 2354; x_wconf 84' lang='lat' dir='ltr'><strong>unam</strong></span> <span class='ocrx_word' id='word_1_407' title='bbox 2786 2309 2990 2355; x_wconf 89' lang='lat' dir='ltr'><strong>certam</strong></span> <span class='ocrx_word' id='word_1_408' title='bbox 3011 2301 3237 2369; x_wconf 86' lang='lat' dir='ltr'><strong>gratiam</strong></span> <span class='ocrx_word' id='word_1_409' title='bbox 3264 2308 3442 2357; x_wconf 83' lang='lat' dir='ltr'><strong>tenea-</strong></span> 
     </span>
    </p>
   </div>
   <div class='ocr_carea' id='block_1_52' title="bbox 1869 2391 3447 2460">
    <p class='ocr_par' dir='ltr' id='par_1_52' title="bbox 1869 2391 3447 2460">
     <span class='ocr_line' id='line_1_52' title="bbox 1869 2391 3447 2460; baseline -0.001 -15"><span class='ocrx_word' id='word_1_410' title='bbox 1869 2407 1990 2448; x_wconf 91' lang='lat' dir='ltr'><strong>mus</strong></span> <span class='ocrx_word' id='word_1_411' title='bbox 2024 2391 2361 2458; x_wconf 79' lang='lat' dir='ltr'><strong>humilitatis,</strong></span> <span class='ocrx_word' id='word_1_412' title='bbox 2391 2398 2654 2459; x_wconf 87' lang='lat' dir='ltr'><strong>quatenus</strong></span> <span class='ocrx_word' id='word_1_413' title='bbox 2681 2397 2736 2444; x_wconf 92' lang='lat' dir='ltr'><strong>et</strong></span> <span class='ocrx_word' id='word_1_414' title='bbox 2769 2405 2869 2446; x_wconf 92' lang='lat' dir='ltr'><strong>nos</strong></span> <span class='ocrx_word' id='word_1_415' title='bbox 2894 2405 3019 2445; x_wconf 85' lang='lat' dir='ltr'><strong>cum</strong></span> <span class='ocrx_word' id='word_1_416' title='bbox 3045 2391 3336 2460; x_wconf 88' lang='lat' dir='ltr'><strong>loquimur,</strong></span> <span class='ocrx_word' id='word_1_417' title='bbox 3379 2405 3447 2444; x_wconf 83' lang='lat' dir='ltr'><strong>ex</strong></span> 
     </span>
    </p>
   </div>
   <div class='ocr_carea' id='block_1_53' title="bbox 1869 2481 3445 2554">
    <p class='ocr_par' dir='ltr' id='par_1_53' title="bbox 1869 2481 3445 2554">
     <span class='ocr_line' id='line_1_53' title="bbox 1869 2481 3445 2554; baseline -0.003 -16"><span class='ocrx_word' id='word_1_418' title='bbox 1869 2482 2253 2554; x_wconf 86' lang='lat' dir='ltr'><strong>omnipotentis</strong></span> <span class='ocrx_word' id='word_1_419' title='bbox 2281 2481 2375 2536; x_wconf 88' lang='lat' dir='ltr'><strong>Dei</strong></span> <span class='ocrx_word' id='word_1_420' title='bbox 2424 2482 2585 2545; x_wconf 91' lang='lat' dir='ltr'><strong>dono,</strong></span> <span class='ocrx_word' id='word_1_421' title='bbox 2626 2481 2730 2536; x_wconf 91' lang='lat' dir='ltr'><strong>hoc</strong></span> <span class='ocrx_word' id='word_1_422' title='bbox 2774 2495 2892 2536; x_wconf 83' lang='lat' dir='ltr'><strong>esse</strong></span> <span class='ocrx_word' id='word_1_423' title='bbox 2921 2489 3158 2536; x_wconf 90' lang='lat' dir='ltr'><strong>vestrum</strong></span> <span class='ocrx_word' id='word_1_424' title='bbox 3191 2481 3445 2534; x_wconf 87' lang='lat' dir='ltr'><strong>meritum</strong></span> 
     </span>
    </p>
   </div>
   <div class='ocr_carea' id='block_1_54' title="bbox 1869 2571 3447 2644">
    <p class='ocr_par' dir='ltr' id='par_1_54' title="bbox 1869 2571 3447 2644">
     <span class='ocr_line' id='line_1_54' title="bbox 1869 2571 3447 2644; baseline -0.002 -16"><span class='ocrx_word' id='word_1_425' title='bbox 1869 2581 2140 2644; x_wconf 90' lang='lat' dir='ltr'><strong>putemus.</strong></span> <span class='ocrx_word' id='word_1_426' title='bbox 2171 2573 2238 2626; x_wconf 88' lang='lat' dir='ltr'><strong>Et</strong></span> <span class='ocrx_word' id='word_1_427' title='bbox 2262 2574 2478 2643; x_wconf 89' lang='lat' dir='ltr'><strong>quando</strong></span> <span class='ocrx_word' id='word_1_428' title='bbox 2499 2587 2530 2625; x_wconf 90' lang='lat' dir='ltr'><strong>a</strong></span> <span class='ocrx_word' id='word_1_429' title='bbox 2549 2572 2820 2626; x_wconf 91' lang='lat' dir='ltr'><strong>locutione</strong></span> <span class='ocrx_word' id='word_1_430' title='bbox 2844 2571 3103 2628; x_wconf 70' lang='lat' dir='ltr'><strong>doctrinae</strong></span> <span class='ocrx_word' id='word_1_431' title='bbox 3121 2573 3447 2627; x_wconf 79' lang='lat' dir='ltr'><strong>obmutesci-</strong></span> 
     </span>
    </p>
   </div>
   <div class='ocr_carea' id='block_1_55' title="bbox 1871 2662 3452 2734">
    <p class='ocr_par' dir='ltr' id='par_1_55' title="bbox 1871 2662 3452 2734">
     <span class='ocr_line' id='line_1_55' title="bbox 1871 2662 3452 2734; baseline -0.002 -16"><span class='ocrx_word' id='word_1_432' title='bbox 1871 2679 2013 2730; x_wconf 90' lang='lat' dir='ltr'><strong>mus,</strong></span> <span class='ocrx_word' id='word_1_433' title='bbox 2044 2663 2291 2734; x_wconf 87' lang='lat' dir='ltr'><strong>quamvis</strong></span> <span class='ocrx_word' id='word_1_434' title='bbox 2325 2671 2509 2717; x_wconf 88' lang='lat' dir='ltr'><strong>nostra</strong></span> <span class='ocrx_word' id='word_1_435' title='bbox 2536 2662 2691 2732; x_wconf 87' lang='lat' dir='ltr'><strong>culpa</strong></span> <span class='ocrx_word' id='word_1_436' title='bbox 2719 2663 2810 2728; x_wconf 90' lang='lat' dir='ltr'><strong>sit,</strong></span> <span class='ocrx_word' id='word_1_437' title='bbox 2839 2677 2936 2716; x_wconf 91' lang='lat' dir='ltr'><strong>vos</strong></span> <span class='ocrx_word' id='word_1_438' title='bbox 2964 2670 3142 2717; x_wconf 90' lang='lat' dir='ltr'><strong>tamen</strong></span> <span class='ocrx_word' id='word_1_439' title='bbox 3171 2664 3310 2719; x_wconf 83' lang='lat' dir='ltr'><strong>hanc</strong></span> <span class='ocrx_word' id='word_1_440' title='bbox 3331 2676 3452 2717; x_wconf 89' lang='lat' dir='ltr'><strong>esse</strong></span> 
     </span>
    </p>
   </div>
   <div class='ocr_carea' id='block_1_56' title="bbox 1871 2750 3451 2820">
    <p class='ocr_par' dir='ltr' id='par_1_56' title="bbox 1871 2750 3451 2820">
     <span class='ocr_line' id='line_1_56' title="bbox 1871 2750 3451 2820; baseline 0 -16"><span class='ocrx_word' id='word_1_441' title='bbox 1871 2759 2110 2805; x_wconf 88' lang='lat' dir='ltr'><strong>vestram</strong></span> <span class='ocrx_word' id='word_1_442' title='bbox 2159 2750 2464 2820; x_wconf 81' lang='lat' dir='ltr'><strong>specialiter</strong></span> <span class='ocrx_word' id='word_1_443' title='bbox 2499 2750 2755 2814; x_wconf 86' lang='lat' dir='ltr'><strong>credatis,</strong></span> <span class='ocrx_word' id='word_1_444' title='bbox 2789 2760 2846 2804; x_wconf 93' lang='lat' dir='ltr'><strong>ut</strong></span> <span class='ocrx_word' id='word_1_445' title='bbox 2886 2751 3010 2804; x_wconf 93' lang='lat' dir='ltr'><strong>dum</strong></span> <span class='ocrx_word' id='word_1_446' title='bbox 3045 2751 3280 2805; x_wconf 84' lang='lat' dir='ltr'><strong>vicissim</strong></span> <span class='ocrx_word' id='word_1_447' title='bbox 3309 2751 3451 2806; x_wconf 79' lang='lat' dir='ltr'><strong>mala</strong></span> 
     </span>
    </p>
   </div>
   <div class='ocr_carea' id='block_1_57' title="bbox 1873 2835 3450 2913">
    <p class='ocr_par' dir='ltr' id='par_1_57' title="bbox 1873 2835 3450 2913">
     <span class='ocr_line' id='line_1_57' title="bbox 1873 2835 3450 2913; baseline 0.001 -18"><span class='ocrx_word' id='word_1_448' title='bbox 1873 2841 2030 2896; x_wconf 88' lang='lat' dir='ltr'><strong>nobis</strong></span> <span class='ocrx_word' id='word_1_449' title='bbox 2073 2835 2379 2905; x_wconf 76' lang='lat' dir='ltr'><strong>tribuimus,</strong></span> <span class='ocrx_word' id='word_1_450' title='bbox 2424 2839 2655 2895; x_wconf 74' lang='lat' dir='ltr'><strong>et‘bona</strong></span> <span class='ocrx_word' id='word_1_451' title='bbox 2697 2839 2818 2894; x_wconf 88' lang='lat' dir='ltr'><strong>aliis</strong></span> <span class='ocrx_word' id='word_1_452' title='bbox 2856 2855 2951 2910; x_wconf 85' lang='lat' dir='ltr'><strong>per</strong></span> <span class='ocrx_word' id='word_1_453' title='bbox 2976 2840 3296 2896; x_wconf 83' lang='lat' dir='ltr'><strong>humilitatis</strong></span> <span class='ocrx_word' id='word_1_454' title='bbox 3323 2856 3450 2913; x_wconf 79' lang='lat' dir='ltr'><strong>gra-</strong></span> 
     </span>
    </p>
   </div>
   <div class='ocr_carea' id='block_1_58' title="bbox 1876 2929 3449 3000">
    <p class='ocr_par' dir='ltr' id='par_1_58' title="bbox 1876 2929 3449 3000">
     <span class='ocr_line' id='line_1_58' title="bbox 1876 2929 3449 3000; baseline 0 -16"><span class='ocrx_word' id='word_1_455' title='bbox 1876 2932 2004 2986; x_wconf 88' lang='lat' dir='ltr'><strong>tiam</strong></span> <span class='ocrx_word' id='word_1_456' title='bbox 2054 2931 2172 2997; x_wconf 79' lang='lat' dir='ltr'><strong>ﬁat,</strong></span> <span class='ocrx_word' id='word_1_457' title='bbox 2219 2941 2280 2986; x_wconf 92' lang='lat' dir='ltr'><strong>ut</strong></span> <span class='ocrx_word' id='word_1_458' title='bbox 2333 2931 2588 2986; x_wconf 70' lang='lat' dir='ltr'><strong>doctrina:</strong></span> <span class='ocrx_word' id='word_1_459' title='bbox 2637 2945 2834 2994; x_wconf 81' lang='lat' dir='ltr'><strong>sermo,</strong></span> <span class='ocrx_word' id='word_1_460' title='bbox 2883 2930 2975 3000; x_wconf 88' lang='lat' dir='ltr'><strong>qui</strong></span> <span class='ocrx_word' id='word_1_461' title='bbox 3014 2930 3224 2987; x_wconf 82' lang='lat' dir='ltr'><strong>ablatus</strong></span> <span class='ocrx_word' id='word_1_462' title='bbox 3250 2929 3449 2996; x_wconf 83' lang='lat' dir='ltr'><strong>fuerat,</strong></span> 
     </span>
    </p>
   </div>
   <div class='ocr_carea' id='block_1_59' title="bbox 1875 3019 3452 3093">
    <p class='ocr_par' dir='ltr' id='par_1_59' title="bbox 1875 3019 3452 3093">
     <span class='ocr_line' id='line_1_59' title="bbox 1875 3019 3452 3093; baseline -0.003 -14"><span class='ocrx_word' id='word_1_463' title='bbox 1875 3024 2077 3080; x_wconf 90' lang='lat' dir='ltr'><strong>redeat.</strong></span> <span class='ocrx_word' id='word_1_464' title='bbox 2112 3023 2410 3093; x_wconf 86' lang='lat' dir='ltr'><strong>Sequitur:</strong></span> <span class='ocrx_word' id='word_1_465' title='bbox 2443 3040 2462 3073; x_wconf 81' lang='grc' dir='ltr'><strong>ι</strong></span> <span class='ocrx_word' id='word_1_466' title='bbox 2499 3022 2631 3077; x_wconf 83' lang='lat' dir='ltr'><strong>Cum</strong></span> <span class='ocrx_word' id='word_1_467' title='bbox 2670 3029 2850 3074; x_wconf 85' lang='lat' dir='ltr'><strong>autem</strong></span> <span class='ocrx_word' id='word_1_468' title='bbox 2889 3019 3097 3076; x_wconf 87' lang='lat' dir='ltr'><strong>locutus</strong></span> <span class='ocrx_word' id='word_1_469' title='bbox 3141 3020 3292 3076; x_wconf 89' lang='lat' dir='ltr'><strong>fuero</strong></span> <span class='ocrx_word' id='word_1_470' title='bbox 3332 3021 3452 3088; x_wconf 87' lang='lat' dir='ltr'><strong>tibi,</strong></span> 
     </span>
    </p>
   </div>
   <div class='ocr_carea' id='block_1_60' title="bbox 1874 3107 3457 3184">
    <p class='ocr_par' dir='ltr' id='par_1_60' title="bbox 1874 3107 3457 3184">
     <span class='ocr_line' id='line_1_60' title="bbox 1874 3107 3457 3184; baseline -0.003 -15"><span class='ocrx_word' id='word_1_471' title='bbox 1874 3115 2083 3184; x_wconf 89' lang='lat' dir='ltr'><strong>aperies</strong></span> <span class='ocrx_word' id='word_1_472' title='bbox 2105 3128 2165 3168; x_wconf 92' lang='lat' dir='ltr'><strong>os</strong></span> <span class='ocrx_word' id='word_1_473' title='bbox 2189 3122 2360 3177; x_wconf 86' lang='lat' dir='ltr'><strong>tuum,</strong></span> <span class='ocrx_word' id='word_1_474' title='bbox 2382 3119 2435 3165; x_wconf 89' lang='lat' dir='ltr'><strong>et</strong></span> <span class='ocrx_word' id='word_1_475' title='bbox 2456 3108 2696 3178; x_wconf 90' lang='lat' dir='ltr'><strong>loqueris</strong></span> <span class='ocrx_word' id='word_1_476' title='bbox 2721 3109 2787 3162; x_wconf 89' lang='lat' dir='ltr'><strong>ad</strong></span> <span class='ocrx_word' id='word_1_477' title='bbox 2807 3122 2900 3164; x_wconf 91' lang='lat' dir='ltr'><strong>eos</strong></span> <span class='ocrx_word' id='word_1_478' title='bbox 2933 3127 2945 3161; x_wconf 88' lang='lat'>:</span> <span class='ocrx_word' id='word_1_479' title='bbox 2977 3107 3102 3165; x_wconf 63' lang='lat' dir='ltr'><strong>Hec</strong></span> <span class='ocrx_word' id='word_1_480' title='bbox 3114 3108 3245 3165; x_wconf 87' lang='lat' dir='ltr'><strong>dicit</strong></span> <span class='ocrx_word' id='word_1_481' title='bbox 3274 3109 3457 3164; x_wconf 89' lang='lat' dir='ltr'><strong>Domi-</strong></span> 
     </span>
    </p>
   </div>
   <div class='ocr_carea' id='block_1_61' title="bbox 184 3193 3453 3272">
    <p class='ocr_par' dir='ltr' id='par_1_61' title="bbox 184 3193 3453 3272">
     <span class='ocr_line' id='line_1_61' title="bbox 184 3193 3453 3272; baseline -0 -16"><span class='ocrx_word' id='word_1_482' title='bbox 184 3211 311 3272; x_wconf 89' lang='lat' dir='ltr'><strong>pter</strong></span> <span class='ocrx_word' id='word_1_483' title='bbox 363 3201 533 3257; x_wconf 89' lang='lat' dir='ltr'><strong>bonos</strong></span> <span class='ocrx_word' id='word_1_484' title='bbox 585 3201 881 3265; x_wconf 82' lang='lat' dir='ltr'><strong>auditores,</strong></span> <span class='ocrx_word' id='word_1_485' title='bbox 930 3201 1099 3256; x_wconf 72' lang='lat' dir='ltr'><strong>datur,</strong></span> <span class='ocrx_word' id='word_1_486' title='bbox 1138 3216 1318 3256; x_wconf 89' lang='lat' dir='ltr'><strong>sermo</strong></span> <span class='ocrx_word' id='word_1_487' title='bbox 1367 3201 1676 3256; x_wconf 91' lang='lat' dir='ltr'><strong>doctoribus</strong></span> <span class='ocrx_word' id='word_1_488' title='bbox 1720 3193 1844 3256; x_wconf 87' lang='lat' dir='ltr'><strong>etC</strong></span> <span class='ocrx_word' id='word_1_489' title='bbox 1875 3220 1976 3259; x_wconf 88' lang='lat' dir='ltr'><strong>nus</strong></span> <span class='ocrx_word' id='word_1_490' title='bbox 1995 3203 2276 3272; x_wconf 79' lang='lat' dir='ltr'><strong>Deuszqui</strong></span> <span class='ocrx_word' id='word_1_491' title='bbox 2302 3202 2470 3266; x_wconf 89' lang='lat' dir='ltr'><strong>audit,</strong></span> <span class='ocrx_word' id='word_1_492' title='bbox 2496 3201 2787 3265; x_wconf 86' lang='lat' dir='ltr'><strong>audiat;et</strong></span> <span class='ocrx_word' id='word_1_493' title='bbox 2807 3200 2900 3270; x_wconf 90' lang='lat' dir='ltr'><strong>qui</strong></span> <span class='ocrx_word' id='word_1_494' title='bbox 2920 3200 3167 3269; x_wconf 72' lang='lat' dir='ltr'><strong>quiescit,</strong></span> <span class='ocrx_word' id='word_1_495' title='bbox 3189 3202 3453 3270; x_wconf 83' lang='lat' dir='ltr'><strong>quiescat,</strong></span> 
     </span>
    </p>
   </div>
   <div class='ocr_carea' id='block_1_62' title="bbox 189 3275 1774 3362">
    <p class='ocr_par' dir='ltr' id='par_1_62' title="bbox 189 3275 1774 3362">
     <span class='ocr_line' id='line_1_62' title="bbox 189 3275 1774 3362; baseline 0.001 -18"><span class='ocrx_word' id='word_1_496' title='bbox 189 3291 368 3355; x_wconf 88' lang='lat' dir='ltr'><strong>malis,</strong></span> <span class='ocrx_word' id='word_1_497' title='bbox 387 3291 674 3360; x_wconf 88' lang='lat' dir='ltr'><strong>aliquando</strong></span> <span class='ocrx_word' id='word_1_498' title='bbox 702 3275 880 3344; x_wconf 79' lang='lat' dir='ltr'><strong>autem</strong></span> <span class='ocrx_word' id='word_1_499' title='bbox 899 3301 1121 3361; x_wconf 90' lang='lat' dir='ltr'><strong>propter</strong></span> <span class='ocrx_word' id='word_1_500' title='bbox 1150 3291 1457 3346; x_wconf 92' lang='lat' dir='ltr'><strong>docentium</strong></span> <span class='ocrx_word' id='word_1_501' title='bbox 1484 3301 1645 3362; x_wconf 88' lang='lat' dir='ltr'><strong>atque</strong></span> <span class='ocrx_word' id='word_1_502' title='bbox 1675 3308 1774 3346; x_wconf 89' lang='lat' dir='ltr'><strong>au-</strong></span> 
     </span>
    </p>
   </div>
   <div class='ocr_carea' id='block_1_63' title="bbox 185 3383 1776 3453">
    <p class='ocr_par' dir='ltr' id='par_1_63' title="bbox 185 3383 1776 3453">
     <span class='ocr_line' id='line_1_63' title="bbox 185 3383 1776 3453; baseline 0.001 -14"><span class='ocrx_word' id='word_1_503' title='bbox 185 3385 450 3439; x_wconf 89' lang='lat' dir='ltr'><strong>dientium</strong></span> <span class='ocrx_word' id='word_1_504' title='bbox 496 3383 975 3453; x_wconf 76' lang='lat' dir='ltr'><strong>iustificationem,</strong></span> <span class='ocrx_word' id='word_1_505' title='bbox 1028 3384 1184 3440; x_wconf 89' lang='lat' dir='ltr'><strong>bonis</strong></span> <span class='ocrx_word' id='word_1_506' title='bbox 1231 3385 1543 3440; x_wconf 88' lang='lat' dir='ltr'><strong>doctoribus</strong></span> <span class='ocrx_word' id='word_1_507' title='bbox 1596 3400 1776 3441; x_wconf 87' lang='lat' dir='ltr'><strong>sermo</strong></span> 
     </span>
    </p>
   </div>
   <div class='ocr_carea' id='block_1_64' title="bbox 188 3475 1777 3546">
    <p class='ocr_par' dir='ltr' id='par_1_64' title="bbox 188 3475 1777 3546">
     <span class='ocr_line' id='line_1_64' title="bbox 188 3475 1777 3546; baseline 0.001 -15"><span class='ocrx_word' id='word_1_508' title='bbox 188 3477 380 3541; x_wconf 85' lang='lat' dir='ltr'><strong>datur,</strong></span> <span class='ocrx_word' id='word_1_509' title='bbox 406 3485 464 3529; x_wconf 91' lang='lat' dir='ltr'><strong>ut</strong></span> <span class='ocrx_word' id='word_1_510' title='bbox 503 3485 558 3530; x_wconf 93' lang='lat' dir='ltr'><strong>et</strong></span> <span class='ocrx_word' id='word_1_511' title='bbox 583 3475 684 3546; x_wconf 89' lang='lat' dir='ltr'><strong>ipsi</strong></span> <span class='ocrx_word' id='word_1_512' title='bbox 711 3491 808 3545; x_wconf 90' lang='lat' dir='ltr'><strong>per</strong></span> <span class='ocrx_word' id='word_1_513' title='bbox 833 3475 1084 3530; x_wconf 89' lang='lat' dir='ltr'><strong>meritum</strong></span> <span class='ocrx_word' id='word_1_514' title='bbox 1115 3485 1381 3541; x_wconf 85' lang='lat' dir='ltr'><strong>crescant,</strong></span> <span class='ocrx_word' id='word_1_515' title='bbox 1418 3485 1474 3529; x_wconf 82' lang='lat' dir='ltr'><strong>et</strong></span> <span class='ocrx_word' id='word_1_516' title='bbox 1504 3477 1777 3532; x_wconf 89' lang='lat' dir='ltr'><strong>auditores</strong></span> 
     </span>
    </p>
   </div>
   <div class='ocr_carea' id='block_1_65' title="bbox 187 3563 1774 3637">
    <p class='ocr_par' dir='ltr' id='par_1_65' title="bbox 187 3563 1774 3637">
     <span class='ocr_line' id='line_1_65' title="bbox 187 3563 1774 3637; baseline 0.002 -17"><span class='ocrx_word' id='word_1_517' title='bbox 187 3581 379 3621; x_wconf 88' lang='lat' dir='ltr'><strong>eorum</strong></span> <span class='ocrx_word' id='word_1_518' title='bbox 429 3565 704 3627; x_wconf 83' lang='lat' dir='ltr'><strong>intellectu</strong></span> <span class='ocrx_word' id='word_1_519' title='bbox 741 3563 796 3620; x_wconf 81' lang='lat' dir='ltr'><strong>et</strong></span> <span class='ocrx_word' id='word_1_520' title='bbox 825 3566 930 3620; x_wconf 79' lang='lat' dir='ltr'><strong>vita</strong></span> <span class='ocrx_word' id='word_1_521' title='bbox 965 3566 1270 3636; x_wconf 74' lang='lat' dir='ltr'><strong>proficiant.</strong></span> <span class='ocrx_word' id='word_1_522' title='bbox 1303 3567 1604 3637; x_wconf 88' lang='lat' dir='ltr'><strong>Aliquando</strong></span> <span class='ocrx_word' id='word_1_523' title='bbox 1623 3584 1774 3634; x_wconf 90' lang='lat' dir='ltr'><strong>vero,</strong></span> 
     </span>
    </p>
   </div>
   <div class='ocr_carea' id='block_1_66' title="bbox 190 3656 1778 3727">
    <p class='ocr_par' dir='ltr' id='par_1_66' title="bbox 190 3656 1778 3727">
     <span class='ocr_line' id='line_1_66' title="bbox 190 3656 1778 3727; baseline 0.003 -17"><span class='ocrx_word' id='word_1_524' title='bbox 190 3659 316 3727; x_wconf 91' lang='lat' dir='ltr'><strong>quia</strong></span> <span class='ocrx_word' id='word_1_525' title='bbox 349 3671 522 3726; x_wconf 92' lang='lat' dir='ltr'><strong>neque</strong></span> <span class='ocrx_word' id='word_1_526' title='bbox 558 3657 612 3710; x_wconf 91' lang='lat' dir='ltr'><strong>hi</strong></span> <span class='ocrx_word' id='word_1_527' title='bbox 653 3656 798 3725; x_wconf 89' lang='lat' dir='ltr'><strong>digni</strong></span> <span class='ocrx_word' id='word_1_528' title='bbox 842 3664 967 3711; x_wconf 88' lang='lat' dir='ltr'><strong>sunt</strong></span> <span class='ocrx_word' id='word_1_529' title='bbox 1003 3656 1268 3725; x_wconf 86' lang='lat' dir='ltr'><strong>accipere,</strong></span> <span class='ocrx_word' id='word_1_530' title='bbox 1299 3656 1493 3726; x_wconf 90' lang='lat' dir='ltr'><strong>quibus</strong></span> <span class='ocrx_word' id='word_1_531' title='bbox 1516 3657 1778 3714; x_wconf 76' lang='lat' dir='ltr'><strong>doctrinae</strong></span> 
     </span>
    </p>
   </div>
   <div class='ocr_carea' id='block_1_67' title="bbox 192 3746 1779 3820">
    <p class='ocr_par' dir='ltr' id='par_1_67' title="bbox 192 3746 1779 3820">
     <span class='ocr_line' id='line_1_67' title="bbox 192 3746 1779 3820; baseline 0.001 -17"><span class='ocrx_word' id='word_1_532' title='bbox 192 3763 373 3804; x_wconf 90' lang='lat' dir='ltr'><strong>sermo</strong></span> <span class='ocrx_word' id='word_1_533' title='bbox 407 3746 711 3817; x_wconf 85' lang='lat' dir='ltr'><strong>profertur,</strong></span> <span class='ocrx_word' id='word_1_534' title='bbox 760 3762 934 3818; x_wconf 88' lang='lat' dir='ltr'><strong>neque</strong></span> <span class='ocrx_word' id='word_1_535' title='bbox 976 3749 1051 3802; x_wconf 90' lang='lat' dir='ltr'><strong>illi</strong></span> <span class='ocrx_word' id='word_1_536' title='bbox 1093 3749 1350 3803; x_wconf 73' lang='lat' dir='ltr'><strong>doctrina:</strong></span> <span class='ocrx_word' id='word_1_537' title='bbox 1392 3751 1616 3804; x_wconf 82' lang='lat' dir='ltr'><strong>verbum</strong></span> <span class='ocrx_word' id='word_1_538' title='bbox 1657 3766 1779 3820; x_wconf 87' lang='lat' dir='ltr'><strong>pro-</strong></span> 
     </span>
    </p>
   </div>
   <div class='ocr_carea' id='block_1_68' title="bbox 193 3836 1779 3909">
    <p class='ocr_par' dir='ltr' id='par_1_68' title="bbox 193 3836 1779 3909">
     <span class='ocr_line' id='line_1_68' title="bbox 193 3836 1779 3909; baseline 0.002 -18"><span class='ocrx_word' id='word_1_539' title='bbox 193 3836 356 3904; x_wconf 87' lang='lat' dir='ltr'><strong>ferre,</strong></span> <span class='ocrx_word' id='word_1_540' title='bbox 382 3839 472 3909; x_wconf 85' lang='lat' dir='ltr'><strong>qui</strong></span> <span class='ocrx_word' id='word_1_541' title='bbox 497 3839 673 3893; x_wconf 92' lang='lat' dir='ltr'><strong>locum</strong></span> <span class='ocrx_word' id='word_1_542' title='bbox 691 3838 922 3893; x_wconf 87' lang='lat' dir='ltr'><strong>docendi</strong></span> <span class='ocrx_word' id='word_1_543' title='bbox 950 3847 1155 3903; x_wconf 90' lang='lat' dir='ltr'><strong>tenent,</strong></span> <span class='ocrx_word' id='word_1_544' title='bbox 1180 3839 1576 3908; x_wconf 69' lang='lat' dir='ltr'><strong>praedicationis</strong></span> <span class='ocrx_word' id='word_1_545' title='bbox 1599 3854 1779 3894; x_wconf 91' lang='lat' dir='ltr'><strong>sermo</strong></span> 
     </span>
    </p>
   </div>
   <div class='ocr_carea' id='block_1_69' title="bbox 194 3927 1779 3999">
    <p class='ocr_par' dir='ltr' id='par_1_69' title="bbox 194 3927 1779 3999">
     <span class='ocr_line' id='line_1_69' title="bbox 194 3927 1779 3999; baseline 0.001 -17"><span class='ocrx_word' id='word_1_546' title='bbox 194 3927 422 3994; x_wconf 90' lang='lat' dir='ltr'><strong>tollitur,</strong></span> <span class='ocrx_word' id='word_1_547' title='bbox 451 3937 510 3982; x_wconf 92' lang='lat' dir='ltr'><strong>ut</strong></span> <span class='ocrx_word' id='word_1_548' title='bbox 534 3937 763 3998; x_wconf 81' lang='lat' dir='ltr'><strong>utraque</strong></span> <span class='ocrx_word' id='word_1_549' title='bbox 795 3943 920 3997; x_wconf 83' lang='lat' dir='ltr'><strong>pars</strong></span> <span class='ocrx_word' id='word_1_550' title='bbox 946 3929 1188 3984; x_wconf 83' lang='lat' dir='ltr'><strong>districto</strong></span> <span class='ocrx_word' id='word_1_551' title='bbox 1207 3927 1480 3999; x_wconf 82' lang='lat' dir='ltr'><strong>iudicetur</strong></span> <span class='ocrx_word' id='word_1_552' title='bbox 1511 3948 1522 3981; x_wconf 93' lang='lat'><strong>:</strong></span> <span class='ocrx_word' id='word_1_553' title='bbox 1555 3938 1779 3998; x_wconf 87' lang='lat' dir='ltr'><strong>propter</strong></span> 
     </span>
    </p>
   </div>
   <div class='ocr_carea' id='block_1_70' title="bbox 193 4016 1780 4088">
    <p class='ocr_par' dir='ltr' id='par_1_70' title="bbox 193 4016 1780 4088">
     <span class='ocr_line' id='line_1_70' title="bbox 193 4016 1780 4088; baseline 0.002 -19"><span class='ocrx_word' id='word_1_554' title='bbox 193 4017 364 4071; x_wconf 88' lang='lat' dir='ltr'><strong>malos</strong></span> <span class='ocrx_word' id='word_1_555' title='bbox 411 4031 646 4088; x_wconf 88' lang='lat' dir='ltr'><strong>namque</strong></span> <span class='ocrx_word' id='word_1_556' title='bbox 697 4016 989 4081; x_wconf 89' lang='lat' dir='ltr'><strong>auditores,</strong></span> <span class='ocrx_word' id='word_1_557' title='bbox 1036 4017 1192 4071; x_wconf 89' lang='lat' dir='ltr'><strong>bonis</strong></span> <span class='ocrx_word' id='word_1_558' title='bbox 1238 4033 1417 4075; x_wconf 86' lang='lat' dir='ltr'><strong>sermo</strong></span> <span class='ocrx_word' id='word_1_559' title='bbox 1466 4018 1780 4073; x_wconf 89' lang='lat' dir='ltr'><strong>doctoribus</strong></span> 
     </span>
    </p>
   </div>
   <div class='ocr_carea' id='block_1_71' title="bbox 195 4104 1777 4176">
    <p class='ocr_par' dir='ltr' id='par_1_71' title="bbox 195 4104 1777 4176">
     <span class='ocr_line' id='line_1_71' title="bbox 195 4104 1777 4176; baseline 0 -16"><span class='ocrx_word' id='word_1_560' title='bbox 195 4104 420 4170; x_wconf 89' lang='lat' dir='ltr'><strong>tollitur,</strong></span> <span class='ocrx_word' id='word_1_561' title='bbox 435 4105 577 4160; x_wconf 86' lang='lat' dir='ltr'><strong>sicut</strong></span> <span class='ocrx_word' id='word_1_562' title='bbox 603 4120 745 4158; x_wconf 93' lang='lat' dir='ltr'><strong>nunc</strong></span> <span class='ocrx_word' id='word_1_563' title='bbox 771 4105 840 4158; x_wconf 89' lang='lat' dir='ltr'><strong>ad</strong></span> <span class='ocrx_word' id='word_1_564' title='bbox 854 4104 1189 4160; x_wconf 85' lang='lat' dir='ltr'><strong>Ezechielem</strong></span> <span class='ocrx_word' id='word_1_565' title='bbox 1210 4107 1527 4176; x_wconf 82' lang='lat' dir='ltr'><strong>prephctam</strong></span> <span class='ocrx_word' id='word_1_566' title='bbox 1550 4107 1777 4162; x_wconf 86' lang='lat' dir='ltr'><strong>dicitur:</strong></span> 
     </span>
    </p>
   </div>
   <div class='ocr_carea' id='block_1_72' title="bbox 199 4178 1780 4269">
    <p class='ocr_par' dir='ltr' id='par_1_72' title="bbox 199 4178 1780 4269">
     <span class='ocr_line' id='line_1_72' title="bbox 199 4178 1780 4269; baseline 0.005 -22"><span class='ocrx_word' id='word_1_567' title='bbox 199 4214 218 4247; x_wconf 76' lang='grc' dir='ltr'><strong>ι</strong></span> <span class='ocrx_word' id='word_1_568' title='bbox 253 4194 516 4266; x_wconf 85' lang='lat' dir='ltr'><strong>Linguam</strong></span> <span class='ocrx_word' id='word_1_569' title='bbox 546 4187 693 4248; x_wconf 85' lang='lat' dir='ltr'><strong>tuam</strong></span> <span class='ocrx_word' id='word_1_570' title='bbox 715 4195 990 4251; x_wconf 67' lang='lat' dir='ltr'><strong>adhaerere</strong></span> <span class='ocrx_word' id='word_1_571' title='bbox 1021 4196 1216 4252; x_wconf 89' lang='lat' dir='ltr'><strong>faciam</strong></span> <span class='ocrx_word' id='word_1_572' title='bbox 1233 4198 1423 4269; x_wconf 84' lang='lat' dir='ltr'><strong>palato</strong></span> <span class='ocrx_word' id='word_1_573' title='bbox 1451 4178 1564 4264; x_wconf 71' lang='lat' dir='ltr'><strong>tuo,</strong></span> <span class='ocrx_word' id='word_1_574' title='bbox 1593 4209 1648 4254; x_wconf 90' lang='lat' dir='ltr'><strong>et</strong></span> <span class='ocrx_word' id='word_1_575' title='bbox 1672 4200 1780 4255; x_wconf 89' lang='lat' dir='ltr'><strong>eris</strong></span> 
     </span>
    </p>
   </div>
   <div class='ocr_carea' id='block_1_73' title="bbox 193 4287 1781 4362">
    <p class='ocr_par' dir='ltr' id='par_1_73' title="bbox 193 4287 1781 4362">
     <span class='ocr_line' id='line_1_73' title="bbox 193 4287 1781 4362; baseline 0.004 -21"><span class='ocrx_word' id='word_1_576' title='bbox 193 4297 397 4351; x_wconf 87' lang='lat' dir='ltr'><strong>mutus,</strong></span> <span class='ocrx_word' id='word_1_577' title='bbox 427 4302 527 4342; x_wconf 92' lang='lat' dir='ltr'><strong>nec</strong></span> <span class='ocrx_word' id='word_1_578' title='bbox 550 4287 706 4356; x_wconf 86' lang='lat' dir='ltr'><strong>quasi</strong></span> <span class='ocrx_word' id='word_1_579' title='bbox 737 4287 818 4340; x_wconf 89' lang='lat' dir='ltr'><strong>vir</strong></span> <span class='ocrx_word' id='word_1_580' title='bbox 845 4287 1154 4360; x_wconf 78' lang='lat' dir='ltr'><strong>obiurgans,</strong></span> <span class='ocrx_word' id='word_1_581' title='bbox 1187 4291 1316 4360; x_wconf 83' lang='lat' dir='ltr'><strong>quia</strong></span> <span class='ocrx_word' id='word_1_582' title='bbox 1342 4291 1536 4345; x_wconf 88' lang='lat' dir='ltr'><strong>domus</strong></span> <span class='ocrx_word' id='word_1_583' title='bbox 1557 4306 1781 4362; x_wconf 79' lang='lat' dir='ltr'><strong>exaspe-</strong></span> 
     </span>
    </p>
   </div>
   <div class='ocr_carea' id='block_1_74' title="bbox 197 4377 1781 4446">
    <p class='ocr_par' dir='ltr' id='par_1_74' title="bbox 197 4377 1781 4446">
     <span class='ocr_line' id='line_1_74' title="bbox 197 4377 1781 4446; baseline 0.005 -16"><span class='ocrx_word' id='word_1_584' title='bbox 197 4383 324 4431; x_wconf 88' lang='lat' dir='ltr'><strong>rans</strong></span> <span class='ocrx_word' id='word_1_585' title='bbox 349 4385 452 4446; x_wconf 77' lang='lat' dir='ltr'><strong>est.</strong></span> <span class='ocrx_word' id='word_1_586' title='bbox 493 4397 512 4430; x_wconf 76' lang='grc' dir='ltr'><strong>ι</strong></span> <span class='ocrx_word' id='word_1_587' title='bbox 550 4377 615 4430; x_wconf 84' lang='grc' dir='ltr'>Ει</span> <span class='ocrx_word' id='word_1_588' title='bbox 644 4377 786 4432; x_wconf 89' lang='lat' dir='ltr'><strong>sicut</strong></span> <span class='ocrx_word' id='word_1_589' title='bbox 824 4377 990 4438; x_wconf 90' lang='lat' dir='ltr'><strong>Paulo</strong></span> <span class='ocrx_word' id='word_1_590' title='bbox 1044 4380 1243 4434; x_wconf 90' lang='lat' dir='ltr'><strong>dicitur</strong></span> <span class='ocrx_word' id='word_1_591' title='bbox 1273 4400 1285 4434; x_wconf 84' lang='lat'><strong>:</strong></span> <span class='ocrx_word' id='word_1_592' title='bbox 1322 4381 1595 4437; x_wconf 59' lang='lat' dir='ltr'><strong>(Festina</strong></span> <span class='ocrx_word' id='word_1_593' title='bbox 1615 4391 1671 4438; x_wconf 91' lang='lat' dir='ltr'><strong>et</strong></span> <span class='ocrx_word' id='word_1_594' title='bbox 1693 4385 1781 4438; x_wconf 84' lang='lat' dir='ltr'><strong>exi</strong></span> 
     </span>
    </p>
   </div>
   <div class='ocr_carea' id='block_1_75' title="bbox 195 4467 1782 4544">
    <p class='ocr_par' dir='ltr' id='par_1_75' title="bbox 195 4467 1782 4544">
     <span class='ocr_line' id='line_1_75' title="bbox 195 4467 1782 4544; baseline 0.003 -23"><span class='ocrx_word' id='word_1_595' title='bbox 195 4467 453 4522; x_wconf 86' lang='lat' dir='ltr'><strong>velociter</strong></span> <span class='ocrx_word' id='word_1_596' title='bbox 502 4482 568 4544; x_wconf 77' lang='lat' dir='ltr'><strong>ex</strong></span> <span class='ocrx_word' id='word_1_597' title='bbox 627 4467 992 4532; x_wconf 81' lang='lat' dir='ltr'><strong>Hierusalem,</strong></span> <span class='ocrx_word' id='word_1_598' title='bbox 1047 4470 1303 4538; x_wconf 90' lang='lat' dir='ltr'><strong>quoniam</strong></span> <span class='ocrx_word' id='word_1_599' title='bbox 1361 4487 1467 4525; x_wconf 89' lang='lat' dir='ltr'><strong>non</strong></span> <span class='ocrx_word' id='word_1_600' title='bbox 1522 4473 1782 4544; x_wconf 87' lang='lat' dir='ltr'><strong>recipient</strong></span> 
     </span>
    </p>
   </div>
   <div class='ocr_carea' id='block_1_76' title="bbox 196 4558 1778 4633">
    <p class='ocr_par' dir='ltr' id='par_1_76' title="bbox 196 4558 1778 4633">
     <span class='ocr_line' id='line_1_76' title="bbox 196 4558 1778 4633; baseline 0.002 -19"><span class='ocrx_word' id='word_1_601' title='bbox 196 4559 567 4615; x_wconf 90' lang='lat' dir='ltr'><strong>testimonium</strong></span> <span class='ocrx_word' id='word_1_602' title='bbox 614 4567 764 4612; x_wconf 90' lang='lat' dir='ltr'><strong>tuum</strong></span> <span class='ocrx_word' id='word_1_603' title='bbox 803 4558 868 4614; x_wconf 90' lang='lat' dir='ltr'><strong>de</strong></span> <span class='ocrx_word' id='word_1_604' title='bbox 893 4574 978 4614; x_wconf 92' lang='lat' dir='ltr'><strong>me</strong></span> <span class='ocrx_word' id='word_1_605' title='bbox 1005 4559 1141 4630; x_wconf 83' lang='lat' dir='ltr'><strong>(Act.</strong></span> <span class='ocrx_word' id='word_1_606' title='bbox 1174 4561 1328 4633; x_wconf 61' lang='grc' dir='ltr'>χχιι).</span> <span class='ocrx_word' id='word_1_607' title='bbox 1367 4581 1384 4613; x_wconf 77' lang='grc' dir='ltr'><strong>ι</strong></span> <span class='ocrx_word' id='word_1_608' title='bbox 1421 4561 1488 4615; x_wconf 87' lang='grc' dir='ltr'>Ει</span> <span class='ocrx_word' id='word_1_609' title='bbox 1513 4563 1653 4616; x_wconf 88' lang='lat' dir='ltr'><strong>sicut</strong></span> <span class='ocrx_word' id='word_1_610' title='bbox 1686 4578 1778 4617; x_wconf 86' lang='lat' dir='ltr'><strong>vo-</strong></span> 
     </span>
    </p>
   </div>
   <div class='ocr_carea' id='block_1_77' title="bbox 198 4649 1780 4723">
    <p class='ocr_par' dir='ltr' id='par_1_77' title="bbox 198 4649 1780 4723">
     <span class='ocr_line' id='line_1_77' title="bbox 198 4649 1780 4723; baseline 0.003 -19"><span class='ocrx_word' id='word_1_611' title='bbox 198 4651 436 4708; x_wconf 85' lang='lat' dir='ltr'><strong>lentibus</strong></span> <span class='ocrx_word' id='word_1_612' title='bbox 479 4649 749 4721; x_wconf 84' lang='lat' dir='ltr'><strong>Apostolis</strong></span> <span class='ocrx_word' id='word_1_613' title='bbox 789 4651 1085 4721; x_wconf 61' lang='lat' dir='ltr'><strong>praedicare</strong></span> <span class='ocrx_word' id='word_1_614' title='bbox 1135 4653 1188 4706; x_wconf 93' lang='lat' dir='ltr'><strong>in</strong></span> <span class='ocrx_word' id='word_1_615' title='bbox 1217 4652 1342 4707; x_wconf 80' lang='lat' dir='ltr'><strong>Asia</strong></span> <span class='ocrx_word' id='word_1_616' title='bbox 1392 4653 1652 4723; x_wconf 89' lang='lat' dir='ltr'><strong>scriptum</strong></span> <span class='ocrx_word' id='word_1_617' title='bbox 1695 4664 1780 4710; x_wconf 90' lang='lat' dir='ltr'><strong>est</strong></span> 
     </span>
    </p>
   </div>
   <div class='ocr_carea' id='block_1_78' title="bbox 199 4743 1780 4816">
    <p class='ocr_par' dir='ltr' id='par_1_78' title="bbox 199 4743 1780 4816">
     <span class='ocr_line' id='line_1_78' title="bbox 199 4743 1780 4816; baseline -0.001 -15"><span class='ocrx_word' id='word_1_618' title='bbox 199 4747 328 4816; x_wconf 84' lang='lat' dir='ltr'><strong>quia</strong></span> <span class='ocrx_word' id='word_1_619' title='bbox 362 4764 379 4794; x_wconf 82' lang='grc' dir='ltr'><strong>ι</strong></span> <span class='ocrx_word' id='word_1_620' title='bbox 417 4743 691 4813; x_wconf 89' lang='lat' dir='ltr'><strong>prohibuit</strong></span> <span class='ocrx_word' id='word_1_621' title='bbox 725 4758 818 4797; x_wconf 89' lang='lat' dir='ltr'><strong>eos</strong></span> <span class='ocrx_word' id='word_1_622' title='bbox 850 4743 1072 4813; x_wconf 82' lang='lat' dir='ltr'><strong>Spiritus</strong></span> <span class='ocrx_word' id='word_1_623' title='bbox 1099 4743 1227 4799; x_wconf 86' lang='lat' dir='ltr'><strong>Jesu</strong></span> <span class='ocrx_word' id='word_1_624' title='bbox 1257 4745 1394 4815; x_wconf 79' lang='lat' dir='ltr'><strong>(Act.</strong></span> <span class='ocrx_word' id='word_1_625' title='bbox 1427 4750 1560 4813; x_wconf 77' lang='lat' dir='ltr'><strong>xvr).</strong></span> <span class='ocrx_word' id='word_1_626' title='bbox 1597 4764 1615 4796; x_wconf 86' lang='grc'>›</span> <span class='ocrx_word' id='word_1_627' title='bbox 1650 4745 1780 4800; x_wconf 88' lang='lat' dir='ltr'><strong>Pro-</strong></span> 
     </span>
    </p>
   </div>
   <div class='ocr_carea' id='block_1_79' title="bbox 201 4833 1779 4905">
    <p class='ocr_par' dir='ltr' id='par_1_79' title="bbox 201 4833 1779 4905">
     <span class='ocr_line' id='line_1_79' title="bbox 201 4833 1779 4905; baseline 0 -16"><span class='ocrx_word' id='word_1_628' title='bbox 201 4846 324 4905; x_wconf 86' lang='lat' dir='ltr'><strong>pter</strong></span> <span class='ocrx_word' id='word_1_629' title='bbox 354 4836 522 4889; x_wconf 90' lang='lat' dir='ltr'><strong>bonos</strong></span> <span class='ocrx_word' id='word_1_630' title='bbox 554 4834 824 4888; x_wconf 89' lang='lat' dir='ltr'><strong>auditores</strong></span> <span class='ocrx_word' id='word_1_631' title='bbox 864 4833 1027 4887; x_wconf 88' lang='lat' dir='ltr'><strong>etiam</strong></span> <span class='ocrx_word' id='word_1_632' title='bbox 1081 4835 1235 4888; x_wconf 84' lang='lat' dir='ltr'><strong>malis</strong></span> <span class='ocrx_word' id='word_1_633' title='bbox 1269 4836 1578 4888; x_wconf 89' lang='lat' dir='ltr'><strong>doctoribus</strong></span> <span class='ocrx_word' id='word_1_634' title='bbox 1603 4849 1779 4889; x_wconf 87' lang='lat' dir='ltr'><strong>sermo</strong></span> 
     </span>
    </p>
   </div>
   <div class='ocr_carea' id='block_1_80' title="bbox 203 4921 1779 4986">
    <p class='ocr_par' dir='ltr' id='par_1_80' title="bbox 203 4921 1779 4986">
     <span class='ocr_line' id='line_1_80' title="bbox 203 4921 1779 4986; baseline -0.001 -7"><span class='ocrx_word' id='word_1_635' title='bbox 203 4927 385 4986; x_wconf 87' lang='lat' dir='ltr'><strong>datur,</strong></span> <span class='ocrx_word' id='word_1_636' title='bbox 416 4924 552 4977; x_wconf 90' lang='lat' dir='ltr'><strong>sicut</strong></span> <span class='ocrx_word' id='word_1_637' title='bbox 599 4923 666 4977; x_wconf 88' lang='lat' dir='ltr'><strong>de</strong></span> <span class='ocrx_word' id='word_1_638' title='bbox 709 4921 997 4976; x_wconf 66' lang='lat' dir='ltr'><strong>Pharisreis</strong></span> <span class='ocrx_word' id='word_1_639' title='bbox 1038 4922 1294 4976; x_wconf 90' lang='lat' dir='ltr'><strong>Dominus</strong></span> <span class='ocrx_word' id='word_1_640' title='bbox 1329 4923 1499 4978; x_wconf 88' lang='lat' dir='ltr'><strong>dicit:</strong></span> <span class='ocrx_word' id='word_1_641' title='bbox 1535 4943 1553 4974; x_wconf 79' lang='grc' dir='ltr'><strong>ι</strong></span> <span class='ocrx_word' id='word_1_642' title='bbox 1588 4922 1779 4979; x_wconf 89' lang='lat' dir='ltr'><strong>Omnia</strong></span> 
     </span>
    </p>
   </div>
   <div class='ocr_carea' id='block_1_81' title="bbox 205 5010 1783 5082">
    <p class='ocr_par' dir='ltr' id='par_1_81' title="bbox 205 5010 1783 5082">
     <span class='ocr_line' id='line_1_81' title="bbox 205 5010 1783 5082; baseline 0.001 -16"><span class='ocrx_word' id='word_1_643' title='bbox 205 5026 538 5082; x_wconf 68' lang='lat' dir='ltr'><strong>quaecunque</strong></span> <span class='ocrx_word' id='word_1_644' title='bbox 573 5011 809 5066; x_wconf 79' lang='lat' dir='ltr'><strong>dixerint</strong></span> <span class='ocrx_word' id='word_1_645' title='bbox 835 5010 1020 5075; x_wconf 80' lang='lat' dir='ltr'><strong>vobis,</strong></span> <span class='ocrx_word' id='word_1_646' title='bbox 1045 5019 1256 5065; x_wconf 90' lang='lat' dir='ltr'><strong>servate</strong></span> <span class='ocrx_word' id='word_1_647' title='bbox 1287 5021 1342 5066; x_wconf 92' lang='lat' dir='ltr'><strong>et</strong></span> <span class='ocrx_word' id='word_1_648' title='bbox 1369 5010 1545 5065; x_wconf 87' lang='lat' dir='ltr'><strong>facite.</strong></span> <span class='ocrx_word' id='word_1_649' title='bbox 1574 5012 1783 5069; x_wconf 90' lang='lat' dir='ltr'><strong>Secun-</strong></span> 
     </span>
    </p>
   </div>
   <div class='ocr_carea' id='block_1_82' title="bbox 208 5098 1782 5174">
    <p class='ocr_par' dir='ltr' id='par_1_82' title="bbox 208 5098 1782 5174">
     <span class='ocr_line' id='line_1_82' title="bbox 208 5098 1782 5174; baseline -0.002 -16"><span class='ocrx_word' id='word_1_650' title='bbox 208 5106 334 5158; x_wconf 90' lang='lat' dir='ltr'><strong>dum</strong></span> <span class='ocrx_word' id='word_1_651' title='bbox 369 5112 493 5155; x_wconf 81' lang='lat' dir='ltr'><strong>vero</strong></span> <span class='ocrx_word' id='word_1_652' title='bbox 519 5115 685 5171; x_wconf 87' lang='lat' dir='ltr'><strong>opera</strong></span> <span class='ocrx_word' id='word_1_653' title='bbox 715 5116 901 5163; x_wconf 87' lang='lat' dir='ltr'><strong>eorum</strong></span> <span class='ocrx_word' id='word_1_654' title='bbox 941 5100 1103 5154; x_wconf 91' lang='lat' dir='ltr'><strong>nolite</strong></span> <span class='ocrx_word' id='word_1_655' title='bbox 1141 5098 1352 5174; x_wconf 52' lang='lat' dir='ltr'><strong>facere;</strong></span> <span class='ocrx_word' id='word_1_656' title='bbox 1391 5102 1576 5157; x_wconf 85' lang='lat' dir='ltr'><strong>dicunt</strong></span> <span class='ocrx_word' id='word_1_657' title='bbox 1617 5102 1782 5167; x_wconf 91' lang='lat' dir='ltr'><strong>enim,</strong></span> 
     </span>
    </p>
   </div>
   <div class='ocr_carea' id='block_1_83' title="bbox 209 5189 1783 5263">
    <p class='ocr_par' dir='ltr' id='par_1_83' title="bbox 209 5189 1783 5263">
     <span class='ocr_line' id='line_1_83' title="bbox 209 5189 1783 5263; baseline -0.002 -14"><span class='ocrx_word' id='word_1_658' title='bbox 209 5202 267 5249; x_wconf 89' lang='lat' dir='ltr'><strong>et</strong></span> <span class='ocrx_word' id='word_1_659' title='bbox 310 5208 415 5248; x_wconf 89' lang='lat' dir='ltr'><strong>non</strong></span> <span class='ocrx_word' id='word_1_660' title='bbox 458 5191 663 5246; x_wconf 84' lang='lat' dir='ltr'><strong>faciunt</strong></span> <span class='ocrx_word' id='word_1_661' title='bbox 694 5191 906 5263; x_wconf 75' lang='lat' dir='ltr'><strong>(Matth.</strong></span> <span class='ocrx_word' id='word_1_662' title='bbox 940 5189 1116 5262; x_wconf 67' lang='grc' dir='ltr'>χχιιι).</span> <span class='ocrx_word' id='word_1_663' title='bbox 1155 5209 1173 5242; x_wconf 81' lang='grc' dir='ltr'><strong>ι</strong></span> <span class='ocrx_word' id='word_1_664' title='bbox 1216 5190 1441 5261; x_wconf 87' lang='lat' dir='ltr'><strong>Propter</strong></span> <span class='ocrx_word' id='word_1_665' title='bbox 1476 5192 1783 5248; x_wconf 89' lang='lat' dir='ltr'><strong>docentium</strong></span> 
     </span>
    </p>
   </div>
   <div class='ocr_carea' id='block_1_84' title="bbox 209 5279 1786 5355">
    <p class='ocr_par' dir='ltr' id='par_1_84' title="bbox 209 5279 1786 5355">
     <span class='ocr_line' id='line_1_84' title="bbox 209 5279 1786 5355; baseline 0.001 -18"><span class='ocrx_word' id='word_1_666' title='bbox 209 5297 424 5355; x_wconf 87' lang='lat' dir='ltr'><strong>quoque</strong></span> <span class='ocrx_word' id='word_1_667' title='bbox 445 5282 696 5336; x_wconf 90' lang='lat' dir='ltr'><strong>meritum</strong></span> <span class='ocrx_word' id='word_1_668' title='bbox 722 5289 776 5335; x_wconf 90' lang='lat' dir='ltr'><strong>et</strong></span> <span class='ocrx_word' id='word_1_669' title='bbox 798 5279 1125 5334; x_wconf 89' lang='lat' dir='ltr'><strong>audientium</strong></span> <span class='ocrx_word' id='word_1_670' title='bbox 1145 5279 1585 5348; x_wconf 84' lang='lat' dir='ltr'><strong>iustiﬁcationem</strong></span> <span class='ocrx_word' id='word_1_671' title='bbox 1608 5298 1786 5340; x_wconf 88' lang='lat' dir='ltr'><strong>sermo</strong></span> 
     </span>
    </p>
   </div>
   <div class='ocr_carea' id='block_1_85' title="bbox 210 5372 1781 5447">
    <p class='ocr_par' dir='ltr' id='par_1_85' title="bbox 210 5372 1781 5447">
     <span class='ocr_line' id='line_1_85' title="bbox 210 5372 1781 5447; baseline -0.001 -18"><span class='ocrx_word' id='word_1_672' title='bbox 210 5375 469 5430; x_wconf 79' lang='lat' dir='ltr'><strong>doctrina:</strong></span> <span class='ocrx_word' id='word_1_673' title='bbox 511 5372 782 5438; x_wconf 80' lang='lat' dir='ltr'><strong>tribuitur,</strong></span> <span class='ocrx_word' id='word_1_674' title='bbox 827 5373 966 5428; x_wconf 89' lang='lat' dir='ltr'><strong>sicut</strong></span> <span class='ocrx_word' id='word_1_675' title='bbox 1008 5373 1206 5428; x_wconf 84' lang='lat' dir='ltr'><strong>sanctis</strong></span> <span class='ocrx_word' id='word_1_676' title='bbox 1253 5374 1734 5447; x_wconf 39' lang='lat' dir='ltr'><strong>apostolisldicitur</strong></span> <span class='ocrx_word' id='word_1_677' title='bbox 1771 5395 1781 5428; x_wconf 90' lang='lat'><strong>:</strong></span> 
     </span>
    </p>
   </div>
   <div class='ocr_carea' id='block_1_86' title="bbox 217 5452 1781 5537">
    <p class='ocr_par' dir='ltr' id='par_1_86' title="bbox 217 5452 1781 5537">
     <span class='ocr_line' id='line_1_86' title="bbox 217 5452 1781 5537; baseline -0.001 -19"><span class='ocrx_word' id='word_1_678' title='bbox 217 5484 237 5518; x_wconf 75' lang='grc' dir='ltr'><strong>ι</strong></span> <span class='ocrx_word' id='word_1_679' title='bbox 261 5452 468 5523; x_wconf 76' lang='lat' dir='ltr'><strong>Euntes</strong></span> <span class='ocrx_word' id='word_1_680' title='bbox 485 5477 628 5518; x_wconf 88' lang='lat' dir='ltr'><strong>nunc</strong></span> <span class='ocrx_word' id='word_1_681' title='bbox 648 5461 837 5517; x_wconf 88' lang='lat' dir='ltr'><strong>docete</strong></span> <span class='ocrx_word' id='word_1_682' title='bbox 857 5479 1044 5519; x_wconf 86' lang='lat' dir='ltr'><strong>omnes</strong></span> <span class='ocrx_word' id='word_1_683' title='bbox 1064 5472 1252 5535; x_wconf 88' lang='lat' dir='ltr'><strong>gentes</strong></span> <span class='ocrx_word' id='word_1_684' title='bbox 1278 5465 1490 5537; x_wconf 78' lang='lat' dir='ltr'><strong>(Matth.</strong></span> <span class='ocrx_word' id='word_1_685' title='bbox 1521 5466 1732 5536; x_wconf 79' lang='lat' dir='ltr'><strong>xxvni).</strong></span> <span class='ocrx_word' id='word_1_686' title='bbox 1764 5485 1781 5516; x_wconf 79' lang='grc' dir='ltr'><strong>ι</strong></span> 
     </span>
    </p>
   </div>
   <div class='ocr_carea' id='block_1_87' title="bbox 209 5551 1786 5624">
    <p class='ocr_par' dir='ltr' id='par_1_87' title="bbox 209 5551 1786 5624">
     <span class='ocr_line' id='line_1_87' title="bbox 209 5551 1786 5624; baseline -0.001 -16"><span class='ocrx_word' id='word_1_687' title='bbox 209 5554 441 5622; x_wconf 83' lang='lat' dir='ltr'><strong>Propter</strong></span> <span class='ocrx_word' id='word_1_688' title='bbox 467 5551 639 5607; x_wconf 89' lang='lat' dir='ltr'><strong>malos</strong></span> <span class='ocrx_word' id='word_1_689' title='bbox 673 5553 946 5606; x_wconf 89' lang='lat' dir='ltr'><strong>auditores</strong></span> <span class='ocrx_word' id='word_1_690' title='bbox 974 5562 1028 5607; x_wconf 92' lang='lat' dir='ltr'><strong>et</strong></span> <span class='ocrx_word' id='word_1_691' title='bbox 1055 5554 1328 5624; x_wconf 85' lang='lat' dir='ltr'><strong>indignam</strong></span> <span class='ocrx_word' id='word_1_692' title='bbox 1366 5556 1528 5610; x_wconf 87' lang='lat' dir='ltr'><strong>vitam</strong></span> <span class='ocrx_word' id='word_1_693' title='bbox 1579 5569 1786 5618; x_wconf 88' lang='lat' dir='ltr'><strong>eorum,</strong></span> 
     </span>
    </p>
   </div>
   <div class='ocr_carea' id='block_1_88' title="bbox 211 5643 1784 5716">
    <p class='ocr_par' dir='ltr' id='par_1_88' title="bbox 211 5643 1784 5716">
     <span class='ocr_line' id='line_1_88' title="bbox 211 5643 1784 5716; baseline 0.001 -17"><span class='ocrx_word' id='word_1_694' title='bbox 211 5645 306 5716; x_wconf 79' lang='lat' dir='ltr'><strong>qui</strong></span> <span class='ocrx_word' id='word_1_695' title='bbox 347 5645 541 5699; x_wconf 86' lang='lat' dir='ltr'><strong>docere</strong></span> <span class='ocrx_word' id='word_1_696' title='bbox 578 5644 899 5708; x_wconf 88' lang='lat' dir='ltr'><strong>debuerunt,</strong></span> <span class='ocrx_word' id='word_1_697' title='bbox 943 5660 1118 5700; x_wconf 90' lang='lat' dir='ltr'><strong>sermo</strong></span> <span class='ocrx_word' id='word_1_698' title='bbox 1144 5643 1401 5701; x_wconf 80' lang='lat' dir='ltr'><strong>doctrinae</strong></span> <span class='ocrx_word' id='word_1_699' title='bbox 1431 5649 1784 5710; x_wconf 85' lang='lat' dir='ltr'><strong>subtrahitur,</strong></span> 
     </span>
    </p>
   </div>
   <div class='ocr_carea' id='block_1_89' title="bbox 211 5733 1789 5810">
    <p class='ocr_par' dir='ltr' id='par_1_89' title="bbox 211 5733 1789 5810">
     <span class='ocr_line' id='line_1_89' title="bbox 211 5733 1789 5810; baseline -0.001 -16"><span class='ocrx_word' id='word_1_700' title='bbox 211 5738 356 5794; x_wconf 82' lang='lat' dir='ltr'><strong>sicut</strong></span> <span class='ocrx_word' id='word_1_701' title='bbox 383 5733 595 5798; x_wconf 63' lang='lat' dir='ltr'><strong>Heliad</strong></span> <span class='ocrx_word' id='word_1_702' title='bbox 625 5735 972 5808; x_wconf 69' lang='lat' dir='ltr'><strong>corrigendos</strong></span> <span class='ocrx_word' id='word_1_703' title='bbox 1001 5735 1155 5803; x_wconf 83' lang='lat' dir='ltr'><strong>ﬁlios,</strong></span> <span class='ocrx_word' id='word_1_704' title='bbox 1186 5737 1441 5796; x_wconf 76' lang='lat' dir='ltr'><strong>districwe</strong></span> <span class='ocrx_word' id='word_1_705' title='bbox 1469 5739 1789 5810; x_wconf 82' lang='lat' dir='ltr'><strong>increpatio-</strong></span> 
     </span>
    </p>
   </div>
   <div class='ocr_carea' id='block_1_90' title="bbox 590 5825 1042 5885">
    <p class='ocr_par' dir='ltr' id='par_1_90' title="bbox 590 5825 1042 5885">
     <span class='ocr_line' id='line_1_90' title="bbox 590 5825 1042 5885; baseline 0 0"><span class='ocrx_word' id='word_1_706' title='bbox 590 5828 868 5885; x_wconf 61' lang='lat' dir='ltr'><strong>~Parnm.</strong></span> <span class='ocrx_word' id='word_1_707' title='bbox 908 5825 1042 5885; x_wconf 79' lang='lat' dir='ltr'><strong>CX.</strong></span> 
     </span>
    </p>
   </div>
   <div class='ocr_carea' id='block_1_91' title="bbox 1873 3290 3454 3366">
    <p class='ocr_par' dir='ltr' id='par_1_91' title="bbox 1873 3290 3454 3366">
     <span class='ocr_line' id='line_1_91' title="bbox 1873 3290 3454 3366; baseline -0.003 -16"><span class='ocrx_word' id='word_1_708' title='bbox 1873 3298 1998 3366; x_wconf 88' lang='lat' dir='ltr'><strong>quia</strong></span> <span class='ocrx_word' id='word_1_709' title='bbox 2026 3298 2216 3351; x_wconf 89' lang='lat' dir='ltr'><strong>domus</strong></span> <span class='ocrx_word' id='word_1_710' title='bbox 2246 3290 2574 3364; x_wconf 74' lang='lat' dir='ltr'><strong>exasperans</strong></span> <span class='ocrx_word' id='word_1_711' title='bbox 2599 3300 2702 3347; x_wconf 78' lang='lat' dir='ltr'><strong>est.</strong></span> <span class='ocrx_word' id='word_1_712' title='bbox 2740 3313 2758 3344; x_wconf 80' lang='grc' dir='ltr'><strong>ι</strong></span> <span class='ocrx_word' id='word_1_713' title='bbox 2797 3291 2949 3361; x_wconf 60' lang='lat' dir='ltr'><strong>Sapo</strong></span> <span class='ocrx_word' id='word_1_714' title='bbox 2979 3292 3198 3361; x_wconf 84' lang='lat' dir='ltr'><strong>quidam</strong></span> <span class='ocrx_word' id='word_1_715' title='bbox 3228 3293 3454 3347; x_wconf 88' lang='lat' dir='ltr'><strong>verbum</strong></span> 
     </span>
    </p>
   </div>
   <div class='ocr_carea' id='block_1_92' title="bbox 1874 3381 3458 3450">
    <p class='ocr_par' dir='ltr' id='par_1_92' title="bbox 1874 3381 3458 3450">
     <span class='ocr_line' id='line_1_92' title="bbox 1874 3381 3458 3450; baseline -0.003 -10"><span class='ocrx_word' id='word_1_716' title='bbox 1874 3385 1970 3441; x_wconf 88' lang='lat' dir='ltr'><strong>Dei</strong></span> <span class='ocrx_word' id='word_1_717' title='bbox 2021 3385 2206 3439; x_wconf 86' lang='lat' dir='ltr'><strong>audire</strong></span> <span class='ocrx_word' id='word_1_718' title='bbox 2257 3381 2586 3445; x_wconf 89' lang='lat' dir='ltr'><strong>desiderant,</strong></span> <span class='ocrx_word' id='word_1_719' title='bbox 2639 3381 2731 3435; x_wconf 91' lang='lat' dir='ltr'><strong>sed</strong></span> <span class='ocrx_word' id='word_1_720' title='bbox 2775 3381 2901 3435; x_wconf 91' lang='lat' dir='ltr'><strong>dum</strong></span> <span class='ocrx_word' id='word_1_721' title='bbox 2948 3381 3081 3436; x_wconf 88' lang='lat' dir='ltr'><strong>alios</strong></span> <span class='ocrx_word' id='word_1_722' title='bbox 3117 3381 3458 3450; x_wconf 89' lang='lat' dir='ltr'><strong>conspiciunt</strong></span> 
     </span>
    </p>
   </div>
   <div class='ocr_carea' id='block_1_93' title="bbox 1874 3451 3459 3538">
    <p class='ocr_par' dir='ltr' id='par_1_93' title="bbox 1874 3451 3459 3538">
     <span class='ocr_line' id='line_1_93' title="bbox 1874 3451 3459 3538; baseline -0.003 -9"><span class='ocrx_word' id='word_1_723' title='bbox 1874 3488 2062 3529; x_wconf 90' lang='lat' dir='ltr'><strong>aurem</strong></span> <span class='ocrx_word' id='word_1_724' title='bbox 2090 3451 2355 3536; x_wconf 74' lang='lat' dir='ltr'><strong>avertere,</strong></span> <span class='ocrx_word' id='word_1_725' title='bbox 2384 3470 2547 3524; x_wconf 86' lang='lat' dir='ltr'><strong>etiam</strong></span> <span class='ocrx_word' id='word_1_726' title='bbox 2577 3471 2680 3538; x_wconf 89' lang='lat' dir='ltr'><strong>ipsi</strong></span> <span class='ocrx_word' id='word_1_727' title='bbox 2721 3485 2752 3522; x_wconf 89' lang='lat' dir='ltr'><strong>a</strong></span> <span class='ocrx_word' id='word_1_728' title='bbox 2779 3470 2967 3524; x_wconf 86' lang='lat' dir='ltr'><strong>salutis</strong></span> <span class='ocrx_word' id='word_1_729' title='bbox 3010 3471 3193 3525; x_wconf 90' lang='lat' dir='ltr'><strong>auditu</strong></span> <span class='ocrx_word' id='word_1_730' title='bbox 3239 3471 3459 3525; x_wconf 83' lang='lat' dir='ltr'><strong>devian-</strong></span> 
     </span>
    </p>
   </div>
   <div class='ocr_carea' id='block_1_94' title="bbox 1879 3555 3458 3633">
    <p class='ocr_par' dir='ltr' id='par_1_94' title="bbox 1879 3555 3458 3633">
     <span class='ocr_line' id='line_1_94' title="bbox 1879 3555 3458 3633; baseline -0.003 -13"><span class='ocrx_word' id='word_1_731' title='bbox 1879 3575 1984 3620; x_wconf 91' lang='lat' dir='ltr'><strong>tur.</strong></span> <span class='ocrx_word' id='word_1_732' title='bbox 2032 3564 2099 3618; x_wconf 87' lang='lat' dir='ltr'><strong>Et</strong></span> <span class='ocrx_word' id='word_1_733' title='bbox 2135 3555 2450 3633; x_wconf 84' lang='lat' dir='ltr'><strong>plerumque</strong></span> <span class='ocrx_word' id='word_1_734' title='bbox 2480 3561 2635 3614; x_wconf 89' lang='lat' dir='ltr'><strong>multi</strong></span> <span class='ocrx_word' id='word_1_735' title='bbox 2669 3561 2947 3629; x_wconf 89' lang='lat' dir='ltr'><strong>quiescere</strong></span> <span class='ocrx_word' id='word_1_736' title='bbox 2987 3570 3262 3630; x_wconf 86' lang='lat' dir='ltr'><strong>appetunt,</strong></span> <span class='ocrx_word' id='word_1_737' title='bbox 3294 3570 3458 3630; x_wconf 88' lang='lat' dir='ltr'><strong>atque</strong></span> 
     </span>
    </p>
   </div>
   <div class='ocr_carea' id='block_1_95' title="bbox 1877 3650 3456 3719">
    <p class='ocr_par' dir='ltr' id='par_1_95' title="bbox 1877 3650 3456 3719">
     <span class='ocr_line' id='line_1_95' title="bbox 1877 3650 3456 3719; baseline -0.002 -11"><span class='ocrx_word' id='word_1_738' title='bbox 1877 3671 1906 3708; x_wconf 88' lang='lat' dir='ltr'><strong>a</strong></span> <span class='ocrx_word' id='word_1_739' title='bbox 1954 3654 2160 3709; x_wconf 90' lang='lat' dir='ltr'><strong>cunctis</strong></span> <span class='ocrx_word' id='word_1_740' title='bbox 2195 3652 2378 3707; x_wconf 92' lang='lat' dir='ltr'><strong>mundi</strong></span> <span class='ocrx_word' id='word_1_741' title='bbox 2408 3650 2567 3719; x_wconf 85' lang='lat' dir='ltr'><strong>huius</strong></span> <span class='ocrx_word' id='word_1_742' title='bbox 2616 3653 2823 3706; x_wconf 89' lang='lat' dir='ltr'><strong>actibus</strong></span> <span class='ocrx_word' id='word_1_743' title='bbox 2870 3667 3086 3716; x_wconf 89' lang='lat' dir='ltr'><strong>vacare,</strong></span> <span class='ocrx_word' id='word_1_744' title='bbox 3131 3652 3290 3705; x_wconf 89' lang='lat' dir='ltr'><strong>nullis</strong></span> <span class='ocrx_word' id='word_1_745' title='bbox 3339 3651 3456 3719; x_wconf 89' lang='lat' dir='ltr'><strong>iam</strong></span> 
     </span>
    </p>
   </div>
   <div class='ocr_carea' id='block_1_96' title="bbox 1877 3740 3456 3798">
    <p class='ocr_par' dir='ltr' id='par_1_96' title="bbox 1877 3740 3456 3798">
     <span class='ocr_line' id='line_1_96' title="bbox 1877 3740 3456 3798; baseline 0 0"><span class='ocrx_word' id='word_1_746' title='bbox 1877 3744 2156 3798; x_wconf 88' lang='lat' dir='ltr'><strong>desideriis</strong></span> <span class='ocrx_word' id='word_1_747' title='bbox 2182 3744 2411 3797; x_wconf 90' lang='lat' dir='ltr'><strong>terrenis</strong></span> <span class='ocrx_word' id='word_1_748' title='bbox 2435 3742 2805 3797; x_wconf 88' lang='lat' dir='ltr'><strong>succumbere.</strong></span> <span class='ocrx_word' id='word_1_749' title='bbox 2833 3740 2939 3796; x_wconf 90' lang='lat' dir='ltr'><strong>Sed</strong></span> <span class='ocrx_word' id='word_1_750' title='bbox 2965 3743 3090 3797; x_wconf 91' lang='lat' dir='ltr'><strong>dum</strong></span> <span class='ocrx_word' id='word_1_751' title='bbox 3112 3744 3295 3797; x_wconf 85' lang='lat' dir='ltr'><strong>vident</strong></span> <span class='ocrx_word' id='word_1_752' title='bbox 3321 3745 3456 3798; x_wconf 88' lang='lat' dir='ltr'><strong>alios</strong></span> 
     </span>
    </p>
   </div>
   <div class='ocr_carea' id='block_1_97' title="bbox 1877 3833 3459 3903">
    <p class='ocr_par' dir='ltr' id='par_1_97' title="bbox 1877 3833 3459 3903">
     <span class='ocr_line' id='line_1_97' title="bbox 1877 3833 3459 3903; baseline -0.001 -16"><span class='ocrx_word' id='word_1_753' title='bbox 1877 3835 2113 3903; x_wconf 90' lang='lat' dir='ltr'><strong>inquiete</strong></span> <span class='ocrx_word' id='word_1_754' title='bbox 2139 3833 2344 3903; x_wconf 79' lang='lat' dir='ltr'><strong>agendo</strong></span> <span class='ocrx_word' id='word_1_755' title='bbox 2373 3833 2658 3903; x_wconf 83' lang='lat' dir='ltr'><strong>proﬁcere,</strong></span> <span class='ocrx_word' id='word_1_756' title='bbox 2686 3841 2847 3901; x_wconf 88' lang='lat' dir='ltr'><strong>atque</strong></span> <span class='ocrx_word' id='word_1_757' title='bbox 2877 3833 2930 3886; x_wconf 91' lang='lat' dir='ltr'><strong>in</strong></span> <span class='ocrx_word' id='word_1_758' title='bbox 2958 3833 3059 3888; x_wconf 90' lang='lat' dir='ltr'><strong>hoc</strong></span> <span class='ocrx_word' id='word_1_759' title='bbox 3089 3835 3286 3887; x_wconf 91' lang='lat' dir='ltr'><strong>mundo</strong></span> <span class='ocrx_word' id='word_1_760' title='bbox 3324 3834 3459 3888; x_wconf 83' lang='lat' dir='ltr'><strong>divi-</strong></span> 
     </span>
    </p>
   </div>
   <div class='ocr_carea' id='block_1_98' title="bbox 1879 3923 3460 3994">
    <p class='ocr_par' dir='ltr' id='par_1_98' title="bbox 1879 3923 3460 3994">
     <span class='ocr_line' id='line_1_98' title="bbox 1879 3923 3460 3994; baseline 0.001 -15"><span class='ocrx_word' id='word_1_761' title='bbox 1879 3926 1968 3981; x_wconf 89' lang='lat' dir='ltr'><strong>tiis</strong></span> <span class='ocrx_word' id='word_1_762' title='bbox 1995 3936 2048 3980; x_wconf 87' lang='lat' dir='ltr'><strong>et</strong></span> <span class='ocrx_word' id='word_1_763' title='bbox 2071 3926 2365 3981; x_wconf 85' lang='lat' dir='ltr'><strong>honoribus</strong></span> <span class='ocrx_word' id='word_1_764' title='bbox 2393 3925 2597 3990; x_wconf 81' lang='lat' dir='ltr'><strong>extolli,</strong></span> <span class='ocrx_word' id='word_1_765' title='bbox 2623 3925 2748 3994; x_wconf 90' lang='lat' dir='ltr'><strong>quia</strong></span> <span class='ocrx_word' id='word_1_766' title='bbox 2782 3923 3009 3979; x_wconf 88' lang='lat' dir='ltr'><strong>necdum</strong></span> <span class='ocrx_word' id='word_1_767' title='bbox 3037 3926 3090 3979; x_wconf 89' lang='lat' dir='ltr'><strong>in</strong></span> <span class='ocrx_word' id='word_1_768' title='bbox 3118 3925 3202 3978; x_wconf 89' lang='lat' dir='ltr'><strong>via</strong></span> <span class='ocrx_word' id='word_1_769' title='bbox 3239 3927 3460 3980; x_wconf 88' lang='lat' dir='ltr'><strong>rectitu-</strong></span> 
     </span>
    </p>
   </div>
   <div class='ocr_carea' id='block_1_99' title="bbox 1879 4015 3458 4087">
    <p class='ocr_par' dir='ltr' id='par_1_99' title="bbox 1879 4015 3458 4087">
     <span class='ocr_line' id='line_1_99' title="bbox 1879 4015 3458 4087; baseline -0.001 -16"><span class='ocrx_word' id='word_1_770' title='bbox 1879 4016 2021 4074; x_wconf 84' lang='lat' dir='ltr'><strong>dinis</strong></span> <span class='ocrx_word' id='word_1_771' title='bbox 2046 4015 2187 4070; x_wconf 85' lang='lat' dir='ltr'><strong>ﬁrmi</strong></span> <span class='ocrx_word' id='word_1_772' title='bbox 2211 4024 2352 4079; x_wconf 83' lang='lat' dir='ltr'><strong>sunt,</strong></span> <span class='ocrx_word' id='word_1_773' title='bbox 2381 4015 2447 4069; x_wconf 92' lang='lat' dir='ltr'><strong>ad</strong></span> <span class='ocrx_word' id='word_1_774' title='bbox 2477 4029 2643 4083; x_wconf 89' lang='lat' dir='ltr'><strong>prava</strong></span> <span class='ocrx_word' id='word_1_775' title='bbox 2670 4030 2834 4084; x_wconf 87' lang='lat' dir='ltr'><strong>opera</strong></span> <span class='ocrx_word' id='word_1_776' title='bbox 2863 4030 2930 4069; x_wconf 77' lang='lat' dir='ltr'><strong>ex</strong></span> <span class='ocrx_word' id='word_1_777' title='bbox 2957 4015 3185 4070; x_wconf 88' lang='lat' dir='ltr'><strong>aliorum</strong></span> <span class='ocrx_word' id='word_1_778' title='bbox 3214 4017 3458 4087; x_wconf 77' lang='lat' dir='ltr'><strong>exemplo</strong></span> 
     </span>
    </p>
   </div>
   <div class='ocr_carea' id='block_1_100' title="bbox 1881 4106 3454 4184">
    <p class='ocr_par' dir='ltr' id='par_1_100' title="bbox 1881 4106 3454 4184">
     <span class='ocr_line' id='line_1_100' title="bbox 1881 4106 3454 4184; baseline -0.001 -21"><span class='ocrx_word' id='word_1_779' title='bbox 1881 4108 2219 4164; x_wconf 84' lang='lat' dir='ltr'><strong>delabuntur.</strong></span> <span class='ocrx_word' id='word_1_780' title='bbox 2249 4106 2385 4184; x_wconf 75' lang='lat' dir='ltr'><strong>Hinc</strong></span> <span class='ocrx_word' id='word_1_781' title='bbox 2429 4113 2513 4161; x_wconf 90' lang='lat' dir='ltr'><strong>est</strong></span> <span class='ocrx_word' id='word_1_782' title='bbox 2553 4106 2720 4170; x_wconf 88' lang='lat' dir='ltr'><strong>enim,</strong></span> <span class='ocrx_word' id='word_1_783' title='bbox 2750 4107 2892 4175; x_wconf 90' lang='lat' dir='ltr'><strong>quod</strong></span> <span class='ocrx_word' id='word_1_784' title='bbox 2923 4107 2976 4160; x_wconf 88' lang='lat' dir='ltr'><strong>in</strong></span> <span class='ocrx_word' id='word_1_785' title='bbox 3015 4114 3141 4177; x_wconf 89' lang='lat' dir='ltr'><strong>typo</strong></span> <span class='ocrx_word' id='word_1_786' title='bbox 3171 4106 3454 4161; x_wconf 83' lang='lat' dir='ltr'><strong>infirman-</strong></span> 
     </span>
    </p>
   </div>
   <div class='ocr_carea' id='block_1_101' title="bbox 1883 4195 3463 4266">
    <p class='ocr_par' dir='ltr' id='par_1_101' title="bbox 1883 4195 3463 4266">
     <span class='ocr_line' id='line_1_101' title="bbox 1883 4195 3463 4266; baseline -0.002 -13"><span class='ocrx_word' id='word_1_787' title='bbox 1883 4198 2014 4253; x_wconf 89' lang='lat' dir='ltr'><strong>tium</strong></span> <span class='ocrx_word' id='word_1_788' title='bbox 2043 4197 2326 4252; x_wconf 85' lang='lat' dir='ltr'><strong>Psalmista</strong></span> <span class='ocrx_word' id='word_1_789' title='bbox 2355 4197 2578 4266; x_wconf 90' lang='lat' dir='ltr'><strong>loquens</strong></span> <span class='ocrx_word' id='word_1_790' title='bbox 2615 4195 2827 4251; x_wconf 87' lang='lat' dir='ltr'><strong>dicebat</strong></span> <span class='ocrx_word' id='word_1_791' title='bbox 2861 4213 2873 4248; x_wconf 83' lang='lat'><strong>;</strong></span> <span class='ocrx_word' id='word_1_792' title='bbox 2909 4215 2927 4247; x_wconf 75' lang='grc' dir='ltr'><strong>ι</strong></span> <span class='ocrx_word' id='word_1_793' title='bbox 2961 4195 3064 4249; x_wconf 83' lang='lat' dir='ltr'><strong>Mei</strong></span> <span class='ocrx_word' id='word_1_794' title='bbox 3102 4206 3279 4250; x_wconf 87' lang='lat' dir='ltr'><strong>autem</strong></span> <span class='ocrx_word' id='word_1_795' title='bbox 3323 4212 3463 4266; x_wconf 79' lang='lat' dir='ltr'><strong>pene,</strong></span> 
     </span>
    </p>
   </div>
   <div class='ocr_carea' id='block_1_102' title="bbox 1881 4285 3460 4358">
    <p class='ocr_par' dir='ltr' id='par_1_102' title="bbox 1881 4285 3460 4358">
     <span class='ocr_line' id='line_1_102' title="bbox 1881 4285 3460 4358; baseline -0.001 -15"><span class='ocrx_word' id='word_1_796' title='bbox 1881 4291 2013 4345; x_wconf 90' lang='lat' dir='ltr'><strong>moti</strong></span> <span class='ocrx_word' id='word_1_797' title='bbox 2045 4298 2170 4344; x_wconf 89' lang='lat' dir='ltr'><strong>sunt</strong></span> <span class='ocrx_word' id='word_1_798' title='bbox 2208 4289 2392 4358; x_wconf 81' lang='lat' dir='ltr'><strong>pedes,</strong></span> <span class='ocrx_word' id='word_1_799' title='bbox 2433 4302 2568 4357; x_wconf 90' lang='lat' dir='ltr'><strong>pene</strong></span> <span class='ocrx_word' id='word_1_800' title='bbox 2595 4285 2747 4342; x_wconf 79' lang='lat' dir='ltr'><strong>eil‘usl</strong></span> <span class='ocrx_word' id='word_1_801' title='bbox 2780 4295 2902 4342; x_wconf 90' lang='lat' dir='ltr'><strong>sunt</strong></span> <span class='ocrx_word' id='word_1_802' title='bbox 2935 4301 3150 4358; x_wconf 87' lang='lat' dir='ltr'><strong>gressus</strong></span> <span class='ocrx_word' id='word_1_803' title='bbox 3176 4289 3301 4353; x_wconf 88' lang='lat' dir='ltr'><strong>mei,</strong></span> <span class='ocrx_word' id='word_1_804' title='bbox 3333 4289 3460 4357; x_wconf 89' lang='lat' dir='ltr'><strong>quia</strong></span> 
     </span>
    </p>
   </div>
   <div class='ocr_carea' id='block_1_103' title="bbox 1883 4379 3457 4449">
    <p class='ocr_par' dir='ltr' id='par_1_103' title="bbox 1883 4379 3457 4449">
     <span class='ocr_line' id='line_1_103' title="bbox 1883 4379 3457 4449; baseline 0.001 -15"><span class='ocrx_word' id='word_1_805' title='bbox 1883 4381 2084 4437; x_wconf 82' lang='lat' dir='ltr'><strong>zelatus</strong></span> <span class='ocrx_word' id='word_1_806' title='bbox 2109 4396 2225 4435; x_wconf 90' lang='lat' dir='ltr'><strong>sum</strong></span> <span class='ocrx_word' id='word_1_807' title='bbox 2258 4381 2310 4434; x_wconf 92' lang='lat' dir='ltr'><strong>in</strong></span> <span class='ocrx_word' id='word_1_808' title='bbox 2353 4379 2756 4449; x_wconf 88' lang='lat' dir='ltr'><strong>peccatoribus,</strong></span> <span class='ocrx_word' id='word_1_809' title='bbox 2786 4393 2971 4447; x_wconf 86' lang='lat' dir='ltr'><strong>pacem</strong></span> <span class='ocrx_word' id='word_1_810' title='bbox 3005 4388 3350 4447; x_wconf 86' lang='lat' dir='ltr'><strong>peccatorum</strong></span> <span class='ocrx_word' id='word_1_811' title='bbox 3377 4381 3457 4446; x_wconf 87' lang='lat' dir='ltr'><strong>vi-</strong></span> 
     </span>
    </p>
   </div>
   <div class='ocr_carea' id='block_1_104' title="bbox 1887 4467 3462 4541">
    <p class='ocr_par' dir='ltr' id='par_1_104' title="bbox 1887 4467 3462 4541">
     <span class='ocr_line' id='line_1_104' title="bbox 1887 4467 3462 4541; baseline -0.001 -15"><span class='ocrx_word' id='word_1_812' title='bbox 1887 4473 2017 4526; x_wconf 86' lang='lat' dir='ltr'><strong>dens</strong></span> <span class='ocrx_word' id='word_1_813' title='bbox 2048 4468 2218 4541; x_wconf 80' lang='lat' dir='ltr'><strong>(Psal.</strong></span> <span class='ocrx_word' id='word_1_814' title='bbox 2249 4468 2441 4539; x_wconf 78' lang='lat' dir='ltr'><strong>Lxxn).</strong></span> <span class='ocrx_word' id='word_1_815' title='bbox 2474 4487 2492 4520; x_wconf 89' lang='grc'>›</span> <span class='ocrx_word' id='word_1_816' title='bbox 2534 4467 2670 4523; x_wconf 79' lang='lat' dir='ltr'><strong>Hinc</strong></span> <span class='ocrx_word' id='word_1_817' title='bbox 2713 4469 2906 4523; x_wconf 87' lang='lat' dir='ltr'><strong>iterum</strong></span> <span class='ocrx_word' id='word_1_818' title='bbox 2941 4468 3111 4523; x_wconf 90' lang='lat' dir='ltr'><strong>dicit:</strong></span> <span class='ocrx_word' id='word_1_819' title='bbox 3147 4488 3164 4519; x_wconf 81' lang='grc' dir='ltr'><strong>ι</strong></span> <span class='ocrx_word' id='word_1_820' title='bbox 3195 4471 3330 4524; x_wconf 85' lang='lat' dir='ltr'><strong>Dum</strong></span> <span class='ocrx_word' id='word_1_821' title='bbox 3371 4487 3462 4525; x_wconf 88' lang='lat' dir='ltr'><strong>su-</strong></span> 
     </span>
    </p>
   </div>
   <div class='ocr_carea' id='block_1_105' title="bbox 1886 4556 3214 4631">
    <p class='ocr_par' dir='ltr' id='par_1_105' title="bbox 1886 4556 3214 4631">
     <span class='ocr_line' id='line_1_105' title="bbox 1886 4556 3214 4631; baseline -0.003 -17"><span class='ocrx_word' id='word_1_822' title='bbox 1886 4560 2062 4631; x_wconf 88' lang='lat' dir='ltr'><strong>perbit</strong></span> <span class='ocrx_word' id='word_1_823' title='bbox 2087 4560 2300 4627; x_wconf 90' lang='lat' dir='ltr'><strong>impius,</strong></span> <span class='ocrx_word' id='word_1_824' title='bbox 2334 4557 2639 4612; x_wconf 88' lang='lat' dir='ltr'><strong>incenditur</strong></span> <span class='ocrx_word' id='word_1_825' title='bbox 2663 4573 2866 4628; x_wconf 86' lang='lat' dir='ltr'><strong>pauper</strong></span> <span class='ocrx_word' id='word_1_826' title='bbox 2896 4556 3067 4629; x_wconf 78' lang='lat' dir='ltr'><strong>(Psal.</strong></span> <span class='ocrx_word' id='word_1_827' title='bbox 3095 4558 3170 4629; x_wconf 77' lang='grc' dir='ltr'>ιι).</span> <span class='ocrx_word' id='word_1_828' title='bbox 3197 4579 3214 4610; x_wconf 72' lang='grc' dir='ltr'><strong>ι</strong></span> 
     </span>
    </p>
   </div>
   <div class='ocr_carea' id='block_1_106' title="bbox 2494 4668 2852 4725">
    <p class='ocr_par' dir='ltr' id='par_1_106' title="bbox 2494 4668 2852 4725">
     <span class='ocr_line' id='line_1_106' title="bbox 2494 4668 2852 4725; baseline -0.008 -1"><span class='ocrx_word' id='word_1_829' title='bbox 2494 4668 2719 4725; x_wconf 80' lang='lat' dir='ltr'><strong>CAPUT</strong></span> <span class='ocrx_word' id='word_1_830' title='bbox 2766 4669 2852 4724; x_wconf 82' lang='grc' dir='ltr'><strong>ιν.</strong></span> 
     </span>
    </p>
   </div>
   <div class='ocr_carea' id='block_1_107' title="bbox 1888 4759 3465 4830">
    <p class='ocr_par' dir='ltr' id='par_1_107' title="bbox 1888 4759 3465 4830">
     <span class='ocr_line' id='line_1_107' title="bbox 1888 4759 3465 4830; baseline 0 -15"><span class='ocrx_word' id='word_1_831' title='bbox 1888 4761 2091 4815; x_wconf 64' lang='lat' dir='ltr'><strong>Lateri:</strong></span> <span class='ocrx_word' id='word_1_832' title='bbox 2135 4760 2442 4830; x_wconf 72' lang='lat' dir='ltr'><strong>explicatio;</strong></span> <span class='ocrx_word' id='word_1_833' title='bbox 2485 4759 2549 4813; x_wconf 84' lang='lat' dir='ltr'><strong>de</strong></span> <span class='ocrx_word' id='word_1_834' title='bbox 2582 4761 2876 4830; x_wconf 80' lang='lat' dir='ltr'><strong>captivitate</strong></span> <span class='ocrx_word' id='word_1_835' title='bbox 2912 4761 3084 4814; x_wconf 85' lang='lat' dir='ltr'><strong>decem</strong></span> <span class='ocrx_word' id='word_1_836' title='bbox 3120 4761 3367 4819; x_wconf 70' lang='lat' dir='ltr'><strong>tribuum.</strong></span> <span class='ocrx_word' id='word_1_837' title='bbox 3415 4772 3465 4816; x_wconf 74' lang='lat' dir='ltr'><strong>et</strong></span> 
     </span>
    </p>
   </div>
   <div class='ocr_carea' id='block_1_108' title="bbox 2405 4829 2938 4900">
    <p class='ocr_par' dir='ltr' id='par_1_108' title="bbox 2405 4829 2938 4900">
     <span class='ocr_line' id='line_1_108' title="bbox 2405 4829 2938 4900; baseline 0.002 -19"><span class='ocrx_word' id='word_1_838' title='bbox 2405 4831 2466 4882; x_wconf 78' lang='lat' dir='ltr'><strong>de</strong></span> <span class='ocrx_word' id='word_1_839' title='bbox 2495 4830 2734 4900; x_wconf 75' lang='lat' dir='ltr'><strong>angustia</strong></span> <span class='ocrx_word' id='word_1_840' title='bbox 2763 4829 2938 4898; x_wconf 78' lang='lat' dir='ltr'><strong>famis.</strong></span> 
     </span>
    </p>
   </div>
   <div class='ocr_carea' id='block_1_109' title="bbox 1968 4920 3464 4993">
    <p class='ocr_par' dir='ltr' id='par_1_109' title="bbox 1968 4920 3464 4993">
     <span class='ocr_line' id='line_1_109' title="bbox 1968 4920 3464 4993; baseline 0.005 -22"><span class='ocrx_word' id='word_1_841' title='bbox 1968 4945 1982 4971; x_wconf 74' lang='grc' dir='ltr'><strong>ι</strong></span> <span class='ocrx_word' id='word_1_842' title='bbox 2021 4921 2088 4976; x_wconf 83' lang='lat' dir='ltr'><strong>Et</strong></span> <span class='ocrx_word' id='word_1_843' title='bbox 2119 4929 2198 4985; x_wconf 92' lang='lat' dir='ltr'><strong>tu,</strong></span> <span class='ocrx_word' id='word_1_844' title='bbox 2229 4920 2303 4974; x_wconf 78' lang='lat' dir='ltr'><strong>fili</strong></span> <span class='ocrx_word' id='word_1_845' title='bbox 2334 4920 2585 4983; x_wconf 88' lang='lat' dir='ltr'><strong>hominis,</strong></span> <span class='ocrx_word' id='word_1_846' title='bbox 2619 4934 2771 4974; x_wconf 88' lang='lat' dir='ltr'><strong>sume</strong></span> <span class='ocrx_word' id='word_1_847' title='bbox 2808 4920 2903 4975; x_wconf 90' lang='lat' dir='ltr'><strong>tibi</strong></span> <span class='ocrx_word' id='word_1_848' title='bbox 2939 4921 3184 4988; x_wconf 84' lang='lat' dir='ltr'><strong>laterem,</strong></span> <span class='ocrx_word' id='word_1_849' title='bbox 3217 4931 3272 4976; x_wconf 91' lang='lat' dir='ltr'><strong>et</strong></span> <span class='ocrx_word' id='word_1_850' title='bbox 3299 4938 3464 4993; x_wconf 85' lang='lat' dir='ltr'><strong>pones</strong></span> 
     </span>
    </p>
   </div>
   <div class='ocr_carea' id='block_1_110' title="bbox 1896 5003 3465 5072">
    <p class='ocr_par' dir='ltr' id='par_1_110' title="bbox 1896 5003 3465 5072">
     <span class='ocr_line' id='line_1_110' title="bbox 1896 5003 3465 5072; baseline 0.003 -9"><span class='ocrx_word' id='word_1_851' title='bbox 1896 5032 1913 5063; x_wconf 84' lang='grc'><em>‹</em></span> <span class='ocrx_word' id='word_1_852' title='bbox 1957 5027 2078 5066; x_wconf 90' lang='lat' dir='ltr'><strong>eum</strong></span> <span class='ocrx_word' id='word_1_853' title='bbox 2106 5026 2289 5066; x_wconf 88' lang='lat' dir='ltr'><strong>coram</strong></span> <span class='ocrx_word' id='word_1_854' title='bbox 2314 5020 2387 5072; x_wconf 90' lang='lat' dir='ltr'><strong>te,</strong></span> <span class='ocrx_word' id='word_1_855' title='bbox 2415 5020 2467 5065; x_wconf 91' lang='lat' dir='ltr'><strong>et</strong></span> <span class='ocrx_word' id='word_1_856' title='bbox 2501 5003 2774 5065; x_wconf 87' lang='lat' dir='ltr'><strong>describes</strong></span> <span class='ocrx_word' id='word_1_857' title='bbox 2795 5010 2849 5064; x_wconf 91' lang='lat' dir='ltr'><strong>in</strong></span> <span class='ocrx_word' id='word_1_858' title='bbox 2880 5027 2942 5066; x_wconf 91' lang='lat' dir='ltr'><strong>eo</strong></span> <span class='ocrx_word' id='word_1_859' title='bbox 2971 5012 3242 5067; x_wconf 85' lang='lat' dir='ltr'><strong>civitatem</strong></span> <span class='ocrx_word' id='word_1_860' title='bbox 3274 5013 3465 5068; x_wconf 79' lang='lat' dir='ltr'><strong>Hieru-</strong></span> 
     </span>
    </p>
   </div>
   <div class='ocr_carea' id='block_1_111' title="bbox 1897 5100 3464 5168">
    <p class='ocr_par' dir='ltr' id='par_1_111' title="bbox 1897 5100 3464 5168">
     <span class='ocr_line' id='line_1_111' title="bbox 1897 5100 3464 5168; baseline 0.005 -17"><span class='ocrx_word' id='word_1_861' title='bbox 1897 5121 1913 5151; x_wconf 82' lang='grc' dir='ltr'><strong>ι</strong></span> <span class='ocrx_word' id='word_1_862' title='bbox 1961 5103 2144 5166; x_wconf 89' lang='lat' dir='ltr'><strong>salem,</strong></span> <span class='ocrx_word' id='word_1_863' title='bbox 2178 5111 2231 5156; x_wconf 91' lang='lat' dir='ltr'><strong>et</strong></span> <span class='ocrx_word' id='word_1_864' title='bbox 2258 5101 2532 5156; x_wconf 80' lang='lat' dir='ltr'><strong>Ordinabis</strong></span> <span class='ocrx_word' id='word_1_865' title='bbox 2559 5100 2844 5156; x_wconf 85' lang='lat' dir='ltr'><strong>adversum</strong></span> <span class='ocrx_word' id='word_1_866' title='bbox 2874 5119 2991 5157; x_wconf 92' lang='lat' dir='ltr'><strong>eam</strong></span> <span class='ocrx_word' id='word_1_867' title='bbox 3028 5104 3376 5168; x_wconf 87' lang='lat' dir='ltr'><strong>obsidionem,</strong></span> <span class='ocrx_word' id='word_1_868' title='bbox 3411 5116 3464 5160; x_wconf 91' lang='lat' dir='ltr'><strong>et</strong></span> 
     </span>
    </p>
   </div>
   <div class='ocr_carea' id='block_1_112' title="bbox 1897 5193 3461 5267">
    <p class='ocr_par' dir='ltr' id='par_1_112' title="bbox 1897 5193 3461 5267">
     <span class='ocr_line' id='line_1_112' title="bbox 1897 5193 3461 5267; baseline 0.005 -23"><span class='ocrx_word' id='word_1_869' title='bbox 1897 5212 1913 5244; x_wconf 84' lang='grc' dir='ltr'><strong>ι</strong></span> <span class='ocrx_word' id='word_1_870' title='bbox 1960 5193 2251 5249; x_wconf 66' lang='lat' dir='ltr'><strong>mdilicabis</strong></span> <span class='ocrx_word' id='word_1_871' title='bbox 2299 5194 2647 5258; x_wconf 85' lang='lat' dir='ltr'><strong>munitiones,</strong></span> <span class='ocrx_word' id='word_1_872' title='bbox 2684 5205 2738 5249; x_wconf 88' lang='lat' dir='ltr'><strong>et</strong></span> <span class='ocrx_word' id='word_1_873' title='bbox 2784 5197 3144 5264; x_wconf 88' lang='lat' dir='ltr'><strong>comportabis</strong></span> <span class='ocrx_word' id='word_1_874' title='bbox 3192 5212 3461 5267; x_wconf 87' lang='lat' dir='ltr'><strong>aggerem,</strong></span> 
     </span>
    </p>
   </div>
   <div class='ocr_carea' id='block_1_113' title="bbox 1898 5285 3465 5358">
    <p class='ocr_par' dir='ltr' id='par_1_113' title="bbox 1898 5285 3465 5358">
     <span class='ocr_line' id='line_1_113' title="bbox 1898 5285 3465 5358; baseline 0.007 -22"><span class='ocrx_word' id='word_1_875' title='bbox 1898 5303 1915 5335; x_wconf 86' lang='grc'><strong>‹</strong></span> <span class='ocrx_word' id='word_1_876' title='bbox 1962 5293 2014 5339; x_wconf 90' lang='lat' dir='ltr'><strong>et</strong></span> <span class='ocrx_word' id='word_1_877' title='bbox 2060 5285 2211 5340; x_wconf 90' lang='lat' dir='ltr'><strong>dabis</strong></span> <span class='ocrx_word' id='word_1_878' title='bbox 2253 5293 2439 5339; x_wconf 89' lang='lat' dir='ltr'><strong>contra</strong></span> <span class='ocrx_word' id='word_1_879' title='bbox 2495 5301 2615 5339; x_wconf 90' lang='lat' dir='ltr'><strong>eam</strong></span> <span class='ocrx_word' id='word_1_880' title='bbox 2655 5296 2853 5351; x_wconf 87' lang='lat' dir='ltr'><strong>castra,</strong></span> <span class='ocrx_word' id='word_1_881' title='bbox 2899 5296 2950 5343; x_wconf 86' lang='lat' dir='ltr'><strong>et</strong></span> <span class='ocrx_word' id='word_1_882' title='bbox 2991 5304 3156 5358; x_wconf 83' lang='lat' dir='ltr'><strong>pones</strong></span> <span class='ocrx_word' id='word_1_883' title='bbox 3185 5289 3380 5344; x_wconf 89' lang='lat' dir='ltr'><strong>arietes</strong></span> <span class='ocrx_word' id='word_1_884' title='bbox 3409 5291 3465 5347; x_wconf 85' lang='lat' dir='ltr'><strong>iu</strong></span> 
     </span>
    </p>
   </div>
   <div class='ocr_carea' id='block_1_114' title="bbox 1898 5374 3464 5446">
    <p class='ocr_par' dir='ltr' id='par_1_114' title="bbox 1898 5374 3464 5446">
     <span class='ocr_line' id='line_1_114' title="bbox 1898 5374 3464 5446; baseline 0.006 -21"><span class='ocrx_word' id='word_1_885' title='bbox 1898 5394 1915 5425; x_wconf 85' lang='grc'><strong><em>‹</em></strong></span> <span class='ocrx_word' id='word_1_886' title='bbox 1964 5391 2167 5445; x_wconf 61' lang='lat' dir='ltr'><strong>gyro,»</strong></span> <span class='ocrx_word' id='word_1_887' title='bbox 2198 5385 2302 5429; x_wconf 91' lang='lat' dir='ltr'><strong>etc.</strong></span> <span class='ocrx_word' id='word_1_888' title='bbox 2331 5374 2600 5446; x_wconf 70' lang='lat' dir='ltr'><strong>(Hierom)</strong></span> <span class='ocrx_word' id='word_1_889' title='bbox 2628 5375 2774 5430; x_wconf 91' lang='lat' dir='ltr'><strong>Sicut</strong></span> <span class='ocrx_word' id='word_1_890' title='bbox 2806 5379 2952 5446; x_wconf 90' lang='lat' dir='ltr'><strong>prius</strong></span> <span class='ocrx_word' id='word_1_891' title='bbox 2979 5380 3210 5434; x_wconf 79' lang='lat' dir='ltr'><strong>diximus</strong></span> <span class='ocrx_word' id='word_1_892' title='bbox 3235 5397 3249 5434; x_wconf 89' lang='lat'><strong>:</strong></span> <span class='ocrx_word' id='word_1_893' title='bbox 3278 5399 3295 5430; x_wconf 80' lang='grc' dir='ltr'><strong>ι</strong></span> <span class='ocrx_word' id='word_1_894' title='bbox 3319 5380 3464 5434; x_wconf 80' lang='lat' dir='ltr'><strong>Intra</strong></span> 
     </span>
    </p>
   </div>
   <div class='ocr_carea' id='block_1_115' title="bbox 1893 5463 3466 5525">
    <p class='ocr_par' dir='ltr' id='par_1_115' title="bbox 1893 5463 3466 5525">
     <span class='ocr_line' id='line_1_115' title="bbox 1893 5463 3466 5525; baseline 0.004 -7"><span class='ocrx_word' id='word_1_895' title='bbox 1893 5475 1950 5523; x_wconf 89' lang='lat' dir='ltr'><strong>et</strong></span> <span class='ocrx_word' id='word_1_896' title='bbox 1979 5463 2250 5518; x_wconf 89' lang='lat' dir='ltr'><strong>includere</strong></span> <span class='ocrx_word' id='word_1_897' title='bbox 2285 5464 2338 5525; x_wconf 89' lang='lat' dir='ltr'><strong>in</strong></span> <span class='ocrx_word' id='word_1_898' title='bbox 2375 5465 2550 5518; x_wconf 86' lang='lat' dir='ltr'><strong>medio</strong></span> <span class='ocrx_word' id='word_1_899' title='bbox 2581 5466 2770 5519; x_wconf 89' lang='lat' dir='ltr'><strong>domus</strong></span> <span class='ocrx_word' id='word_1_900' title='bbox 2798 5476 2915 5520; x_wconf 68' lang='lat' dir='ltr'><strong>tum.</strong></span> <span class='ocrx_word' id='word_1_901' title='bbox 2945 5468 3009 5520; x_wconf 88' lang='lat' dir='ltr'><strong>Et</strong></span> <span class='ocrx_word' id='word_1_902' title='bbox 3039 5484 3165 5524; x_wconf 86' lang='lat' dir='ltr'><strong>ecce</strong></span> <span class='ocrx_word' id='word_1_903' title='bbox 3193 5469 3314 5524; x_wconf 76' lang='lat' dir='ltr'><strong>data</strong></span> <span class='ocrx_word' id='word_1_904' title='bbox 3339 5481 3466 5524; x_wconf 81' lang='lat' dir='ltr'><strong>sunt</strong></span> 
     </span>
    </p>
   </div>
   <div class='ocr_carea' id='block_1_116' title="bbox 1892 5553 3460 5627">
    <p class='ocr_par' dir='ltr' id='par_1_116' title="bbox 1892 5553 3460 5627">
     <span class='ocr_line' id='line_1_116' title="bbox 1892 5553 3460 5627; baseline 0.003 -19"><span class='ocrx_word' id='word_1_905' title='bbox 1892 5570 2052 5624; x_wconf 88' lang='lat' dir='ltr'><strong>super</strong></span> <span class='ocrx_word' id='word_1_906' title='bbox 2087 5565 2136 5607; x_wconf 91' lang='lat' dir='ltr'><strong>te</strong></span> <span class='ocrx_word' id='word_1_907' title='bbox 2166 5554 2399 5618; x_wconf 72' lang='lat' dir='ltr'><strong>vincula,</strong></span> <span class='ocrx_word' id='word_1_908' title='bbox 2426 5564 2480 5607; x_wconf 87' lang='lat' dir='ltr'><strong>et</strong></span> <span class='ocrx_word' id='word_1_909' title='bbox 2504 5553 2744 5622; x_wconf 87' lang='lat' dir='ltr'><strong>ligabunt</strong></span> <span class='ocrx_word' id='word_1_910' title='bbox 2780 5564 2852 5621; x_wconf 87' lang='lat' dir='ltr'><strong>te,</strong></span> <span class='ocrx_word' id='word_1_911' title='bbox 2879 5566 2933 5610; x_wconf 93' lang='lat' dir='ltr'><strong>ct</strong></span> <span class='ocrx_word' id='word_1_912' title='bbox 2958 5573 3062 5612; x_wconf 93' lang='lat' dir='ltr'><strong>non</strong></span> <span class='ocrx_word' id='word_1_913' title='bbox 3091 5559 3416 5627; x_wconf 76' lang='lat' dir='ltr'><strong>egredieris,</strong></span> <span class='ocrx_word' id='word_1_914' title='bbox 3440 5576 3460 5613; x_wconf 80' lang='grc' dir='ltr'><strong>ι</strong></span> 
     </span>
    </p>
   </div>
   <div class='ocr_carea' id='block_1_117' title="bbox 1893 5645 3467 5727">
    <p class='ocr_par' dir='ltr' id='par_1_117' title="bbox 1893 5645 3467 5727">
     <span class='ocr_line' id='line_1_117' title="bbox 1893 5645 3467 5727; baseline 0.003 -28"><span class='ocrx_word' id='word_1_915' title='bbox 1893 5657 2233 5716; x_wconf 85' lang='lat' dir='ltr'><strong>typumesse</strong></span> <span class='ocrx_word' id='word_1_916' title='bbox 2268 5646 2583 5715; x_wconf 83' lang='lat' dir='ltr'><strong>prOphetam</strong></span> <span class='ocrx_word' id='word_1_917' title='bbox 2622 5645 2817 5702; x_wconf 76' lang='lat' dir='ltr'><strong>futune</strong></span> <span class='ocrx_word' id='word_1_918' title='bbox 2844 5649 3140 5704; x_wconf 87' lang='lat' dir='ltr'><strong>obsidionis</strong></span> <span class='ocrx_word' id='word_1_919' title='bbox 3165 5651 3311 5727; x_wconf 85' lang='lat' dir='ltr'><strong>urbis</strong></span> <span class='ocrx_word' id='word_1_920' title='bbox 3343 5649 3467 5705; x_wconf 76' lang='lat' dir='ltr'><strong>Ilie-</strong></span> 
     </span>
    </p>
   </div>
   <div class='ocr_carea' id='block_1_118' title="bbox 1892 5736 3465 5806">
    <p class='ocr_par' dir='ltr' id='par_1_118' title="bbox 1892 5736 3465 5806">
     <span class='ocr_line' id='line_1_118' title="bbox 1892 5736 3465 5806; baseline 0.001 -16"><span class='ocrx_word' id='word_1_921' title='bbox 1892 5736 2148 5802; x_wconf 88' lang='lat' dir='ltr'><strong>rusalem,</strong></span> <span class='ocrx_word' id='word_1_922' title='bbox 2195 5737 2264 5790; x_wconf 88' lang='lat' dir='ltr'><strong>ita</strong></span> <span class='ocrx_word' id='word_1_923' title='bbox 2305 5750 2443 5790; x_wconf 92' lang='lat' dir='ltr'><strong>nunc</strong></span> <span class='ocrx_word' id='word_1_924' title='bbox 2474 5738 2795 5804; x_wconf 88' lang='lat' dir='ltr'><strong>geometrica</strong></span> <span class='ocrx_word' id='word_1_925' title='bbox 2816 5737 3037 5806; x_wconf 87' lang='lat' dir='ltr'><strong>iubetur</strong></span> <span class='ocrx_word' id='word_1_926' title='bbox 3067 5740 3119 5792; x_wconf 90' lang='lat' dir='ltr'><strong>in</strong></span> <span class='ocrx_word' id='word_1_927' title='bbox 3159 5739 3324 5794; x_wconf 79' lang='lat' dir='ltr'><strong>latere</strong></span> <span class='ocrx_word' id='word_1_928' title='bbox 3350 5749 3465 5792; x_wconf 77' lang='lat' dir='ltr'><strong>am</strong></span> 
     </span>
    </p>
   </div>
   <div class='ocr_carea' id='block_1_119' title="bbox 3004 5832 3071 5890">
    <p class='ocr_par' dir='ltr' id='par_1_119' title="bbox 3004 5832 3071 5890">
     <span class='ocr_line' id='line_1_119' title="bbox 3004 5832 3071 5890; baseline -0.06 0"><span class='ocrx_word' id='word_1_929' title='bbox 3004 5832 3071 5890; x_wconf 76' lang='grc'><strong>19</strong></span> 
     </span>
    </p>
   </div>
  </div>
