3948 6336
444 341 552 398 387

1084 331 1144 384 Β.
1187 325 1438 382 RABANI
1477 323 1693 380 MAURI
1731 319 2044 376 ARCHIEP.
2087 318 2394 375 MOGUNT.
2438 314 2720 372 OPEBUM
2763 314 2938 368 PARS
2976 315 3041 367 ll.

3603 308 3708 364 588

450 451 778 514 describam,
805 450 1088 517 ipsumque
1112 443 1334 498 laterem
1354 439 1479 510 poni
1513 439 1566 494 in
1590 447 1878 508 conspectu
1905 450 2027 506 pro-
2054 438 2105 496 Α
2134 434 2276 488 inter
2301 433 2596 493 civitatem,
2623 439 2678 484 et
2703 425 3018 484 obfirmabis
3047 421 3236 477 faciem
3266 429 3416 473 tuam
3454 419 3519 474 ad
3561 434 3708 481 eam,

451 546 644 611 ptreue,
674 547 735 594 ut
771 545 1054 609 postquam
1082 532 1447 602 descripserit,
1473 531 1536 584 in
1578 530 1795 600 pulvere
1832 527 2026 582 Hieru-

451 633 619 689 salem
675 642 888 685 omnem
924 626 1215 684 adversum
1264 629 1384 680 eam
1430 621 1618 692 pingat
1659 618 2024 680 obsidionem,

456 721 783 780 adumbratis
825 715 1171 780 munitiones,
1214 721 1274 770 et
1305 711 1669 782 comportat'os
1703 723 1942 780 aggeres,
1974 714 2033 761 et

455 827 711 870 coronam
754 806 1005 862 vallantis
1041 804 1336 868 exercitus,
1374 809 1429 856 et
1463 800 1661 855 arietes
1696 799 1753 853 in
1776 797 2026 861 circuitu,

454 920 552 976 per
579 913 699 973 quae
723 898 904 956 omnia
931 897 1093 953 urbes
1121 896 1241 966 capi
1267 893 1459 956 solent,
1490 890 1818 947 munitiones
1843 888 2031 943 dicun-

455 1004 544 1050 tur
574 989 768 1061 quibus
795 989 926 1044 urbs
975 986 1261 1051 clauditur,
1299 997 1365 1038 ne
1396 980 1517 1050 quis
1543 979 1878 1035 obsessorem
1906 990 2032 1046 pos-

453 1087 524 1140 sit
551 1083 804 1153 effugere,
835 1076 1157 1149 comportati
1188 1089 1432 1146 aggeres,
1466 1072 1661 1142 quibus
1695 1069 1893 1124 vallum
1924 1066 2031 1122 fos-

452 1190 632 1246 saque
655 1171 1011 1242 complentur.
1039 1166 1229 1224 Castra
1258 1165 1489 1221 militum
1515 1162 1772 1219 custodiae
1795 1175 1898 1230 per
1926 1159 2032 1212 cir—

453 1267 675 1327 cuitum,
719 1264 918 1316 arietes
956 1255 1150 1328 quibus
1189 1270 1464 1311 murorum
1507 1253 1854 1308 fundamenta
1897 1264 2031 1320 qua-

456 1357 677 1420 tiuntur,
715 1358 770 1407 et
803 1350 1038 1421 lapidum
1065 1349 1318 1418 junctum
1345 1344 1673 1401 dissolvitur.
1708 1343 1822 1397 Hoc
1851 1348 2031 1396 autem

455 1444 669 1508 dicitur,
707 1451 768 1496 ut
797 1440 1129 1512 signiﬁcetur
1163 1438 1313 1492 urbis
1356 1435 1688 1491 Hierusalem
1731 1435 1829 1489 sub
1871 1431 2034 1488 Sede-

453 1534 578 1589 chia
611 1547 756 1602 rege,
794 1531 971 1586 vicina
1011 1528 1317 1598 captivitas,
1350 1525 1503 1595 cujus
1550 1539 1694 1580 anno
1724 1522 2031 1586 undecimo,

454 1631 509 1677 et
552 1637 647 1677 rex
685 1629 739 1675 et
777 1620 966 1674 civitas
1009 1623 1170 1688 capta
1213 1623 1317 1670 est.
1361 1615 1468 1670 Pro
1505 1615 1692 1675 latere,
1726 1611 1817 1679 qui
1848 1610 2035 1667 Graece

2126 532 2182 578 et
2203 524 2309 576 erit
2336 525 2389 576 in
2418 521 2714 580 obsidione,
2749 526 2804 571 et
2829 513 3191 570 circumdabis
3216 525 3360 565 eam.
3379 508 3602 578 Signum
3624 517 3714 562 est

2128 612 2308 667 domui
2325 610 2507 666 Israel.
2529 626 2547 659 ι
2570 606 2840 678 (Ηίενοη.)
2855 603 3008 672 Quod
3021 616 3183 672 supra
3196 600 3453 663 diximus,
3464 605 3520 652 et
3531 597 3712 666 ipsum

2126 704 2443 774 prephctam
2466 710 2523 755 et
2546 698 2962 767 descriptionem
2982 695 3166 749 lateris
3185 690 3592 753 munitionibus,
3618 702 3716 757 ag-

2128 807 2256 862 gere
2269 792 2634 857 arietibusque
2652 785 3077 841 circumdantem
3097 784 3152 836 in
3181 785 3390 851 signum
3409 779 3718 850 praecedere

2126 880 2436 938 obsidendte
2457 877 2790 934 Hierusalem
2811 915 2825 940 ,
2862 874 2965 930 hoc
2985 887 3131 928 nunc
3155 869 3495 926 manifestius
3516 869 3720 923 dicitur

2127 979 2250 1042 post
2298 970 2486 1034 multa,
2513 983 2633 1039 quae
2685 966 2860 1020 media
2908 970 3060 1025 sunt,
3094 960 3356 1031 «Signum
3401 967 3486 1013 est
3531 957 3721 1011 domui

2131 1061 2346 1124 lsrael,r
2367 1068 2582 1128 sartago
2607 1057 2802 1119 ferrea,
2828 1069 2947 1124 quae
2967 1052 3139 1106 instar
3153 1052 3295 1104 muri
3317 1049 3460 1103 inter
3483 1049 3723 1118 prophe-

2133 1163 2243 1209 tam
2276 1160 2332 1206 et
2375 1150 2561 1204 urbem
2607 1146 2841 1216 ponitur,
2891 1143 3149 1215 grandem
3194 1156 3330 1194 iram
3381 1141 3724 1194 demonstrat

2134 1242 2250 1306 Dei,
2294 1254 2414 1311 qum
2460 1237 2618 1292 nullis
2660 1235 2910 1306 precibus
2954 1231 3210 1302 fatigetur
3242 1243 3343 1284 nec
3375 1228 3624 1284 flectatur
3651 1227 3725 1280 ad

2134 1326 2579 1386 misericordiam.
2609 1324 2761 1380 Sicut
2778 1325 2922 1377 enim
2942 1322 3120 1377 omnia
3147 1318 3364 1374 metalla
3385 1319 3593 1372 ferrum
3621 1317 3725 1370 do-

2134 1431 2262 1485 mat,
2291 1418 2537 1488 nihilque
2563 1432 2628 1472 eo
2669 1416 2853 1470 durius
2883 1424 2987 1478 est,
3019 1414 3099 1468 sic
3139 1411 3475 1467 incredibilia
3510 1409 3726 1462 scelera

2135 1507 2468 1564 Hierusalem
2498 1506 2667 1559 Deum
2695 1513 2891 1557 natura
2920 1500 3135 1556 mollem
3171 1513 3270 1554 suo
3311 1497 3439 1552 vitio
3473 1494 3728 1550 fecerunt

2133 1614 2257 1655 esse
2304 1596 2669 1653 durissimum.
2719 1593 2950 1663 Sartago
2997 1603 3213 1663 quoque
3257 1590 3455 1644 dicitur
3505 1584 3726 1640 medius

453 1712 653 1768 dicitur
675 1725 872 1784 genere
896 1682 1152 1765 feminino
1176 1711 1209 1767 ἦ
1235 1707 1448 1769 πλίνθος,
1483 1704 1841 1775 Symmachus
1863 1703 2037 1757 mani-

2138 1692 2281 1747 inter
2318 1688 2572 1760 populum
2602 1695 2656 1740 et
2701 1687 2868 1749 Deum
2898 1698 3083 1739 murus
3115 1682 3416 1752 oppositus,
3451 1687 3509 1734 ut
3533 1687 3729 1732 osten-

453 1802 649 1859 festius
674 1769 1059 1870 interpretatus
1079 1805 1185 1862 est,
1219 1797 1456 1861 utinm,
1484 1769 1644 1863 quem
1675 1807 1774 1846 nos
1803 1791 2036 1845 latercu-
2061 1773 2108 1832 Β
2137 1784 2228 1836 dat
2254 1793 2472 1836 omnem
2500 1775 2899 1832 multitudinem
2930 1774 2983 1828 in
3015 1773 3165 1828 brevi
3202 1786 3324 1826 esse
3365 1769 3726 1837 frangendam

456 1895 564 1949 lum
592 1900 648 1948 et
668 1893 892 1947 abacum
918 1888 1191 1960 appellare
1217 1900 1522 1958 possumus.
1549 1883 1607 1937 in
1634 1882 1786 1952 cujus
1815 1871 2038 1949 pulvere

455 1984 633 2063 solent
675 1991 964 2052 geometrae
999 1979 1270 2053 γραμμὰς,
1309 1974 1364 2030 id
1405 1981 1507 2037 est,
1551 1972 1723 2027 lineas
1752 1970 2041 2038 radiosque

456 2057 780 2128 describere.
828 2069 912 2123 Ex
940 2081 1069 2136 quo
1112 2064 1332 2134 quidam
1377 2061 1565 2116 volunt
1607 2073 1715 2113 non
1744 2057 2038 2113 absurdum

452 2177 578 2220 esse
624 2163 789 2218 etiam
831 2156 992 2225 huius
1037 2156 1297 2212 doctrina
1341 2153 1543 2209 habere
1593 2151 1898 2220 scientiam,
1951 2146 2040 2202 illa

456 2253 700 2321 exempla
718 2248 1072 2318 replicantes,
1101 2245 1244 2316 quod
1274 2243 1429 2300 Iesus
1456 2242 1596 2296 filius
1624 2239 1769 2295 Nave
1791 2238 2039 2309 explora-

459 2357 603 2399 tores
632 2343 860 2405 miserit,
897 2339 988 2410 qui
1016 2346 1216 2394 terram
1248 2335 1648 2400 describerent,
1674 2347 1793 2401 qua:
1820 2329 2038 2400 proprie

457 2442 681 2489 vocatur
712 2429 1038 2492 Geometria,
1067 2437 1124 2484 et
1152 2425 1372 2498 angelus
1398 2425 1452 2480 in
1489 2424 1751 2479 Zacharia
1789 2422 2038 2477 habuerit

458 2523 756 2578 funiculum
788 2521 1173 2590 geometricum
1214 2517 1282 2571 ad
1318 2513 1654 2570 Hierusalem
1685 2511 2034 2568 metiendam.

461 2615 525 2670 Et
551 2613 694 2684 quod
731 2627 876 2667 nunc
911 2610 1128 2682 iubetur
1159 2608 1420 2678 propheta
1459 2604 1800 2660 Hierusalem
1833 2603 1896 2657 in
1921 2601 2037 2672 pulv

458 2719 588 2759 vere
624 2701 952 2766 describere,
990 2713 1110 2770 quae
1145 2698 1284 2766 apud
1328 2710 1422 2750 eos
1459 2693 1676 2766 preprte
1715 2691 2034 2762 appellatur,

457 2799 831 2871 σκηνογράφια,
863 2806 1145 2861 possumus
1178 2790 1401 2845 laterem
1433 2797 1487 2842 et
1527 2787 1579 2840 in
1611 2785 2037 2856 suggillationem

458 2885 666 2942 lSraelis
715 2884 981 2955 accipere,
1029 2881 1172 2950 quod
1211 2880 1266 2934 in
1315 2879 1427 2934 luto
1478 2889 1533 2933 et
1574 2876 1744 2931 latere
1786 2875 2037 2930 servierit

457 2977 748 3040 Pharaoni,
781 2976 891 3032 sive
929 2981 990 3027 ut
1015 2973 1164 3036 urbs,
1193 2984 1361 3040 quam
1387 2968 1649 3038 putabant
1669 2979 1791 3021 esse
1826 2965 2037 3019 firmam

456 3078 513 3121 et
558 3065 1044 3137 inexpugnabilem,
1097 3062 1437 3134 fragilissitno
1478 3060 1633 3114 lateri
1672 3064 2034 3128 comparetur,

458 3159 556 3227 qui
588 3158 657 3213 ad
689 3165 892 3212 tactum
936 3170 1086 3225 aquae
1121 3154 1261 3208 illico
1291 3152 1535 3208 solvitur.
1570 3150 1641 3207 Ut
1663 3150 1730 3205 de
1758 3164 1863 3219 qua
1892 3148 2038 3219 prius

463 3249 672 3304 dictum
696 3247 781 3303 est
809 3266 821 3300 :
859 3266 877 3298 ι
908 3243 1175 3313 Numquid
1199 3252 1352 3312 petra
1388 3241 1674 3297 durissima
1720 3240 1806 3296 vel
1840 3240 2040 3296 deserti

465 3353 623 3393 mons
648 3349 750 3402 est,
778 3338 901 3393 ﬁliae
929 3335 1112 3391 Sion‘lr
1147 3344 1386 3390 vertatur
1408 3334 1463 3388 in
1487 3331 1732 3395 laterem,
1765 3329 1856 3400 qui
1883 3328 2040 3384 inun-

463 3430 680 3485 datione
728 3427 1031 3498 Babylonia:
1073 3437 1463 3495 corrumpatur,
1508 3423 1662 3493 juxta
1715 3422 1863 3487 illud,
1899 3420 2041 3491 quod

458 3519 721 3590 scripturn
743 3526 824 3573 est
842 3532 856 3572 :
877 3517 1194 3587 «Propterea
1218 3517 1449 3571 adducet
1475 3514 1730 3569 Dominus
1760 3528 1922 3584 super
1945 3527 2041 3568 vos

461 3627 631 3683 aquas
659 3612 873 3676 multas,
907 3620 961 3665 et
984 3611 1175 3676 fortes,
1202 3624 1381 3682 regem
1409 3609 1773 3680 As'syriorum.
1806 3626 1824 3658 ι

537 3723 555 3754 ι
594 3703 661 3757 Et
687 3711 761 3766 tu,
803 3702 994 3772 inquit,
1033 3700 1134 3756 Fili
1169 3701 1424 3765 hominis,
1467 3715 1618 3757 sume
1658 3699 1752 3754 tibi
1793 3699 2039 3763 laterem,

467 3813 485 3844 ι
535 3801 588 3847 et
616 3808 781 3862 pones
800 3808 923 3848 eum
943 3806 1127 3847 coram
1156 3801 1227 3856 te,
1269 3800 1324 3847 et
1362 3791 1633 3846 describes
1663 3791 1718 3844 in
1746 3805 1812 3845 eo
1849 3789 2041 3844 civita-

469 3908 486 3938 ε
536 3897 641 3940 tein
673 3884 1020 3948 Hierusalem,
1060 3892 1116 3939 et
1143 3883 1417 3939 ordinabis
1448 3883 1704 3938 adversus
1736 3895 1854 3938 eam
1896 3881 2043 3938 obsi-

469 3998 487 4028 ι
535 3978 775 4038 dionem,
802 3983 856 4029 et
888 3973 1180 4030 aedificabis
1205 3973 1548 4029 munitiones.
1588 3973 1655 4027 Et
1679 3971 2043 4042 comportabis

465 4085 486 4114 ‹
535 4079 805 4136 aggerem,
848 4075 905 4118 et
942 4063 1095 4118 dabis
1137 4071 1326 4117 contra
1371 4078 1489 4116 eam
1531 4072 1729 4124 castra,
1779 4072 1835 4118 et
1877 4077 2044 4132 pones

467 4177 484 4207 ι
532 4160 729 4212 arietes
763 4157 816 4210 in
852 4170 1002 4226 gyro.
1047 4154 1114 4208 Et
1151 4162 1207 4208 tu
1247 4168 1399 4209 sume
1439 4154 1534 4209 tibi
1572 4154 1899 4224 sartaginem
1935 4153 2044 4207 fer-

470 4269 486 4298 ς
537 4263 705 4313 ream,
748 4255 802 4300 et
828 4261 996 4316 pones
1035 4260 1155 4299 eam
1201 4259 1415 4299 murum
1453 4243 1688 4299 ferreum
1732 4246 1873 4298 inter
1913 4253 1963 4300 te
1989 4253 2043 4298 et

467 4363 484 4395 ι
528 4341 822 4405 civitatem,
849 4347 905 4393 et
939 4336 1255 4392 obﬁrmabis
1298 4334 1490 4391 faciem
1530 4329 1676 4391 tuam
1725 4337 1793 4390 ad
1820 4350 1960 4400 eam,
1988 4342 2044 4389 et

469 4453 485 4484 ε
529 4433 636 4486 erit
681 4434 736 4485 in
763 4429 1116 4484 obsidionem.
1161 4428 1227 4482 Et
1248 4427 1607 4482 circumdabis
1645 4442 1784 4481 eam.
1812 4425 2034 4496 Signum

471 4545 484 4573 ι
531 4525 721 4578 domus
750 4518 932 4575 Israel.
968 4538 984 4569 ι
1013 4516 1236 4588 (Greg.)
1259 4517 1316 4571 ιη
1342 4517 1536 4585 quibus
1563 4515 1814 4570 videlicet
1836 4514 2035 4581 verbis,

464 4614 590 4683 quid
640 4608 781 4664 aliud
822 4610 972 4674 juxta
1018 4608 1317 4670 historiam,
1372 4605 1474 4659 nisi
1515 4604 1847 4659 Hierusalem
1889 4603 2038 4657 urbis

464 4704 670 4759 obsidio
714 4709 874 4769 atque
917 4699 1212 4756 destructio
1262 4697 1591 4766 designatur,
1641 4703 1694 4748 et
1742 4695 2040 4764 peccatoris

465 4796 641 4865 populi
681 4791 900 4847 amictio
928 4790 1287 4861 exprimitur?
1328 4789 1419 4858 qui
1482 4790 1670 4842 domus
1717 4798 2040 4855 exasperans

467 4895 703 4948 vocatur,
743 4898 868 4938 eum
907 4890 1092 4954 aperte
1133 4881 1329 4936 dicitur
1360 4898 1371 4933 :
1402 4899 1420 4932 ι
1454 4878 1743 4935 Ordinabis
1784 4878 2041 4932 adversus

467 4993 585 5032 eain
614 4977 967 5036 obsidionem,
1000 4981 1055 5026 et
1094 4971 1384 5027 aedideabis
1423 4969 1770 5033 munitiones,
1802 4975 1858 5021 et
1887 4982 2040 5022 com-

468 5069 706 5139 portabis
728 5079 998 5134 aggerem,
1025 5072 1080 5119 ct
1107 5063 1259 5118 dabis
1281 5068 1471 5117 contra
1498 5075 1617 5116 eam
1646 5069 1848 5124 castra,
1875 5072 2042 5129 pones

468 5162 666 5214 arietes
698 5157 752 5212 in
782 5169 935 5227 gyro.
977 5174 995 5208 ι
1029 5152 1136 5209 Sed
1164 5153 1289 5223 quia
1315 5154 1477 5209 verba
1502 5151 1797 5221 prophetiae
1826 5151 1904 5205 sic
1933 5147 2053 5217 ple—

471 5264 696 5320 rumque
719 5255 946 5307 narrant
977 5244 1252 5309 historica,
1274 5252 1333 5298 ut
1356 5257 1453 5312 per
1481 5244 1596 5297 haec
1620 5242 1784 5296 etiam
1818 5239 2042 5310 mystica

471 5340 794 5404 describant,
825 5345 1035 5407 oportet
1074 5343 1133 5389 ut
1161 5334 1278 5388 haec
1305 5333 1492 5388 eadem
1523 5333 1688 5396 dicta,
1715 5346 1834 5401 qua!
1859 5339 2043 5399 protu-

471 5431 651 5496 limus,
677 5428 991 5499 spiritaliter
1037 5426 1381 5487 disseramus,
1429 5423 1661 5478 maxime
1705 5423 1831 5492 quia
1865 5422 1917 5474 in
1965 5420 2044 5475 eis

472 5520 848 5590 interponitur,
889 5516 1032 5588 quod
1081 5517 1248 5572 teneri
1292 5530 1449 5585 posse
1485 5515 1551 5568 ad
1584 5514 1814 5572 litteram
1845 5528 1950 5566 non
1974 5513 2045 5566 vi-

471 5615 648 5677 detur,
693 5625 816 5668 cum
853 5610 1047 5666 dicitur
1078 5625 1092 5664 :
1131 5624 1149 5660 t
1185 5608 1250 5664 Et
1286 5618 1340 5662 tu
1380 5621 1536 5661 sume
1582 5607 1676 5660 tibi
1717 5605 2042 5674 sartaginem

474 5699 727 5769 ferream,
754 5708 809 5758 et
835 5713 1000 5770 pones
1024 5713 1144 5756 eam
1172 5713 1379 5753 murum
1417 5696 1669 5760 ferreum,
1709 5697 1845 5750 inter
1894 5704 1947 5749 te
1991 5703 2042 5748 et

2137 1870 2592 1940 redigendamque
2610 1867 2680 1923 ad
2701 1867 2950 1922 nihilum.
2980 1864 3298 1921 Obﬁrmatio
3325 1872 3504 1917 autem
3542 1861 3728 1915 vultus

2137 1968 2323 2018 contra
2366 1959 2579 2024 urbem,
2613 1956 2919 2013 severitatis
2949 1956 3213 2028 judicium
3259 1964 3343 2009 est
3370 1954 3523 2026 juxta
3566 1953 3726 2015 illud,

2137 2051 2280 2124 quod
2294 2050 2419 2106 alibi
2433 2049 2692 2120 scriptum
2706 2049 2930 2118 legimus
2946 2065 2958 2100 :
2985 2065 3002 2099 ι
3031 2046 3220 2102 Facies
3234 2046 3447 2101 Domini
3463 2061 3625 2114 super
3639 2046 3729 2099 fa-

2137 2143 2340 2198 cientes
2363 2139 2524 2203 mala,
2543 2148 2599 2194 ut
2625 2127 2902 2208 disperdat
2927 2137 2990 2192 de
3020 2145 3162 2192 terra
3178 2136 3494 2192 memoriam
3526 2150 3724 2201 eorum

2137 2228 2537 2299 (Prohxxxm).
2560 2249 2580 2281 ι
2600 2227 2801 2298 (ϐπ-ιθ.)
2818 2226 2956 2292 Quid
2969 2235 3183 2297 sartago
3209 2224 3384 2280 ferrea
3408 2225 3726 2280 necessaria

2134 2324 2409 2392 propheta:
2429 2319 2549 2384 fuit,
2575 2329 2631 2373 ut
2657 2320 2795 2373 hanc
2819 2320 2960 2371 inter
2979 2331 3038 2373 se
3072 2325 3128 2372 et
3165 2318 3437 2371 civitatem
3464 2320 3722 2383 poneret,

2137 2421 2402 2480 quatenus
2430 2424 2489 2464 se
2516 2410 2584 2464 ab
2612 2409 2728 2479 ejus
2749 2405 3026 2462 obsidione
3051 2405 3372 2476 separaret?
3401 2405 3534 2458 Cum
3571 2403 3723 2456 enim

2137 2503 2334 2558 dicitur
2366 2515 2381 2552 :
2419 2517 2439 2551 ι
2492 2499 2657 2554 Sume
2709 2497 2804 2553 tibi
2849 2496 3174 2568 sartaginem
3225 2495 3462 2549 ferream
3512 2504 3566 2548 et
3616 2509 3723 2562 po-

2137 2609 2234 2651 nes
2275 2607 2398 2649 esm
2439 2606 2652 2647 murum
2693 2589 2929 2645 ferreum
2977 2590 3117 2643 inter
3165 2599 3217 2642 te
3269 2594 3322 2640 et
3356 2586 3652 2644 civitatem,
3697 2602 3718 2633 ›

2136 2698 2323 2759 aperte
2347 2687 2673 2749 declaratur,
2703 2683 2826 2752 quia
2860 2695 2955 2752 per
2976 2679 3224 2736 eamdem
3253 2677 3586 2748 sartaginem
3611 2674 3725 2729 fer-

2135 2794 2284 2835 ream
2311 2778 2379 2834 ab
2401 2775 2682 2832 obsidione
2702 2772 2940 2829 civitatis
2965 2785 3025 2828 se
3065 2770 3294 2824 liberum
3317 2768 3526 2822 reddat.
3565 2764 3725 2820 Unde

2136 2880 2192 2928 et
2210 2871 2355 2942 quod
2377 2867 2603 2940 praedixi
2629 2865 2972 2934 subiungitur
2999 2881 3015 2917 :
3044 2882 3062 2915 ι
3092 2861 3159 2917 Ει
3178 2860 3499 2916 obﬁrmahis
3522 2842 3721 2911 faciem

2138 2971 2286 3018 tuam
2314 2961 2381 3015 ad
2407 2975 2547 3024 eam,
2592 2966 2648 3014 et
2674 2960 2780 3012 erit
2828 2956 2884 3010 in
2919 2953 3276 3011 obsidionem.
3331 2973 3350 3004 ι
3394 2951 3473 3006 Ex
3509 2965 3612 3018 qua
3657 2963 3723 3004 re

2138 3050 2459 3116 ostenditur,
2514 3049 2636 3121 quia
2680 3049 2943 3118 propheta
2980 3047 3034 3101 in
3072 3046 3263 3100 eadem
3300 3043 3580 3100 obsidione
3608 3056 3721 3096 non

2065 3122 2110 3187 ο
2141 3144 2326 3208 fuerit,
2363 3143 2408 3197 si
2452 3142 2779 3211 sartaginem
2809 3137 3043 3194 ferream
3093 3139 3237 3193 inter
3275 3152 3334 3192 se
3360 3143 3413 3191 et
3440 3136 3720 3190 civitatem

2140 3247 2354 3290 murum
2373 3229 2610 3285 ferreum
2629 3228 2802 3298 ponit,
2823 3236 2877 3283 et
2911 3235 3058 3283 certe
3086 3228 3201 3282 sive
3234 3227 3288 3280 in
3315 3241 3377 3281 ea
3401 3225 3721 3294 captivitate

2138 3340 2259 3396 quae
2281 3325 2457 3395 prius,
2485 3325 2600 3378 sive
2648 3321 2702 3375 in
2729 3335 2813 3385 ea,
2861 3335 2981 3389 quae
3027 3317 3368 3390 postmodum
3415 3315 3722 3370 lsraelitico

2141 3417 2334 3488 populo
2363 3414 2607 3485 contigit,
2637 3413 2813 3467 nullus
2853 3413 2921 3466 ab
2949 3411 3188 3482 ejusdem
3217 3407 3546 3478 captivitatis
3574 3407 3720 3476 peri-

2141 3507 2261 3564 culo
2282 3507 2418 3562 liber
2437 3505 2558 3570 fuit,
2589 3503 2682 3560 sed
2705 3516 2892 3558 omnes
2919 3501 3076 3557 simul
3104 3516 3204 3573 par
3226 3500 3509 3554 calamitas
3538 3498 3720 3551 invol-

2139 3599 2237 3653 vit.
2284 3597 2422 3664 Quid
2473 3610 2601 3666 ergo
2640 3594 2860 3664 intelligi
2905 3595 3055 3664 iuxta
3106 3592 3342 3647 litteram
3396 3598 3608 3662 potest,
3653 3598 3722 3644 ut

2140 3693 2403 3762 propheta
2433 3691 2575 3744 inter
2627 3704 2686 3744 se
2714 3695 2767 3742 et
2797 3687 3093 3753 civitatem,
3141 3701 3260 3756 quae
3284 3686 3574 3742 obsidenda
3606 3693 3714 3748 est,

2140 3781 2466 3851 sartaginem
2489 3779 2720 3833 ferream
2755 3778 2958 3847 ponat?
2987 3777 3092 3832 Sed
3114 3776 3362 3846 quamvis
3399 3789 3559 3830 omne
3587 3775 3715 3837 hoc,

2141 3874 2286 3942 quod
2316 3873 2369 3926 in
2395 3869 2757 3939 descriptione
2783 3868 2968 3923 lateris
3008 3867 3110 3923 sub
3138 3867 3290 3937 signo
3315 3864 3716 3933 Hierosolymo-

2143 3981 2260 4020 rum
2283 3963 2514 4019 civitatis
2539 3961 2752 4032 legitur,
2774 3959 2928 4029 juxta
2955 3959 3184 4014 litteram
3212 3959 3410 4013 factum
3436 3958 3538 4020 sit,
3563 3958 3720 4011 vobis

2145 4067 2325 4113 tamen
2354 4057 2632 4112 sciendum
2667 4061 2768 4118 est,
2793 4053 2917 4122 quia
2943 4052 3176 4123 typicum
3199 4049 3399 4120 aliquid
3423 4064 3521 4120 per
3539 4060 3721 4104 sarta-

2143 4149 2320 4218 ginem
2356 4148 2632 4218 tlguratur,
2681 4145 2774 4200 sed
2823 4143 3062 4199 obsessio
3090 4142 3548 4212 Jerosolymorum
3586 4154 3719 4195 vera

2144 4240 2506 4301 describitur;
2573 4252 2636 4292 ex
2675 4250 2780 4304 qua
2820 4249 2879 4290 re
2935 4233 3254 4288 instruimur
3293 4240 3352 4286 ut
3395 4233 3520 4287 dum
3571 4231 3721 4286 aliud

2143 4333 2464 4403 completum
2484 4332 2636 4402 juxta
2667 4329 2954 4385 historiam
3001 4327 3224 4391 scimus,
3271 4333 3324 4379 et
3364 4323 3509 4378 aliud
3558 4322 3721 4392 juxta

2145 4424 2422 4480 historiam
2453 4438 2483 4476 a
2528 4421 2736 4476 ratione
2782 4433 2975 4476 vacare
2999 4414 3399 4488 cognoscimus,
3460 4415 3514 4466 in
3559 4427 3721 4468 sacro

2141 4516 2307 4570 verbo
2357 4522 2585 4581 utraque
2623 4521 2920 4574 teneamus,
2964 4515 3229 4578 quatenus
3276 4514 3332 4560 et
3381 4503 3718 4559 obsidionem

2139 4605 2617 4676 Jerosolymorum,
2639 4616 2758 4672 quae
2774 4600 2926 4668 juxta
2952 4599 3186 4654 litteram
3211 4595 3552 4669 postmodum
3575 4593 3721 4650 facta

2143 4707 2244 4758 est,
2279 4697 2332 4751 in
2358 4695 2636 4765 prophetae
2656 4692 2832 4748 verbis
2856 4701 2910 4747 et
2948 4690 3106 4748 factis
3127 4692 3406 4747 credamus
3437 4704 3560 4745 esse
3589 4689 3724 4759 figu-

2147 4798 2339 4851 ratam,
2387 4794 2442 4839 et
2472 4794 2646 4839 tamen
2687 4798 2784 4853 per
2808 4783 3054 4839 eamdem
3092 4781 3458 4846 obsidionem,
3505 4779 3720 4834 obsidio

2146 4879 2268 4943 alia,
2295 4879 2349 4932 id
2378 4886 2480 4942 est,
2509 4879 2730 4932 interior
2763 4877 3093 4947 designetur.
3119 4875 3179 4930 In
3202 4889 3308 4945 qua
3335 4889 3396 4928 re
3425 4874 3722 4943 quaerimus

2143 4969 2269 5038 quid
2292 4983 2390 5037 per
2414 4970 2738 5038 sartaginem
2759 4967 3014 5031 ferream,
3043 4981 3162 5036 qua:
3183 4980 3371 5019 murus
3397 4963 3608 5019 ferreus
3631 4961 3718 5017 di-

2143 5058 2305 5123 citur,
2329 5048 2504 5113 valéat
2529 5059 2816 5128 designari.
2849 5057 2996 5111 Illam
3027 5057 3210 5126 itaque
3228 5054 3583 5119 obsidionem,
3612 5066 3720 5122 qua

2145 5147 2601 5217 Jerosolymorum
2648 5147 2840 5201 civitas
2906 5147 3180 5200 destructa
3232 5151 3316 5200 es’t
3359 5141 3471 5212 jam
3521 5141 3720 5196 factam

2149 5239 2410 5307 novimus,
2449 5239 2543 5293 sed
2570 5239 2729 5292 aliam
2776 5251 2918 5292 nunc
2967 5237 3310 5301 intrinsecus,
3340 5248 3458 5305 qua:
3480 5234 3720 5304 quotidie

2149 5329 2348 5399 agitur,
2380 5330 2736 5398 requiramus.
2762 5325 2839 5382 De
2880 5343 2984 5396 qua
3023 5342 3121 5398 per
3151 5326 3605 5396 significationem
3636 5323 3725 5377 di-

2149 5421 2326 5476 citur:
2357 5439 2374 5471 ι
2406 5419 2473 5473 Et
2509 5427 2587 5481 tu,
2637 5417 2707 5471 fili
2755 5418 3007 5480 hominis,
3056 5431 3207 5471 sume
3247 5415 3338 5469 tibi
3357 5414 3620 5476 .laterem,
3671 5419 3730 5465 et

2149 5525 2315 5578 pones
2332 5523 2455 5564 eum
2484 5524 2663 5563 coram
2687 5517 2758 5573 te,
2787 5516 2841 5562 et
2869 5509 3140 5563 describes
3164 5507 3216 5560 in
3243 5520 3304 5559 eo
3323 5505 3603 5558 civitatem
3629 5498 3723 5554 le-

2152 5601 2404 5654 rusalcm.
2437 5620 2454 5651 »
2493 5599 2599 5653 Sed
2631 5609 2753 5654 ante
2781 5599 2936 5653 nobis
2963 5600 3305 5668 quaerendum
3337 5603 3440 5658 est,-
3465 5608 3564 5648 cur
3593 5591 3742 5646 Eze-

2152 5691 2290 5748 chiel
2324 5693 2584 5761 propheta
2622 5689 2703 5744 vel
2748 5689 2956 5758 quaties
3012 5687 3261 5744 sublimia
3309 5683 3596 5754 conspicit,
3647 5683 3734 5738 vel
