3948 6338
572 336 669 392 SOI

1275 332 1334 384 Ii.
1380 331 1625 385 ItAliANI
1665 332 1880 388 )IAL’Ill
1919 333 2234 388 AilCIIIEP.
2264 324 2583 389 UNiCL’N'I‘.
2624 334 2903 389 OI‘IiIlL'M
2946 332 3122 388 PARS
3160 334 3221 388 II.

3722 336 3825 393 592

572 448 734 514 venit,
751 445 895 502 aliud
922 458 1051 499 vero
1076 444 1129 498 in
1160 444 1512 498 tentationcm
1538 460 1595 498 se
1620 459 1682 497 ex
1713 444 1881 497 latere
1909 442 2143 510 subiicit,
2176 452 2219 508 Α
2258 446 2411 503 Silia:
2441 444 2682 497 severius
2711 444 2934 512 agendo.
2969 443 3044 497 De
3074 460 3178 512 qua
3209 453 3349 498 recte
3376 447 3667 501 severitate
3696 450 3815 501 sub-

569 550 839 611 quatenus
861 537 987 591 dum
1002 535 1155 590 alteri
1179 535 1469 601 resistitur,
1492 536 1558 589 ab
1574 535 1743 589 altero
1760 550 1908 591 mens
1924 537 2144 605 decepta

570 631 833 699 rapiatur.
858 627 976 696 Ipsa
1001 626 1167 691 enim,
1193 641 1311 695 qua:
1340 627 1587 695 superius
1613 627 1845 681 diximus
1875 628 2003 681 vitia
2033 626 2147 695 ple—

572 734 797 789 rumque
817 734 875 773 se
897 717 999 770 alia
1024 731 1123 787 pro
1143 715 1260 770 aliis
1280 715 1475 770 furtive
1490 725 1817 785 supponunt.
1836 715 1988 770 Sicut
2011 730 2146 769 non-

572 824 847 880 nunquam
876 808 1001 861 dum
1034 806 1171 860 iram
1216 806 1435 860 vincere
1465 806 1518 859 in
1557 805 1959 877 nobismetipsis
1988 820 2151 860 cona-

572 918 711 963 mur,
748 900 1031 970 plusquam
1063 912 1281 952 necesse
1311 905 1394 951 est
1423 897 1616 951 lenitas
1646 906 1881 952 mentem
1899 906 2147 967 occupat,

572 1002 631 1045 ut
644 991 987 1061 asperitatem
1003 988 1373 1057 peccantibus,
1390 1004 1548 1059 quam
1562 996 1773 1057 oportet
1785 988 2004 1042 minime
2020 1003 2152 1056 prze-

571 1092 754 1154 ponat.
787 1081 939 1150 Stepe
982 1095 1109 1134 vero
1138 1080 1261 1133 dum
1292 1080 1445 1134 nobis
1474 1080 1649 1134 inesse
1692 1079 1909 1134 incauta
1958 1081 2150 1135 lenitas

572 1173 837 1240 displicet,
868 1171 1015 1224 zelus
1051 1187 1108 1224 se
1147 1171 1213 1223 ad
1243 1168 1509 1224 fervorem
1543 1170 1730 1234 trahit,
1786 1178 1948 1241 atque
1996 1180 2148 1224 extra

572 1262 847 1327 patientia:
903 1260 1129 1313 limitem
1185 1260 1424 1313 animum
1478 1261 1748 1328 captivum
1808 1259 1973 1313 ducit.
2013 1260 2147 1326 Quia

573 1369 704 1423 ergo
755 1352 1015 1422 permista
1068 1349 1228 1404 simul
1276 1350 1406 1403 vitia
1450 1359 1613 1418 atque
1662 1350 1897 1402 adunata
1959 1359 2148 1403 contra

572 1452 809 1497 mentem
854 1440 1094 1505 veniunt,
1131 1446 1279 1494 recte
1320 1438 1374 1492 in
1422 1438 1791 1508 praedicatoris
1821 1454 1915 1492 ore
1961 1448 2148 1493 contra

574 1531 903 1601 descriptam
931 1528 1231 1585 Jerusalem
1269 1537 1446 1583 castra
1490 1537 1879 1597 proponuntur.
1924 1529 1989 1582 Et
2024 1530 2147 1597 quia

575 1622 864 1692 aliquando
884 1619 1091 1690 singula
1120 1619 1245 1673 hinc
1277 1619 1399 1673 inde
1427 1628 1659 1672 mentem
1686 1618 1905 1682 feriunt,
1938 1620 1989 1673 in
2020 1636 2149 1690 ger

576 1711 775 1764 arietes
799 1708 1141 1763 ordinantur.
1183 1706 1343 1760 Ponit
1368 1722 1495 1777 ergo
1522 1706 1844 1775 prwdicator
1871 1709 2067 1762 arietes
2097 1711 2149 1762 in

2364 553 2419 603 pr.
2454 554 2470 585 ‹
2498 536 2562 588 Et
2591 536 2903 590 oblirmabis
2928 535 3115 588 faciem
3148 545 3291 590 tuam
3311 538 3377 592 ad
3400 554 3541 601 eam,
3572 548 3625 592 et
3646 544 3748 593 crit
3773 544 3820 593 in

2216 654 2218 661 ›
2250 639 2281 678 e
2370 624 2639 678 dionch
2659 624 2797 690 Quid
2813 624 3197 678 estobfirmare
3220 625 3411 681 faciem
3438 630 3503 681 ad
3522 626 3820 684 Jerusalem

2252 714 2307 768 in
2338 713 2509 769 latere
2539 715 2885 783 descriptam,
2924 714 3023 769 nisi
3063 722 3123 767 ut
3149 714 3197 769 ei
3238 717 3449 780 animm,
3472 718 3557 771 cui
3588 722 3821 773 ecriestis

2250 804 2397 871 pacis
2433 805 2622 857 doctor
2648 804 2911 857 visionem
2957 803 3257 868 denuntiat,
3296 807 3339 859 si
3369 808 3543 861 adhuc
3580 823 3699 860 eam
3745 810 3816 859 i5.-

2252 894 2454 947 ftrmari
2482 895 2533 947 in
2557 895 2668 948 suis
2696 894 2904 947 actibus
2935 896 3216 965 conspicit,
3248 899 3609 953 remissiorem
3632 910 3682 952 et
3715 902 3817 953 cit--

2252 986 2570 1038 mentiorem
2599 1000 2656 1038 se
2679 984 2960 1038 ostendat?
2994 985 3145 1040 Unde
3173 988 3434 1057 scriptum
3468 999 3552 1043 est
3579 1009 3591 1042 :
3624 1010 3643 1042 ί
3678 990 3819 1044 Filia:

2252 1076 2345 1130 tibi
2378 1077 2534 1131 sunt?
2556 1092 2710 1131 serva
2754 1092 2949 1145 corpus
2968 1094 3175 1143 earum,
3204 1089 3258 1133 et
3286 1096 3391 1133 non
3415 1083 3668 1136 ostendas
3703 1084 3823 1139 hila-

2252 1180 2363 1218 rent
2396 1164 2588 1219 faciem
2612 1176 2757 1219 tuam
2780 1167 2847 1219 ad
2870 1166 2987 1219 illas
3015 1167 3205 1236 (Eccli.
3223 1168 3341 1240 vn).
3376 1190 3392 1221 ι
3419 1170 3650 1226 Infirtme
3673 1174 3825 1244 quip-

2250 1270 2316 1325 pe
2354 1257 2563 1318 animae,
2609 1266 2772 1325 atque
2810 1258 2876 1311 ad
2910 1259 3205 1326 appetitum
3242 1262 3423 1314 mundi
3474 1262 3692 1327 deditur,
3735 1264 3826 1317 ali-

2250 1345 2464 1414 quando
2492 1346 2682 1399 melius
2705 1362 2768 1400 ex
2800 1347 3089 1401 severitate
3116 1358 3423 1413 servantur,
3456 1359 3515 1403 ut
3539 1352 3823 1405 obfirmata

2252 1434 2439 1501 facies,
2470 1436 2520 1490 id
2558 1445 2657 1499 est,
2687 1452 2783 1505 per
2808 1438 3111 1491 severitatis
3137 1440 3435 1493 custodiam
3468 1442 3534 1495 ab
3562 1441 3712 1493 onmi
3738 1457 3825 1509 spe

2252 1525 2456 1579 frivola:
2510 1527 2843 1581 remissionis
2880 1527 3107 1581 abducta
3149 1529 3543 1583 inconstantem
3591 1532 3821 1585 animant

2252 1616 2473 1681 terreat,
2509 1626 2669 1684 atque
2697 1632 2725 1669 a
2763 1618 3047 1671 dilectione
3076 1620 3329 1672 vitiorum
3373 1620 3730 1675 districtionis
3753 1623 3824 1675 vi-

2252 1722 2379 1777 gore
2408 1708 2759 1777 constringat.
2786 1706 2936 1774 Quod
2964 1723 3086 1761 eum
3110 1724 3139 1761 a
3161 1710 3382 1762 doctore
3409 1710 3587 1779 agitur
3618 1726 3825 1779 semper

575 1817 729 1873 gyro,
757 1802 882 1855 dum
910 1809 1067 1855 caute
1094 1798 1398 1862 denuntiat,
1427 1814 1587 1868 quam
1611 1810 1768 1853 caute
1790 1798 1997 1853 luxuria
2029 1814 2149 1867 per-
2179 1794 2223 1850 B
2253 1813 2473 1853 necesse
2495 1807 2599 1863 est,
2622 1807 2681 1851 ut
2709 1799 2935 1854 dulcedo
2977 1808 3031 1852 et
3060 1801 3333 1854 humilitas
3372 1802 3423 1854 in
3456 1802 3622 1856 corde
3652 1814 3824 1856 tenea-

576 1895 741 1959 cutit,
778 1908 939 1962 quam
983 1906 1174 1960 aspere
1214 1890 1549 1959 impatientia
1601 1890 1829 1955 occidat,
1884 1906 2045 1960 quam
2078 1890 2152 1944 la-

579 1986 791 2040 boriose
821 1984 1047 2037 avaritia
1072 1984 1318 2037 accendit
1352 1992 1406 2035 et
1449 1982 1728 2045 interimit,
1761 1997 1920 2050 quam
1952 1982 2153 2036 tumide

577 2075 827 2143 superbia
852 2072 1165 2142 exstinguit.
1184 2070 1239 2123 In
1253 2069 1579 2140 gyroitaque
1602 2069 1799 2123 arietes
1824 2084 2045 2138 ponere,
2070 2077 2153 2123 est

576 2159 922 2230 praedicando
969 2158 1256 2212 ostendere
1281 2157 1372 2226 qui
1401 2157 1637 2227 undique
1669 2157 1878 2212 soleant
1917 2158 2151 2211 animam

576 2264 869 2306 mucrones
908 2248 1161 2303 vitiorum
1191 2246 1371 2302 ferire.
1421 2246 1717 2316 Sequitur:
1748 2267 1765 2299 ε
1805 2248 1872 2302 Et
1913 2258 1969 2301 tu
2002 2262 2153 2301 sume

575 2340 673 2409 tibi
721 2339 1049 2409 sartaginem
1081 2336 1330 2401 ferream,
1359 2345 1413 2390 et
1450 2352 1618 2405 pones
1652 2352 1771 2391 eam
1804 2353 2018 2391 murum
2048 2337 2154 2393 fer-

583 2406 736 2487 reum
784 2406 924 2487 inter
978 2441 1031 2487 te
1078 2440 1133 2485 et
1163 2432 1459 2486 civitatem.
1518 2452 1535 2484 ι
1573 2431 1708 2499 Quia
1762 2431 1964 2487 ferrum
2016 2433 2153 2487 forte

578 2520 857 2575 metallum
907 2528 1008 2584 est,
1040 2520 1176 2575 etin
1202 2520 1475 2590 sartagine
1528 2520 1680 2574 cibus
1730 2519 1963 2591 frigitur.
2015 2521 2151 2587 Quid

574 2626 672 2680 per
720 2610 1050 2681 sartaginem
1078 2610 1337 2675 ferream,
1397 2611 1499 2664 nisi
1549 2611 1809 2680 spiritalis
1856 2611 1958 2665 zeli
2000 2611 2154 2666 fortis

579 2702 784 2754 l'rixura
824 2700 1102 2770 signatur?
1148 2700 1335 2756 Omnis
1366 2702 1560 2771 quippe
1588 2701 1850 2771 spiritalis
1896 2702 2045 2756 zelus
2064 2702 2156 2756 do-

576 2791 741 2843 ctoris
772 2790 1007 2845 animam
1047 2789 1212 2862 frigit,
1248 2790 1372 2860 quia
1399 2791 1553 2845 valde
1582 2790 1876 2856 cruciatur,
1910 2792 2037 2845 dum
2068 2791 2152 2845 in-

576 2886 763 2935 tirmos
790 2896 1030 2950 quosque
1059 2890 1262 2937 aeterna
1301 2883 1574 2946 deserere,
1605 2890 1658 2937 et
1700 2882 1860 2937 rebus
1886 2890 2153 2953 tempora-

573 2974 716 3027 libus
740 2973 995 3029 delectari
1032 2974 1314 3044 conspicit.
1340 2974 1509 3041 Quam
1536 2975 1672 3029 bene
1706 2974 1901 3029 Paulus
1929 2976 2154 3047 sartagi-

578 3080 702 3119 nem
733 3063 967 3119 ferream
991 3066 1239 3135 sumpsit,
1272 3082 1393 3120 cum
1422 3066 1536 3122 zelo
1558 3068 1860 3122 animarum
1882 3069 2154 3123 cruciatus

580 3156 835 3211 dicebat:
875 3173 893 3207 ι
925 3154 1055 3221 Quis
1106 3156 1428 3222 infirmatur,
1477 3166 1533 3212 et
1580 3173 1678 3229 ego
1726 3174 1831 3213 non
1877 3157 2154 3213 infirmor?

576 3245 711 3311 Quis
734 3244 1151 3307 scandalizatur,
1182 3253 1235 3299 et
1280 3260 1377 3314 ego
1408 3260 1513 3299 non
1552 3246 1713 3300 uror?
1740 3266 1757 3297 ι
1791 3244 1875 3316 (ΙΙ
1900 3244 2023 3300 Cor.
2052 3246 2152 3317 tu.)

578 3332 756 3400 Ipsum
784 3345 941 3385 suum
965 3345 1078 3395 cor,
1110 3334 1250 3400 quod
1277 3332 1579 3387 animarum
1605 3334 1749 3389 zelus
1772 3336 2150 3401 succenderat,

578 3422 707 3493 quid
746 3422 909 3489 aliud,
934 3438 1095 3493 quam
1131 3425 1457 3495 sartaginem
1486 3424 1707 3490 fecerat,
1740 3427 1792 3480 in
1826 3443 1932 3497 quo
1968 3443 2152 3482 amore

578 3515 837 3567 virtutum
891 3523 1078 3569 contra
1114 3514 1243 3568 vitia
1290 3515 1558 3569 ardebat?
1592 3515 1745 3582 Quod
1776 3518 1919 3571 enim
1964 3518 2152 3573 ureba-

580 3613 688 3667 tur,
740 3613 957 3673 sartago
995 3611 1131 3676 erat.
1170 3603 1546 3659 lnardeseebat
1578 3607 1722 3659 enim
1775 3614 1828 3659 et
1867 3609 2151 3676 coquebat,

581 3691 705 3760 quia
752 3672 1147 3745 accendebatur
1195 3691 1577 3755 amaritudine,
1619 3694 1711 3747 sed
1756 3672 2013 3748 virtutum
2058 3694 2156 3748 ali-

582 3789 759 3835 menta
796 3782 1137 3850 praeparabat
1183 3796 1249 3835 ex
1286 3798 1380 3836 sua
1432 3782 1631 3837 afﬂicta
1674 3785 2016 3854 cogitatione.
2046 3785 2155 3840 Sed

579 3872 709 3939 quid
732 3881 839 3935 est,
886 3872 1027 3940 quod
1078 3872 1321 3925 eamdem
1368 3875 1693 3943 sartaginem
1721 3875 1981 3943 propheta
2014 3876 2154 3929 inter

577 3975 636 4014 se
666 3969 719 4013 et
761 3960 1060 4024 civitatem,
1109 3976 1323 4013 murmn
1370 3960 1602 4015 ferreum
1640 3963 1833 4030 ponit?
1880 3964 1980 4017 nisi
2012 3964 2153 4031 quod

580 4052 719 4103 idem
744 4048 899 4104 fortis
923 4049 1089 4113 zelus,
1120 4050 1210 4119 qui
1246 4067 1385 4104 nunc
1412 4051 1462 4103 in
1488 4061 1665 4105 mente
1693 4053 1927 4107 doctoris
1956 4055 2150 4124 agitur.

582 4144 637 4194 in
670 4142 755 4195 die
784 4143 1011 4197 extremi
1036 4141 1243 4211 judicii,
1271 4143 1415 4195 inter
1453 4158 1575 4195 eutn
1600 4152 1652 4196 et
1674 4145 1907 4197 animam
1930 4162 2088 4214 quant
2122 4163 2151 4199 a

580 4233 728 4285 vitiis
752 4231 956 4285 zelatur
982 4233 1133 4285 testis
1162 4241 1267 4296 est,
1294 4240 1349 4285 ut
1373 4233 1475 4285 etsi
1512 4233 1695 4287 audire
1734 4234 1778 4288 is
1812 4236 1902 4304 qui
1930 4236 2155 4289 docetur

581 4322 835 4385 noluerit,
868 4322 1056 4375 doctor
1108 4330 1287 4375 tamen
1338 4337 1436 4389 pro
1464 4322 1597 4384 zelo,
1631 4337 1789 4390 quem
1819 4323 2034 4377 exhibet
2088 4326 2153 4379 de

582 4410 842 4464 auditoris
870 4410 1214 4479 negligentia,
1250 4426 1371 4465 reus
1400 4426 1503 4465 non
1527 4410 1613 4464 sit.
1648 4411 1853 4465 Murum
1899 4428 2027 4482 ergo
2052 4412 2153 4465 fer—

2254 1896 2378 1942 tur:
2410 1896 2676 1957 quatenus
2701 1898 2754 1943 et
2783 1890 3009 1944 multum
3047 1901 3212 1956 amet,
3243 1899 3297 1946 et
3321 1907 3596 1961 nunquam
3644 1904 3823 1947 contra

2252 1992 2375 2032 eum
2412 1991 2509 2047 per
2560 1978 2847 2045 elationem
2908 1982 3203 2047 superbiat,
3236 1983 3322 2035 cui
3368 1991 3549 2036 tamen
3590 1998 3822 2037 amorem

2252 2084 2408 2123 suum
2456 2078 2509 2122 et
2556 2070 2916 2124 humilitatem
2952 2087 3050 2141 pro
3097 2072 3330 2127 utilitate
3353 2072 3467 2141 ejus
3492 2074 3725 2143 prodere
3751 2091 3825 2129 re-

2252 2164 2425 2211 cusat.
2472 2156 2726 2225 Sequitur
2759 2175 2771 2211 :
2810 2176 2828 2208 ι
2870 2160 2937 2213 Et
2969 2161 3327 2217 circumdabis
3358 2178 3496 2217 eam.
3538 2182 3556 2214 ι
3589 2163 3823 2219 Circum-

2252 2248 2347 2299 dat
2376 2247 2566 2301 doctor
2612 2246 2874 2302 auditoris
2915 2249 3173 2315 animam,
3208 2266 3331 2305 cum
3380 2252 3434 2305 in
3471 2266 3655 2315 omne,
3691 2252 3823 2322 quod

2255 2338 2307 2390 in
2333 2337 2437 2392 hac
2464 2338 2575 2391 vita
2604 2338 2800 2407 agitur,
2818 2340 3172 2395 tentationum
3203 2340 3424 2410 laqueos
3449 2343 3646 2412 apponi
3676 2357 3823 2412 posse

2253 2427 2555 2490 denuntiat,
2605 2436 2663 2482 ut
2696 2428 2824 2482 dum
2867 2430 3064 2499 ubique
3096 2430 3154 2485 fit
3181 2444 3335 2484 mens
3374 2430 3593 2499 pavida,
3636 2432 3819 2499 ubique

2252 2519 2640 2588 eireuntSpecta
2655 2527 2861 2587 quanto
2883 2519 3142 2585 timidior,
3160 2529 3307 2574 tanto
3328 2521 3643 2591 vigilantior
3666 2522 3817 2575 vivat.

2255 2606 2513 2675 Sequitur
2546 2624 2557 2659 :
2596 2626 2614 2657 ι
2647 2605 2869 2677 Signum
2892 2616 2974 2662 est
2996 2609 3187 2663 domus
3210 2604 3393 2663 Israel.
3418 2630 3436 2661 ι
3472 2608 3530 2663 Si
3560 2610 3631 2663 ad
3664 2610 3819 2664 histo-

2254 2700 2389 2753 riam
2413 2699 2731 2764 obsidionis,
2755 2714 2875 2768 qua:
2895 2698 3051 2768 juxta
3077 2700 3311 2755 litteram
3337 2699 3474 2755 facta
3498 2710 3600 2764 est,
3621 2702 3821 2771 signum

2253 2789 2549 2844 estdomus
2574 2788 2762 2855 Israel,
2794 2789 2937 2858 quod
2974 2790 3237 2859 propheta
3268 2789 3426 2855 fecit;
3459 2791 3505 2844 si
3534 2792 3603 2845 ad
3632 2800 3821 2861 myste-

2255 2880 2417 2945 rium,
2445 2880 2588 2949 quod
2628 2881 2869 2950 quotidie
2897 2896 3024 2951 erga
3054 2882 3211 2936 unius
3246 2882 3505 2951 cujusque
3532 2883 3767 2937 animam
3794 2898 3819 2935 a

2254 2972 2475 3027 doctore
2500 2970 2700 3041 agitur,
2727 2972 2937 3042 signum
2961 2982 3044 3027 est
3061 2973 3250 3027 domus
3271 2972 3456 3038 Israel,
3476 2981 3528 3027 et
3562 2974 3665 3027 hoc
3687 2974 3819 3042 quod

2256 3061 2365 3132 egit
2389 3071 2442 3115 et
2464 3061 2567 3115 hoc
2589 3062 2729 3129 quod
2756 3062 2965 3131 agendo
2986 3063 3273 3116 nuntiavit.
3305 3062 3441 3128 Quia
3474 3064 3617 3117 sicut
3640 3063 3819 3117 domus

2181 3127 2227 3189 (ἶ
2257 3127 2422 3207 Israel
2458 3127 2816 3208 obsidionem-
2831 3154 3185 3223 corporaliter
3211 3154 3447 3225 pertulit,
3477 3154 3551 3208 ita
3577 3170 3821 3224 unaquze-

2258 3257 2360 3313 que
2384 3242 2584 3307 anima,
2600 3258 2718 3313 quae
2746 3244 2860 3314 jam
2884 3244 3087 3299 servire
3112 3244 3461 3313 omnipotenti
3487 3243 3599 3298 Deo
3621 3244 3817 3311 incipit,

2256 3331 2565 3386 obsidentes
2586 3347 2644 3387 se
2666 3334 2891 3387 insidias
2915 3334 3269 3403 malignorum
3293 3334 3578 3403 spirituum
3602 3334 3775 3391 sentit,
3793 3350 3818 3383 a

2256 3422 2451 3490 quibus
2499 3423 2542 3476 si
2576 3438 2701 3477 vere
2749 3424 2884 3493 eripi
2927 3426 3148 3494 appetit,
3182 3425 3320 3479 scire
3360 3425 3518 3479 debet
3572 3426 3698 3495 quia
3732 3442 3815 3479 Sua

2255 3513 2457 3566 virtute
2490 3514 2626 3583 eripi
2678 3530 2784 3568 non
2838 3517 3025 3584 possit,
3071 3516 3162 3570 sed
3207 3516 3323 3586 ejus
3375 3530 3600 3571 necesse
3646 3525 3729 3571 est
3769 3526 3818 3568 ut

2258 3601 2580 3669 adiutorium
2626 3612 2824 3672 speret,
2853 3606 2945 3673 qui
2974 3620 3073 3660 nos
3122 3614 3177 3660 et
3214 3606 3265 3659 in
3300 3621 3463 3660 carne
3494 3607 3817 3675 corruptibili

2254 3693 2516 3757 viventes,
2560 3708 2656 3763 per
2698 3696 3084 3765 redemptionis
3132 3711 3242 3750 sua:
3289 3696 3604 3765 mysterium
3651 3706 3819 3765 potest

2258 3784 2419 3836 etiam
2456 3798 2724 3852 supernos
2753 3786 2994 3855 Spiritus,
3024 3786 3115 3855 qui
3165 3794 3290 3840 sunt
3311 3788 3429 3841 sine
3455 3800 3639 3851 carne,
3671 3786 3817 3841 robo-

2256 3888 2402 3938 rare,
2428 3873 2583 3927 Jesus
2603 3873 2850 3928 Christus
2880 3875 3135 3930 Dominus
3158 3885 3361 3930 noster.

2330 3984 2349 4017 ι
2384 3967 2449 4020 Et
2477 3975 2530 4020 tu
2557 3968 2789 4021 dormies
2812 3982 2974 4036 super
2995 3967 3133 4021 latus
3158 3976 3305 4021 tuum
3331 3967 3631 4031 sinistrum,
3660 3980 3816 4036 pones

2262 4074 2280 4105 ι
2315 4056 2627 4125 iniquitates
2654 4057 2845 4111 domus
2866 4057 3029 4111 Israel
3068 4073 3231 4127 super
3246 4073 3333 4122 eo,
3360 4073 3588 4113 numero
3616 4060 3813 4113 dierum

2260 4167 2276 4196 ι
2313 4147 2507 4215 quibus
2551 4149 2784 4203 dormies
2826 4164 2987 4217 super
3034 4149 3182 4215 illud,
3207 4159 3263 4204 et
3299 4165 3541 4206 assumes
3572 4152 3814 4222 iniquita-

2260 4258 2277 4288 ι
2318 4249 2424 4292 tem
2474 4254 2681 4293 eorum.
2732 4239 2843 4309 Ego
2890 4250 3067 4295 autem
3116 4242 3235 4297 dedi
3268 4242 3362 4297 tibi
3410 4258 3581 4298 annos
3631 4244 3813 4312 iniqui-

2261 4348 2277 4377 ‹
2317 4330 2440 4382 tatis
2479 4345 2685 4393 eorum,
2730 4331 2938 4384 dierum
2992 4348 3215 4387 numero
3246 4342 3521 4389 trecentos
3559 4344 3615 4389 et
3660 4350 3815 4389 nona.

2263 4437 2278 4467 ι
2315 4420 2458 4489 ginta
2492 4420 2627 4482 dies,
2668 4429 2719 4474 et
2748 4422 2984 4488 portabis
3029 4423 3363 4492 iniquitatem
3404 4425 3596 4479 domus
3636 4426 3809 4481 Israel.

580 4514 729 4551 reum
781 4500 921 4552 inter
963 4516 1020 4553 se
1054 4507 1105 4553 et
1148 4500 1418 4553 civitatem
1448 4500 1614 4568 ponit,
1657 4502 1780 4569 quia
1830 4502 1881 4553 in
1934 4503 2151 4556 ultionis
2181 4475 2229 4530 Β
2264 4526 2278 4555 ι
2316 4508 2380 4559 Et
2427 4524 2547 4560 eum
2585 4509 2938 4576 compleveris
2994 4513 3130 4577 haec,
3180 4514 3418 4568 dormies
3471 4532 3636 4583 super
3686 4517 3811 4570 latus

582 4600 823 4657 tempore
852 4589 978 4643 inde
1030 4590 1219 4642 doctor
1248 4606 1275 4640 a
1306 4589 1663 4642 datnnationis
1709 4590 1946 4657 periculo
1977 4593 2148 4643 muni.

581 4689 687 4742 tur,
733 4679 871 4732 unde
907 4694 1047 4732 nunc
1072 4693 1166 4747 per
1192 4678 1362 4731 zelum
1390 4679 1647 4733 custodia:
1672 4680 1848 4733 cordis
1886 4680 2145 4733 frixuram

580 4769 801 4837 patitur.
837 4766 1047 4822 Nullum
1075 4768 1269 4837 quippe
1308 4770 1659 4838 omnipotenti
1687 4769 1796 4823 Deo
1828 4771 1929 4824 tale
1956 4781 2037 4826 est
2068 4788 2149 4825 sa-

578 4858 865 4920 t'riiicitttll,
898 4856 1056 4925 quale
1081 4867 1164 4911 est
1192 4858 1336 4911 zelus
1372 4860 1691 4913 animarum.
1728 4859 1860 4914 IIinc
1887 4863 2029 4915 enim
2051 4880 2148 4931 per

578 4946 917 4999 Psalmistam
959 4947 1155 4999 dicitur
1180 4961 1193 4999 :
1225 4966 1241 4997 ι
1271 4948 1427 5001 Zelus
1457 4948 1647 5002 domus
1686 4958 1788 5003 tute
1810 4953 2043 5005 comedit
2065 4969 2149 5007 me

579 5036 751 5095 (Psul.
790 5039 997 5103 t.\vttt).
1033 5056 1048 5085 ι
1074 5036 1361 5090 Sumamus
1386 5052 1514 5106 ergo
1541 5039 1863 5107 sartaginem
1894 5032 2145 5106 ferream,

576 5135 625 5175 et
652 5139 912 5191 ponamus
950 5140 1068 5177 eam
1106 5141 1316 5177 murum
1348 5125 1579 5179 ferreum
1610 5127 1748 5180 inter
1770 5143 1867 5181 nos
1893 5142 1945 5183 et
1968 5132 2153 5184 civita-

580 5228 707 5278 tem,
740 5217 791 5269 id
824 5226 923 5281 est,
958 5234 984 5270 a
1006 5233 1293 5272 sumamus
1338 5220 1508 5272 zelum
1535 5219 1752 5283 fortem,
1781 5231 1837 5273 ttt
1879 5223 2015 5275 inter
2055 5239 2151 5277 nos

578 5316 626 5357 et
668 5306 929 5360 auditoris
970 5309 1138 5360 nostri
1179 5310 1413 5361 animam
1444 5310 1779 5363 inveniamus
1825 5312 1962 5365 hanc
2006 5325 2150 5381 post-

581 5398 792 5449 modum
840 5395 1032 5451 fortem
1088 5400 1456 5453 munitionem.
1495 5400 1643 5453 Tunc
1689 5402 1830 5455 enim
1867 5403 2006 5457 hunc
2036 5422 2148 5457 ntu-

581 5501 694 5536 rum
722 5483 953 5539 ferreum
1001 5488 1267 5541 inventuri
1299 5505 1501 5551 sumus,
1534 5490 1575 5543 si
1610 5506 1751 5544 nunc
1786 5508 1906 5544 eum
1940 5494 2150 5548 fortiter

582 5585 873 5637 teneamus,
905 5578 1149 5630 videlicet
1182 5579 1437 5642 docendo,
1480 5580 1772 5645 suadendo,
1802 5582 2145 5650 increpando,

581 5666 883 5719 mulcenda.
920 5669 1189 5730 terrendo,
1243 5669 1527 5735 aliquando
1581 5669 1793 5735 leniter,
1858 5672 2147 5740 aliquando

2263 4619 2278 4647 ι
2318 4612 2465 4651 ιυιιιη
2488 4600 2737 4652 dextrum
2761 4602 2995 4655 secundo
3014 4621 3025 4653 :
3045 4612 3098 4657 et
3115 4618 3359 4667 assumes
3386 4606 3719 4674 iniquitatem
3734 4608 3811 4657 do-

2263 4709 2278 4736 ι
2318 4706 2436 4742 mus
2458 4689 2592 4742 Juda
2610 4691 2961 4760 quadraginta
2980 4694 3185 4747 diebus.
3204 4694 3353 4748 Diem
3371 4712 3467 4764 pro
3480 4698 3807 4773 annoadiem.

2262 4796 2278 4826 ι
2315 4779 2553 4845 inquam,
2577 4794 2674 4847 pro
2700 4795 2841 4833 anno
2871 4781 2991 4835 dedi
3019 4783 3132 4836 tibi.
3171 4802 3188 4835 ι
3218 4782 3486 4856 (Ηὲενοη.)
3512 4786 3810 4861 Quaeramus

2255 4870 2341 4935 qui
2393 4880 2515 4922 sunt
2546 4870 2670 4923 anni
2720 4875 2945 4926 trecenti
2998 4875 3309 4944 nonaginta,
3362 4879 3454 4945 qui
3509 4894 3606 4947 pro
3637 4880 3810 4932 diebus

2255 4958 2474 5010 totidem
2505 4968 2881 5027 supputentur,
2922 4962 3117 5031 quibus
3162 4965 3215 5017 in
3259 4966 3481 5019 sinistro
3509 4967 3677 5021 latere
3704 4982 3807 5035 pro-

2253 5050 2413 5114 pheta
2452 5049 2748 5115 dormierit,
2782 5052 2990 5105 vinetus
3041 5064 3201 5122 atque
3234 5059 3586 5120 constrictus,
3639 5060 3707 5111 ita
3759 5066 3807 5109 ut

2254 5140 2306 5190 in
2330 5140 2467 5193 latus
2494 5156 2552 5192 se
2582 5141 2808 5193 alterum
2838 5159 2941 5195 non
2968 5154 3223 5207 moveret,
3256 5148 3626 5214 captivitatem
3649 5160 3700 5202 et
3726 5150 3806 5200 mi-

2253 5229 2420 5281 serias
2445 5231 2628 5283 decem
2664 5234 2917 5297 trihuum,
2951 5235 3000 5287 id
3033 5246 3133 5297 est,
3170 5237 3385 5291 Israelis
3411 5242 3716 5295 ostendens.
3750 5240 3803 5292 Et

2254 5320 2342 5383 qui
2374 5319 2461 5372 alii
2488 5320 2843 5389 quadraginta
2872 5324 3018 5387 anni,
3045 5325 3239 5393 quibus
3260 5341 3358 5394 pro
3378 5326 3515 5381 Juda
3544 5339 3599 5381 et
3630 5327 3802 5395 iniqui~

2256 5408 2453 5461 tatibus
2476 5408 2591 5475 ejus
2622 5412 2670 5462 in
2701 5412 2889 5465 dextro
2909 5412 3139 5479 jacuerit
3167 5414 3354 5480 latere,
3379 5418 3514 5481 sive.
3554 5430 3613 5471 ut
3636 5426 3801 5472 narrat

2254 5507 2437 5551 sancta
2490 5498 2767 5567 Scriptura
2798 5500 2847 5570 (1
2868 5501 2901 5551 ν
2937 5503 3056 5571 lleg.
3088 5506 3198 5574 xv),
3228 5506 3532 5571 dormierit,
3566 5510 3632 5562 de
3662 5507 3800 5561 Israel

2254 5589 2352 5639 hoc
2399 5588 2682 5642 dicendum
2725 5600 2827 5655 est,
2859 5594 2998 5659 quod
3026 5596 3123 5647 sub
3166 5612 3290 5665 rege
3330 5596 3540 5651 Phacee
3574 5600 3677 5651 lilio
3718 5598 3799 5650 llo-

2254 5677 2443 5739 meliae,
2477 5679 2565 5745 qui
2600 5681 3027 5735 undevicesitnus
3059 5687 3303 5753 regnavit
3349 5687 3404 5739 in
3459 5688 3621 5743 Israel
3662 5688 3797 5741 anuis
