3948 6338
185 395 290 450 5εό

1135 398 1483 454 COMMENT.
1526 401 1594 454 IN
1632 403 2080 476 EZECIIIELEM.
2117 430 2185 445 ι-
2224 408 2348 462 LIB.
2388 409 2469 465 IV.

3317 422 3421 478 5M

184 512 391 582 viginti,
441 509 588 565 venit
624 509 1117 580 Theglatphalasar,
1148 526 1242 564 rex
1296 513 1454 577 Asur,
1506 521 1559 566 et
1617 512 1759 579 cepit
1787 516 1833 574 Α
1861 513 1996 567 Juda
2027 516 2092 569 ad
2124 531 2301 585 regem
2324 516 2606 588 Babylonis
2628 519 2738 588 ipsc
2765 530 2819 577 et
2837 532 3009 579 mater
3035 523 3150 596 ejus
3170 566 3182 590 ,
3208 536 3260 580 et
3287 529 3430 581 servi

183 604 319 656 Aiou
358 612 410 656 et
437 602 570 656 Abel
613 603 828 656 domum
862 601 1083 656 Maacha
1128 612 1182 656 et
1222 601 1388 657 Janoc
1417 612 1472 657 et
1498 603 1669 658 Cedcs
1703 609 1757 656 et

184 694 349 754 Amr,
369 700 420 744 et
436 690 656 756 Galaad,
674 692 1087 759 universamque
1105 699 1302 745 terram
1323 689 1683 758 Nephthaliin,
1702 698 1754 744 et

187 781 567 833 traustuliteos
583 780 632 831 in
649 779 914 848 Assyrios.
930 779 1057 834 Post
1071 795 1228 848 quem
1256 782 1563 848 regnavitin
1588 779 1751 834 Israel

182 868 324 924 Osee
373 870 512 923 ﬁlius
559 869 690 923 IIela
738 871 894 924 annis
922 886 1135 934 novem,
1168 880 1461 939 captusque
1509 880 1591 926 est
1630 887 1750 926 cum

184 976 331 1013 0mm
385 958 630 1014 Samaria
675 977 704 1014 a
757 959 1102 1014 Salmanasar
1143 977 1266 1032 rege
1295 955 1669 1034 Assyriorum,
1700 972 1750 1018 et

182 1051 477 1105 translatus
505 1053 556 1106 in
583 1052 712 1105 IIeIa
740 1059 792 1105 et
815 1053 960 1106 Abor
993 1050 1182 1107 fluvios
1209 1053 1409 1107 Gozam
1437 1054 1488 1107 in
1521 1054 1748 1108 civitati-

179 1145 284 1198 bus
313 1145 605 1198 Medorum.
643 1144 804 1199 Sexto
833 1154 1013 1198 autem
1052 1145 1296 1226 Ezechiae
1324 1146 1464 1216 regis
1493 1161 1656 1210 anno,
1690 1157 1748 1200 ut

179 1248 371 1292 sancta
429 1239 630 1308 Regum
682 1251 865 1294 narrat
896 1241 1142 1303 historia,
1174 1250 1360 1310 captus
1403 1252 1487 1296 est
1513 1239 1667 1294 Osee.
1701 1239 1745 1292 Α

177 1343 309 1395 quo,
342 1329 384 1381 si
409 1343 503 1397 per
524 1329 765 1382 ordinem
814 1337 1191 1399 supputemus,
1238 1339 1369 1399 quot
1398 1330 1553 1383 annis
1582 1328 1746 1382 Israel

177 1416 344 1470 fuerit
395 1417 444 1470 in
475 1419 740 1487 angustia,
781 1419 986 1494 etjug‘o
1024 1435 1244 1488 pressus
1276 1419 1627 1489 captivitatis,
1669 1421 1746 1474 sic

177 1509 420 1561 invenire
462 1510 802 1577 poterimus:
847 1526 877 1563 a
907 1522 1062 1567 sexto
1111 1527 1254 1568 anno
1298 1527 1468 1583 usque
1508 1513 1574 1566 ad
1604 1513 1747 1568 vice-

174 1601 374 1654 simum
404 1617 601 1656 nonum
642 1619 861 1668 annum,
897 1614 974 1659 tot
998 1605 1138 1659 enim
1183 1601 1450 1660 Ezechias
1504 1607 1746 1676 regnavit

173 1691 357 1752 annis,
385 1701 746 1760 supputantur
775 1696 900 1747 anni
922 1694 1107 1766 viginti
1131 1687 1394 1764 quatuor;
1420 1697 1504 1750 eui
1533 1712 1746 1751 succes-

172 1780 245 1832 sit
297 1780 594 1847 Manasses,
655 1785 1004 1855 regnavitque
1039 1788 1427 1858 quinquaginta
1483 1791 1738 1860 quinque.

1859 602 1974 670 ejus
2000 614 2052 657 et
2077 606 2346 674 principes
2382 606 2517 674 ejus,
2554 617 2609 663 et
2644 613 2874 666 eunuchi
2912 612 3046 681 ejus.
3088 614 3155 668 Et
3190 618 3425 684 suscepit

1858 707 1978 746 eum
2005 707 2097 746 rcx
2126 693 2410 764 Babylonis
2441 711 2581 750 anno
2607 707 2797 753 octavo
2823 702 2973 771 regni
2993 703 3096 768 sui,
3119 707 3174 758 et
3203 704 3428 774 protulit

1855 771 1978 836 inde
2017 799 2204 838 omnes
2236 787 2517 840 thesauros
2546 788 2737 844 domus
2767 791 3000 857 Domini,
3044 801 3100 850 et
3140 795 3425 849 thesauros

1853 876 2042 931 domus
2083 877 2240 947 regite
2267 878 2372 947 (IV
2409 879 2537 951 Reg.
2579 883 2748 954 xxiv).
2799 904 2816 938 ι
2851 887 2916 940 Ει
2945 895 3067 958 post
3090 889 3363 959 paululum
3408 907 3423 945 :

1857 981 1876 1014 ι
1933 964 2001 1018 Ει
2043 967 2312 1020 transtulit
2357 983 2570 1024 omnem
2636 970 2968 1041 Jerusalem,
3033 984 3087 1031 et
3139 977 3423 1035 universos

1851 1054 2121 1125 principes
2145 1096 2160 1120 ,
2192 1066 2247 1110 et
2284 1073 2470 1115 omnes
2499 1060 2666 1117 fortes
2710 1065 3000 1133 exercitus,
3046 1069 3228 1123 decem
3255 1070 3422 1124 millia

1851 1146 1904 1198 in
1955 1146 2337 1216 captivitatem,
2373 1158 2426 1204 et
2470 1167 2684 1208 omnem
2729 1155 2990 1210 artiﬁcem
3037 1166 3092 1212 et
3131 1159 3418 1216 clusorem.

1849 1235 2098 1307 Nihilque
2144 1239 2391 1295 relictum
2439 1251 2540 1316 est,
2592 1248 2833 1316 exceptis
2860 1251 3208 1320 pauperibus.
3235 1253 3417 1335 populi

1850 1328 2229 1402 terrze(Ibid.).
2254 1351 2272 1383 ι
2303 1332 2418 1399 Quo
2440 1333 2581 1389 facto
2594 1338 2940 1394 cuminﬁnita
2972 1341 3153 1413 populi
3180 1328 3418 1400 multitu-

1848 1424 1969 1478 dine
1999 1434 2054 1479 et
2089 1434 2248 1481 cunct
2273 1444 2299 1482 ε
2339 1430 2529 1498 opibus
2573 1429 2908 1500 Jerusalem,
2955 1437 3197 1507 regnavit
3251 1435 3418 1493 Sede-

1846 1516 1996 1572 chias
2023 1517 2177 1571 annis
2205 1520 2450 1575 undecim
2467 1562 2482 1585 ,
2516 1523 2613 1577 sub
2636 1539 2742 1591 quo
2768 1534 2925 1595 capta
2950 1528 3098 1594 urbs,
3130 1530 3414 1600 templum-

1845 1621 1950 1677 que
1978 1604 2310 1664 destructum
2337 1619 2438 1666 est.
2471 1611 2636 1682 Cujus
2665 1615 2894 1673 solitudo
2923 1634 3094 1688 usque
3120 1620 3188 1675 ad
3218 1635 3414 1676 secun-

1845 1697 1971 1751 dum
1999 1711 2198 1752 annum
2229 1689 2383 1770 Darii.
2400 1692 2694 1780 permansit
2721 1703 2876 1761 annis
2905 1707 3262 1781 septuaginta.
3295 1709 3415 1765 Tri-

1847 1788 2048 1842 cesimo
2079 1797 2258 1844 autem
2284 1787 2627 1855 desolationis
2650 1795 2830 1864 templi
2853 1811 2991 1851 anno
3026 1796 3195 1868 Cyrus
3225 1813 3416 1870 regna-

171 1871 302 1925 Post
322 1874 462 1951 hunc
483 1875 712 1929 Ammon
746 1878 989 1948 regnavit
1015 1878 1169 1932 annis
1193 1855 1414 1940 duobus.
1442 1855 1560 1948 post
1583 1855 1741 1950 quem
1772 1855 1817 1912 Β
1845 1878 1922 1931 vit
1949 1878 2002 1931 in
2036 1877 2234 1944 Persis.
2275 1882 2533 1971 subverso
2568 1883 2800 1971 Astyage
2831 1900 2955 1956 rese
2978 1881 3274 1956 Medorum.
3298 1892 3415 1961 ‘qui

171 1963 348 2018 Josias
376 1968 534 2021 annis
562 1969 780 2038 triginta
810 1971 1032 2026 duobus.
1067 1971 1160 2028 Cui
1188 1974 1446 2028 successit
1474 1973 1738 2039 Joachim,

170 2058 262 2125 qui
295 2066 349 2111 et
370 2058 634 2114 Eliachim
663 2064 1068 2132 cognominatus
1098 2073 1202 2131 est,
1229 2074 1282 2122 et
1313 2067 1554 2137 regnavit
1585 2069 1740 2123 annis

150 2149 440 2202 undecim.
493 2150 622 2206 Post
666 2169 827 2222 quem
884 2140 1106 2210 Joatchiu
1152 2166 1504 2225 cognomento
1545 2156 1740 2213 Jecbo-

169 2239 308 2302 uias,
353 2241 441 2309 qui
479 2241 660 2295 statim
701 2243 893 2298 ductus
945 2245 998 2299 in
1045 2248 1428 2316 captivitatem,
1472 2250 1740 2320 regnavit-

168 2344 273 2397 que
299 2345 398 2398 pro
428 2346 491 2384 eo
529 2329 820 2386 Sedcchias
848 2334 1002 2388 annis
1029 2336 1298 2402 undecim,
1328 2339 1426 2392 sub
1451 2353 1557 2407 quo
1582 2348 1739 2408 capta

167 2429 252 2472 est
287 2408 584 2475 Jerusalem
626 2424 990 2493 tempiumque
1042 2427 1374 2482 destructum
1429 2437 1531 2483 est.
1577 2428 1737 2482 Fiunt

166 2511 350 2581 itaque
380 2529 407 2565 a
437 2513 611 2581 prima
641 2517 949 2584 captivitate
979 2517 1163 2585 Israel,
1205 2535 1326 2590 qua:
1355 2520 1494 2576 facta
1528 2529 1611 2577 est
1638 2523 1734 2578 sub

167 2617 293 2671 rege
323 2602 530 2661 Pbacee
553 2621 722 2675 usque
755 2609 822 2663 ad
859 2609 1199 2665 undecimum
1228 2627 1425 2679 annum
1461 2612 1735 2670 Sedecbia:

165 2710 275 2764 quo
315 2698 571 2766 templum
619 2699 916 2754 desolatum
962 2711 1061 2763 est,
1115 2704 1241 2757 anni
1271 2713 1488 2760 centum
1517 2711 1733 2773 septua-

167 2788 314 2854 ginta
343 2773 596 2856 quatuor.
620 2791 663 2844 A
690 2793 921 2846 secunda
953 2795 1168 2863 quando
1198 2803 1384 2865 captus
1408 2805 1492 2851 est
1520 2793 1654 2852 Osee
1682 2805 1737 2852 et

162 2879 343 2932 omnis
395 2880 652 2934 subversa
703 2880 946 2936 Samaria
1004 2887 1131 2938 anni
1188 2895 1404 2942 centum
1464 2889 1735 2958 octoginta

163 2969 422 3038 quinque.
439 2970 783 3040 Fueruntque
808 2975 1157 3030 desolatioriis
1177 2978 1358 3046 templi
1383 2979 1508 3036 anni
1529 2989 1737 3051 septuao

161 3061 330 3128 ginta,
362 3060 451 3128 qui
481 3060 644 3115 additi
673 3063 856 3130 prima;
879 3066 1177 3136 captivitati
1204 3066 1407 3123 faciunt
1441 3084 1612 3123 annos
1639 3071 1735 3125 du-

159 3157 350 3205 centos
385 3151 602 3221 triginta
624 3162 678 3207 et
704 3163 952 3222 quatuor.
970 3155 1026 3210 In
1054 3159 1287 3214 secundo
1313 3159 1455 3214 enim
1482 3160 1625 3214 Darii
1653 3175 1736 3216 τεο

1837 1964 1992 2031 juxta
2038 1969 2372 2038 prophetiam
2413 1969 2564 2026 Isaiae
2602 1968 2988 2046 quinquaginta
3035 1976 3200 2034 ferme
3245 1980 3413 2036 millia

1843 2049 2118 2111 hominum
2163 2058 2230 2112 de
2279 2059 2420 2114 tribu
2468 2059 2604 2117 Iuda
2665 2065 2874 2119 remisit
2918 2067 2974 2121 in
3012 2065 3310 2127 Jerusalem
3359 2080 3416 2126 et

1841 2159 1968 2199 vasa
2006 2147 2208 2215 templi,
2252 2162 2371 2216 quae
2406 2141 2902 2210 Nabuchodonosor
2938 2167 3322 2228 asportaverat,
3357 2169 3415 2218 et

1840 2243 2032 2288 caetera
2072 2251 2192 2304 quae
2231 2247 2416 2292 narrat
2459 2239 2643 2296 Esdrze
2668 2243 2914 2301 historia.
2953 2248 3124 2305 Sicuti
3170 2251 3333 2324 igitur
3357 2255 3410 2308 in

1839 2324 2018 2388 Israel,
2054 2326 2157 2382 hoc
2192 2325 2291 2395 est,
2336 2331 2518 2386 decem
2560 2332 2804 2392 tribubus
2835 2354 2864 2393 a
2896 2337 3106 2399 Phacee
3131 2358 3278 2413 rege,
3312 2345 3411 2401 sub

1839 2431 1945 2484 quo
1973 2415 2319 2474 Salmanasar
2341 2419 2618 2479 Israeliticl
2647 2427 2828 2496 pepuli
2853 2429 3018 2485 multa
3042 2435 3290 2498 vastavit,
3316 2451 3409 2490 us-

1838 2521 1947 2584 que
1971 2507 2037 2560 ad
2063 2510 2529 2580 quadragesimum
2567 2529 2765 2570 annum
2788 2518 3028 2586 Assueri,
3059 2532 3410 2593 supputamus

1836 2611 2006 2652 annos
2040 2605 2306 2684 trecentos
2355 2603 2670 2674 nonaginta,
2706 2609 2919 2676 quando
2966 2609 3170 2669 Iudaici
3227 2616 3409 2685 populi

1835 2689 2142 2755 persecutio
2173 2681 2413 2761 mitigata
2446 2702 2556 2757 est,
2588 2694 2665 2750 s'ic
2693 2712 2720 2750 a
2752 2699 2929 2766 primo
2948 2700 3086 2757 anno
3113 2681 3403 2775 Jechonize,

1837 2776 2051 2844 quando
2081 2793 2272 2850 magna
2294 2796 2419 2851 pars
2441 2781 2735 2840 Jerusalem
2762 2789 3021 2845 translata
3049 2794 3206 2849 estin
3227 2795 3405 2869 Baby-

1836 2866 2048 2935 lonem,
2081 2871 2251 2940 usque
2288 2873 2354 2926 ad
2388 2874 2620 2942 primum
2664 2876 2787 2947 Cyri
2822 2871 2964 2951 regis
2999 2882 3282 2941 Persarum
3312 2866 3409 2943 an-

1834 2973 1984 3024 num,
2023 2960 2112 3029 qui
2149 2960 2492 3016 desolationis
2517 2965 2703 3046 templi
2737 2974 2852 3021 erat
2881 2984 3052 3025 annus
3081 2973 3403 3046 trigesimus,

1834 3055 2196 3118 supputantur
2239 3051 2364 3105 anui
2403 3039 2776 3125 quadraginta.
2818 3055 2928 3113 Sub
2952 3075 3056 3132 quo
3097 3039 3408 3121 Ju'dzeorum

1834 3136 2009 3192 laxata
2036 3138 2327 3223 captivitas
2346 3150 2446 3206 est,
2480 3151 2534 3198 et
2562 3144 2779 3200 libertas
2802 3148 2996 3218 populo
3021 3152 3251 3208 reddita.
3285 3155 3409 3223 Qui-

160 3239 241 3306 gis
272 3238 556 3294 Persarum
612 3257 750 3298 anno
791 3245 1042 3314 templum
1077 3257 1409 3305 exstructum
1445 3260 1547 3317 est,
1577 3267 1608 3305 a
1639 3247 1731 3308 Ζο-

1837 3228 2259 3306 ἀεωιτεεεηιοε
2287 3230 2577 3304 nenaginta
2620 3249 2786 3291 annos
2825 3236 3039 3318 Israelis
3078 3251 3132 3298 et
3171 3245 3406 3314 quadra-

160 3329 382 3383 robabel
407 3329 514 3384 filio
537 3329 795 3387 Salathiel
817 3340 873 3387 et
892 3332 1016 3389 Jesu
1050 3337 1157 3392 ﬁlio
1183 3337 1468 3407 Josedech,
1496 3343 1725 3412 prophe-

159 3420 401 3474 tantibus
431 3421 622 3501 aggzeo
667 3430 721 3477 et
747 3423 1029 3493 Zacharia,
1060 3429 1150 3496 qui
1183 3432 1424 3501 regnavit
1460 3433 1616 3490 annis
1643 3436 1732 3492 tri-

158 3513 308 3582 ginta
335 3497 679 3586 sex,unoque
702 3516 912 3572 sublato
939 3520 1210 3577 adduntur
1233 3497 1358 3578 anni
1379 3521 1494 3592 ejus
1510 3527 1730 3596 triginta

158 3603 419 3670 quinque.
458 3602 584 3656 Post
610 3619 769 3674 quem
806 3609 1046 3678 regnavit
1068 3610 1274 3667 Xerxes
1303 3613 1444 3672 filius
1461 3616 1606 3669 Darii
1629 3631 1728 3673 an—

158 3695 243 3746 nis
273 3696 482 3764 viginti.
516 3695 640 3754 Post
668 3713 826 3766 quem
852 3701 1156 3756 Artabanus
1177 3705 1454 3778 mensibus
1477 3716 1726 3776 quatuor.

158 3781 388 3846 Xerxes,
414 3785 503 3853 qui
535 3789 1013 3856 cognominabatur
1038 3790 1326 3862 Malepoxei
1354 3793 1724 3871 [Μακρόχειρῇ

157 3877 315 3929 annis
347 3880 718 3948 quadraginta.
753 3880 879 3935 Post
905 3899 1062 3952 quem
1086 3885 1285 3940 Xerces
1308 3890 1581 3943 mensibus
1603 3891 1729 3944 duo-

156 3966 275 4028 bus,
293 3977 346 4020 ct
369 3968 664 4036 Sogdianus
680 3972 950 4028 mensibus
964 3984 1212 4045 quatuor.
1229 3976 1323 4031 Cui
1352 3982 1609 4036 successit
1623 3982 1728 4035 Da-

159 4059 272 4128 rius
285 4069 642 4128 cognomento
664 4062 888 4128 Nothus,
906 4067 996 4135 qui
1020 4070 1263 4137 regnavit
1285 4071 1444 4125 annis
1469 4074 1652 4127 decem
1675 4083 1729 4127 et

156 4161 368 4200 novem.
403 4146 526 4200 Post
550 4163 705 4218 quem
723 4151 1045 4208 Artaxerxes
1073 4167 1427 4225 cognomento
1456 4160 1723 4227 Mnemon,

155 4236 302 4291 Darii
320 4249 369 4290 et
385 4237 697 4296 Parisatidis
721 4242 875 4308 filius,
902 4249 1147 4316 regnavit
1167 4251 1324 4305 annis
1346 4253 1722 4325 quadraginta,

155 4330 245 4396 qui
273 4330 340 4382 ab
369 4330 606 4386 Hebraeis
632 4332 899 4389 Assuerus
923 4337 1355 4406 appellatur,sub
1383 4357 1489 4411 quo
1518 4343 1724 4400 Mardos

154 4421 287 4472 ChtL‘I
353 4429 406 4474 et
451 4420 643 4477 Esther
690 4434 942 4507 narratur
989 4428 1252 4495 historia,
1283 4433 1497 4500 quando
1549 4437 1723 4491 omnis

152 4512 380 4581 populus
440 4511 747 4569 Iudaeorum
797 4517 864 4572 de
931 4521 1123 4575 mortis
1176 4523 1416 4591 periculo
1462 4523 1722 4584 liberatus

1832 3318 1976 3387 ginta
1991 3317 2138 3374 Judce
2151 3319 2457 3391 jungentes,
2476 3323 2676 3380 faciunt
2694 3342 2864 3385 annos
2879 3331 3296 3403 quadringentos
3309 3338 3408 3392 tri-

1833 3408 2014 3478 ginta;
2033 3408 2100 3463 Et
2118 3411 2302 3465 volunt
2331 3427 2422 3467 eos
2447 3413 2654 3483 impleri
2685 3432 2713 3470 a
2734 3419 3057 3489 baptismate
3083 3422 3397 3496 Salvatoris,

1830 3511 2000 3565 usque
2022 3498 2086 3552 ad
2109 3502 2626 3558 consummationem
2650 3507 2852 3564 mundi.
2878 3508 2980 3564 Alii
3005 3526 3133 3568 vero
3157 3521 3210 3569 et
3235 3518 3407 3571 maxi-

1828 3602 1915 3642 me
1934 3587 2101 3642 Judzei
2126 3605 2153 3642 a
2184 3592 2418 3646 secundo
2459 3608 2602 3649 anno
2625 3593 2956 3666 Vespasiani,
2991 3603 3202 3670 quando
3245 3603 3401 3662 leru-

1829 3676 1994 3730 salem
2047 3693 2076 3731 a
2135 3678 2391 3739 Romanis
2435 3693 2612 3754 capta,
2664 3687 3026 3759 templumque
3077 3693 3398 3752 subversum

1827 3773 1926 3831 est,
1966 3770 2239 3836 supputari
2270 3771 2456 3826 volunt
2491 3773 2543 3826 in
2575 3775 2918 3834 tribulatione
2955 3789 3010 3834 et
3038 3785 3281 3858 angustia
3301 3825 3328 3852 ,_
3346 3793 3406 3842 et

1827 3856 2154 3923 captivitatis
2197 3857 2324 3929 jugo
2367 3862 2548 3931 populi
2597 3868 2873 3922 constituti
2921 3885 3091 3929 annos
3141 3871 3400 3947 quadrin-

1829 3954 2016 4014 gentos
2042 3948 2257 4017 triginta
2282 3989 2296 4015 ,
2341 3959 2395 4007 et
2427 3952 2505 4007 sic
2534 3954 2710 4010 redire
2738 3958 2990 4026 populum
3020 3962 3086 4016 ad
3116 3965 3401 4030 pristinum

1828 4042 2043 4098 statum,
2073 4045 2130 4090 ut
2151 4040 2415 4107 quomodo
2440 4041 2534 4096 filii
2558 4043 2722 4099 Israel
2749 4048 3150 4121 quadringentis
3181 4056 3398 4127 triginta

1827 4125 1983 4202 annis
2020 4125 2236 4182 fuerunt
2275 4131 2328 4183 in
2363 4130 2617 4203 IEgypto,
2659 4136 2736 4192 sic
2768 4131 2822 4193 et
2860 4139 2913 4193 in
2948 4136 3132 4198 eodem
3173 4125 3400 4205 numero

1828 4213 2044 4269 finiatur
2100 4226 2338 4273 extrema
2404 4223 2710 4291 captivitas.
2776 4225 3156 4302 Scriptumquc
3207 4245 3289 4292 est
3341 4213 3396 4292 iu

1826 4306 2009 4361 Exodo
2041 4326 2053 4361 ε
2093 4326 2110 4358 ι
2152 4306 2420 4367 Habitatio
2445 4324 2628 4369 autem
2659 4317 3076 4380 ﬁliorumisrael
3106 4340 3264 4394 quam
3300 4325 3397 4383 ha-

1825 4399 2128 4454 bitaverunt
2175 4402 2231 4456 in
2281 4411 2422 4458 terra
2453 4405 2669 4478 Egypti
2715 4413 2839 4465 anni
2883 4412 3266 4488 quadringenti
3300 4420 3395 4475 tri-

1824 4491 1972 4559 ginta
2001 4491 2194 4563 (Exod.
2223 4495 2342 4565 xu).
2382 4515 2402 4549 ι
2434 4497 2502 4551 Et
2546 4499 2781 4558 iterum:
2822 4521 2841 4554 ι
2877 4504 3100 4568 Factum
3147 4518 3230 4565 est
3273 4520 3393 4582 post

154 4566 360 4672 recepit
408 4566 1800 4683 manu};Euangelinzatiz3123.25;D
1827 4595 2020 4683 ³¹¹⁰⁰ῗ
2049 4583 2469 4683 semesam”
2530 4590 2746 4683 ιτίείξηίι
2795 4609 3046 4666 “rem
3080 4606 3160 4651 εει
3218 4601 3392 4657 Omnis

152 4708 298 4748 anno
350 4693 497 4750 Darii
542 4713 712 4766 usque
765 4700 832 4753 ad
900 4706 1212 4757 extremum‘
1253 4720 1452 4760 annum
1493 4706 1715 4763 Assueri

150 4787 276 4841 anni
328 4797 540 4842 centum
590 4791 980 4862 quinquaginta
1031 4794 1294 4870 quinque,
1330 4783 1542 4852 menses
1589 4813 1717 4866 qua-

151 4888 293 4931 tuor.
332 4877 432 4943 Qui
459 4879 624 4933 additi
652 4882 1017 4949 superioribus
1043 4885 1200 4939 annis
1225 4885 1470 4942 ducentis
1498 4889 1728 4958 triginta.

149 4977 414 5036 quatuor,
477 4967 682 5024 faciunt
723 4985 893 5026 annos
963 4979 1236 5029 trecentos
1285 4978 1556 5045 octoginta
1618 4994 1716 5034 no-

145 5071 288 5119 vem,
323 5072 535 5112 menses
567 5068 816 5128 quatuor.
867 5061 1050 5116 Dextri
1085 5070 1263 5118 autem
1293 5065 1479 5121 lateris
1515 5069 1716 5123 dormi-

147 5148 246 5210 tio,
275 5146 325 5199 id
354 5157 454 5211 est,
480 5163 742 5204 annorum
765 5153 1144 5222 quadraginta,
1178 5153 1337 5208 facile
1366 5166 1710 5226 supputatur.

145 5236 274 5290 Post
300 5237 519 5292 Eliacim
548 5241 712 5305 enim,
743 5243 832 5310 qui
883 5243 1289 5314 cognominatus
1317 5253 1402 5300 est
1443 5245 1711 5313 Joachim,

145 5329 390 5396 regnavit
437 5328 577 5384 filius
615 5330 731 5400 ejus
771 5332 991 5388 Joachin
1038 5343 1394 5403 cognomento
1424 5334 1714 5392 Jechonias

141 5415 421 5472 mensibus
442 5421 631 5488 tribus,
658 5437 762 5492 quo
780 5436 1035 5495 regnante
1057 5427 1417 5481 ascenderunt
1437 5431 1580 5483 servi
1612 5430 1725 5485 Na-

141 5509 556 5564 buchodonosor
586 5513 746 5582 regis.
761 5513 1044 5584 Babylonis
1080 5515 1133 5568 in
1165 5514 1482 5583 Jerusalem,
1510 5527 1567 5574 et
1605 5521 1709 5575 cir-

138 5601 394 5654 cumdata
421 5609 504 5655 est
527 5604 655 5658 urbs
677 5605 1082 5673 munitionibus,
1105 5625 1124 5659 σ
1143 5611 1396 5680 venitque
1424 5610 1710 5668 Nabucho-

138 5691 374 5745 donosor
412 5707 502 5748 rex
527 5694 811 5766 Babylonis
838 5699 902 5752 ad
927 5700 1198 5755 civitatem
1219 5717 1342 5756 cum
1377 5705 1547 5757 servis
1571 5705 1704 5770 suis,

140 5791 204 5839 ut
246 5796 613 5857 oppugnarent
644 5804 783 5843 eam.
830 5790 895 5844 Et
931 5775 1176 5862 egressus
1215 5802 1297 5847 est
1336 5793 1556 5850 Joachin
1611 5813 1699 5852 rer

1823 4672 2094 4728 exercitus
2127 4675 2337 4730 Domini
2370 4687 2548 4732 nocte.
2584 4699 2602 4732 ι
2639 4678 2890 4753 Satisque
2922 4685 3112 4753 miror,
3152 4684 3392 4744 cur'vul-

1822 4773 1943 4834 gata
1983 4767 2310 4836 exemplaria
2347 4776 2561 4824 centum
2606 4774 2894 4845 nonaginta
2932 4791 3101 4834 annos
3135 4779 3386 4849 habeant,

1820 4864 1874 4909 et
1904 4856 1957 4908 in
1983 4857 2297 4925 quibusdttm
2322 4854 2582 4929 Scriptum
2605 4872 2688 4917 cst
2733 4874 2946 4920 centum
2977 4869 3382 4940 quinquaginta,

1820 4958 1940 4997 cum
1969 4944 2249 5014 perspicue
2266 4956 2320 5002 et
2342 4947 2662 5006 Hebraicum
2689 4962 2741 5008 et
2759 4955 2977 5025 Aquila,
3001 4957 3388 5029 Symmachus-

1819 5048 1922 5102 que
1948 5035 2343 5091 ct'l‘heodotion
2359 5046 2623 5096 trecentos
2646 5045 2933 5115 nonaginta
2956 5063 3126 5104 annos
3146 5058 3383 5119 teneant,

1816 5133 1871 5177 et
1895 5126 2034 5194 apud
2063 5127 2207 5197 ipsos
2237 5125 2606 5200 Septuaginta,
2645 5135 2735 5205 qui
2764 5142 2941 5191 tamen
2968 5154 3073 5193 non
3100 5150 3224 5196 sunt
3252 5143 3385 5198 scri-

1814 5220 2029 5282 ptorum
2055 5215 2186 5269 vitio
2223 5215 2530 5284 depravati,
2577 5221 2715 5276 idem
2757 5240 3013 5281 numerus
3059 5231 3374 5298 reperiatur.

1817 5304 2187 5363 Difﬁcillimam
2240 5311 2588 5379 quaestionem
2638 5324 2692 5368 et
2738 5330 2807 5372 ne
2857 5318 3033 5374 dicam
3075 5323 3306 5391 superbe
3349 5339 3371 5378 ε

1816 5395 1962 5452 nullo
2007 5397 2363 5466 explanatam,
2416 5416 2521 5458 non
2567 5411 2674 5456 tam
2713 5406 2883 5459 nostri
2909 5397 3175 5492 scientia,
3220 5425 3371 5491 quam

1818 5486 2026 5541 Domini
2076 5489 2247 5559 gratia
2308 5492 2620 5560 exposuisse
2672 5510 2770 5550 nos
2819 5486 3374 5572 credimus,‘impleto

1815 5577 1906 5632 illo
1938 5580 2080 5647 quod
2119 5567 2226 5666 ille.
2263 5582 2532 5652 pollicitus
2575 5593 2697 5639 est:
2738 5604 2756 5636 ‹
2791 5585 3024 5655 Quzerite
3053 5598 3107 5644 et
3136 5567 3374 5646 invenie-

1814 5670 1902 5732 tis,
1936 5671 2104 5739 petite
2149 5681 2203 5726 et
2242 5674 2538 5744 accipietis,
2585 5677 2791 5746 pulsate
2838 5687 2892 5732 et
2925 5680 3196 5748 aperietur
3225 5681 3374 5737 vobis

1812 5759 2024 5827 (Matth.
2051 5762 2164 5833 vn).
2195 5783 2212 5815 ι
2240 5765 2338 5830 Qui
2371 5774 2548 5822 autem
2579 5767 2805 5824 voluerit
2833 5779 3122 5842 supputare
3149 5785 3177 5825 a
3199 5771 3375 5840 prima
