  <div class='ocr_page' id='page_1' title='image "/cluster/home/n/w/nwhite01/storage/ocr_20150623/110/uva.x000827066/305.png"; bbox 0 0 3948 6340; ppageno 0'>
   <div class='ocr_carea' id='block_1_1' title="bbox 545 413 650 470">
    <p class='ocr_par' dir='ltr' id='par_1_1' title="bbox 545 413 650 470">
     <span class='ocr_line' id='line_1_1' title="bbox 545 413 650 470; baseline -0.057 1"><span class='ocrx_word' id='word_1_1' title='bbox 545 413 650 470; x_wconf 75' lang='lat'><strong>595</strong></span> 
     </span>
    </p>
   </div>
   <div class='ocr_carea' id='block_1_2' title="bbox 1188 388 3159 459">
    <p class='ocr_par' dir='ltr' id='par_1_2' title="bbox 1188 388 3159 459">
     <span class='ocr_line' id='line_1_2' title="bbox 1188 388 3159 459; baseline -0.006 -1"><span class='ocrx_word' id='word_1_2' title='bbox 1188 405 1246 458; x_wconf 82' lang='grc' dir='ltr'><strong>Β.</strong></span> <span class='ocrx_word' id='word_1_3' title='bbox 1290 403 1542 459; x_wconf 71' lang='lat' dir='ltr'><strong>RABANI</strong></span> <span class='ocrx_word' id='word_1_4' title='bbox 1581 401 1797 458; x_wconf 77' lang='lat' dir='ltr'><strong>MAURI</strong></span> <span class='ocrx_word' id='word_1_5' title='bbox 1840 397 2161 454; x_wconf 71' lang='lat' dir='ltr'><strong>AltClllEP.</strong></span> <span class='ocrx_word' id='word_1_6' title='bbox 2206 394 2516 451; x_wconf 65' lang='lat' dir='ltr'><strong>MOGUNT.</strong></span> <span class='ocrx_word' id='word_1_7' title='bbox 2558 388 2842 450; x_wconf 76' lang='lat' dir='ltr'><strong>OPERUM</strong></span> <span class='ocrx_word' id='word_1_8' title='bbox 2880 389 3059 446; x_wconf 81' lang='lat' dir='ltr'><strong>PARS</strong></span> <span class='ocrx_word' id='word_1_9' title='bbox 3096 391 3159 446; x_wconf 86' lang='lat' dir='ltr'><strong>ll.</strong></span> 
     </span>
    </p>
   </div>
   <div class='ocr_carea' id='block_1_3' title="bbox 3710 396 3831 452">
    <p class='ocr_par' dir='ltr' id='par_1_3' title="bbox 3710 396 3831 452">
     <span class='ocr_line' id='line_1_3' title="bbox 3710 396 3831 452; baseline 0.025 -3"><span class='ocrx_word' id='word_1_10' title='bbox 3710 396 3831 452; x_wconf 66' lang='lat'><strong>596</strong></span> 
     </span>
    </p>
   </div>
   <div class='ocr_carea' id='block_1_4' title="bbox 544 490 3835 595">
    <p class='ocr_par' dir='ltr' id='par_1_4' title="bbox 544 490 3835 595">
     <span class='ocr_line' id='line_1_4' title="bbox 544 490 3835 595; baseline -0.003 -19"><span class='ocrx_word' id='word_1_11' title='bbox 544 521 999 595; x_wconf 67' lang='lat' dir='ltr'><strong>captivitate,qua}</strong></span> <span class='ocrx_word' id='word_1_12' title='bbox 1010 518 1150 573; x_wconf 84' lang='lat' dir='ltr'><strong>facta</strong></span> <span class='ocrx_word' id='word_1_13' title='bbox 1160 526 1246 573; x_wconf 87' lang='lat' dir='ltr'><strong>est</strong></span> <span class='ocrx_word' id='word_1_14' title='bbox 1259 516 1358 573; x_wconf 93' lang='lat' dir='ltr'><strong>sub</strong></span> <span class='ocrx_word' id='word_1_15' title='bbox 1372 517 1651 585; x_wconf 76' lang='lat' dir='ltr'><strong>Manahem</strong></span> <span class='ocrx_word' id='word_1_16' title='bbox 1665 514 1775 569; x_wconf 85' lang='lat' dir='ltr'><strong>tilio</strong></span> <span class='ocrx_word' id='word_1_17' title='bbox 1786 512 1976 576; x_wconf 82' lang='lat' dir='ltr'><strong>Gaddi,</strong></span> <span class='ocrx_word' id='word_1_18' title='bbox 1994 526 2117 580; x_wconf 86' lang='lat' dir='ltr'><strong>rege</strong></span> <span class='ocrx_word' id='word_1_19' title='bbox 2143 522 2196 582; x_wconf 75' lang='grc' dir='ltr'><strong>Α</strong></span> <span class='ocrx_word' id='word_1_20' title='bbox 2221 504 2446 569; x_wconf 87' lang='lat' dir='ltr'><strong>faciunt,</strong></span> <span class='ocrx_word' id='word_1_21' title='bbox 2466 522 2537 559; x_wconf 77' lang='lat' dir='ltr'><strong>ita</strong></span> <span class='ocrx_word' id='word_1_22' title='bbox 2555 514 2614 558; x_wconf 92' lang='lat' dir='ltr'><strong>ut</strong></span> <span class='ocrx_word' id='word_1_23' title='bbox 2635 520 2770 559; x_wconf 90' lang='lat' dir='ltr'><strong>unus</strong></span> <span class='ocrx_word' id='word_1_24' title='bbox 2784 490 2940 574; x_wconf 88' lang='lat' dir='ltr'><strong>panis</strong></span> <span class='ocrx_word' id='word_1_25' title='bbox 2952 505 3136 557; x_wconf 80' lang='lat' dir='ltr'><strong>decem</strong></span> <span class='ocrx_word' id='word_1_26' title='bbox 3153 502 3339 559; x_wconf 97' lang='lat' dir='ltr'><strong>uncias</strong></span> <span class='ocrx_word' id='word_1_27' title='bbox 3351 505 3551 563; x_wconf 88' lang='lat' dir='ltr'><strong>habere</strong></span> <span class='ocrx_word' id='word_1_28' title='bbox 3572 510 3759 564; x_wconf 85' lang='lat' dir='ltr'><strong>dicatu</strong></span> <span class='ocrx_word' id='word_1_29' title='bbox 3772 528 3835 574; x_wconf 87' lang='lat' dir='ltr'><strong>r,</strong></span> 
     </span>
    </p>
   </div>
   <div class='ocr_carea' id='block_1_5' title="bbox 544 602 2121 681">
    <p class='ocr_par' dir='ltr' id='par_1_5' title="bbox 544 602 2121 681">
     <span class='ocr_line' id='line_1_5' title="bbox 544 602 2121 681; baseline -0.01 -12"><span class='ocrx_word' id='word_1_30' title='bbox 544 610 726 675; x_wconf 85' lang='lat' dir='ltr'><strong>israei,</strong></span> <span class='ocrx_word' id='word_1_31' title='bbox 741 610 833 681; x_wconf 89' lang='lat' dir='ltr'><strong>qui</strong></span> <span class='ocrx_word' id='word_1_32' title='bbox 863 608 1109 680; x_wconf 85' lang='lat' dir='ltr'><strong>regnavit</strong></span> <span class='ocrx_word' id='word_1_33' title='bbox 1146 608 1201 662; x_wconf 93' lang='lat' dir='ltr'><strong>in</strong></span> <span class='ocrx_word' id='word_1_34' title='bbox 1233 606 1480 661; x_wconf 82' lang='lat' dir='ltr'><strong>Samaria</strong></span> <span class='ocrx_word' id='word_1_35' title='bbox 1508 606 1691 660; x_wconf 90' lang='lat' dir='ltr'><strong>decem</strong></span> <span class='ocrx_word' id='word_1_36' title='bbox 1719 603 1891 667; x_wconf 90' lang='lat' dir='ltr'><strong>annis,</strong></span> <span class='ocrx_word' id='word_1_37' title='bbox 1906 602 2121 670; x_wconf 90' lang='lat' dir='ltr'><strong>quando</strong></span> 
     </span>
    </p>
   </div>
   <div class='ocr_carea' id='block_1_6' title="bbox 546 691 2123 769">
    <p class='ocr_par' dir='ltr' id='par_1_6' title="bbox 546 691 2123 769">
     <span class='ocr_line' id='line_1_6' title="bbox 546 691 2123 769; baseline -0.006 -15"><span class='ocrx_word' id='word_1_38' title='bbox 546 702 698 757; x_wconf 82' lang='lat' dir='ltr'><strong>venit</strong></span> <span class='ocrx_word' id='word_1_39' title='bbox 712 698 851 755; x_wconf 87' lang='lat' dir='ltr'><strong>Phui</strong></span> <span class='ocrx_word' id='word_1_40' title='bbox 879 704 973 757; x_wconf 79' lang='lat' dir='ltr'><strong>rex</strong></span> <span class='ocrx_word' id='word_1_41' title='bbox 996 697 1343 769; x_wconf 81' lang='lat' dir='ltr'><strong>Assyriorum</strong></span> <span class='ocrx_word' id='word_1_42' title='bbox 1371 696 1426 750; x_wconf 90' lang='lat' dir='ltr'><strong>in</strong></span> <span class='ocrx_word' id='word_1_43' title='bbox 1452 706 1652 750; x_wconf 89' lang='lat' dir='ltr'><strong>terram</strong></span> <span class='ocrx_word' id='word_1_44' title='bbox 1686 692 1849 748; x_wconf 86' lang='lat' dir='ltr'><strong>lsrael</strong></span> <span class='ocrx_word' id='word_1_45' title='bbox 1865 732 1881 758; x_wconf 95' lang='lat'><strong>,</strong></span> <span class='ocrx_word' id='word_1_46' title='bbox 1896 699 1950 747; x_wconf 91' lang='lat' dir='ltr'><strong>et</strong></span> <span class='ocrx_word' id='word_1_47' title='bbox 1978 691 2123 745; x_wconf 87' lang='lat' dir='ltr'><strong>mille</strong></span> 
     </span>
    </p>
   </div>
   <div class='ocr_carea' id='block_1_7' title="bbox 546 782 2122 862">
    <p class='ocr_par' dir='ltr' id='par_1_7' title="bbox 546 782 2122 862">
     <span class='ocr_line' id='line_1_7' title="bbox 546 782 2122 862; baseline -0.013 -7"><span class='ocrx_word' id='word_1_48' title='bbox 546 796 747 855; x_wconf 74' lang='lat' dir='ltr'><strong>talenta</strong></span> <span class='ocrx_word' id='word_1_49' title='bbox 796 790 1003 862; x_wconf 80' lang='lat' dir='ltr'><strong>accepit</strong></span> <span class='ocrx_word' id='word_1_50' title='bbox 1044 788 1274 860; x_wconf 83' lang='lat' dir='ltr'><strong>argenti,</strong></span> <span class='ocrx_word' id='word_1_51' title='bbox 1310 795 1365 843; x_wconf 91' lang='lat' dir='ltr'><strong>et</strong></span> <span class='ocrx_word' id='word_1_52' title='bbox 1400 794 1521 859; x_wconf 91' lang='lat' dir='ltr'><strong>post</strong></span> <span class='ocrx_word' id='word_1_53' title='bbox 1553 800 1677 841; x_wconf 90' lang='lat' dir='ltr'><strong>eum</strong></span> <span class='ocrx_word' id='word_1_54' title='bbox 1706 784 1842 839; x_wconf 88' lang='lat' dir='ltr'><strong>alios</strong></span> <span class='ocrx_word' id='word_1_55' title='bbox 1864 782 2000 838; x_wconf 90' lang='lat' dir='ltr'><strong>duos</strong></span> <span class='ocrx_word' id='word_1_56' title='bbox 2021 795 2122 835; x_wconf 88' lang='lat' dir='ltr'><strong>an-</strong></span> 
     </span>
    </p>
   </div>
   <div class='ocr_carea' id='block_1_8' title="bbox 543 866 2123 954">
    <p class='ocr_par' dir='ltr' id='par_1_8' title="bbox 543 866 2123 954">
     <span class='ocr_line' id='line_1_8' title="bbox 543 866 2123 954; baseline -0.009 -13"><span class='ocrx_word' id='word_1_57' title='bbox 543 900 644 941; x_wconf 88' lang='lat' dir='ltr'><strong>nos</strong></span> <span class='ocrx_word' id='word_1_58' title='bbox 667 868 898 948; x_wconf 80' lang='lat' dir='ltr'><strong>Phacee,</strong></span> <span class='ocrx_word' id='word_1_59' title='bbox 933 880 1026 954; x_wconf 85' lang='lat' dir='ltr'><strong>qui</strong></span> <span class='ocrx_word' id='word_1_60' title='bbox 1046 866 1292 952; x_wconf 72' lang='lat' dir='ltr'><strong>regnavit</strong></span> <span class='ocrx_word' id='word_1_61' title='bbox 1319 880 1373 936; x_wconf 92' lang='lat' dir='ltr'><strong>in</strong></span> <span class='ocrx_word' id='word_1_62' title='bbox 1400 876 1584 942; x_wconf 87' lang='lat' dir='ltr'><strong>israel,</strong></span> <span class='ocrx_word' id='word_1_63' title='bbox 1616 876 1855 933; x_wconf 89' lang='lat' dir='ltr'><strong>inveniet</strong></span> <span class='ocrx_word' id='word_1_64' title='bbox 1867 874 2123 929; x_wconf 82' lang='lat' dir='ltr'><strong>vicesimo</strong></span> 
     </span>
    </p>
   </div>
   <div class='ocr_carea' id='block_1_9' title="bbox 542 968 2124 1043">
    <p class='ocr_par' dir='ltr' id='par_1_9' title="bbox 542 968 2124 1043">
     <span class='ocr_line' id='line_1_9' title="bbox 542 968 2124 1043; baseline -0.011 -9"><span class='ocrx_word' id='word_1_65' title='bbox 542 985 735 1034; x_wconf 82' lang='lat' dir='ltr'><strong>octavo</strong></span> <span class='ocrx_word' id='word_1_66' title='bbox 767 990 910 1030; x_wconf 91' lang='lat' dir='ltr'><strong>anno</strong></span> <span class='ocrx_word' id='word_1_67' title='bbox 933 974 1155 1037; x_wconf 68' lang='lat' dir='ltr'><strong>Assueri</strong></span> <span class='ocrx_word' id='word_1_68' title='bbox 1186 972 1330 1043; x_wconf 87' lang='lat' dir='ltr'><strong>regis</strong></span> <span class='ocrx_word' id='word_1_69' title='bbox 1360 968 1622 1039; x_wconf 89' lang='lat' dir='ltr'><strong>compleri</strong></span> <span class='ocrx_word' id='word_1_70' title='bbox 1657 975 1929 1022; x_wconf 90' lang='lat' dir='ltr'><strong>trecentos</strong></span> <span class='ocrx_word' id='word_1_71' title='bbox 1956 979 2124 1019; x_wconf 88' lang='lat' dir='ltr'><strong>noua-</strong></span> 
     </span>
    </p>
   </div>
   <div class='ocr_carea' id='block_1_10' title="bbox 543 1051 2151 1140">
    <p class='ocr_par' dir='ltr' id='par_1_10' title="bbox 543 1051 2151 1140">
     <span class='ocr_line' id='line_1_10' title="bbox 543 1051 2151 1140; baseline -0.014 -18"><span class='ocrx_word' id='word_1_72' title='bbox 543 1066 692 1139; x_wconf 82' lang='lat' dir='ltr'><strong>ginta</strong></span> <span class='ocrx_word' id='word_1_73' title='bbox 706 1079 898 1130; x_wconf 89' lang='lat' dir='ltr'><strong>annos,</strong></span> <span class='ocrx_word' id='word_1_74' title='bbox 912 1063 1128 1133; x_wconf 83' lang='lat' dir='ltr'><strong>quando</strong></span> <span class='ocrx_word' id='word_1_75' title='bbox 1137 1060 1335 1117; x_wconf 81' lang='lat' dir='ltr'><strong>Esther</strong></span> <span class='ocrx_word' id='word_1_76' title='bbox 1352 1058 1522 1115; x_wconf 78' lang='lat' dir='ltr'><strong>fertur</strong></span> <span class='ocrx_word' id='word_1_77' title='bbox 1536 1057 1785 1121; x_wconf 73' lang='lat' dir='ltr'><strong>historia,</strong></span> <span class='ocrx_word' id='word_1_78' title='bbox 1800 1052 1941 1125; x_wconf 91' lang='lat' dir='ltr'><strong>quod</strong></span> <span class='ocrx_word' id='word_1_79' title='bbox 1954 1051 2125 1140; x_wconf 83' lang='lat' dir='ltr'><strong>credi-</strong></span> <span class='ocrx_word' id='word_1_80' title='bbox 2144 1115 2151 1119; x_wconf 19' lang='lat'><strong><em>1</em></strong></span> 
     </span>
    </p>
   </div>
   <div class='ocr_carea' id='block_1_11' title="bbox 541 1144 2121 1229">
    <p class='ocr_par' dir='ltr' id='par_1_11' title="bbox 541 1144 2121 1229">
     <span class='ocr_line' id='line_1_11' title="bbox 541 1144 2121 1229; baseline -0.01 -15"><span class='ocrx_word' id='word_1_81' title='bbox 541 1158 702 1214; x_wconf 79' lang='lat' dir='ltr'><strong>bilius</strong></span> <span class='ocrx_word' id='word_1_82' title='bbox 715 1164 817 1229; x_wconf 72' lang='lat' dir='ltr'><strong>est,</strong></span> <span class='ocrx_word' id='word_1_83' title='bbox 832 1169 1009 1226; x_wconf 87' lang='lat' dir='ltr'><strong>neque</strong></span> <span class='ocrx_word' id='word_1_84' title='bbox 1020 1155 1163 1210; x_wconf 89' lang='lat' dir='ltr'><strong>enim</strong></span> <span class='ocrx_word' id='word_1_85' title='bbox 1177 1154 1330 1211; x_wconf 82' lang='lat' dir='ltr'><strong>linito</strong></span> <span class='ocrx_word' id='word_1_86' title='bbox 1339 1150 1567 1223; x_wconf 84' lang='lat' dir='ltr'><strong>imperio</strong></span> <span class='ocrx_word' id='word_1_87' title='bbox 1579 1148 1823 1211; x_wconf 80' lang='lat' dir='ltr'><strong>Assueri,</strong></span> <span class='ocrx_word' id='word_1_88' title='bbox 1839 1145 1933 1202; x_wconf 89' lang='lat' dir='ltr'><strong>sed</strong></span> <span class='ocrx_word' id='word_1_89' title='bbox 1944 1144 2121 1212; x_wconf 82' lang='lat' dir='ltr'><strong>adhuc</strong></span> 
     </span>
    </p>
   </div>
   <div class='ocr_carea' id='block_1_12' title="bbox 542 1234 2115 1319">
    <p class='ocr_par' dir='ltr' id='par_1_12' title="bbox 542 1234 2115 1319">
     <span class='ocr_line' id='line_1_12' title="bbox 542 1234 2115 1319; baseline -0.01 -16"><span class='ocrx_word' id='word_1_90' title='bbox 542 1254 878 1319; x_wconf 80' lang='lat' dir='ltr'><strong>regnanteeo</strong></span> <span class='ocrx_word' id='word_1_91' title='bbox 891 1243 1252 1316; x_wconf 78' lang='lat' dir='ltr'><strong>lsraeljugum</strong></span> <span class='ocrx_word' id='word_1_92' title='bbox 1266 1241 1596 1314; x_wconf 78' lang='lat' dir='ltr'><strong>gravissimae</strong></span> <span class='ocrx_word' id='word_1_93' title='bbox 1608 1236 1886 1294; x_wconf 70' lang='lat' dir='ltr'><strong>servitutis</strong></span> <span class='ocrx_word' id='word_1_94' title='bbox 1901 1234 2115 1305; x_wconf 72' lang='lat' dir='ltr'><strong>abiecit.</strong></span> 
     </span>
    </p>
   </div>
   <div class='ocr_carea' id='block_1_13' title="bbox 620 1320 2119 1395">
    <p class='ocr_par' dir='ltr' id='par_1_13' title="bbox 620 1320 2119 1395">
     <span class='ocr_line' id='line_1_13' title="bbox 620 1320 2119 1395; baseline -0.007 -5"><span class='ocrx_word' id='word_1_95' title='bbox 620 1356 639 1390; x_wconf 70' lang='grc' dir='ltr'>α</span> <span class='ocrx_word' id='word_1_96' title='bbox 682 1336 750 1393; x_wconf 84' lang='lat' dir='ltr'><strong>Et</strong></span> <span class='ocrx_word' id='word_1_97' title='bbox 790 1337 860 1395; x_wconf 88' lang='lat' dir='ltr'><strong>ad</strong></span> <span class='ocrx_word' id='word_1_98' title='bbox 899 1320 1234 1393; x_wconf 71' lang='lat' dir='ltr'><strong>obsidionem</strong></span> <span class='ocrx_word' id='word_1_99' title='bbox 1268 1331 1574 1390; x_wconf 76' lang='lat' dir='ltr'><strong>Jerusalem</strong></span> <span class='ocrx_word' id='word_1_100' title='bbox 1600 1338 1885 1386; x_wconf 90' lang='lat' dir='ltr'><strong>convertes</strong></span> <span class='ocrx_word' id='word_1_101' title='bbox 1922 1326 2119 1381; x_wconf 77' lang='lat' dir='ltr'><strong>faciem</strong></span> 
     </span>
    </p>
   </div>
   <div class='ocr_carea' id='block_1_14' title="bbox 546 1416 2121 1487">
    <p class='ocr_par' dir='ltr' id='par_1_14' title="bbox 546 1416 2121 1487">
     <span class='ocr_line' id='line_1_14' title="bbox 546 1416 2121 1487; baseline -0.005 -10"><span class='ocrx_word' id='word_1_102' title='bbox 546 1446 566 1477; x_wconf 76' lang='grc' dir='ltr'><strong><em>ο</em></strong></span> <span class='ocrx_word' id='word_1_103' title='bbox 610 1436 758 1482; x_wconf 89' lang='lat' dir='ltr'><strong>tuam</strong></span> <span class='ocrx_word' id='word_1_104' title='bbox 771 1433 828 1481; x_wconf 90' lang='lat' dir='ltr'><strong>et</strong></span> <span class='ocrx_word' id='word_1_105' title='bbox 838 1424 1122 1481; x_wconf 86' lang='lat' dir='ltr'><strong>brachium</strong></span> <span class='ocrx_word' id='word_1_106' title='bbox 1136 1432 1287 1480; x_wconf 91' lang='lat' dir='ltr'><strong>tuum</strong></span> <span class='ocrx_word' id='word_1_107' title='bbox 1300 1422 1406 1477; x_wconf 84' lang='lat' dir='ltr'><strong>erit</strong></span> <span class='ocrx_word' id='word_1_108' title='bbox 1418 1417 1691 1477; x_wconf 58' lang='lat' dir='ltr'><strong>exsertum</strong></span> <span class='ocrx_word' id='word_1_109' title='bbox 1708 1459 1722 1484; x_wconf 94' lang='lat'><strong>,</strong></span> <span class='ocrx_word' id='word_1_110' title='bbox 1757 1424 1814 1472; x_wconf 85' lang='lat' dir='ltr'><strong>et</strong></span> <span class='ocrx_word' id='word_1_111' title='bbox 1834 1416 2121 1487; x_wconf 75' lang='lat' dir='ltr'><strong>propheta-</strong></span> 
     </span>
    </p>
   </div>
   <div class='ocr_carea' id='block_1_15' title="bbox 544 1504 2121 1585">
    <p class='ocr_par' dir='ltr' id='par_1_15' title="bbox 544 1504 2121 1585">
     <span class='ocr_line' id='line_1_15' title="bbox 544 1504 2121 1585; baseline -0.004 -16"><span class='ocrx_word' id='word_1_112' title='bbox 544 1537 564 1569; x_wconf 75' lang='grc' dir='ltr'>σ</span> <span class='ocrx_word' id='word_1_113' title='bbox 606 1517 691 1573; x_wconf 89' lang='lat' dir='ltr'><strong>bis</strong></span> <span class='ocrx_word' id='word_1_114' title='bbox 717 1518 977 1574; x_wconf 82' lang='lat' dir='ltr'><strong>adversus</strong></span> <span class='ocrx_word' id='word_1_115' title='bbox 1008 1532 1149 1573; x_wconf 87' lang='lat' dir='ltr'><strong>eam.</strong></span> <span class='ocrx_word' id='word_1_116' title='bbox 1186 1536 1204 1569; x_wconf 72' lang='grc' dir='ltr'><strong><em>ι</em></strong></span> <span class='ocrx_word' id='word_1_117' title='bbox 1236 1504 1638 1585; x_wconf 71' lang='lat' dir='ltr'><strong>Praeparatione</strong></span> <span class='ocrx_word' id='word_1_118' title='bbox 1660 1509 1839 1565; x_wconf 82' lang='lat' dir='ltr'><strong>vultus</strong></span> <span class='ocrx_word' id='word_1_119' title='bbox 1869 1524 2005 1580; x_wconf 91' lang='lat' dir='ltr'><strong>opus</strong></span> <span class='ocrx_word' id='word_1_120' title='bbox 2036 1516 2121 1563; x_wconf 89' lang='lat' dir='ltr'><strong>est</strong></span> 
     </span>
    </p>
   </div>
   <div class='ocr_carea' id='block_1_16' title="bbox 540 1592 2104 1668">
    <p class='ocr_par' dir='ltr' id='par_1_16' title="bbox 540 1592 2104 1668">
     <span class='ocr_line' id='line_1_16' title="bbox 540 1592 2104 1668; baseline -0.006 -7"><span class='ocrx_word' id='word_1_121' title='bbox 540 1622 605 1663; x_wconf 90' lang='lat' dir='ltr'><strong>ac</strong></span> <span class='ocrx_word' id='word_1_122' title='bbox 641 1607 836 1662; x_wconf 86' lang='lat' dir='ltr'><strong>robore</strong></span> <span class='ocrx_word' id='word_1_123' title='bbox 863 1614 919 1660; x_wconf 90' lang='lat' dir='ltr'><strong>et</strong></span> <span class='ocrx_word' id='word_1_124' title='bbox 947 1602 1357 1661; x_wconf 84' lang='lat' dir='ltr'><strong>confirmatione</strong></span> <span class='ocrx_word' id='word_1_125' title='bbox 1376 1600 1575 1657; x_wconf 75' lang='lat' dir='ltr'><strong>exserti</strong></span> <span class='ocrx_word' id='word_1_126' title='bbox 1603 1592 1810 1665; x_wconf 78' lang='lat' dir='ltr'><strong>brachii</strong></span> <span class='ocrx_word' id='word_1_127' title='bbox 1835 1609 1999 1668; x_wconf 91' lang='lat' dir='ltr'><strong>atque</strong></span> <span class='ocrx_word' id='word_1_128' title='bbox 2020 1614 2104 1651; x_wconf 90' lang='lat' dir='ltr'><strong>nu-</strong></span> 
     </span>
    </p>
   </div>
   <div class='ocr_carea' id='block_1_17' title="bbox 539 1687 2119 1761">
    <p class='ocr_par' dir='ltr' id='par_1_17' title="bbox 539 1687 2119 1761">
     <span class='ocr_line' id='line_1_17' title="bbox 539 1687 2119 1761; baseline -0.004 -11"><span class='ocrx_word' id='word_1_129' title='bbox 539 1694 677 1761; x_wconf 86' lang='lat' dir='ltr'><strong>dati,</strong></span> <span class='ocrx_word' id='word_1_130' title='bbox 705 1704 764 1750; x_wconf 90' lang='lat' dir='ltr'><strong>ut</strong></span> <span class='ocrx_word' id='word_1_131' title='bbox 798 1709 905 1750; x_wconf 87' lang='lat' dir='ltr'><strong>non</strong></span> <span class='ocrx_word' id='word_1_132' title='bbox 931 1693 1102 1749; x_wconf 91' lang='lat' dir='ltr'><strong>solum</strong></span> <span class='ocrx_word' id='word_1_133' title='bbox 1125 1706 1276 1760; x_wconf 90' lang='lat' dir='ltr'><strong>voce,</strong></span> <span class='ocrx_word' id='word_1_134' title='bbox 1310 1691 1406 1757; x_wconf 81' lang='lat' dir='ltr'><strong>sed</strong></span> <span class='ocrx_word' id='word_1_135' title='bbox 1435 1698 1490 1745; x_wconf 90' lang='lat' dir='ltr'><strong>et</strong></span> <span class='ocrx_word' id='word_1_136' title='bbox 1515 1696 1666 1759; x_wconf 87' lang='lat' dir='ltr'><strong>gestu</strong></span> <span class='ocrx_word' id='word_1_137' title='bbox 1692 1700 1748 1743; x_wconf 90' lang='lat' dir='ltr'><strong>et</strong></span> <span class='ocrx_word' id='word_1_138' title='bbox 1771 1687 1958 1749; x_wconf 86' lang='lat' dir='ltr'><strong>habitu</strong></span> <span class='ocrx_word' id='word_1_139' title='bbox 1989 1702 2119 1758; x_wconf 83' lang='lat' dir='ltr'><strong>pro-</strong></span> 
     </span>
    </p>
   </div>
   <div class='ocr_carea' id='block_1_18' title="bbox 540 1782 1675 1854">
    <p class='ocr_par' dir='ltr' id='par_1_18' title="bbox 540 1782 1675 1854">
     <span class='ocr_line' id='line_1_18' title="bbox 540 1782 1675 1854; baseline -0.004 -16"><span class='ocrx_word' id='word_1_140' title='bbox 540 1783 818 1854; x_wconf 90' lang='lat' dir='ltr'><strong>phetantis</strong></span> <span class='ocrx_word' id='word_1_141' title='bbox 848 1784 997 1845; x_wconf 81' lang='lat' dir='ltr'><strong>urbis</strong></span> <span class='ocrx_word' id='word_1_142' title='bbox 1023 1782 1233 1840; x_wconf 90' lang='lat' dir='ltr'><strong>obsidio</strong></span> <span class='ocrx_word' id='word_1_143' title='bbox 1256 1782 1675 1838; x_wconf 88' lang='lat' dir='ltr'><strong>demonstretur.</strong></span> 
     </span>
    </p>
   </div>
   <div class='ocr_carea' id='block_1_19' title="bbox 2222 596 3829 666">
    <p class='ocr_par' dir='ltr' id='par_1_19' title="bbox 2222 596 3829 666">
     <span class='ocr_line' id='line_1_19' title="bbox 2222 596 3829 666; baseline 0.004 -16"><span class='ocrx_word' id='word_1_144' title='bbox 2222 611 2329 666; x_wconf 85' lang='lat' dir='ltr'><strong>quo</strong></span> <span class='ocrx_word' id='word_1_145' title='bbox 2360 597 2591 649; x_wconf 76' lang='lat' dir='ltr'><strong>trahitur</strong></span> <span class='ocrx_word' id='word_1_146' title='bbox 2620 596 2792 665; x_wconf 84' lang='lat' dir='ltr'><strong>magis</strong></span> <span class='ocrx_word' id='word_1_147' title='bbox 2839 596 3015 647; x_wconf 81' lang='lat' dir='ltr'><strong>anima</strong></span> <span class='ocrx_word' id='word_1_148' title='bbox 3059 610 3221 663; x_wconf 68' lang='lat' dir='ltr'><strong>cpiam</strong></span> <span class='ocrx_word' id='word_1_149' title='bbox 3256 605 3615 659; x_wconf 79' lang='lat' dir='ltr'><strong>sustentatur.</strong></span> <span class='ocrx_word' id='word_1_150' title='bbox 3647 606 3829 656; x_wconf 69' lang='lat' dir='ltr'><strong>steri~</strong></span> 
     </span>
    </p>
   </div>
   <div class='ocr_carea' id='block_1_20' title="bbox 2224 687 3827 762">
    <p class='ocr_par' dir='ltr' id='par_1_20' title="bbox 2224 687 3827 762">
     <span class='ocr_line' id='line_1_20' title="bbox 2224 687 3827 762; baseline 0.004 -21"><span class='ocrx_word' id='word_1_151' title='bbox 2224 688 2427 742; x_wconf 89' lang='lat' dir='ltr'><strong>iitatem</strong></span> <span class='ocrx_word' id='word_1_152' title='bbox 2453 688 2556 749; x_wconf 77' lang='lat' dir='ltr'><strong>cibi</strong></span> <span class='ocrx_word' id='word_1_153' title='bbox 2589 703 2741 757; x_wconf 60' lang='lat' dir='ltr'><strong>aquae</strong></span> <span class='ocrx_word' id='word_1_154' title='bbox 2774 696 2933 757; x_wconf 82' lang='lat' dir='ltr'><strong>auget</strong></span> <span class='ocrx_word' id='word_1_155' title='bbox 2964 687 3246 752; x_wconf 79' lang='lat' dir='ltr'><strong>sterilitas,</strong></span> <span class='ocrx_word' id='word_1_156' title='bbox 3269 699 3480 743; x_wconf 75' lang='lat' dir='ltr'><strong>sextam</strong></span> <span class='ocrx_word' id='word_1_157' title='bbox 3506 696 3651 747; x_wconf 86' lang='lat' dir='ltr'><strong>enim</strong></span> <span class='ocrx_word' id='word_1_158' title='bbox 3679 710 3827 762; x_wconf 86' lang='lat' dir='ltr'><strong>par-</strong></span> 
     </span>
    </p>
   </div>
   <div class='ocr_carea' id='block_1_21' title="bbox 2224 779 3833 854">
    <p class='ocr_par' dir='ltr' id='par_1_21' title="bbox 2224 779 3833 854">
     <span class='ocr_line' id='line_1_21' title="bbox 2224 779 3833 854; baseline 0.002 -15"><span class='ocrx_word' id='word_1_159' title='bbox 2224 792 2332 839; x_wconf 91' lang='lat' dir='ltr'><strong>tem</strong></span> <span class='ocrx_word' id='word_1_160' title='bbox 2362 798 2628 838; x_wconf 76' lang='lat' dir='ltr'><strong>mensura:</strong></span> <span class='ocrx_word' id='word_1_161' title='bbox 2652 779 2948 847; x_wconf 66' lang='lat' dir='ltr'><strong>Hebraicm,</strong></span> <span class='ocrx_word' id='word_1_162' title='bbox 2976 797 3095 853; x_wconf 72' lang='lat' dir='ltr'><strong>quae</strong></span> <span class='ocrx_word' id='word_1_163' title='bbox 3117 782 3415 852; x_wconf 88' lang='lat' dir='ltr'><strong>appellatur</strong></span> <span class='ocrx_word' id='word_1_164' title='bbox 3442 785 3558 839; x_wconf 89' lang='lat' dir='ltr'><strong>hin.</strong></span> <span class='ocrx_word' id='word_1_165' title='bbox 3588 786 3833 854; x_wconf 74' lang='lat' dir='ltr'><strong>iubetur</strong></span> 
     </span>
    </p>
   </div>
   <div class='ocr_carea' id='block_1_22' title="bbox 2220 871 3830 943">
    <p class='ocr_par' dir='ltr' id='par_1_22' title="bbox 2220 871 3830 943">
     <span class='ocr_line' id='line_1_22' title="bbox 2220 871 3830 943; baseline 0.003 -16"><span class='ocrx_word' id='word_1_166' title='bbox 2220 887 2317 942; x_wconf 87' lang='lat' dir='ltr'><strong>per</strong></span> <span class='ocrx_word' id='word_1_167' title='bbox 2332 871 2571 943; x_wconf 86' lang='lat' dir='ltr'><strong>singulos</strong></span> <span class='ocrx_word' id='word_1_168' title='bbox 2593 872 2708 929; x_wconf 89' lang='lat' dir='ltr'><strong>dies</strong></span> <span class='ocrx_word' id='word_1_169' title='bbox 2730 873 2933 927; x_wconf 81' lang='lat' dir='ltr'><strong>bibere.</strong></span> <span class='ocrx_word' id='word_1_170' title='bbox 2954 873 3123 927; x_wconf 88' lang='lat' dir='ltr'><strong>Porro</strong></span> <span class='ocrx_word' id='word_1_171' title='bbox 3149 873 3240 927; x_wconf 91' lang='lat' dir='ltr'><strong>hin</strong></span> <span class='ocrx_word' id='word_1_172' title='bbox 3269 874 3404 930; x_wconf 90' lang='lat' dir='ltr'><strong>duos</strong></span> <span class='ocrx_word' id='word_1_173' title='bbox 3418 876 3830 932; x_wconf 77' lang='lat' dir='ltr'><strong>choasAtticos</strong></span> 
     </span>
    </p>
   </div>
   <div class='ocr_carea' id='block_1_23' title="bbox 2221 965 3832 1037">
    <p class='ocr_par' dir='ltr' id='par_1_23' title="bbox 2221 965 3832 1037">
     <span class='ocr_line' id='line_1_23' title="bbox 2221 965 3832 1037; baseline 0.003 -18"><span class='ocrx_word' id='word_1_174' title='bbox 2221 967 2368 1031; x_wconf 82' lang='lat' dir='ltr'><strong>facit,</strong></span> <span class='ocrx_word' id='word_1_175' title='bbox 2419 981 2555 1037; x_wconf 87' lang='lat' dir='ltr'><strong>quos</strong></span> <span class='ocrx_word' id='word_1_176' title='bbox 2581 980 2679 1020; x_wconf 90' lang='lat' dir='ltr'><strong>nos</strong></span> <span class='ocrx_word' id='word_1_177' title='bbox 2715 965 2989 1035; x_wconf 85' lang='lat' dir='ltr'><strong>appellare</strong></span> <span class='ocrx_word' id='word_1_178' title='bbox 3026 980 3313 1035; x_wconf 88' lang='lat' dir='ltr'><strong>possumus</strong></span> <span class='ocrx_word' id='word_1_179' title='bbox 3352 968 3485 1022; x_wconf 85' lang='lat' dir='ltr'><strong>duos</strong></span> <span class='ocrx_word' id='word_1_180' title='bbox 3536 971 3832 1024; x_wconf 76' lang='lat' dir='ltr'><strong>sextarios</strong></span> 
     </span>
    </p>
   </div>
   <div class='ocr_carea' id='block_1_24' title="bbox 2220 1052 3830 1120">
    <p class='ocr_par' dir='ltr' id='par_1_24' title="bbox 2220 1052 3830 1120">
     <span class='ocr_line' id='line_1_24' title="bbox 2220 1052 3830 1120; baseline 0.004 -13"><span class='ocrx_word' id='word_1_181' title='bbox 2220 1052 2454 1120; x_wconf 87' lang='lat' dir='ltr'><strong>Italicos,</strong></span> <span class='ocrx_word' id='word_1_182' title='bbox 2504 1054 2577 1109; x_wconf 91' lang='lat' dir='ltr'><strong>ita</strong></span> <span class='ocrx_word' id='word_1_183' title='bbox 2613 1064 2673 1109; x_wconf 89' lang='lat' dir='ltr'><strong>ut</strong></span> <span class='ocrx_word' id='word_1_184' title='bbox 2708 1054 2802 1109; x_wconf 87' lang='lat' dir='ltr'><strong>hin</strong></span> <span class='ocrx_word' id='word_1_185' title='bbox 2830 1068 3085 1111; x_wconf 82' lang='lat' dir='ltr'><strong>mensura</strong></span> <span class='ocrx_word' id='word_1_186' title='bbox 3112 1054 3185 1109; x_wconf 88' lang='lat' dir='ltr'><strong>sit</strong></span> <span class='ocrx_word' id='word_1_187' title='bbox 3207 1052 3417 1111; x_wconf 88' lang='lat' dir='ltr'><strong>Iudaici</strong></span> <span class='ocrx_word' id='word_1_188' title='bbox 3444 1059 3671 1113; x_wconf 83' lang='lat' dir='ltr'><strong>sextarii</strong></span> <span class='ocrx_word' id='word_1_189' title='bbox 3714 1075 3830 1114; x_wconf 80' lang='lat' dir='ltr'><strong>no-</strong></span> 
     </span>
    </p>
   </div>
   <div class='ocr_carea' id='block_1_25' title="bbox 2221 1144 3825 1218">
    <p class='ocr_par' dir='ltr' id='par_1_25' title="bbox 2221 1144 3825 1218">
     <span class='ocr_line' id='line_1_25' title="bbox 2221 1144 3825 1218; baseline 0.002 -19"><span class='ocrx_word' id='word_1_190' title='bbox 2221 1146 2428 1216; x_wconf 88' lang='lat' dir='ltr'><strong>strique</strong></span> <span class='ocrx_word' id='word_1_191' title='bbox 2447 1145 2760 1211; x_wconf 89' lang='lat' dir='ltr'><strong>castrensis,</strong></span> <span class='ocrx_word' id='word_1_192' title='bbox 2786 1144 2941 1213; x_wconf 87' lang='lat' dir='ltr'><strong>cujus</strong></span> <span class='ocrx_word' id='word_1_193' title='bbox 2959 1152 3110 1199; x_wconf 78' lang='lat' dir='ltr'><strong>sexta</strong></span> <span class='ocrx_word' id='word_1_194' title='bbox 3132 1160 3257 1214; x_wconf 88' lang='lat' dir='ltr'><strong>pars</strong></span> <span class='ocrx_word' id='word_1_195' title='bbox 3286 1146 3416 1199; x_wconf 82' lang='lat' dir='ltr'><strong>facit</strong></span> <span class='ocrx_word' id='word_1_196' title='bbox 3437 1148 3654 1202; x_wconf 89' lang='lat' dir='ltr'><strong>tertiam</strong></span> <span class='ocrx_word' id='word_1_197' title='bbox 3680 1165 3750 1218; x_wconf 90' lang='lat' dir='ltr'><strong>pa</strong></span> <span class='ocrx_word' id='word_1_198' title='bbox 3764 1165 3825 1202; x_wconf 86' lang='lat' dir='ltr'><strong>r-</strong></span> 
     </span>
    </p>
   </div>
   <div class='ocr_carea' id='block_1_26' title="bbox 2224 1234 3823 1308">
    <p class='ocr_par' dir='ltr' id='par_1_26' title="bbox 2224 1234 3823 1308">
     <span class='ocr_line' id='line_1_26' title="bbox 2224 1234 3823 1308; baseline 0.001 -19"><span class='ocrx_word' id='word_1_199' title='bbox 2224 1246 2336 1290; x_wconf 87' lang='lat' dir='ltr'><strong>tem</strong></span> <span class='ocrx_word' id='word_1_200' title='bbox 2374 1236 2597 1291; x_wconf 80' lang='lat' dir='ltr'><strong>sextarii</strong></span> <span class='ocrx_word' id='word_1_201' title='bbox 2626 1234 2820 1291; x_wconf 86' lang='lat' dir='ltr'><strong>italici.</strong></span> <span class='ocrx_word' id='word_1_202' title='bbox 2864 1234 2965 1303; x_wconf 85' lang='lat' dir='ltr'><strong>Qui</strong></span> <span class='ocrx_word' id='word_1_203' title='bbox 2993 1235 3145 1291; x_wconf 89' lang='lat' dir='ltr'><strong>cibus</strong></span> <span class='ocrx_word' id='word_1_204' title='bbox 3172 1246 3226 1289; x_wconf 90' lang='lat' dir='ltr'><strong>et</strong></span> <span class='ocrx_word' id='word_1_205' title='bbox 3256 1244 3414 1304; x_wconf 87' lang='lat' dir='ltr'><strong>potus</strong></span> <span class='ocrx_word' id='word_1_206' title='bbox 3441 1236 3597 1305; x_wconf 75' lang='lat' dir='ltr'><strong>juxta</strong></span> <span class='ocrx_word' id='word_1_207' title='bbox 3630 1238 3823 1308; x_wconf 58' lang='lat' dir='ltr'><strong>incly-</strong></span> 
     </span>
    </p>
   </div>
   <div class='ocr_carea' id='block_1_27' title="bbox 2222 1325 3819 1397">
    <p class='ocr_par' dir='ltr' id='par_1_27' title="bbox 2222 1325 3819 1397">
     <span class='ocr_line' id='line_1_27' title="bbox 2222 1325 3819 1397; baseline 0.001 -18"><span class='ocrx_word' id='word_1_208' title='bbox 2222 1336 2335 1380; x_wconf 91' lang='lat' dir='ltr'><strong>tum</strong></span> <span class='ocrx_word' id='word_1_209' title='bbox 2355 1335 2627 1382; x_wconf 86' lang='lat' dir='ltr'><strong>oratorem</strong></span> <span class='ocrx_word' id='word_1_210' title='bbox 2644 1340 2751 1381; x_wconf 92' lang='lat' dir='ltr'><strong>non</strong></span> <span class='ocrx_word' id='word_1_211' title='bbox 2764 1326 2911 1382; x_wconf 86' lang='lat' dir='ltr'><strong>vires</strong></span> <span class='ocrx_word' id='word_1_212' title='bbox 2932 1326 3142 1392; x_wconf 88' lang='lat' dir='ltr'><strong>tribuit,</strong></span> <span class='ocrx_word' id='word_1_213' title='bbox 3167 1325 3261 1380; x_wconf 92' lang='lat' dir='ltr'><strong>sed</strong></span> <span class='ocrx_word' id='word_1_214' title='bbox 3286 1335 3513 1382; x_wconf 86' lang='lat' dir='ltr'><strong>mortem</strong></span> <span class='ocrx_word' id='word_1_215' title='bbox 3534 1329 3819 1397; x_wconf 79' lang='lat' dir='ltr'><strong>prohibet.</strong></span> 
     </span>
    </p>
   </div>
   <div class='ocr_carea' id='block_1_28' title="bbox 2221 1416 3827 1489">
    <p class='ocr_par' dir='ltr' id='par_1_28' title="bbox 2221 1416 3827 1489">
     <span class='ocr_line' id='line_1_28' title="bbox 2221 1416 3827 1489; baseline 0.001 -18"><span class='ocrx_word' id='word_1_216' title='bbox 2221 1417 2375 1485; x_wconf 85' lang='lat' dir='ltr'><strong>Quod</strong></span> <span class='ocrx_word' id='word_1_217' title='bbox 2401 1425 2581 1473; x_wconf 89' lang='lat' dir='ltr'><strong>autem</strong></span> <span class='ocrx_word' id='word_1_218' title='bbox 2620 1416 2771 1481; x_wconf 87' lang='lat' dir='ltr'><strong>dicit,</strong></span> <span class='ocrx_word' id='word_1_219' title='bbox 2805 1436 2823 1469; x_wconf 70' lang='grc' dir='ltr'>ί</span> <span class='ocrx_word' id='word_1_220' title='bbox 2862 1432 2893 1471; x_wconf 92' lang='lat' dir='ltr'><strong>a</strong></span> <span class='ocrx_word' id='word_1_221' title='bbox 2921 1425 3163 1485; x_wconf 86' lang='lat' dir='ltr'><strong>tempore</strong></span> <span class='ocrx_word' id='word_1_222' title='bbox 3190 1431 3362 1486; x_wconf 89' lang='lat' dir='ltr'><strong>usque</strong></span> <span class='ocrx_word' id='word_1_223' title='bbox 3386 1418 3451 1471; x_wconf 85' lang='lat' dir='ltr'><strong>ad</strong></span> <span class='ocrx_word' id='word_1_224' title='bbox 3475 1428 3691 1489; x_wconf 86' lang='lat' dir='ltr'><strong>tempus</strong></span> <span class='ocrx_word' id='word_1_225' title='bbox 3722 1433 3827 1473; x_wconf 89' lang='lat' dir='ltr'><strong>co-</strong></span> 
     </span>
    </p>
   </div>
   <div class='ocr_carea' id='block_1_29' title="bbox 2222 1507 3822 1579">
    <p class='ocr_par' dir='ltr' id='par_1_29' title="bbox 2222 1507 3822 1579">
     <span class='ocr_line' id='line_1_29' title="bbox 2222 1507 3822 1579; baseline -0.001 -14"><span class='ocrx_word' id='word_1_226' title='bbox 2222 1510 2403 1565; x_wconf 88' lang='lat' dir='ltr'><strong>mcdes</strong></span> <span class='ocrx_word' id='word_1_227' title='bbox 2428 1508 2515 1564; x_wconf 90' lang='lat' dir='ltr'><strong>vel</strong></span> <span class='ocrx_word' id='word_1_228' title='bbox 2538 1508 2692 1567; x_wconf 87' lang='lat' dir='ltr'><strong>bibes</strong></span> <span class='ocrx_word' id='word_1_229' title='bbox 2703 1507 2855 1575; x_wconf 88' lang='lat' dir='ltr'><strong>illud,</strong></span> <span class='ocrx_word' id='word_1_230' title='bbox 2885 1527 2905 1560; x_wconf 71' lang='grc' dir='ltr'><strong>ι</strong></span> <span class='ocrx_word' id='word_1_231' title='bbox 2938 1524 2967 1563; x_wconf 90' lang='lat' dir='ltr'><strong>a</strong></span> <span class='ocrx_word' id='word_1_232' title='bbox 2992 1522 3217 1577; x_wconf 81' lang='lat' dir='ltr'><strong>vespere</strong></span> <span class='ocrx_word' id='word_1_233' title='bbox 3241 1523 3411 1577; x_wconf 80' lang='lat' dir='ltr'><strong>usque</strong></span> <span class='ocrx_word' id='word_1_234' title='bbox 3431 1510 3498 1563; x_wconf 89' lang='lat' dir='ltr'><strong>ad</strong></span> <span class='ocrx_word' id='word_1_235' title='bbox 3520 1525 3822 1579; x_wconf 83' lang='lat' dir='ltr'><strong>vesperum</strong></span> 
     </span>
    </p>
   </div>
   <div class='ocr_carea' id='block_1_30' title="bbox 2220 1599 3820 1672">
    <p class='ocr_par' dir='ltr' id='par_1_30' title="bbox 2220 1599 3820 1672">
     <span class='ocr_line' id='line_1_30' title="bbox 2220 1599 3820 1672; baseline -0.001 -17"><span class='ocrx_word' id='word_1_236' title='bbox 2220 1601 2508 1672; x_wconf 54' lang='lat' dir='ltr'><strong>siwiﬁcat,</strong></span> <span class='ocrx_word' id='word_1_237' title='bbox 2541 1600 2671 1655; x_wconf 84' lang='lat' dir='ltr'><strong>licet</strong></span> <span class='ocrx_word' id='word_1_238' title='bbox 2697 1600 2915 1669; x_wconf 85' lang='lat' dir='ltr'><strong>quidam</strong></span> <span class='ocrx_word' id='word_1_239' title='bbox 2943 1599 3081 1655; x_wconf 88' lang='lat' dir='ltr'><strong>male</strong></span> <span class='ocrx_word' id='word_1_240' title='bbox 3123 1600 3192 1654; x_wconf 87' lang='lat' dir='ltr'><strong>ab</strong></span> <span class='ocrx_word' id='word_1_241' title='bbox 3220 1614 3363 1652; x_wconf 88' lang='lat' dir='ltr'><strong>anno</strong></span> <span class='ocrx_word' id='word_1_242' title='bbox 3393 1614 3561 1669; x_wconf 85' lang='lat' dir='ltr'><strong>usque</strong></span> <span class='ocrx_word' id='word_1_243' title='bbox 3596 1600 3660 1653; x_wconf 82' lang='lat' dir='ltr'><strong>ad</strong></span> <span class='ocrx_word' id='word_1_244' title='bbox 3711 1615 3820 1653; x_wconf 85' lang='lat' dir='ltr'><strong>an-</strong></span> 
     </span>
    </p>
   </div>
   <div class='ocr_carea' id='block_1_31' title="bbox 2220 1689 3819 1761">
    <p class='ocr_par' dir='ltr' id='par_1_31' title="bbox 2220 1689 3819 1761">
     <span class='ocr_line' id='line_1_31' title="bbox 2220 1689 3819 1761; baseline -0.003 -14"><span class='ocrx_word' id='word_1_245' title='bbox 2220 1708 2348 1748; x_wconf 90' lang='lat' dir='ltr'><strong>num</strong></span> <span class='ocrx_word' id='word_1_246' title='bbox 2370 1690 2592 1761; x_wconf 90' lang='lat' dir='ltr'><strong>intelligi</strong></span> <span class='ocrx_word' id='word_1_247' title='bbox 2638 1699 2844 1761; x_wconf 89' lang='lat' dir='ltr'><strong>putent.</strong></span> <span class='ocrx_word' id='word_1_248' title='bbox 2876 1690 3090 1760; x_wconf 79' lang='lat' dir='ltr'><strong>Ipsique</strong></span> <span class='ocrx_word' id='word_1_249' title='bbox 3113 1704 3279 1759; x_wconf 90' lang='lat' dir='ltr'><strong>panes</strong></span> <span class='ocrx_word' id='word_1_250' title='bbox 3314 1690 3486 1745; x_wconf 87' lang='lat' dir='ltr'><strong>instar</strong></span> <span class='ocrx_word' id='word_1_251' title='bbox 3516 1689 3819 1744; x_wconf 84' lang='lat' dir='ltr'><strong>hordeacei</strong></span> 
     </span>
    </p>
   </div>
   <div class='ocr_carea' id='block_1_32' title="bbox 2219 1780 3819 1852">
    <p class='ocr_par' dir='ltr' id='par_1_32' title="bbox 2219 1780 3819 1852">
     <span class='ocr_line' id='line_1_32' title="bbox 2219 1780 3819 1852; baseline 0 -16"><span class='ocrx_word' id='word_1_252' title='bbox 2219 1782 2373 1852; x_wconf 89' lang='lat' dir='ltr'><strong>panis</strong></span> <span class='ocrx_word' id='word_1_253' title='bbox 2411 1781 2758 1837; x_wconf 84' lang='lat' dir='ltr'><strong>subcincricii</strong></span> <span class='ocrx_word' id='word_1_254' title='bbox 2804 1780 2956 1835; x_wconf 82' lang='lat' dir='ltr'><strong>fiunt.</strong></span> <span class='ocrx_word' id='word_1_255' title='bbox 3004 1782 3322 1851; x_wconf 85' lang='lat' dir='ltr'><strong>Diciturque</strong></span> <span class='ocrx_word' id='word_1_256' title='bbox 3368 1782 3417 1835; x_wconf 92' lang='lat' dir='ltr'><strong>ei</strong></span> <span class='ocrx_word' id='word_1_257' title='bbox 3459 1789 3519 1835; x_wconf 91' lang='lat' dir='ltr'><strong>ut</strong></span> <span class='ocrx_word' id='word_1_258' title='bbox 3564 1783 3819 1836; x_wconf 88' lang='lat' dir='ltr'><strong>humano</strong></span> 
     </span>
    </p>
   </div>
   <div class='ocr_carea' id='block_1_33' title="bbox 615 1866 3823 1943">
    <p class='ocr_par' dir='ltr' id='par_1_33' title="bbox 615 1866 3823 1943">
     <span class='ocr_line' id='line_1_33' title="bbox 615 1866 3823 1943; baseline -0 -17"><span class='ocrx_word' id='word_1_259' title='bbox 615 1894 635 1925; x_wconf 78' lang='grc' dir='ltr'>ι</span> <span class='ocrx_word' id='word_1_260' title='bbox 678 1874 819 1930; x_wconf 87' lang='lat' dir='ltr'><strong>Ecce</strong></span> <span class='ocrx_word' id='word_1_261' title='bbox 838 1874 1167 1930; x_wconf 89' lang='lat' dir='ltr'><strong>circumdedi</strong></span> <span class='ocrx_word' id='word_1_262' title='bbox 1191 1884 1244 1929; x_wconf 92' lang='lat' dir='ltr'><strong>te</strong></span> <span class='ocrx_word' id='word_1_263' title='bbox 1277 1866 1508 1928; x_wconf 85' lang='lat' dir='ltr'><strong>vinculis</strong></span> <span class='ocrx_word' id='word_1_264' title='bbox 1532 1880 1589 1927; x_wconf 90' lang='lat' dir='ltr'><strong>et</strong></span> <span class='ocrx_word' id='word_1_265' title='bbox 1612 1886 1719 1928; x_wconf 90' lang='lat' dir='ltr'><strong>non</strong></span> <span class='ocrx_word' id='word_1_266' title='bbox 1753 1880 1807 1927; x_wconf 90' lang='lat' dir='ltr'><strong>te</strong></span> <span class='ocrx_word' id='word_1_267' title='bbox 1831 1880 2119 1929; x_wconf 85' lang='lat' dir='ltr'><strong>convertes</strong></span> <span class='ocrx_word' id='word_1_268' title='bbox 2146 1867 2193 1928; x_wconf 87' lang='lat' dir='ltr'><strong>B</strong></span> <span class='ocrx_word' id='word_1_269' title='bbox 2220 1883 2458 1930; x_wconf 80' lang='lat' dir='ltr'><strong>stercore</strong></span> <span class='ocrx_word' id='word_1_270' title='bbox 2494 1874 2702 1943; x_wconf 87' lang='lat' dir='ltr'><strong>operiat</strong></span> <span class='ocrx_word' id='word_1_271' title='bbox 2729 1887 2855 1937; x_wconf 88' lang='lat' dir='ltr'><strong>eos,</strong></span> <span class='ocrx_word' id='word_1_272' title='bbox 2895 1887 3001 1926; x_wconf 90' lang='lat' dir='ltr'><strong>non</strong></span> <span class='ocrx_word' id='word_1_273' title='bbox 3032 1872 3409 1943; x_wconf 83' lang='lat' dir='ltr'><strong>ignorantibus</strong></span> <span class='ocrx_word' id='word_1_274' title='bbox 3438 1872 3524 1927; x_wconf 90' lang='lat' dir='ltr'><strong>his</strong></span> <span class='ocrx_word' id='word_1_275' title='bbox 3579 1872 3671 1942; x_wconf 87' lang='lat' dir='ltr'><strong>qui</strong></span> <span class='ocrx_word' id='word_1_276' title='bbox 3718 1888 3823 1926; x_wconf 63' lang='lat' dir='ltr'><strong>co.-</strong></span> 
     </span>
    </p>
   </div>
   <div class='ocr_carea' id='block_1_34' title="bbox 545 1958 2121 2036">
    <p class='ocr_par' dir='ltr' id='par_1_34' title="bbox 545 1958 2121 2036">
     <span class='ocr_line' id='line_1_34' title="bbox 545 1958 2121 2036; baseline -0.004 -17"><span class='ocrx_word' id='word_1_277' title='bbox 545 1983 566 2019; x_wconf 79' lang='grc' dir='ltr'>ι</span> <span class='ocrx_word' id='word_1_278' title='bbox 601 1966 668 2023; x_wconf 88' lang='lat' dir='ltr'><strong>de</strong></span> <span class='ocrx_word' id='word_1_279' title='bbox 689 1964 857 2022; x_wconf 89' lang='lat' dir='ltr'><strong>latere</strong></span> <span class='ocrx_word' id='word_1_280' title='bbox 879 1960 1046 2020; x_wconf 87' lang='lat' dir='ltr'><strong>tuoin</strong></span> <span class='ocrx_word' id='word_1_281' title='bbox 1068 1964 1212 2036; x_wconf 84' lang='lat' dir='ltr'><strong>latus</strong></span> <span class='ocrx_word' id='word_1_282' title='bbox 1235 1964 1490 2029; x_wconf 88' lang='lat' dir='ltr'><strong>alterum,</strong></span> <span class='ocrx_word' id='word_1_283' title='bbox 1511 1962 1685 2017; x_wconf 88' lang='lat' dir='ltr'><strong>donec</strong></span> <span class='ocrx_word' id='word_1_284' title='bbox 1703 1960 1977 2031; x_wconf 87' lang='lat' dir='ltr'><strong>compleas</strong></span> <span class='ocrx_word' id='word_1_285' title='bbox 2004 1958 2121 2014; x_wconf 88' lang='lat' dir='ltr'><strong>dies</strong></span> 
     </span>
    </p>
   </div>
   <div class='ocr_carea' id='block_1_35' title="bbox 548 2056 2119 2135">
    <p class='ocr_par' dir='ltr' id='par_1_35' title="bbox 548 2056 2119 2135">
     <span class='ocr_line' id='line_1_35' title="bbox 548 2056 2119 2135; baseline -0.006 -15"><span class='ocrx_word' id='word_1_286' title='bbox 548 2081 568 2113; x_wconf 77' lang='grc' dir='ltr'>ι</span> <span class='ocrx_word' id='word_1_287' title='bbox 602 2062 903 2120; x_wconf 89' lang='lat' dir='ltr'><strong>obsidionis</strong></span> <span class='ocrx_word' id='word_1_288' title='bbox 931 2060 1039 2135; x_wconf 90' lang='lat' dir='ltr'><strong>(vel</strong></span> <span class='ocrx_word' id='word_1_289' title='bbox 1059 2059 1441 2132; x_wconf 86' lang='lat' dir='ltr'><strong>conclusionis)</strong></span> <span class='ocrx_word' id='word_1_290' title='bbox 1454 2068 1587 2135; x_wconf 59' lang='lat' dir='ltr'><strong>tuae.</strong></span> <span class='ocrx_word' id='word_1_291' title='bbox 1600 2076 1620 2110; x_wconf 70' lang='grc' dir='ltr'><strong><em>ι</em></strong></span> <span class='ocrx_word' id='word_1_292' title='bbox 1638 2056 1886 2113; x_wconf 57' lang='lat' dir='ltr'><strong>Sinistra;</strong></span> <span class='ocrx_word' id='word_1_293' title='bbox 1912 2064 2119 2126; x_wconf 83' lang='lat' dir='ltr'><strong>partes,</strong></span> 
     </span>
    </p>
   </div>
   <div class='ocr_carea' id='block_1_36' title="bbox 541 2146 2120 2224">
    <p class='ocr_par' dir='ltr' id='par_1_36' title="bbox 541 2146 2120 2224">
     <span class='ocr_line' id='line_1_36' title="bbox 541 2146 2120 2224; baseline -0.004 -17"><span class='ocrx_word' id='word_1_294' title='bbox 541 2154 666 2224; x_wconf 88' lang='lat' dir='ltr'><strong>quia</strong></span> <span class='ocrx_word' id='word_1_295' title='bbox 699 2154 816 2215; x_wconf 87' lang='lat' dir='ltr'><strong>sine</strong></span> <span class='ocrx_word' id='word_1_296' title='bbox 849 2148 1049 2223; x_wconf 88' lang='lat' dir='ltr'><strong>templo</strong></span> <span class='ocrx_word' id='word_1_297' title='bbox 1078 2159 1133 2209; x_wconf 86' lang='lat' dir='ltr'><strong>et</strong></span> <span class='ocrx_word' id='word_1_298' title='bbox 1177 2151 1368 2213; x_wconf 88' lang='lat' dir='ltr'><strong>notitia</strong></span> <span class='ocrx_word' id='word_1_299' title='bbox 1398 2150 1492 2205; x_wconf 89' lang='lat' dir='ltr'><strong>Dei</strong></span> <span class='ocrx_word' id='word_1_300' title='bbox 1528 2147 1744 2206; x_wconf 80' lang='lat' dir='ltr'><strong>fuerant</strong></span> <span class='ocrx_word' id='word_1_301' title='bbox 1782 2148 1839 2203; x_wconf 89' lang='lat' dir='ltr'><strong>in</strong></span> <span class='ocrx_word' id='word_1_302' title='bbox 1870 2146 2120 2203; x_wconf 86' lang='lat' dir='ltr'><strong>Samaria</strong></span> 
     </span>
    </p>
   </div>
   <div class='ocr_carea' id='block_1_37' title="bbox 539 2230 2121 2319">
    <p class='ocr_par' dir='ltr' id='par_1_37' title="bbox 539 2230 2121 2319">
     <span class='ocr_line' id='line_1_37' title="bbox 539 2230 2121 2319; baseline -0.002 -21"><span class='ocrx_word' id='word_1_303' title='bbox 539 2243 855 2316; x_wconf 74' lang='lat' dir='ltr'><strong>delegantur</strong></span> <span class='ocrx_word' id='word_1_304' title='bbox 884 2242 1069 2319; x_wconf 81' lang='lat' dir='ltr'><strong>lsracli</strong></span> <span class='ocrx_word' id='word_1_305' title='bbox 1099 2261 1112 2296; x_wconf 90' lang='lat'><strong>:</strong></span> <span class='ocrx_word' id='word_1_306' title='bbox 1150 2243 1354 2301; x_wconf 67' lang='lat' dir='ltr'><strong>deum</strong></span> <span class='ocrx_word' id='word_1_307' title='bbox 1375 2238 1549 2306; x_wconf 66' lang='lat' dir='ltr'><strong>Iudas,</strong></span> <span class='ocrx_word' id='word_1_308' title='bbox 1592 2240 1647 2297; x_wconf 90' lang='lat' dir='ltr'><strong>in</strong></span> <span class='ocrx_word' id='word_1_309' title='bbox 1680 2254 1786 2310; x_wconf 87' lang='lat' dir='ltr'><strong>qua</strong></span> <span class='ocrx_word' id='word_1_310' title='bbox 1813 2230 1912 2295; x_wconf 87' lang='lat' dir='ltr'><strong>Dei</strong></span> <span class='ocrx_word' id='word_1_311' title='bbox 1944 2238 2121 2295; x_wconf 84' lang='lat' dir='ltr'><strong>cultus</strong></span> 
     </span>
    </p>
   </div>
   <div class='ocr_carea' id='block_1_38' title="bbox 538 2328 2123 2403">
    <p class='ocr_par' dir='ltr' id='par_1_38' title="bbox 538 2328 2123 2403">
     <span class='ocr_line' id='line_1_38' title="bbox 538 2328 2123 2403; baseline -0.002 -17"><span class='ocrx_word' id='word_1_312' title='bbox 538 2338 596 2386; x_wconf 89' lang='lat' dir='ltr'><strong>et</strong></span> <span class='ocrx_word' id='word_1_313' title='bbox 623 2330 832 2403; x_wconf 77' lang='lat' dir='ltr'><strong>religio.</strong></span> <span class='ocrx_word' id='word_1_314' title='bbox 867 2330 936 2385; x_wconf 85' lang='lat' dir='ltr'><strong>Et</strong></span> <span class='ocrx_word' id='word_1_315' title='bbox 962 2332 1257 2387; x_wconf 89' lang='lat' dir='ltr'><strong>notandum</strong></span> <span class='ocrx_word' id='word_1_316' title='bbox 1279 2370 1293 2396; x_wconf 90' lang='lat'><strong>,</strong></span> <span class='ocrx_word' id='word_1_317' title='bbox 1328 2329 1471 2401; x_wconf 92' lang='lat' dir='ltr'><strong>quod</strong></span> <span class='ocrx_word' id='word_1_318' title='bbox 1499 2330 1555 2388; x_wconf 91' lang='lat' dir='ltr'><strong>in</strong></span> <span class='ocrx_word' id='word_1_319' title='bbox 1585 2328 1760 2384; x_wconf 85' lang='lat' dir='ltr'><strong>altero</strong></span> <span class='ocrx_word' id='word_1_320' title='bbox 1788 2329 1860 2383; x_wconf 91' lang='lat' dir='ltr'><strong>sit</strong></span> <span class='ocrx_word' id='word_1_321' title='bbox 1892 2342 2123 2398; x_wconf 86' lang='lat' dir='ltr'><strong>peccan-</strong></span> 
     </span>
    </p>
   </div>
   <div class='ocr_carea' id='block_1_39' title="bbox 538 2420 2119 2492">
    <p class='ocr_par' dir='ltr' id='par_1_39' title="bbox 538 2420 2119 2492">
     <span class='ocr_line' id='line_1_39' title="bbox 538 2420 2119 2492; baseline 0 -17"><span class='ocrx_word' id='word_1_322' title='bbox 538 2421 675 2475; x_wconf 91' lang='lat' dir='ltr'><strong>tium</strong></span> <span class='ocrx_word' id='word_1_323' title='bbox 711 2434 893 2492; x_wconf 68' lang='lat' dir='ltr'><strong>pazna,</strong></span> <span class='ocrx_word' id='word_1_324' title='bbox 944 2422 999 2475; x_wconf 89' lang='lat' dir='ltr'><strong>in</strong></span> <span class='ocrx_word' id='word_1_325' title='bbox 1028 2422 1199 2479; x_wconf 88' lang='lat' dir='ltr'><strong>altero</strong></span> <span class='ocrx_word' id='word_1_326' title='bbox 1241 2421 1457 2476; x_wconf 88' lang='lat' dir='ltr'><strong>virtutis</strong></span> <span class='ocrx_word' id='word_1_327' title='bbox 1488 2420 1826 2485; x_wconf 78' lang='lat' dir='ltr'><strong>exercitatio,</strong></span> <span class='ocrx_word' id='word_1_328' title='bbox 1859 2434 1959 2475; x_wconf 87' lang='lat' dir='ltr'><strong>nec</strong></span> <span class='ocrx_word' id='word_1_329' title='bbox 1985 2432 2119 2475; x_wconf 89' lang='lat' dir='ltr'><strong>con-</strong></span> 
     </span>
    </p>
   </div>
   <div class='ocr_carea' id='block_1_40' title="bbox 538 2510 2121 2586">
    <p class='ocr_par' dir='ltr' id='par_1_40' title="bbox 538 2510 2121 2586">
     <span class='ocr_line' id='line_1_40' title="bbox 538 2510 2121 2586; baseline -0.001 -19"><span class='ocrx_word' id='word_1_330' title='bbox 538 2513 701 2568; x_wconf 82' lang='lat' dir='ltr'><strong>vertit</strong></span> <span class='ocrx_word' id='word_1_331' title='bbox 738 2528 798 2570; x_wconf 91' lang='lat' dir='ltr'><strong>se</strong></span> <span class='ocrx_word' id='word_1_332' title='bbox 835 2513 905 2568; x_wconf 85' lang='lat' dir='ltr'><strong>de</strong></span> <span class='ocrx_word' id='word_1_333' title='bbox 942 2512 1111 2586; x_wconf 85' lang='lat' dir='ltr'><strong>altero</strong></span> <span class='ocrx_word' id='word_1_334' title='bbox 1140 2513 1201 2567; x_wconf 86' lang='lat' dir='ltr'><strong>in</strong></span> <span class='ocrx_word' id='word_1_335' title='bbox 1231 2511 1459 2567; x_wconf 87' lang='lat' dir='ltr'><strong>alterum</strong></span> <span class='ocrx_word' id='word_1_336' title='bbox 1498 2511 1677 2577; x_wconf 87' lang='lat' dir='ltr'><strong>latus,</strong></span> <span class='ocrx_word' id='word_1_337' title='bbox 1717 2518 1778 2567; x_wconf 86' lang='lat' dir='ltr'><strong>ut</strong></span> <span class='ocrx_word' id='word_1_338' title='bbox 1806 2510 1949 2578; x_wconf 81' lang='lat' dir='ltr'><strong>nulla</strong></span> <span class='ocrx_word' id='word_1_339' title='bbox 1998 2525 2121 2571; x_wconf 78' lang='lat' dir='ltr'><strong>cru-</strong></span> 
     </span>
    </p>
   </div>
   <div class='ocr_carea' id='block_1_41' title="bbox 539 2601 2119 2675">
    <p class='ocr_par' dir='ltr' id='par_1_41' title="bbox 539 2601 2119 2675">
     <span class='ocr_line' id='line_1_41' title="bbox 539 2601 2119 2675; baseline -0.001 -17"><span class='ocrx_word' id='word_1_340' title='bbox 539 2604 779 2659; x_wconf 87' lang='lat' dir='ltr'><strong>ciatuum</strong></span> <span class='ocrx_word' id='word_1_341' title='bbox 820 2602 1037 2673; x_wconf 86' lang='lat' dir='ltr'><strong>requies</strong></span> <span class='ocrx_word' id='word_1_342' title='bbox 1074 2601 1362 2668; x_wconf 86' lang='lat' dir='ltr'><strong>indicetur,</strong></span> <span class='ocrx_word' id='word_1_343' title='bbox 1410 2602 1579 2658; x_wconf 89' lang='lat' dir='ltr'><strong>donec</strong></span> <span class='ocrx_word' id='word_1_344' title='bbox 1610 2601 1899 2672; x_wconf 86' lang='lat' dir='ltr'><strong>impleatur</strong></span> <span class='ocrx_word' id='word_1_345' title='bbox 1925 2616 2119 2675; x_wconf 87' lang='lat' dir='ltr'><strong>supra-</strong></span> 
     </span>
    </p>
   </div>
   <div class='ocr_carea' id='block_1_42' title="bbox 544 2693 2124 2769">
    <p class='ocr_par' dir='ltr' id='par_1_42' title="bbox 544 2693 2124 2769">
     <span class='ocr_line' id='line_1_42' title="bbox 544 2693 2124 2769; baseline -0.003 -16"><span class='ocrx_word' id='word_1_346' title='bbox 544 2693 815 2753; x_wconf 86' lang='lat' dir='ltr'><strong>dictorum</strong></span> <span class='ocrx_word' id='word_1_347' title='bbox 840 2694 1050 2749; x_wconf 85' lang='lat' dir='ltr'><strong>dierum</strong></span> <span class='ocrx_word' id='word_1_348' title='bbox 1075 2693 1314 2767; x_wconf 89' lang='lat' dir='ltr'><strong>perfecta</strong></span> <span class='ocrx_word' id='word_1_349' title='bbox 1349 2694 1641 2753; x_wconf 86' lang='lat' dir='ltr'><strong>conclusio.</strong></span> <span class='ocrx_word' id='word_1_350' title='bbox 1671 2693 1824 2763; x_wconf 91' lang='lat' dir='ltr'><strong>Quod</strong></span> <span class='ocrx_word' id='word_1_351' title='bbox 1856 2694 1975 2749; x_wconf 88' lang='lat' dir='ltr'><strong>dies</strong></span> <span class='ocrx_word' id='word_1_352' title='bbox 2001 2708 2124 2769; x_wconf 85' lang='lat' dir='ltr'><strong>pro-</strong></span> 
     </span>
    </p>
   </div>
   <div class='ocr_carea' id='block_1_43' title="bbox 542 2784 2122 2866">
    <p class='ocr_par' dir='ltr' id='par_1_43' title="bbox 542 2784 2122 2866">
     <span class='ocr_line' id='line_1_43' title="bbox 542 2784 2122 2866; baseline 0.001 -27"><span class='ocrx_word' id='word_1_353' title='bbox 542 2784 774 2866; x_wconf 61' lang='lat' dir='ltr'><strong>phetae,_</strong></span> <span class='ocrx_word' id='word_1_354' title='bbox 806 2784 910 2840; x_wconf 92' lang='lat' dir='ltr'><strong>hoc</strong></span> <span class='ocrx_word' id='word_1_355' title='bbox 940 2799 1118 2840; x_wconf 88' lang='lat' dir='ltr'><strong>annus</strong></span> <span class='ocrx_word' id='word_1_356' title='bbox 1157 2793 1244 2842; x_wconf 88' lang='lat' dir='ltr'><strong>est</strong></span> <span class='ocrx_word' id='word_1_357' title='bbox 1276 2785 1623 2856; x_wconf 81' lang='lat' dir='ltr'><strong>patientibus.</strong></span> <span class='ocrx_word' id='word_1_358' title='bbox 1666 2784 1735 2841; x_wconf 79' lang='lat' dir='ltr'><strong>Et</strong></span> <span class='ocrx_word' id='word_1_359' title='bbox 1772 2799 1911 2855; x_wconf 89' lang='lat' dir='ltr'><strong>quos</strong></span> <span class='ocrx_word' id='word_1_360' title='bbox 1950 2800 2122 2841; x_wconf 89' lang='lat' dir='ltr'><strong>annos</strong></span> 
     </span>
    </p>
   </div>
   <div class='ocr_carea' id='block_1_44' title="bbox 540 2873 2118 2949">
    <p class='ocr_par' dir='ltr' id='par_1_44' title="bbox 540 2873 2118 2949">
     <span class='ocr_line' id='line_1_44' title="bbox 540 2873 2118 2949; baseline 0.003 -20"><span class='ocrx_word' id='word_1_361' title='bbox 540 2876 763 2947; x_wconf 85' lang='lat' dir='ltr'><strong>putabat</strong></span> <span class='ocrx_word' id='word_1_362' title='bbox 807 2874 1013 2943; x_wconf 85' lang='lat' dir='ltr'><strong>Laban,</strong></span> <span class='ocrx_word' id='word_1_363' title='bbox 1055 2873 1222 2933; x_wconf 89' lang='lat' dir='ltr'><strong>Iacob</strong></span> <span class='ocrx_word' id='word_1_364' title='bbox 1268 2883 1425 2932; x_wconf 88' lang='lat' dir='ltr'><strong>erant</strong></span> <span class='ocrx_word' id='word_1_365' title='bbox 1449 2877 1605 2948; x_wconf 89' lang='lat' dir='ltr'><strong>quasi</strong></span> <span class='ocrx_word' id='word_1_366' title='bbox 1632 2877 1790 2948; x_wconf 86' lang='lat' dir='ltr'><strong>pauci</strong></span> <span class='ocrx_word' id='word_1_367' title='bbox 1825 2875 2118 2949; x_wconf 78' lang='lat' dir='ltr'><strong>dies(Gcn.</strong></span> 
     </span>
    </p>
   </div>
   <div class='ocr_carea' id='block_1_45' title="bbox 2224 1965 3818 2037">
    <p class='ocr_par' dir='ltr' id='par_1_45' title="bbox 2224 1965 3818 2037">
     <span class='ocr_line' id='line_1_45' title="bbox 2224 1965 3818 2037; baseline -0.003 -14"><span class='ocrx_word' id='word_1_368' title='bbox 2224 1968 2447 2023; x_wconf 89' lang='lat' dir='ltr'><strong>mesturi</strong></span> <span class='ocrx_word' id='word_1_369' title='bbox 2474 1975 2616 2033; x_wconf 81' lang='lat' dir='ltr'><strong>sunt,</strong></span> <span class='ocrx_word' id='word_1_370' title='bbox 2651 1966 2790 2022; x_wconf 87' lang='lat' dir='ltr'><strong>solet</strong></span> <span class='ocrx_word' id='word_1_371' title='bbox 2817 1966 3016 2037; x_wconf 90' lang='lat' dir='ltr'><strong>quippe</strong></span> <span class='ocrx_word' id='word_1_372' title='bbox 3036 1981 3124 2021; x_wconf 88' lang='lat' dir='ltr'><strong>res</strong></span> <span class='ocrx_word' id='word_1_373' title='bbox 3154 1965 3359 2020; x_wconf 89' lang='lat' dir='ltr'><strong>incerta</strong></span> <span class='ocrx_word' id='word_1_374' title='bbox 3389 1965 3639 2020; x_wconf 84' lang='lat' dir='ltr'><strong>miserias</strong></span> <span class='ocrx_word' id='word_1_375' title='bbox 3668 1974 3818 2019; x_wconf 79' lang='lat' dir='ltr'><strong>tem-</strong></span> 
     </span>
    </p>
   </div>
   <div class='ocr_carea' id='block_1_46' title="bbox 2222 2055 3821 2130">
    <p class='ocr_par' dir='ltr' id='par_1_46' title="bbox 2222 2055 3821 2130">
     <span class='ocr_line' id='line_1_46' title="bbox 2222 2055 3821 2130; baseline -0.001 -17"><span class='ocrx_word' id='word_1_376' title='bbox 2222 2075 2434 2130; x_wconf 83' lang='lat' dir='ltr'><strong>perare,</strong></span> <span class='ocrx_word' id='word_1_377' title='bbox 2475 2060 2570 2115; x_wconf 86' lang='lat' dir='ltr'><strong>sed</strong></span> <span class='ocrx_word' id='word_1_378' title='bbox 2599 2055 2912 2113; x_wconf 85' lang='lat' dir='ltr'><strong>videntibus</strong></span> <span class='ocrx_word' id='word_1_379' title='bbox 2938 2065 2995 2112; x_wconf 90' lang='lat' dir='ltr'><strong>et</strong></span> <span class='ocrx_word' id='word_1_380' title='bbox 3021 2059 3074 2111; x_wconf 91' lang='lat' dir='ltr'><strong>in</strong></span> <span class='ocrx_word' id='word_1_381' title='bbox 3116 2057 3287 2114; x_wconf 89' lang='lat' dir='ltr'><strong>oculis</strong></span> <span class='ocrx_word' id='word_1_382' title='bbox 3333 2072 3544 2121; x_wconf 90' lang='lat' dir='ltr'><strong>eorum,</strong></span> <span class='ocrx_word' id='word_1_383' title='bbox 3586 2066 3643 2111; x_wconf 92' lang='lat' dir='ltr'><strong>ut</strong></span> <span class='ocrx_word' id='word_1_384' title='bbox 3682 2065 3821 2111; x_wconf 85' lang='lat' dir='ltr'><strong>ante</strong></span> 
     </span>
    </p>
   </div>
   <div class='ocr_carea' id='block_1_47' title="bbox 2222 2147 3814 2220">
    <p class='ocr_par' dir='ltr' id='par_1_47' title="bbox 2222 2147 3814 2220">
     <span class='ocr_line' id='line_1_47' title="bbox 2222 2147 3814 2220; baseline -0.004 -16"><span class='ocrx_word' id='word_1_385' title='bbox 2222 2158 2474 2220; x_wconf 89' lang='lat' dir='ltr'><strong>aspectus</strong></span> <span class='ocrx_word' id='word_1_386' title='bbox 2494 2148 2798 2211; x_wconf 86' lang='lat' dir='ltr'><strong>horrorem,</strong></span> <span class='ocrx_word' id='word_1_387' title='bbox 2831 2163 2992 2216; x_wconf 87' lang='lat' dir='ltr'><strong>quam</strong></span> <span class='ocrx_word' id='word_1_388' title='bbox 3024 2154 3212 2217; x_wconf 82' lang='lat' dir='ltr'><strong>gustus</strong></span> <span class='ocrx_word' id='word_1_389' title='bbox 3233 2150 3488 2202; x_wconf 82' lang='lat' dir='ltr'><strong>nauseam</strong></span> <span class='ocrx_word' id='word_1_390' title='bbox 3518 2147 3814 2202; x_wconf 84' lang='lat' dir='ltr'><strong>sustineat.</strong></span> 
     </span>
    </p>
   </div>
   <div class='ocr_carea' id='block_1_48' title="bbox 2220 2239 3818 2310">
    <p class='ocr_par' dir='ltr' id='par_1_48' title="bbox 2220 2239 3818 2310">
     <span class='ocr_line' id='line_1_48' title="bbox 2220 2239 3818 2310; baseline -0.003 -13"><span class='ocrx_word' id='word_1_391' title='bbox 2220 2241 2531 2297; x_wconf 82' lang='lat' dir='ltr'><strong>Notandum</strong></span> <span class='ocrx_word' id='word_1_392' title='bbox 2559 2256 2772 2310; x_wconf 86' lang='lat' dir='ltr'><strong>quoque</strong></span> <span class='ocrx_word' id='word_1_393' title='bbox 2808 2239 2952 2309; x_wconf 80' lang='lat' dir='ltr'><strong>quod</strong></span> <span class='ocrx_word' id='word_1_394' title='bbox 2977 2239 3136 2309; x_wconf 76' lang='lat' dir='ltr'><strong>juxta</strong></span> <span class='ocrx_word' id='word_1_395' title='bbox 3166 2253 3450 2294; x_wconf 87' lang='lat' dir='ltr'><strong>numerum</strong></span> <span class='ocrx_word' id='word_1_396' title='bbox 3480 2239 3691 2293; x_wconf 86' lang='lat' dir='ltr'><strong>dierum</strong></span> <span class='ocrx_word' id='word_1_397' title='bbox 3735 2239 3780 2293; x_wconf 87' lang='lat' dir='ltr'><strong>si</strong></span> <span class='ocrx_word' id='word_1_398' title='bbox 3802 2268 3818 2277; x_wconf 67' lang='grc' dir='ltr'><strong><em>ο</em></strong></span> 
     </span>
    </p>
   </div>
   <div class='ocr_carea' id='block_1_49' title="bbox 2220 2318 3817 2400">
    <p class='ocr_par' dir='ltr' id='par_1_49' title="bbox 2220 2318 3817 2400">
     <span class='ocr_line' id='line_1_49' title="bbox 2220 2318 3817 2400; baseline -0.004 -13"><span class='ocrx_word' id='word_1_399' title='bbox 2220 2332 2377 2388; x_wconf 88' lang='lat' dir='ltr'><strong>nistri</strong></span> <span class='ocrx_word' id='word_1_400' title='bbox 2426 2330 2611 2386; x_wconf 88' lang='lat' dir='ltr'><strong>lateris</strong></span> <span class='ocrx_word' id='word_1_401' title='bbox 2646 2329 2871 2385; x_wconf 87' lang='lat' dir='ltr'><strong>trecenti</strong></span> <span class='ocrx_word' id='word_1_402' title='bbox 2914 2318 3208 2400; x_wconf 78' lang='lat' dir='ltr'><strong>nonaginta</strong></span> <span class='ocrx_word' id='word_1_403' title='bbox 3252 2328 3596 2385; x_wconf 73' lang='lat' dir='ltr'><strong>snibcinericii</strong></span> <span class='ocrx_word' id='word_1_404' title='bbox 3636 2342 3817 2398; x_wconf 87' lang='lat' dir='ltr'><strong>panes</strong></span> 
     </span>
    </p>
   </div>
   <div class='ocr_carea' id='block_1_50' title="bbox 2218 2416 3819 2490">
    <p class='ocr_par' dir='ltr' id='par_1_50' title="bbox 2218 2416 3819 2490">
     <span class='ocr_line' id='line_1_50' title="bbox 2218 2416 3819 2490; baseline -0.002 -17"><span class='ocrx_word' id='word_1_405' title='bbox 2218 2419 2513 2490; x_wconf 74' lang='lat' dir='ltr'><strong>iubeantur</strong></span> <span class='ocrx_word' id='word_1_406' title='bbox 2545 2418 2663 2472; x_wconf 84' lang='lat' dir='ltr'><strong>fieri</strong></span> <span class='ocrx_word' id='word_1_407' title='bbox 2692 2457 2707 2484; x_wconf 95' lang='lat'><strong>,</strong></span> <span class='ocrx_word' id='word_1_408' title='bbox 2753 2424 2808 2473; x_wconf 90' lang='lat' dir='ltr'><strong>et</strong></span> <span class='ocrx_word' id='word_1_409' title='bbox 2836 2432 2932 2490; x_wconf 85' lang='lat' dir='ltr'><strong>per</strong></span> <span class='ocrx_word' id='word_1_410' title='bbox 2975 2416 3215 2488; x_wconf 87' lang='lat' dir='ltr'><strong>singulos</strong></span> <span class='ocrx_word' id='word_1_411' title='bbox 3254 2416 3369 2471; x_wconf 90' lang='lat' dir='ltr'><strong>dies</strong></span> <span class='ocrx_word' id='word_1_412' title='bbox 3399 2418 3625 2480; x_wconf 75' lang='lat' dir='ltr'><strong>comedi,</strong></span> <span class='ocrx_word' id='word_1_413' title='bbox 3658 2427 3717 2471; x_wconf 91' lang='lat' dir='ltr'><strong>et</strong></span> <span class='ocrx_word' id='word_1_414' title='bbox 3745 2419 3819 2470; x_wconf 87' lang='lat' dir='ltr'><strong>de</strong></span> 
     </span>
    </p>
   </div>
   <div class='ocr_carea' id='block_1_51' title="bbox 2223 2506 3819 2580">
    <p class='ocr_par' dir='ltr' id='par_1_51' title="bbox 2223 2506 3819 2580">
     <span class='ocr_line' id='line_1_51' title="bbox 2223 2506 3819 2580; baseline 0.002 -19"><span class='ocrx_word' id='word_1_415' title='bbox 2223 2508 2579 2580; x_wconf 80' lang='lat' dir='ltr'><strong>quadraginta</strong></span> <span class='ocrx_word' id='word_1_416' title='bbox 2619 2507 2828 2563; x_wconf 88' lang='lat' dir='ltr'><strong>dierum</strong></span> <span class='ocrx_word' id='word_1_417' title='bbox 2879 2507 3054 2567; x_wconf 84' lang='lat' dir='ltr'><strong>dextri</strong></span> <span class='ocrx_word' id='word_1_418' title='bbox 3100 2506 3287 2569; x_wconf 85' lang='lat' dir='ltr'><strong>lateris</strong></span> <span class='ocrx_word' id='word_1_419' title='bbox 3315 2508 3546 2578; x_wconf 87' lang='lat' dir='ltr'><strong>panibus</strong></span> <span class='ocrx_word' id='word_1_420' title='bbox 3586 2506 3819 2564; x_wconf 85' lang='lat' dir='ltr'><strong>omnino</strong></span> 
     </span>
    </p>
   </div>
   <div class='ocr_carea' id='block_1_52' title="bbox 2225 2595 3815 2668">
    <p class='ocr_par' dir='ltr' id='par_1_52' title="bbox 2225 2595 3815 2668">
     <span class='ocr_line' id='line_1_52' title="bbox 2225 2595 3815 2668; baseline 0 -15"><span class='ocrx_word' id='word_1_421' title='bbox 2225 2608 2500 2666; x_wconf 88' lang='lat' dir='ltr'><strong>taceatur,</strong></span> <span class='ocrx_word' id='word_1_422' title='bbox 2528 2607 2587 2655; x_wconf 93' lang='lat' dir='ltr'><strong>ut</strong></span> <span class='ocrx_word' id='word_1_423' title='bbox 2614 2597 2826 2654; x_wconf 87' lang='lat' dir='ltr'><strong>occulte</strong></span> <span class='ocrx_word' id='word_1_424' title='bbox 2861 2607 3049 2653; x_wconf 90' lang='lat' dir='ltr'><strong>sancta</strong></span> <span class='ocrx_word' id='word_1_425' title='bbox 3078 2595 3357 2668; x_wconf 89' lang='lat' dir='ltr'><strong>Scriptura</strong></span> <span class='ocrx_word' id='word_1_426' title='bbox 3394 2597 3662 2668; x_wconf 78' lang='lat' dir='ltr'><strong>significet</strong></span> <span class='ocrx_word' id='word_1_427' title='bbox 3700 2613 3815 2653; x_wconf 87' lang='lat' dir='ltr'><strong>non</strong></span> 
     </span>
    </p>
   </div>
   <div class='ocr_carea' id='block_1_53' title="bbox 2224 2688 3814 2759">
    <p class='ocr_par' dir='ltr' id='par_1_53' title="bbox 2224 2688 3814 2759">
     <span class='ocr_line' id='line_1_53' title="bbox 2224 2688 3814 2759; baseline 0 -15"><span class='ocrx_word' id='word_1_428' title='bbox 2224 2689 2469 2745; x_wconf 84' lang='lat' dir='ltr'><strong>eamdem</strong></span> <span class='ocrx_word' id='word_1_429' title='bbox 2510 2702 2725 2759; x_wconf 74' lang='lat' dir='ltr'><strong>pmnam</strong></span> <span class='ocrx_word' id='word_1_430' title='bbox 2760 2701 2881 2742; x_wconf 88' lang='lat' dir='ltr'><strong>esse</strong></span> <span class='ocrx_word' id='word_1_431' title='bbox 2933 2688 3113 2759; x_wconf 90' lang='lat' dir='ltr'><strong>populi</strong></span> <span class='ocrx_word' id='word_1_432' title='bbox 3179 2689 3519 2759; x_wconf 89' lang='lat' dir='ltr'><strong>peccatoris,</strong></span> <span class='ocrx_word' id='word_1_433' title='bbox 3550 2689 3595 2744; x_wconf 91' lang='lat' dir='ltr'><strong>si</strong></span> <span class='ocrx_word' id='word_1_434' title='bbox 3627 2697 3814 2745; x_wconf 82' lang='lat' dir='ltr'><strong>tamen</strong></span> 
     </span>
    </p>
   </div>
   <div class='ocr_carea' id='block_1_54' title="bbox 2224 2777 3814 2850">
    <p class='ocr_par' dir='ltr' id='par_1_54' title="bbox 2224 2777 3814 2850">
     <span class='ocr_line' id='line_1_54' title="bbox 2224 2777 3814 2850; baseline -0.003 -15"><span class='ocrx_word' id='word_1_435' title='bbox 2224 2778 2474 2835; x_wconf 85' lang='lat' dir='ltr'><strong>notitiam</strong></span> <span class='ocrx_word' id='word_1_436' title='bbox 2504 2778 2706 2834; x_wconf 76' lang='lat' dir='ltr'><strong>habeat</strong></span> <span class='ocrx_word' id='word_1_437' title='bbox 2737 2778 2857 2845; x_wconf 90' lang='lat' dir='ltr'><strong>Del,</strong></span> <span class='ocrx_word' id='word_1_438' title='bbox 2888 2788 2942 2834; x_wconf 91' lang='lat' dir='ltr'><strong>et</strong></span> <span class='ocrx_word' id='word_1_439' title='bbox 2974 2777 3092 2848; x_wconf 87' lang='lat' dir='ltr'><strong>ejus</strong></span> <span class='ocrx_word' id='word_1_440' title='bbox 3111 2779 3202 2850; x_wconf 88' lang='lat' dir='ltr'><strong>qui</strong></span> <span class='ocrx_word' id='word_1_441' title='bbox 3231 2792 3263 2833; x_wconf 86' lang='lat' dir='ltr'><strong>a</strong></span> <span class='ocrx_word' id='word_1_442' title='bbox 3284 2778 3543 2850; x_wconf 85' lang='lat' dir='ltr'><strong>religione</strong></span> <span class='ocrx_word' id='word_1_443' title='bbox 3571 2780 3681 2834; x_wconf 85' lang='lat' dir='ltr'><strong>veri</strong></span> <span class='ocrx_word' id='word_1_444' title='bbox 3711 2778 3814 2834; x_wconf 73' lang='lat' dir='ltr'><strong>Dei</strong></span> 
     </span>
    </p>
   </div>
   <div class='ocr_carea' id='block_1_55' title="bbox 2224 2867 3812 2925">
    <p class='ocr_par' dir='ltr' id='par_1_55' title="bbox 2224 2867 3812 2925">
     <span class='ocr_line' id='line_1_55' title="bbox 2224 2867 3812 2925; baseline -0.001 -1"><span class='ocrx_word' id='word_1_445' title='bbox 2224 2869 2449 2924; x_wconf 87' lang='lat' dir='ltr'><strong>omnino</strong></span> <span class='ocrx_word' id='word_1_446' title='bbox 2497 2868 2826 2925; x_wconf 84' lang='lat' dir='ltr'><strong>discesserit.</strong></span> <span class='ocrx_word' id='word_1_447' title='bbox 2884 2868 3179 2924; x_wconf 88' lang='lat' dir='ltr'><strong>Possumus</strong></span> <span class='ocrx_word' id='word_1_448' title='bbox 3224 2867 3313 2925; x_wconf 87' lang='lat' dir='ltr'><strong>hic</strong></span> <span class='ocrx_word' id='word_1_449' title='bbox 3368 2876 3422 2923; x_wconf 92' lang='lat' dir='ltr'><strong>et</strong></span> <span class='ocrx_word' id='word_1_450' title='bbox 3479 2870 3581 2923; x_wconf 91' lang='lat' dir='ltr'><strong>hoc</strong></span> <span class='ocrx_word' id='word_1_451' title='bbox 3624 2870 3812 2924; x_wconf 86' lang='lat' dir='ltr'><strong>dicere</strong></span> 
     </span>
    </p>
   </div>
   <div class='ocr_carea' id='block_1_56' title="bbox 543 2957 3813 3039">
    <p class='ocr_par' dir='ltr' id='par_1_56' title="bbox 543 2957 3813 3039">
     <span class='ocr_line' id='line_1_56' title="bbox 543 2957 3813 3039; baseline -0.001 -21"><span class='ocrx_word' id='word_1_452' title='bbox 543 2963 717 3037; x_wconf 75' lang='lat' dir='ltr'><strong>nu).</strong></span> <span class='ocrx_word' id='word_1_453' title='bbox 760 2963 878 3020; x_wconf 78' lang='lat' dir='ltr'><strong>Non</strong></span> <span class='ocrx_word' id='word_1_454' title='bbox 914 2965 1098 3024; x_wconf 82' lang='lat' dir='ltr'><strong>solum</strong></span> <span class='ocrx_word' id='word_1_455' title='bbox 1129 2973 1312 3025; x_wconf 81' lang='lat' dir='ltr'><strong>autem</strong></span> <span class='ocrx_word' id='word_1_456' title='bbox 1348 2966 1402 3024; x_wconf 90' lang='lat' dir='ltr'><strong>in</strong></span> <span class='ocrx_word' id='word_1_457' title='bbox 1446 2966 1721 3039; x_wconf 82' lang='lat' dir='ltr'><strong>suppliciis</strong></span> <span class='ocrx_word' id='word_1_458' title='bbox 1749 2966 1983 3024; x_wconf 85' lang='lat' dir='ltr'><strong>varietas</strong></span> <span class='ocrx_word' id='word_1_459' title='bbox 2016 2976 2118 3033; x_wconf 91' lang='lat' dir='ltr'><strong>est,</strong></span> <span class='ocrx_word' id='word_1_460' title='bbox 2220 2960 2375 3031; x_wconf 80' lang='lat' dir='ltr'><strong>juxta</strong></span> <span class='ocrx_word' id='word_1_461' title='bbox 2405 2959 2817 3030; x_wconf 84' lang='lat' dir='ltr'><strong>intelligentiam</strong></span> <span class='ocrx_word' id='word_1_462' title='bbox 2839 2959 3155 3030; x_wconf 86' lang='lat' dir='ltr'><strong>spiritalem,</strong></span> <span class='ocrx_word' id='word_1_463' title='bbox 3183 2959 3324 3029; x_wconf 88' lang='lat' dir='ltr'><strong>quod</strong></span> <span class='ocrx_word' id='word_1_464' title='bbox 3348 2957 3606 3015; x_wconf 87' lang='lat' dir='ltr'><strong>Iudaicus</strong></span> <span class='ocrx_word' id='word_1_465' title='bbox 3638 2974 3813 3029; x_wconf 80' lang='lat' dir='ltr'><strong>popu-</strong></span> 
     </span>
    </p>
   </div>
   <div class='ocr_carea' id='block_1_57' title="bbox 541 3051 3807 3127">
    <p class='ocr_par' dir='ltr' id='par_1_57' title="bbox 541 3051 3807 3127">
     <span class='ocr_line' id='line_1_57' title="bbox 541 3051 3807 3127; baseline -0.002 -18"><span class='ocrx_word' id='word_1_466' title='bbox 541 3065 643 3123; x_wconf 89' lang='lat' dir='ltr'><strong>pro</strong></span> <span class='ocrx_word' id='word_1_467' title='bbox 675 3053 988 3115; x_wconf 84' lang='lat' dir='ltr'><strong>diversitate</strong></span> <span class='ocrx_word' id='word_1_468' title='bbox 1016 3055 1366 3121; x_wconf 80' lang='lat' dir='ltr'><strong>meritorum,</strong></span> <span class='ocrx_word' id='word_1_469' title='bbox 1408 3055 1503 3113; x_wconf 85' lang='lat' dir='ltr'><strong>sed</strong></span> <span class='ocrx_word' id='word_1_470' title='bbox 1525 3056 1588 3111; x_wconf 83' lang='lat' dir='ltr'><strong>in</strong></span> <span class='ocrx_word' id='word_1_471' title='bbox 1615 3056 1880 3112; x_wconf 87' lang='lat' dir='ltr'><strong>bonorum</strong></span> <span class='ocrx_word' id='word_1_472' title='bbox 1909 3070 2125 3127; x_wconf 89' lang='lat' dir='ltr'><strong>quoque</strong></span> <span class='ocrx_word' id='word_1_473' title='bbox 2226 3054 2313 3111; x_wconf 92' lang='lat' dir='ltr'><strong>ius</strong></span> <span class='ocrx_word' id='word_1_474' title='bbox 2329 3062 2453 3125; x_wconf 90' lang='lat' dir='ltr'><strong>post</strong></span> <span class='ocrx_word' id='word_1_475' title='bbox 2469 3053 2728 3109; x_wconf 66' lang='lat' dir='ltr'><strong>odensam</strong></span> <span class='ocrx_word' id='word_1_476' title='bbox 2761 3054 2853 3109; x_wconf 86' lang='lat' dir='ltr'><strong>Dei</strong></span> <span class='ocrx_word' id='word_1_477' title='bbox 2896 3067 3069 3123; x_wconf 90' lang='lat' dir='ltr'><strong>usque</strong></span> <span class='ocrx_word' id='word_1_478' title='bbox 3099 3051 3257 3108; x_wconf 85' lang='lat' dir='ltr'><strong>hodie</strong></span> <span class='ocrx_word' id='word_1_479' title='bbox 3286 3052 3674 3113; x_wconf 84' lang='lat' dir='ltr'><strong>subcincricios</strong></span> <span class='ocrx_word' id='word_1_480' title='bbox 3706 3067 3807 3121; x_wconf 76' lang='lat' dir='ltr'><strong>pa-</strong></span> 
     </span>
    </p>
   </div>
   <div class='ocr_carea' id='block_1_58' title="bbox 541 3142 3809 3215">
    <p class='ocr_par' dir='ltr' id='par_1_58' title="bbox 541 3142 3809 3215">
     <span class='ocr_line' id='line_1_58' title="bbox 541 3142 3809 3215; baseline -0.002 -14"><span class='ocrx_word' id='word_1_481' title='bbox 541 3144 899 3201; x_wconf 88' lang='lat' dir='ltr'><strong>retributione</strong></span> <span class='ocrx_word' id='word_1_482' title='bbox 926 3145 1064 3215; x_wconf 82' lang='lat' dir='ltr'><strong>Agni</strong></span> <span class='ocrx_word' id='word_1_483' title='bbox 1087 3146 1142 3201; x_wconf 89' lang='lat' dir='ltr'><strong>in</strong></span> <span class='ocrx_word' id='word_1_484' title='bbox 1168 3146 1408 3211; x_wconf 80' lang='lat' dir='ltr'><strong>dextera,</strong></span> <span class='ocrx_word' id='word_1_485' title='bbox 1433 3144 1574 3202; x_wconf 67' lang='lat' dir='ltr'><strong>btedi</strong></span> <span class='ocrx_word' id='word_1_486' title='bbox 1607 3154 1757 3203; x_wconf 88' lang='lat' dir='ltr'><strong>stant</strong></span> <span class='ocrx_word' id='word_1_487' title='bbox 1790 3146 1848 3201; x_wconf 88' lang='lat' dir='ltr'><strong>in</strong></span> <span class='ocrx_word' id='word_1_488' title='bbox 1877 3147 2123 3207; x_wconf 85' lang='lat' dir='ltr'><strong>sinistra.</strong></span> <span class='ocrx_word' id='word_1_489' title='bbox 2225 3160 2325 3202; x_wconf 80' lang='lat' dir='ltr'><strong>nes</strong></span> <span class='ocrx_word' id='word_1_490' title='bbox 2352 3144 2617 3211; x_wconf 89' lang='lat' dir='ltr'><strong>comedat,</strong></span> <span class='ocrx_word' id='word_1_491' title='bbox 2634 3144 2833 3201; x_wconf 81' lang='lat' dir='ltr'><strong>mixtos</strong></span> <span class='ocrx_word' id='word_1_492' title='bbox 2849 3143 3140 3208; x_wconf 88' lang='lat' dir='ltr'><strong>frumento,</strong></span> <span class='ocrx_word' id='word_1_493' title='bbox 3163 3143 3387 3208; x_wconf 90' lang='lat' dir='ltr'><strong>hordeo,</strong></span> <span class='ocrx_word' id='word_1_494' title='bbox 3407 3142 3528 3197; x_wconf 88' lang='lat' dir='ltr'><strong>faba</strong></span> <span class='ocrx_word' id='word_1_495' title='bbox 3555 3157 3618 3196; x_wconf 87' lang='lat' dir='ltr'><strong>ac</strong></span> <span class='ocrx_word' id='word_1_496' title='bbox 3641 3142 3809 3208; x_wconf 88' lang='lat' dir='ltr'><strong>lente,</strong></span> 
     </span>
    </p>
   </div>
   <div class='ocr_carea' id='block_1_59' title="bbox 543 3215 3809 3307">
    <p class='ocr_par' dir='ltr' id='par_1_59' title="bbox 543 3215 3809 3307">
     <span class='ocr_line' id='line_1_59' title="bbox 543 3215 3809 3307; baseline 0 -18"><span class='ocrx_word' id='word_1_497' title='bbox 543 3232 674 3289; x_wconf 86' lang='lat' dir='ltr'><strong>inde</strong></span> <span class='ocrx_word' id='word_1_498' title='bbox 702 3242 759 3290; x_wconf 86' lang='lat' dir='ltr'><strong>et</strong></span> <span class='ocrx_word' id='word_1_499' title='bbox 784 3235 840 3290; x_wconf 88' lang='lat' dir='ltr'><strong>in</strong></span> <span class='ocrx_word' id='word_1_500' title='bbox 874 3235 981 3299; x_wconf 84' lang='lat' dir='ltr'><strong>alio</strong></span> <span class='ocrx_word' id='word_1_501' title='bbox 1013 3234 1133 3292; x_wconf 91' lang='lat' dir='ltr'><strong>loco</strong></span> <span class='ocrx_word' id='word_1_502' title='bbox 1155 3236 1418 3307; x_wconf 83' lang='lat' dir='ltr'><strong>scriptum</strong></span> <span class='ocrx_word' id='word_1_503' title='bbox 1445 3244 1570 3292; x_wconf 83' lang='lat' dir='ltr'><strong>est:</strong></span> <span class='ocrx_word' id='word_1_504' title='bbox 1602 3252 1619 3287; x_wconf 74' lang='grc' dir='ltr'>ι</span> <span class='ocrx_word' id='word_1_505' title='bbox 1656 3233 1764 3292; x_wconf 84' lang='lat' dir='ltr'><strong>Cor</strong></span> <span class='ocrx_word' id='word_1_506' title='bbox 1790 3235 2047 3305; x_wconf 84' lang='lat' dir='ltr'><strong>sapientis</strong></span> <span class='ocrx_word' id='word_1_507' title='bbox 2069 3236 2123 3293; x_wconf 89' lang='lat' dir='ltr'><strong>in</strong></span> <span class='ocrx_word' id='word_1_508' title='bbox 2151 3215 2198 3279; x_wconf 68' lang='grc' dir='ltr'>ο</span> <span class='ocrx_word' id='word_1_509' title='bbox 2227 3230 2381 3302; x_wconf 79' lang='lat' dir='ltr'><strong>milio</strong></span> <span class='ocrx_word' id='word_1_510' title='bbox 2419 3245 2475 3293; x_wconf 91' lang='lat' dir='ltr'><strong>et</strong></span> <span class='ocrx_word' id='word_1_511' title='bbox 2509 3252 2698 3293; x_wconf 89' lang='lat' dir='ltr'><strong>avena.</strong></span> <span class='ocrx_word' id='word_1_512' title='bbox 2751 3237 2989 3307; x_wconf 86' lang='lat' dir='ltr'><strong>Quorum</strong></span> <span class='ocrx_word' id='word_1_513' title='bbox 3025 3237 3164 3292; x_wconf 86' lang='lat' dir='ltr'><strong>alter</strong></span> <span class='ocrx_word' id='word_1_514' title='bbox 3199 3234 3501 3299; x_wconf 90' lang='lat' dir='ltr'><strong>hominum,</strong></span> <span class='ocrx_word' id='word_1_515' title='bbox 3546 3233 3809 3305; x_wconf 70' lang='lat' dir='ltr'><strong>alter&#39;ju-</strong></span> 
     </span>
    </p>
   </div>
   <div class='ocr_carea' id='block_1_60' title="bbox 545 3318 3811 3397">
    <p class='ocr_par' dir='ltr' id='par_1_60' title="bbox 545 3318 3811 3397">
     <span class='ocr_line' id='line_1_60' title="bbox 545 3318 3811 3397; baseline -0.001 -15"><span class='ocrx_word' id='word_1_516' title='bbox 545 3327 765 3383; x_wconf 83' lang='lat' dir='ltr'><strong>dextera</strong></span> <span class='ocrx_word' id='word_1_517' title='bbox 794 3324 934 3395; x_wconf 82' lang='lat' dir='ltr'><strong>ejus,</strong></span> <span class='ocrx_word' id='word_1_518' title='bbox 963 3340 1060 3382; x_wconf 86' lang='lat' dir='ltr'><strong>cor</strong></span> <span class='ocrx_word' id='word_1_519' title='bbox 1087 3336 1268 3381; x_wconf 87' lang='lat' dir='ltr'><strong>autem</strong></span> <span class='ocrx_word' id='word_1_520' title='bbox 1292 3326 1441 3381; x_wconf 88' lang='lat' dir='ltr'><strong>stulti</strong></span> <span class='ocrx_word' id='word_1_521' title='bbox 1464 3326 1520 3386; x_wconf 88' lang='lat' dir='ltr'><strong>in</strong></span> <span class='ocrx_word' id='word_1_522' title='bbox 1547 3325 1767 3382; x_wconf 88' lang='lat' dir='ltr'><strong>sinistra</strong></span> <span class='ocrx_word' id='word_1_523' title='bbox 1790 3324 1907 3395; x_wconf 85' lang='lat' dir='ltr'><strong>ejus</strong></span> <span class='ocrx_word' id='word_1_524' title='bbox 1930 3323 2123 3397; x_wconf 78' lang='lat' dir='ltr'><strong>(Eccii.</strong></span> <span class='ocrx_word' id='word_1_525' title='bbox 2228 3336 2545 3384; x_wconf 88' lang='lat' dir='ltr'><strong>mentorum</strong></span> <span class='ocrx_word' id='word_1_526' title='bbox 2578 3327 2731 3382; x_wconf 88' lang='lat' dir='ltr'><strong>cibus</strong></span> <span class='ocrx_word' id='word_1_527' title='bbox 2758 3336 2860 3389; x_wconf 86' lang='lat' dir='ltr'><strong>est.</strong></span> <span class='ocrx_word' id='word_1_528' title='bbox 2891 3326 2949 3381; x_wconf 91' lang='lat' dir='ltr'><strong>In</strong></span> <span class='ocrx_word' id='word_1_529' title='bbox 2991 3341 3057 3383; x_wconf 91' lang='lat' dir='ltr'><strong>eo</strong></span> <span class='ocrx_word' id='word_1_530' title='bbox 3086 3326 3229 3382; x_wconf 89' lang='lat' dir='ltr'><strong>enim</strong></span> <span class='ocrx_word' id='word_1_531' title='bbox 3249 3366 3265 3391; x_wconf 92' lang='lat'><strong>,</strong></span> <span class='ocrx_word' id='word_1_532' title='bbox 3307 3318 3731 3395; x_wconf 84' lang='lat' dir='ltr'><strong>quodvidentur</strong></span> <span class='ocrx_word' id='word_1_533' title='bbox 3755 3326 3811 3379; x_wconf 83' lang='lat' dir='ltr'><strong>in</strong></span> 
     </span>
    </p>
   </div>
   <div class='ocr_carea' id='block_1_61' title="bbox 545 3413 3807 3490">
    <p class='ocr_par' dir='ltr' id='par_1_61' title="bbox 545 3413 3807 3490">
     <span class='ocr_line' id='line_1_61' title="bbox 545 3413 3807 3490; baseline -0.001 -18"><span class='ocrx_word' id='word_1_534' title='bbox 545 3416 625 3490; x_wconf 73' lang='grc' dir='ltr'><strong>ι).</strong></span> <span class='ocrx_word' id='word_1_535' title='bbox 675 3436 695 3470; x_wconf 79' lang='grc' dir='ltr'><strong><em>ι</em></strong></span> <span class='ocrx_word' id='word_1_536' title='bbox 735 3416 854 3473; x_wconf 75' lang='lat' dir='ltr'><strong>Alia</strong></span> <span class='ocrx_word' id='word_1_537' title='bbox 893 3426 1020 3474; x_wconf 90' lang='lat' dir='ltr'><strong>sunt</strong></span> <span class='ocrx_word' id='word_1_538' title='bbox 1054 3416 1271 3473; x_wconf 86' lang='lat' dir='ltr'><strong>Domini</strong></span> <span class='ocrx_word' id='word_1_539' title='bbox 1308 3416 1545 3485; x_wconf 90' lang='lat' dir='ltr'><strong>vincula,</strong></span> <span class='ocrx_word' id='word_1_540' title='bbox 1582 3417 1779 3488; x_wconf 89' lang='lat' dir='ltr'><strong>quibus</strong></span> <span class='ocrx_word' id='word_1_541' title='bbox 1813 3416 2045 3488; x_wconf 87' lang='lat' dir='ltr'><strong>ligamur</strong></span> <span class='ocrx_word' id='word_1_542' title='bbox 2071 3417 2127 3471; x_wconf 90' lang='lat' dir='ltr'><strong>in</strong></span> <span class='ocrx_word' id='word_1_543' title='bbox 2229 3431 2396 3472; x_wconf 91' lang='lat' dir='ltr'><strong>unum</strong></span> <span class='ocrx_word' id='word_1_544' title='bbox 2438 3417 2608 3472; x_wconf 83' lang='lat' dir='ltr'><strong>Deum</strong></span> <span class='ocrx_word' id='word_1_545' title='bbox 2651 3418 2895 3483; x_wconf 70' lang='lat' dir='ltr'><strong>credere,</strong></span> <span class='ocrx_word' id='word_1_546' title='bbox 2937 3416 3139 3471; x_wconf 88' lang='lat' dir='ltr'><strong>habent</strong></span> <span class='ocrx_word' id='word_1_547' title='bbox 3186 3414 3389 3486; x_wconf 82' lang='lat' dir='ltr'><strong>aliquid</strong></span> <span class='ocrx_word' id='word_1_548' title='bbox 3435 3424 3489 3471; x_wconf 90' lang='lat' dir='ltr'><strong>et</strong></span> <span class='ocrx_word' id='word_1_549' title='bbox 3529 3413 3807 3475; x_wconf 76' lang='lat' dir='ltr'><strong>frumenti.</strong></span> 
     </span>
    </p>
   </div>
   <div class='ocr_carea' id='block_1_62' title="bbox 548 3507 2129 3579">
    <p class='ocr_par' dir='ltr' id='par_1_62' title="bbox 548 3507 2129 3579">
     <span class='ocr_line' id='line_1_62' title="bbox 548 3507 2129 3579; baseline -0.003 -15"><span class='ocrx_word' id='word_1_550' title='bbox 548 3508 800 3574; x_wconf 88' lang='lat' dir='ltr'><strong>salutem,</strong></span> <span class='ocrx_word' id='word_1_551' title='bbox 845 3507 948 3563; x_wconf 85' lang='lat' dir='ltr'><strong>alia</strong></span> <span class='ocrx_word' id='word_1_552' title='bbox 1001 3507 1235 3574; x_wconf 85' lang='lat' dir='ltr'><strong>diaboli,</strong></span> <span class='ocrx_word' id='word_1_553' title='bbox 1266 3508 1459 3579; x_wconf 90' lang='lat' dir='ltr'><strong>quibus</strong></span> <span class='ocrx_word' id='word_1_554' title='bbox 1491 3507 1677 3564; x_wconf 88' lang='lat' dir='ltr'><strong>decem</strong></span> <span class='ocrx_word' id='word_1_555' title='bbox 1721 3515 1777 3562; x_wconf 93' lang='lat' dir='ltr'><strong>et</strong></span> <span class='ocrx_word' id='word_1_556' title='bbox 1814 3516 1939 3564; x_wconf 86' lang='lat' dir='ltr'><strong>octo</strong></span> <span class='ocrx_word' id='word_1_557' title='bbox 1974 3508 2129 3569; x_wconf 85' lang='lat' dir='ltr'><strong>annis</strong></span> 
     </span>
    </p>
   </div>
   <div class='ocr_carea' id='block_1_63' title="bbox 550 3594 2130 3668">
    <p class='ocr_par' dir='ltr' id='par_1_63' title="bbox 550 3594 2130 3668">
     <span class='ocr_line' id='line_1_63' title="bbox 550 3594 2130 3668; baseline -0.001 -17"><span class='ocrx_word' id='word_1_558' title='bbox 550 3596 812 3668; x_wconf 86' lang='lat' dir='ltr'><strong>ligaverat</strong></span> <span class='ocrx_word' id='word_1_559' title='bbox 839 3597 1120 3653; x_wconf 89' lang='lat' dir='ltr'><strong>mulierem</strong></span> <span class='ocrx_word' id='word_1_560' title='bbox 1154 3594 1209 3652; x_wconf 86' lang='lat' dir='ltr'><strong>in</strong></span> <span class='ocrx_word' id='word_1_561' title='bbox 1247 3596 1557 3667; x_wconf 87' lang='lat' dir='ltr'><strong>Evangelio.</strong></span> <span class='ocrx_word' id='word_1_562' title='bbox 1593 3595 1746 3653; x_wconf 89' lang='lat' dir='ltr'><strong>Unde</strong></span> <span class='ocrx_word' id='word_1_563' title='bbox 1774 3605 1831 3655; x_wconf 90' lang='lat' dir='ltr'><strong>et</strong></span> <span class='ocrx_word' id='word_1_564' title='bbox 1864 3614 1881 3647; x_wconf 72' lang='grc' dir='ltr'>ι</span> <span class='ocrx_word' id='word_1_565' title='bbox 1911 3594 2130 3650; x_wconf 85' lang='lat' dir='ltr'><strong>funibus</strong></span> 
     </span>
    </p>
   </div>
   <div class='ocr_carea' id='block_1_64' title="bbox 452 3684 2130 3771">
    <p class='ocr_par' dir='ltr' id='par_1_64' title="bbox 452 3684 2130 3771">
     <span class='ocr_line' id='line_1_64' title="bbox 452 3684 2130 3771; baseline -0.002 -28"><span class='ocrx_word' id='word_1_566' title='bbox 452 3764 457 3771; x_wconf 25' lang='lat'><em>.</em></span> <span class='ocrx_word' id='word_1_567' title='bbox 554 3696 900 3758; x_wconf 82' lang='lat' dir='ltr'><strong>peccatorum</strong></span> <span class='ocrx_word' id='word_1_568' title='bbox 915 3701 1136 3743; x_wconf 87' lang='lat' dir='ltr'><strong>suorum</strong></span> <span class='ocrx_word' id='word_1_569' title='bbox 1161 3686 1527 3756; x_wconf 90' lang='lat' dir='ltr'><strong>unusquisque</strong></span> <span class='ocrx_word' id='word_1_570' title='bbox 1552 3684 1991 3755; x_wconf 61' lang='lat' dir='ltr'><strong>constringitur,»</strong></span> <span class='ocrx_word' id='word_1_571' title='bbox 2011 3699 2130 3754; x_wconf 75' lang='lat' dir='ltr'><strong>qua:</strong></span> 
     </span>
    </p>
   </div>
   <div class='ocr_carea' id='block_1_65' title="bbox 554 3768 2129 3848">
    <p class='ocr_par' dir='ltr' id='par_1_65' title="bbox 554 3768 2129 3848">
     <span class='ocr_line' id='line_1_65' title="bbox 554 3768 2129 3848; baseline -0.004 -12"><span class='ocrx_word' id='word_1_572' title='bbox 554 3779 715 3836; x_wconf 88' lang='lat' dir='ltr'><strong>solvit</strong></span> <span class='ocrx_word' id='word_1_573' title='bbox 762 3768 1021 3835; x_wconf 79' lang='lat' dir='ltr'><strong>Dominus</strong></span> <span class='ocrx_word' id='word_1_574' title='bbox 1064 3792 1161 3847; x_wconf 85' lang='lat' dir='ltr'><strong>per</strong></span> <span class='ocrx_word' id='word_1_575' title='bbox 1214 3785 1398 3848; x_wconf 82' lang='lat' dir='ltr'><strong>typum</strong></span> <span class='ocrx_word' id='word_1_576' title='bbox 1447 3776 1639 3832; x_wconf 83' lang='lat' dir='ltr'><strong>Lazari</strong></span> <span class='ocrx_word' id='word_1_577' title='bbox 1688 3776 1935 3831; x_wconf 90' lang='lat' dir='ltr'><strong>suscitati</strong></span> <span class='ocrx_word' id='word_1_578' title='bbox 1963 3816 1977 3839; x_wconf 90' lang='lat'><strong>,</strong></span> <span class='ocrx_word' id='word_1_579' title='bbox 2037 3776 2129 3844; x_wconf 91' lang='lat' dir='ltr'><strong>qui</strong></span> 
     </span>
    </p>
   </div>
   <div class='ocr_carea' id='block_1_66' title="bbox 556 3866 2005 3938">
    <p class='ocr_par' dir='ltr' id='par_1_66' title="bbox 556 3866 2005 3938">
     <span class='ocr_line' id='line_1_66' title="bbox 556 3866 2005 3938; baseline -0.003 -15"><span class='ocrx_word' id='word_1_580' title='bbox 556 3866 797 3924; x_wconf 74' lang='lat' dir='ltr'><strong>fasciolis</strong></span> <span class='ocrx_word' id='word_1_581' title='bbox 826 3877 879 3923; x_wconf 91' lang='lat' dir='ltr'><strong>et</strong></span> <span class='ocrx_word' id='word_1_582' title='bbox 910 3867 1111 3922; x_wconf 90' lang='lat' dir='ltr'><strong>institis</strong></span> <span class='ocrx_word' id='word_1_583' title='bbox 1136 3866 1351 3922; x_wconf 86' lang='lat' dir='ltr'><strong>vinctus</strong></span> <span class='ocrx_word' id='word_1_584' title='bbox 1373 3867 1620 3938; x_wconf 71' lang='lat' dir='ltr'><strong>iacuerat</strong></span> <span class='ocrx_word' id='word_1_585' title='bbox 1650 3867 1701 3921; x_wconf 93' lang='lat' dir='ltr'><strong>in</strong></span> <span class='ocrx_word' id='word_1_586' title='bbox 1739 3866 2005 3936; x_wconf 86' lang='lat' dir='ltr'><strong>sepulcro.</strong></span> 
     </span>
    </p>
   </div>
   <div class='ocr_carea' id='block_1_67' title="bbox 633 3954 2133 4021">
    <p class='ocr_par' dir='ltr' id='par_1_67' title="bbox 633 3954 2133 4021">
     <span class='ocr_line' id='line_1_67' title="bbox 633 3954 2133 4021; baseline 0.001 -13"><span class='ocrx_word' id='word_1_587' title='bbox 633 3976 651 4008; x_wconf 72' lang='grc' dir='ltr'>ι</span> <span class='ocrx_word' id='word_1_588' title='bbox 698 3957 764 4012; x_wconf 82' lang='lat' dir='ltr'><strong>Et</strong></span> <span class='ocrx_word' id='word_1_589' title='bbox 792 3966 848 4011; x_wconf 91' lang='lat' dir='ltr'><strong>tu</strong></span> <span class='ocrx_word' id='word_1_590' title='bbox 874 3971 1027 4013; x_wconf 87' lang='lat' dir='ltr'><strong>sume</strong></span> <span class='ocrx_word' id='word_1_591' title='bbox 1054 3956 1150 4013; x_wconf 90' lang='lat' dir='ltr'><strong>tibi</strong></span> <span class='ocrx_word' id='word_1_592' title='bbox 1192 3954 1519 4011; x_wconf 90' lang='lat' dir='ltr'><strong>frumentum</strong></span> <span class='ocrx_word' id='word_1_593' title='bbox 1559 3965 1614 4011; x_wconf 90' lang='lat' dir='ltr'><strong>et</strong></span> <span class='ocrx_word' id='word_1_594' title='bbox 1650 3957 1931 4021; x_wconf 84' lang='lat' dir='ltr'><strong>hordeum,</strong></span> <span class='ocrx_word' id='word_1_595' title='bbox 1970 3965 2025 4011; x_wconf 94' lang='lat' dir='ltr'><strong>et</strong></span> <span class='ocrx_word' id='word_1_596' title='bbox 2057 3955 2133 4010; x_wconf 72' lang='lat' dir='ltr'><strong>fa-</strong></span> 
     </span>
    </p>
   </div>
   <div class='ocr_carea' id='block_1_68' title="bbox 567 4047 2133 4113">
    <p class='ocr_par' dir='ltr' id='par_1_68' title="bbox 567 4047 2133 4113">
     <span class='ocr_line' id='line_1_68' title="bbox 567 4047 2133 4113; baseline 0 -13"><span class='ocrx_word' id='word_1_597' title='bbox 567 4066 587 4100; x_wconf 74' lang='lat' dir='ltr'>c</span> <span class='ocrx_word' id='word_1_598' title='bbox 622 4048 746 4105; x_wconf 87' lang='lat' dir='ltr'><strong>bam</strong></span> <span class='ocrx_word' id='word_1_599' title='bbox 790 4057 844 4104; x_wconf 90' lang='lat' dir='ltr'><strong>et</strong></span> <span class='ocrx_word' id='word_1_600' title='bbox 880 4049 1078 4103; x_wconf 86' lang='lat' dir='ltr'><strong>lentem</strong></span> <span class='ocrx_word' id='word_1_601' title='bbox 1107 4056 1160 4103; x_wconf 91' lang='lat' dir='ltr'><strong>et</strong></span> <span class='ocrx_word' id='word_1_602' title='bbox 1208 4047 1413 4102; x_wconf 86' lang='lat' dir='ltr'><strong>milium</strong></span> <span class='ocrx_word' id='word_1_603' title='bbox 1445 4056 1499 4102; x_wconf 88' lang='lat' dir='ltr'><strong>et</strong></span> <span class='ocrx_word' id='word_1_604' title='bbox 1526 4048 1739 4113; x_wconf 90' lang='lat' dir='ltr'><strong>viciam,</strong></span> <span class='ocrx_word' id='word_1_605' title='bbox 1778 4054 1831 4103; x_wconf 90' lang='lat' dir='ltr'><strong>et</strong></span> <span class='ocrx_word' id='word_1_606' title='bbox 1861 4047 2040 4103; x_wconf 84' lang='lat' dir='ltr'><strong>mittes</strong></span> <span class='ocrx_word' id='word_1_607' title='bbox 2072 4062 2133 4103; x_wconf 89' lang='lat' dir='ltr'><strong>ea</strong></span> 
     </span>
    </p>
   </div>
   <div class='ocr_carea' id='block_1_69' title="bbox 574 4135 2135 4207">
    <p class='ocr_par' dir='ltr' id='par_1_69' title="bbox 574 4135 2135 4207">
     <span class='ocr_line' id='line_1_69' title="bbox 574 4135 2135 4207; baseline 0.002 -18"><span class='ocrx_word' id='word_1_608' title='bbox 574 4157 601 4206; x_wconf 51' lang='grc' dir='ltr'><strong>ι,</strong></span> <span class='ocrx_word' id='word_1_609' title='bbox 631 4138 684 4193; x_wconf 91' lang='lat' dir='ltr'><strong>in</strong></span> <span class='ocrx_word' id='word_1_610' title='bbox 707 4153 805 4194; x_wconf 87' lang='lat' dir='ltr'><strong>vas</strong></span> <span class='ocrx_word' id='word_1_611' title='bbox 845 4151 1035 4204; x_wconf 87' lang='lat' dir='ltr'><strong>unum,</strong></span> <span class='ocrx_word' id='word_1_612' title='bbox 1074 4146 1131 4191; x_wconf 89' lang='lat' dir='ltr'><strong>et</strong></span> <span class='ocrx_word' id='word_1_613' title='bbox 1156 4135 1325 4192; x_wconf 87' lang='lat' dir='ltr'><strong>facies</strong></span> <span class='ocrx_word' id='word_1_614' title='bbox 1351 4137 1444 4191; x_wconf 91' lang='lat' dir='ltr'><strong>tibi</strong></span> <span class='ocrx_word' id='word_1_615' title='bbox 1482 4151 1650 4207; x_wconf 88' lang='lat' dir='ltr'><strong>panes</strong></span> <span class='ocrx_word' id='word_1_616' title='bbox 1675 4151 1898 4192; x_wconf 89' lang='lat' dir='ltr'><strong>numero</strong></span> <span class='ocrx_word' id='word_1_617' title='bbox 1925 4137 2135 4193; x_wconf 87' lang='lat' dir='ltr'><strong>dierum</strong></span> 
     </span>
    </p>
   </div>
   <div class='ocr_carea' id='block_1_70' title="bbox 578 4222 2135 4300">
    <p class='ocr_par' dir='ltr' id='par_1_70' title="bbox 578 4222 2135 4300">
     <span class='ocr_line' id='line_1_70' title="bbox 578 4222 2135 4300; baseline -0.001 -17"><span class='ocrx_word' id='word_1_618' title='bbox 578 4249 597 4283; x_wconf 68' lang='grc' dir='ltr'>α</span> <span class='ocrx_word' id='word_1_619' title='bbox 633 4222 831 4300; x_wconf 85' lang='lat' dir='ltr'><strong>quibus</strong></span> <span class='ocrx_word' id='word_1_620' title='bbox 869 4230 1103 4287; x_wconf 87' lang='lat' dir='ltr'><strong>dormies</strong></span> <span class='ocrx_word' id='word_1_621' title='bbox 1141 4244 1301 4299; x_wconf 88' lang='lat' dir='ltr'><strong>super</strong></span> <span class='ocrx_word' id='word_1_622' title='bbox 1327 4228 1470 4284; x_wconf 89' lang='lat' dir='ltr'><strong>latus</strong></span> <span class='ocrx_word' id='word_1_623' title='bbox 1496 4238 1645 4283; x_wconf 89' lang='lat' dir='ltr'><strong>tuum</strong></span> <span class='ocrx_word' id='word_1_624' title='bbox 1674 4230 1928 4285; x_wconf 90' lang='lat' dir='ltr'><strong>trecentis</strong></span> <span class='ocrx_word' id='word_1_625' title='bbox 1963 4244 2135 4285; x_wconf 90' lang='lat' dir='ltr'><strong>nona-</strong></span> 
     </span>
    </p>
   </div>
   <div class='ocr_carea' id='block_1_71' title="bbox 573 4318 2136 4393">
    <p class='ocr_par' dir='ltr' id='par_1_71' title="bbox 573 4318 2136 4393">
     <span class='ocr_line' id='line_1_71' title="bbox 573 4318 2136 4393; baseline 0 -20"><span class='ocrx_word' id='word_1_626' title='bbox 573 4338 592 4373; x_wconf 76' lang='grc' dir='ltr'>ι</span> <span class='ocrx_word' id='word_1_627' title='bbox 629 4322 775 4393; x_wconf 85' lang='lat' dir='ltr'><strong>ginta</strong></span> <span class='ocrx_word' id='word_1_628' title='bbox 820 4320 1028 4388; x_wconf 86' lang='lat' dir='ltr'><strong>diebus,</strong></span> <span class='ocrx_word' id='word_1_629' title='bbox 1057 4321 1309 4376; x_wconf 87' lang='lat' dir='ltr'><strong>comedcs</strong></span> <span class='ocrx_word' id='word_1_630' title='bbox 1356 4319 1499 4375; x_wconf 84' lang='lat' dir='ltr'><strong>illud.</strong></span> <span class='ocrx_word' id='word_1_631' title='bbox 1553 4318 1716 4374; x_wconf 90' lang='lat' dir='ltr'><strong>Cibus</strong></span> <span class='ocrx_word' id='word_1_632' title='bbox 1766 4328 1947 4374; x_wconf 90' lang='lat' dir='ltr'><strong>autem</strong></span> <span class='ocrx_word' id='word_1_633' title='bbox 1994 4329 2136 4384; x_wconf 91' lang='lat' dir='ltr'><strong>tuus,</strong></span> 
     </span>
    </p>
   </div>
   <div class='ocr_carea' id='block_1_72' title="bbox 579 4412 2137 4486">
    <p class='ocr_par' dir='ltr' id='par_1_72' title="bbox 579 4412 2137 4486">
     <span class='ocr_line' id='line_1_72' title="bbox 579 4412 2137 4486; baseline -0.001 -18"><span class='ocrx_word' id='word_1_634' title='bbox 579 4433 598 4468; x_wconf 72' lang='grc' dir='ltr'>ι</span> <span class='ocrx_word' id='word_1_635' title='bbox 631 4430 741 4486; x_wconf 90' lang='lat' dir='ltr'><strong>quo</strong></span> <span class='ocrx_word' id='word_1_636' title='bbox 761 4413 1134 4479; x_wconf 88' lang='lat' dir='ltr'><strong>vesceris,erit</strong></span> <span class='ocrx_word' id='word_1_637' title='bbox 1155 4414 1208 4468; x_wconf 90' lang='lat' dir='ltr'><strong>in</strong></span> <span class='ocrx_word' id='word_1_638' title='bbox 1236 4412 1473 4483; x_wconf 88' lang='lat' dir='ltr'><strong>pondere</strong></span> <span class='ocrx_word' id='word_1_639' title='bbox 1492 4413 1683 4483; x_wconf 83' lang='lat' dir='ltr'><strong>viginti</strong></span> <span class='ocrx_word' id='word_1_640' title='bbox 1705 4421 1935 4471; x_wconf 87' lang='lat' dir='ltr'><strong>stateres</strong></span> <span class='ocrx_word' id='word_1_641' title='bbox 1952 4413 2005 4467; x_wconf 91' lang='lat' dir='ltr'><strong>in</strong></span> <span class='ocrx_word' id='word_1_642' title='bbox 2030 4413 2137 4477; x_wconf 90' lang='lat' dir='ltr'><strong>die,</strong></span> 
     </span>
    </p>
   </div>
   <div class='ocr_carea' id='block_1_73' title="bbox 579 4503 2141 4575">
    <p class='ocr_par' dir='ltr' id='par_1_73' title="bbox 579 4503 2141 4575">
     <span class='ocr_line' id='line_1_73' title="bbox 579 4503 2141 4575; baseline 0 -17"><span class='ocrx_word' id='word_1_643' title='bbox 579 4524 598 4558; x_wconf 72' lang='grc' dir='ltr'>ι</span> <span class='ocrx_word' id='word_1_644' title='bbox 636 4520 667 4559; x_wconf 88' lang='lat' dir='ltr'><strong>a</strong></span> <span class='ocrx_word' id='word_1_645' title='bbox 705 4514 945 4575; x_wconf 89' lang='lat' dir='ltr'><strong>tempore</strong></span> <span class='ocrx_word' id='word_1_646' title='bbox 987 4519 1157 4574; x_wconf 91' lang='lat' dir='ltr'><strong>usque</strong></span> <span class='ocrx_word' id='word_1_647' title='bbox 1209 4504 1279 4559; x_wconf 88' lang='lat' dir='ltr'><strong>ad</strong></span> <span class='ocrx_word' id='word_1_648' title='bbox 1325 4513 1535 4574; x_wconf 88' lang='lat' dir='ltr'><strong>tempus</strong></span> <span class='ocrx_word' id='word_1_649' title='bbox 1572 4504 1821 4559; x_wconf 88' lang='lat' dir='ltr'><strong>comedes</strong></span> <span class='ocrx_word' id='word_1_650' title='bbox 1870 4503 2035 4569; x_wconf 86' lang='lat' dir='ltr'><strong>illud,</strong></span> <span class='ocrx_word' id='word_1_651' title='bbox 2087 4513 2141 4558; x_wconf 91' lang='lat' dir='ltr'><strong>et</strong></span> 
     </span>
    </p>
   </div>
   <div class='ocr_carea' id='block_1_74' title="bbox 582 4594 2142 4666">
    <p class='ocr_par' dir='ltr' id='par_1_74' title="bbox 582 4594 2142 4666">
     <span class='ocr_line' id='line_1_74' title="bbox 582 4594 2142 4666; baseline 0 -19"><span class='ocrx_word' id='word_1_652' title='bbox 582 4614 601 4647; x_wconf 77' lang='grc' dir='ltr'>σ</span> <span class='ocrx_word' id='word_1_653' title='bbox 645 4610 839 4666; x_wconf 85' lang='lat' dir='ltr'><strong>aquam</strong></span> <span class='ocrx_word' id='word_1_654' title='bbox 878 4595 933 4649; x_wconf 91' lang='lat' dir='ltr'><strong>in</strong></span> <span class='ocrx_word' id='word_1_655' title='bbox 971 4610 1223 4650; x_wconf 86' lang='lat' dir='ltr'><strong>mensura</strong></span> <span class='ocrx_word' id='word_1_656' title='bbox 1266 4594 1435 4659; x_wconf 87' lang='lat' dir='ltr'><strong>bibes,</strong></span> <span class='ocrx_word' id='word_1_657' title='bbox 1480 4602 1686 4651; x_wconf 80' lang='lat' dir='ltr'><strong>sextam</strong></span> <span class='ocrx_word' id='word_1_658' title='bbox 1715 4603 1924 4663; x_wconf 88' lang='lat' dir='ltr'><strong>partem</strong></span> <span class='ocrx_word' id='word_1_659' title='bbox 1952 4595 2065 4659; x_wconf 91' lang='lat' dir='ltr'><strong>hin,</strong></span> <span class='ocrx_word' id='word_1_660' title='bbox 2113 4610 2142 4647; x_wconf 92' lang='lat' dir='ltr'><strong>a</strong></span> 
     </span>
    </p>
   </div>
   <div class='ocr_carea' id='block_1_75' title="bbox 581 4683 2147 4756">
    <p class='ocr_par' dir='ltr' id='par_1_75' title="bbox 581 4683 2147 4756">
     <span class='ocr_line' id='line_1_75' title="bbox 581 4683 2147 4756; baseline 0.001 -18"><span class='ocrx_word' id='word_1_661' title='bbox 581 4704 599 4738; x_wconf 71' lang='grc' dir='ltr'>ι</span> <span class='ocrx_word' id='word_1_662' title='bbox 634 4696 878 4756; x_wconf 86' lang='lat' dir='ltr'><strong>tempore</strong></span> <span class='ocrx_word' id='word_1_663' title='bbox 922 4700 1091 4756; x_wconf 90' lang='lat' dir='ltr'><strong>usque</strong></span> <span class='ocrx_word' id='word_1_664' title='bbox 1138 4684 1206 4738; x_wconf 88' lang='lat' dir='ltr'><strong>ad</strong></span> <span class='ocrx_word' id='word_1_665' title='bbox 1247 4692 1457 4754; x_wconf 87' lang='lat' dir='ltr'><strong>tempus</strong></span> <span class='ocrx_word' id='word_1_666' title='bbox 1502 4683 1656 4740; x_wconf 85' lang='lat' dir='ltr'><strong>bibes</strong></span> <span class='ocrx_word' id='word_1_667' title='bbox 1700 4684 1864 4750; x_wconf 91' lang='lat' dir='ltr'><strong>illud,</strong></span> <span class='ocrx_word' id='word_1_668' title='bbox 1907 4694 1962 4743; x_wconf 89' lang='lat' dir='ltr'><strong>et</strong></span> <span class='ocrx_word' id='word_1_669' title='bbox 1991 4686 2147 4755; x_wconf 86' lang='lat' dir='ltr'><strong>quasi</strong></span> 
     </span>
    </p>
   </div>
   <div class='ocr_carea' id='block_1_76' title="bbox 586 4772 2145 4841">
    <p class='ocr_par' dir='ltr' id='par_1_76' title="bbox 586 4772 2145 4841">
     <span class='ocr_line' id='line_1_76' title="bbox 586 4772 2145 4841; baseline 0.004 -16"><span class='ocrx_word' id='word_1_670' title='bbox 586 4794 605 4825; x_wconf 84' lang='lat' dir='ltr'><strong>a</strong></span> <span class='ocrx_word' id='word_1_671' title='bbox 642 4772 1059 4831; x_wconf 90' lang='lat' dir='ltr'><strong>subcincricium</strong></span> <span class='ocrx_word' id='word_1_672' title='bbox 1082 4773 1440 4828; x_wconf 88' lang='lat' dir='ltr'><strong>bordeaceum</strong></span> <span class='ocrx_word' id='word_1_673' title='bbox 1470 4774 1721 4829; x_wconf 90' lang='lat' dir='ltr'><strong>eomedes</strong></span> <span class='ocrx_word' id='word_1_674' title='bbox 1747 4773 1898 4841; x_wconf 86' lang='lat' dir='ltr'><strong>illud,</strong></span> <span class='ocrx_word' id='word_1_675' title='bbox 1924 4784 1980 4831; x_wconf 89' lang='lat' dir='ltr'><strong>et</strong></span> <span class='ocrx_word' id='word_1_676' title='bbox 2006 4785 2145 4831; x_wconf 86' lang='lat' dir='ltr'><strong>ster-</strong></span> 
     </span>
    </p>
   </div>
   <div class='ocr_carea' id='block_1_77' title="bbox 588 4862 2145 4937">
    <p class='ocr_par' dir='ltr' id='par_1_77' title="bbox 588 4862 2145 4937">
     <span class='ocr_line' id='line_1_77' title="bbox 588 4862 2145 4937; baseline 0.001 -18"><span class='ocrx_word' id='word_1_677' title='bbox 588 4885 607 4919; x_wconf 74' lang='grc' dir='ltr'><strong>σ</strong></span> <span class='ocrx_word' id='word_1_678' title='bbox 645 4880 772 4921; x_wconf 88' lang='lat' dir='ltr'><strong>core</strong></span> <span class='ocrx_word' id='word_1_679' title='bbox 799 4865 1036 4922; x_wconf 86' lang='lat' dir='ltr'><strong>humano</strong></span> <span class='ocrx_word' id='word_1_680' title='bbox 1058 4864 1271 4933; x_wconf 88' lang='lat' dir='ltr'><strong>operies</strong></span> <span class='ocrx_word' id='word_1_681' title='bbox 1291 4862 1419 4919; x_wconf 86' lang='lat' dir='ltr'><strong>illud</strong></span> <span class='ocrx_word' id='word_1_682' title='bbox 1440 4862 1494 4918; x_wconf 90' lang='lat' dir='ltr'><strong>in</strong></span> <span class='ocrx_word' id='word_1_683' title='bbox 1513 4863 1684 4920; x_wconf 86' lang='lat' dir='ltr'><strong>oculis</strong></span> <span class='ocrx_word' id='word_1_684' title='bbox 1706 4880 1913 4921; x_wconf 87' lang='lat' dir='ltr'><strong>eorum.</strong></span> <span class='ocrx_word' id='word_1_685' title='bbox 1945 4886 1963 4917; x_wconf 79' lang='grc' dir='ltr'><strong><em>ι</em></strong></span> <span class='ocrx_word' id='word_1_686' title='bbox 1998 4865 2145 4937; x_wconf 82' lang='lat' dir='ltr'><strong>(Hie-</strong></span> 
     </span>
    </p>
   </div>
   <div class='ocr_carea' id='block_1_78' title="bbox 580 4954 2149 5028">
    <p class='ocr_par' dir='ltr' id='par_1_78' title="bbox 580 4954 2149 5028">
     <span class='ocr_line' id='line_1_78' title="bbox 580 4954 2149 5028; baseline 0.003 -19"><span class='ocrx_word' id='word_1_687' title='bbox 580 4955 721 5028; x_wconf 81' lang='lat' dir='ltr'><strong>ron.)</strong></span> <span class='ocrx_word' id='word_1_688' title='bbox 759 4954 987 5013; x_wconf 88' lang='lat' dir='ltr'><strong>Iubetur</strong></span> <span class='ocrx_word' id='word_1_689' title='bbox 1033 4964 1215 5009; x_wconf 89' lang='lat' dir='ltr'><strong>autem</strong></span> <span class='ocrx_word' id='word_1_690' title='bbox 1264 4954 1527 5025; x_wconf 86' lang='lat' dir='ltr'><strong>propheta</strong></span> <span class='ocrx_word' id='word_1_691' title='bbox 1576 4955 1775 5011; x_wconf 88' lang='lat' dir='ltr'><strong>famem</strong></span> <span class='ocrx_word' id='word_1_692' title='bbox 1816 4956 2053 5014; x_wconf 88' lang='lat' dir='ltr'><strong>futuram</strong></span> <span class='ocrx_word' id='word_1_693' title='bbox 2094 4969 2149 5014; x_wconf 91' lang='lat' dir='ltr'><strong>et</strong></span> 
     </span>
    </p>
   </div>
   <div class='ocr_carea' id='block_1_79' title="bbox 583 5038 2152 5115">
    <p class='ocr_par' dir='ltr' id='par_1_79' title="bbox 583 5038 2152 5115">
     <span class='ocr_line' id='line_1_79' title="bbox 583 5038 2152 5115; baseline 0.003 -17"><span class='ocrx_word' id='word_1_694' title='bbox 583 5044 820 5115; x_wconf 88' lang='lat' dir='ltr'><strong>inopiam</strong></span> <span class='ocrx_word' id='word_1_695' title='bbox 842 5041 1022 5113; x_wconf 88' lang='lat' dir='ltr'><strong>populi</strong></span> <span class='ocrx_word' id='word_1_696' title='bbox 1045 5038 1209 5100; x_wconf 87' lang='lat' dir='ltr'><strong>israel</strong></span> <span class='ocrx_word' id='word_1_697' title='bbox 1230 5056 1395 5113; x_wconf 87' lang='lat' dir='ltr'><strong>opere</strong></span> <span class='ocrx_word' id='word_1_698' title='bbox 1416 5042 1806 5099; x_wconf 85' lang='lat' dir='ltr'><strong>demonstrare.</strong></span> <span class='ocrx_word' id='word_1_699' title='bbox 1834 5044 1987 5102; x_wconf 83' lang='lat' dir='ltr'><strong>Sicut</strong></span> <span class='ocrx_word' id='word_1_700' title='bbox 2007 5047 2152 5102; x_wconf 87' lang='lat' dir='ltr'><strong>enim</strong></span> 
     </span>
    </p>
   </div>
   <div class='ocr_carea' id='block_1_80' title="bbox 586 5132 2155 5203">
    <p class='ocr_par' dir='ltr' id='par_1_80' title="bbox 586 5132 2155 5203">
     <span class='ocr_line' id='line_1_80' title="bbox 586 5132 2155 5203; baseline 0.001 -14"><span class='ocrx_word' id='word_1_701' title='bbox 586 5136 640 5190; x_wconf 92' lang='lat' dir='ltr'><strong>in</strong></span> <span class='ocrx_word' id='word_1_702' title='bbox 676 5148 855 5189; x_wconf 87' lang='lat' dir='ltr'><strong>rerum</strong></span> <span class='ocrx_word' id='word_1_703' title='bbox 884 5132 1125 5188; x_wconf 89' lang='lat' dir='ltr'><strong>omnium</strong></span> <span class='ocrx_word' id='word_1_704' title='bbox 1159 5132 1384 5202; x_wconf 88' lang='lat' dir='ltr'><strong>penuria</strong></span> <span class='ocrx_word' id='word_1_705' title='bbox 1426 5147 1535 5188; x_wconf 91' lang='lat' dir='ltr'><strong>non</strong></span> <span class='ocrx_word' id='word_1_706' title='bbox 1571 5143 1886 5203; x_wconf 66' lang='lat' dir='ltr'><strong>quaeruntur</strong></span> <span class='ocrx_word' id='word_1_707' title='bbox 1910 5136 2155 5192; x_wconf 86' lang='lat' dir='ltr'><strong>ciborum</strong></span> 
     </span>
    </p>
   </div>
   <div class='ocr_carea' id='block_1_81' title="bbox 590 5219 2160 5295">
    <p class='ocr_par' dir='ltr' id='par_1_81' title="bbox 590 5219 2160 5295">
     <span class='ocr_line' id='line_1_81' title="bbox 590 5219 2160 5295; baseline 0.001 -18"><span class='ocrx_word' id='word_1_708' title='bbox 590 5221 937 5277; x_wconf 86' lang='lat' dir='ltr'><strong>diversitates</strong></span> <span class='ocrx_word' id='word_1_709' title='bbox 962 5228 1019 5277; x_wconf 90' lang='lat' dir='ltr'><strong>et</strong></span> <span class='ocrx_word' id='word_1_710' title='bbox 1057 5219 1281 5286; x_wconf 63' lang='lat' dir='ltr'><strong>deliciae,</strong></span> <span class='ocrx_word' id='word_1_711' title='bbox 1306 5220 1400 5276; x_wconf 90' lang='lat' dir='ltr'><strong>sed</strong></span> <span class='ocrx_word' id='word_1_712' title='bbox 1426 5222 1694 5290; x_wconf 91' lang='lat' dir='ltr'><strong>quomodo</strong></span> <span class='ocrx_word' id='word_1_713' title='bbox 1719 5230 1907 5278; x_wconf 88' lang='lat' dir='ltr'><strong>venter</strong></span> <span class='ocrx_word' id='word_1_714' title='bbox 1936 5222 2160 5295; x_wconf 88' lang='lat' dir='ltr'><strong>implea-</strong></span> 
     </span>
    </p>
   </div>
   <div class='ocr_carea' id='block_1_82' title="bbox 589 5308 2161 5381">
    <p class='ocr_par' dir='ltr' id='par_1_82' title="bbox 589 5308 2161 5381">
     <span class='ocr_line' id='line_1_82' title="bbox 589 5308 2161 5381; baseline 0 -15"><span class='ocrx_word' id='word_1_715' title='bbox 589 5320 696 5376; x_wconf 89' lang='lat' dir='ltr'><strong>tur,</strong></span> <span class='ocrx_word' id='word_1_716' title='bbox 742 5309 822 5366; x_wconf 86' lang='lat' dir='ltr'><strong>sic</strong></span> <span class='ocrx_word' id='word_1_717' title='bbox 859 5324 1006 5366; x_wconf 86' lang='lat' dir='ltr'><strong>nunc</strong></span> <span class='ocrx_word' id='word_1_718' title='bbox 1044 5309 1305 5381; x_wconf 86' lang='lat' dir='ltr'><strong>propheta</strong></span> <span class='ocrx_word' id='word_1_719' title='bbox 1327 5308 1653 5368; x_wconf 79' lang='lat' dir='ltr'><strong>frumentum</strong></span> <span class='ocrx_word' id='word_1_720' title='bbox 1678 5319 1735 5365; x_wconf 89' lang='lat' dir='ltr'><strong>et</strong></span> <span class='ocrx_word' id='word_1_721' title='bbox 1768 5311 2050 5379; x_wconf 86' lang='lat' dir='ltr'><strong>hordeum,</strong></span> <span class='ocrx_word' id='word_1_722' title='bbox 2081 5311 2161 5366; x_wconf 89' lang='lat' dir='ltr'><strong>fa-</strong></span> 
     </span>
    </p>
   </div>
   <div class='ocr_carea' id='block_1_83' title="bbox 589 5397 2149 5468">
    <p class='ocr_par' dir='ltr' id='par_1_83' title="bbox 589 5397 2149 5468">
     <span class='ocr_line' id='line_1_83' title="bbox 589 5397 2149 5468; baseline 0 -15"><span class='ocrx_word' id='word_1_723' title='bbox 589 5398 737 5464; x_wconf 86' lang='lat' dir='ltr'><strong>bam,</strong></span> <span class='ocrx_word' id='word_1_724' title='bbox 759 5397 961 5455; x_wconf 84' lang='lat' dir='ltr'><strong>lentem</strong></span> <span class='ocrx_word' id='word_1_725' title='bbox 986 5403 1044 5454; x_wconf 89' lang='lat' dir='ltr'><strong>et</strong></span> <span class='ocrx_word' id='word_1_726' title='bbox 1078 5397 1288 5453; x_wconf 88' lang='lat' dir='ltr'><strong>milium</strong></span> <span class='ocrx_word' id='word_1_727' title='bbox 1328 5412 1661 5468; x_wconf 84' lang='lat' dir='ltr'><strong>avenamque</strong></span> <span class='ocrx_word' id='word_1_728' title='bbox 1702 5399 1869 5453; x_wconf 89' lang='lat' dir='ltr'><strong>mittit</strong></span> <span class='ocrx_word' id='word_1_729' title='bbox 1910 5399 1965 5454; x_wconf 91' lang='lat' dir='ltr'><strong>in</strong></span> <span class='ocrx_word' id='word_1_730' title='bbox 1994 5415 2149 5456; x_wconf 66' lang='lat' dir='ltr'><strong>unum</strong></span> 
     </span>
    </p>
   </div>
   <div class='ocr_carea' id='block_1_84' title="bbox 590 5486 2160 5563">
    <p class='ocr_par' dir='ltr' id='par_1_84' title="bbox 590 5486 2160 5563">
     <span class='ocr_line' id='line_1_84' title="bbox 590 5486 2160 5563; baseline 0.002 -21"><span class='ocrx_word' id='word_1_731' title='bbox 590 5501 711 5553; x_wconf 89' lang='lat' dir='ltr'><strong>vas,</strong></span> <span class='ocrx_word' id='word_1_732' title='bbox 738 5486 869 5544; x_wconf 76' lang='lat' dir='ltr'><strong>facit</strong></span> <span class='ocrx_word' id='word_1_733' title='bbox 887 5497 1155 5545; x_wconf 87' lang='lat' dir='ltr'><strong>trecentos</strong></span> <span class='ocrx_word' id='word_1_734' title='bbox 1178 5488 1465 5561; x_wconf 88' lang='lat' dir='ltr'><strong>nonaginta</strong></span> <span class='ocrx_word' id='word_1_735' title='bbox 1491 5503 1681 5559; x_wconf 81' lang='lat' dir='ltr'><strong>panes,</strong></span> <span class='ocrx_word' id='word_1_736' title='bbox 1700 5504 1838 5559; x_wconf 89' lang='lat' dir='ltr'><strong>quos</strong></span> <span class='ocrx_word' id='word_1_737' title='bbox 1861 5505 1957 5563; x_wconf 89' lang='lat' dir='ltr'><strong>per</strong></span> <span class='ocrx_word' id='word_1_738' title='bbox 1986 5494 2160 5561; x_wconf 88' lang='lat' dir='ltr'><strong>singu-</strong></span> 
     </span>
    </p>
   </div>
   <div class='ocr_carea' id='block_1_85' title="bbox 593 5577 2162 5651">
    <p class='ocr_par' dir='ltr' id='par_1_85' title="bbox 593 5577 2162 5651">
     <span class='ocr_line' id='line_1_85' title="bbox 593 5577 2162 5651; baseline 0.001 -16"><span class='ocrx_word' id='word_1_739' title='bbox 593 5580 677 5636; x_wconf 90' lang='lat' dir='ltr'><strong>los</strong></span> <span class='ocrx_word' id='word_1_740' title='bbox 698 5579 817 5637; x_wconf 82' lang='lat' dir='ltr'><strong>dies</strong></span> <span class='ocrx_word' id='word_1_741' title='bbox 836 5581 1103 5647; x_wconf 88' lang='lat' dir='ltr'><strong>comedat,</strong></span> <span class='ocrx_word' id='word_1_742' title='bbox 1128 5580 1219 5651; x_wconf 91' lang='lat' dir='ltr'><strong>qui</strong></span> <span class='ocrx_word' id='word_1_743' title='bbox 1245 5593 1412 5650; x_wconf 90' lang='lat' dir='ltr'><strong>panes</strong></span> <span class='ocrx_word' id='word_1_744' title='bbox 1441 5577 1641 5637; x_wconf 88' lang='lat' dir='ltr'><strong>habent</strong></span> <span class='ocrx_word' id='word_1_745' title='bbox 1659 5579 1878 5637; x_wconf 84' lang='lat' dir='ltr'><strong>vicenos</strong></span> <span class='ocrx_word' id='word_1_746' title='bbox 1905 5581 2084 5644; x_wconf 86' lang='lat' dir='ltr'><strong>sicios,</strong></span> <span class='ocrx_word' id='word_1_747' title='bbox 2108 5582 2162 5637; x_wconf 91' lang='lat' dir='ltr'><strong>id</strong></span> 
     </span>
    </p>
   </div>
   <div class='ocr_carea' id='block_1_86' title="bbox 594 5668 2162 5739">
    <p class='ocr_par' dir='ltr' id='par_1_86' title="bbox 594 5668 2162 5739">
     <span class='ocr_line' id='line_1_86' title="bbox 594 5668 2162 5739; baseline -0.002 -11"><span class='ocrx_word' id='word_1_748' title='bbox 594 5680 958 5739; x_wconf 79' lang='lat' dir='ltr'><strong>est,stateres.</strong></span> <span class='ocrx_word' id='word_1_749' title='bbox 983 5668 1157 5727; x_wconf 86' lang='lat' dir='ltr'><strong>Siclus</strong></span> <span class='ocrx_word' id='word_1_750' title='bbox 1181 5678 1379 5736; x_wconf 85' lang='lat' dir='ltr'><strong>autem,</strong></span> <span class='ocrx_word' id='word_1_751' title='bbox 1405 5669 1457 5725; x_wconf 93' lang='lat' dir='ltr'><strong>id</strong></span> <span class='ocrx_word' id='word_1_752' title='bbox 1476 5677 1561 5728; x_wconf 81' lang='lat' dir='ltr'><strong>est</strong></span> <span class='ocrx_word' id='word_1_753' title='bbox 1583 5670 1951 5736; x_wconf 53' lang='lat' dir='ltr'><strong>staterﬁiabet</strong></span> <span class='ocrx_word' id='word_1_754' title='bbox 1972 5671 2162 5726; x_wconf 86' lang='lat' dir='ltr'><strong>drach-</strong></span> 
     </span>
    </p>
   </div>
   <div class='ocr_carea' id='block_1_87' title="bbox 599 5760 2163 5836">
    <p class='ocr_par' dir='ltr' id='par_1_87' title="bbox 599 5760 2163 5836">
     <span class='ocr_line' id='line_1_87' title="bbox 599 5760 2163 5836; baseline -0.006 -15"><span class='ocrx_word' id='word_1_755' title='bbox 599 5779 715 5821; x_wconf 83' lang='lat' dir='ltr'><strong>mas</strong></span> <span class='ocrx_word' id='word_1_756' title='bbox 740 5769 989 5836; x_wconf 87' lang='lat' dir='ltr'><strong>quatuor.</strong></span> <span class='ocrx_word' id='word_1_757' title='bbox 1028 5761 1305 5818; x_wconf 75' lang='lat' dir='ltr'><strong>Drachma:</strong></span> <span class='ocrx_word' id='word_1_758' title='bbox 1330 5768 1507 5815; x_wconf 89' lang='lat' dir='ltr'><strong>autem</strong></span> <span class='ocrx_word' id='word_1_759' title='bbox 1543 5769 1665 5817; x_wconf 90' lang='lat' dir='ltr'><strong>octo</strong></span> <span class='ocrx_word' id='word_1_760' title='bbox 1692 5760 1915 5817; x_wconf 87' lang='lat' dir='ltr'><strong>latinam</strong></span> <span class='ocrx_word' id='word_1_761' title='bbox 1954 5761 2163 5818; x_wconf 59' lang='lat' dir='ltr'><strong>uncian&#39;.</strong></span> 
     </span>
    </p>
   </div>
   <div class='ocr_carea' id='block_1_88' title="bbox 2230 3504 3810 3578">
    <p class='ocr_par' dir='ltr' id='par_1_88' title="bbox 2230 3504 3810 3578">
     <span class='ocr_line' id='line_1_88' title="bbox 2230 3504 3810 3578; baseline -0.002 -17"><span class='ocrx_word' id='word_1_762' title='bbox 2230 3507 2383 3575; x_wconf 85' lang='lat' dir='ltr'><strong>Quod</strong></span> <span class='ocrx_word' id='word_1_763' title='bbox 2414 3516 2596 3562; x_wconf 86' lang='lat' dir='ltr'><strong>autem</strong></span> <span class='ocrx_word' id='word_1_764' title='bbox 2634 3506 2804 3561; x_wconf 82' lang='lat' dir='ltr'><strong>ﬁlium</strong></span> <span class='ocrx_word' id='word_1_765' title='bbox 2833 3514 3064 3578; x_wconf 89' lang='lat' dir='ltr'><strong>negant,</strong></span> <span class='ocrx_word' id='word_1_766' title='bbox 3095 3504 3300 3561; x_wconf 88' lang='lat' dir='ltr'><strong>hordeo</strong></span> <span class='ocrx_word' id='word_1_767' title='bbox 3322 3506 3691 3576; x_wconf 71' lang='lat' dir='ltr'><strong>iumentorum</strong></span> <span class='ocrx_word' id='word_1_768' title='bbox 3715 3519 3810 3575; x_wconf 84' lang='lat' dir='ltr'><strong>pa-</strong></span> 
     </span>
    </p>
   </div>
   <div class='ocr_carea' id='block_1_89' title="bbox 2237 3594 3812 3669">
    <p class='ocr_par' dir='ltr' id='par_1_89' title="bbox 2237 3594 3812 3669">
     <span class='ocr_line' id='line_1_89' title="bbox 2237 3594 3812 3669; baseline -0.005 -13"><span class='ocrx_word' id='word_1_769' title='bbox 2237 3608 2480 3664; x_wconf 70' lang='lat' dir='ltr'><strong>scuntur,</strong></span> <span class='ocrx_word' id='word_1_770' title='bbox 2508 3608 2563 3654; x_wconf 91' lang='lat' dir='ltr'><strong>et</strong></span> <span class='ocrx_word' id='word_1_771' title='bbox 2588 3598 2759 3665; x_wconf 88' lang='lat' dir='ltr'><strong>fabis,</strong></span> <span class='ocrx_word' id='word_1_772' title='bbox 2783 3600 2979 3669; x_wconf 79' lang='lat' dir='ltr'><strong>quibus</strong></span> <span class='ocrx_word' id='word_1_773' title='bbox 3014 3597 3415 3654; x_wconf 87' lang='lat' dir='ltr'><strong>comodentium</strong></span> <span class='ocrx_word' id='word_1_774' title='bbox 3441 3606 3627 3653; x_wconf 88' lang='lat' dir='ltr'><strong>venter</strong></span> <span class='ocrx_word' id='word_1_775' title='bbox 3658 3594 3812 3649; x_wconf 83' lang='lat' dir='ltr'><strong>infla-</strong></span> 
     </span>
    </p>
   </div>
   <div class='ocr_carea' id='block_1_90' title="bbox 2242 3688 3811 3761">
    <p class='ocr_par' dir='ltr' id='par_1_90' title="bbox 2242 3688 3811 3761">
     <span class='ocr_line' id='line_1_90' title="bbox 2242 3688 3811 3761; baseline -0.003 -15"><span class='ocrx_word' id='word_1_776' title='bbox 2242 3704 2352 3756; x_wconf 88' lang='lat' dir='ltr'><strong>tur,</strong></span> <span class='ocrx_word' id='word_1_777' title='bbox 2378 3700 2432 3746; x_wconf 89' lang='lat' dir='ltr'><strong>et</strong></span> <span class='ocrx_word' id='word_1_778' title='bbox 2459 3706 2615 3746; x_wconf 88' lang='lat' dir='ltr'><strong>mens</strong></span> <span class='ocrx_word' id='word_1_779' title='bbox 2641 3693 2873 3761; x_wconf 89' lang='lat' dir='ltr'><strong>opprimi</strong></span> <span class='ocrx_word' id='word_1_780' title='bbox 2905 3692 3119 3751; x_wconf 87' lang='lat' dir='ltr'><strong>dicitur,</strong></span> <span class='ocrx_word' id='word_1_781' title='bbox 3150 3690 3205 3744; x_wconf 90' lang='lat' dir='ltr'><strong>in</strong></span> <span class='ocrx_word' id='word_1_782' title='bbox 3238 3696 3443 3743; x_wconf 83' lang='lat' dir='ltr'><strong>tantum</strong></span> <span class='ocrx_word' id='word_1_783' title='bbox 3474 3698 3531 3742; x_wconf 91' lang='lat' dir='ltr'><strong>ut</strong></span> <span class='ocrx_word' id='word_1_784' title='bbox 3550 3688 3811 3758; x_wconf 79' lang='lat' dir='ltr'><strong>pythago-</strong></span> 
     </span>
    </p>
   </div>
   <div class='ocr_carea' id='block_1_91' title="bbox 2236 3778 3814 3853">
    <p class='ocr_par' dir='ltr' id='par_1_91' title="bbox 2236 3778 3814 3853">
     <span class='ocr_line' id='line_1_91' title="bbox 2236 3778 3814 3853; baseline -0.004 -15"><span class='ocrx_word' id='word_1_785' title='bbox 2236 3783 2365 3838; x_wconf 66' lang='lat' dir='ltr'><strong>raais</strong></span> <span class='ocrx_word' id='word_1_786' title='bbox 2388 3797 2604 3853; x_wconf 90' lang='lat' dir='ltr'><strong>quoque</strong></span> <span class='ocrx_word' id='word_1_787' title='bbox 2644 3784 2799 3837; x_wconf 89' lang='lat' dir='ltr'><strong>cibus</strong></span> <span class='ocrx_word' id='word_1_788' title='bbox 2829 3782 3164 3837; x_wconf 88' lang='lat' dir='ltr'><strong>detestabilis</strong></span> <span class='ocrx_word' id='word_1_789' title='bbox 3204 3781 3292 3835; x_wconf 91' lang='lat' dir='ltr'><strong>sit.</strong></span> <span class='ocrx_word' id='word_1_790' title='bbox 3342 3780 3567 3849; x_wconf 89' lang='lat' dir='ltr'><strong>Propter</strong></span> <span class='ocrx_word' id='word_1_791' title='bbox 3615 3778 3814 3833; x_wconf 87' lang='lat' dir='ltr'><strong>lentem</strong></span> 
     </span>
    </p>
   </div>
   <div class='ocr_carea' id='block_1_92' title="bbox 2236 3865 3813 3944">
    <p class='ocr_par' dir='ltr' id='par_1_92' title="bbox 2236 3865 3813 3944">
     <span class='ocr_line' id='line_1_92' title="bbox 2236 3865 3813 3944; baseline -0.006 -17"><span class='ocrx_word' id='word_1_792' title='bbox 2236 3873 2379 3927; x_wconf 81' lang='lat' dir='ltr'><strong>Esau</strong></span> <span class='ocrx_word' id='word_1_793' title='bbox 2428 3872 2787 3944; x_wconf 79' lang='lat' dir='ltr'><strong>primOgenita</strong></span> <span class='ocrx_word' id='word_1_794' title='bbox 2830 3865 3082 3943; x_wconf 85' lang='lat' dir='ltr'><strong>perdidit.</strong></span> <span class='ocrx_word' id='word_1_795' title='bbox 3135 3869 3335 3924; x_wconf 83' lang='lat' dir='ltr'><strong>Milium</strong></span> <span class='ocrx_word' id='word_1_796' title='bbox 3382 3870 3706 3923; x_wconf 88' lang='lat' dir='ltr'><strong>rusticorum</strong></span> <span class='ocrx_word' id='word_1_797' title='bbox 3762 3880 3813 3919; x_wconf 91' lang='lat' dir='ltr'><strong>et</strong></span> 
     </span>
    </p>
   </div>
   <div class='ocr_carea' id='block_1_93' title="bbox 2238 3958 3817 4031">
    <p class='ocr_par' dir='ltr' id='par_1_93' title="bbox 2238 3958 3817 4031">
     <span class='ocr_line' id='line_1_93' title="bbox 2238 3958 3817 4031; baseline -0.004 -15"><span class='ocrx_word' id='word_1_798' title='bbox 2238 3965 2528 4031; x_wconf 83' lang='lat' dir='ltr'><strong>agrestium</strong></span> <span class='ocrx_word' id='word_1_799' title='bbox 2552 3972 2603 4017; x_wconf 87' lang='lat' dir='ltr'><strong>et</strong></span> <span class='ocrx_word' id='word_1_800' title='bbox 2636 3962 2859 4016; x_wconf 88' lang='lat' dir='ltr'><strong>altilium</strong></span> <span class='ocrx_word' id='word_1_801' title='bbox 2887 3963 3038 4017; x_wconf 84' lang='lat' dir='ltr'><strong>cibus</strong></span> <span class='ocrx_word' id='word_1_802' title='bbox 3072 3968 3175 4015; x_wconf 89' lang='lat' dir='ltr'><strong>est.</strong></span> <span class='ocrx_word' id='word_1_803' title='bbox 3208 3961 3396 4013; x_wconf 76' lang='lat' dir='ltr'><strong>Avena</strong></span> <span class='ocrx_word' id='word_1_804' title='bbox 3436 3960 3549 4013; x_wconf 83' lang='lat' dir='ltr'><strong>sive</strong></span> <span class='ocrx_word' id='word_1_805' title='bbox 3587 3958 3727 4011; x_wconf 87' lang='lat' dir='ltr'><strong>vicia</strong></span> <span class='ocrx_word' id='word_1_806' title='bbox 3762 3967 3817 4010; x_wconf 83' lang='lat' dir='ltr'><strong>ct</strong></span> 
     </span>
    </p>
   </div>
   <div class='ocr_carea' id='block_1_94' title="bbox 2238 4047 3809 4126">
    <p class='ocr_par' dir='ltr' id='par_1_94' title="bbox 2238 4047 3809 4126">
     <span class='ocr_line' id='line_1_94' title="bbox 2238 4047 3809 4126; baseline -0.007 -16"><span class='ocrx_word' id='word_1_807' title='bbox 2238 4054 2317 4126; x_wconf 77' lang='lat' dir='ltr'><strong>oiy</strong></span> <span class='ocrx_word' id='word_1_808' title='bbox 2330 4070 2388 4109; x_wconf 89' lang='lat' dir='ltr'><strong>ra</strong></span> <span class='ocrx_word' id='word_1_809' title='bbox 2414 4056 2570 4123; x_wconf 73' lang='lat' dir='ltr'><strong>bruta</strong></span> <span class='ocrx_word' id='word_1_810' title='bbox 2600 4064 2896 4125; x_wconf 88' lang='lat' dir='ltr'><strong>pascuntur</strong></span> <span class='ocrx_word' id='word_1_811' title='bbox 2931 4052 3204 4107; x_wconf 83' lang='lat' dir='ltr'><strong>animalia.</strong></span> <span class='ocrx_word' id='word_1_812' title='bbox 3232 4050 3384 4117; x_wconf 84' lang='lat' dir='ltr'><strong>Quod</strong></span> <span class='ocrx_word' id='word_1_813' title='bbox 3419 4059 3597 4103; x_wconf 91' lang='lat' dir='ltr'><strong>autem</strong></span> <span class='ocrx_word' id='word_1_814' title='bbox 3623 4047 3809 4101; x_wconf 80' lang='lat' dir='ltr'><strong>scribi-</strong></span> 
     </span>
    </p>
   </div>
   <div class='ocr_carea' id='block_1_95' title="bbox 2241 4130 3811 4216">
    <p class='ocr_par' dir='ltr' id='par_1_95' title="bbox 2241 4130 3811 4216">
     <span class='ocr_line' id='line_1_95' title="bbox 2241 4130 3811 4216; baseline -0.006 -15"><span class='ocrx_word' id='word_1_815' title='bbox 2241 4155 2327 4201; x_wconf 91' lang='lat' dir='ltr'><strong>tur</strong></span> <span class='ocrx_word' id='word_1_816' title='bbox 2370 4130 2522 4215; x_wconf 69' lang='lat' dir='ltr'><strong>juxta</strong></span> <span class='ocrx_word' id='word_1_817' title='bbox 2572 4145 2923 4216; x_wconf 79' lang='lat' dir='ltr'><strong>Septuaginta</strong></span> <span class='ocrx_word' id='word_1_818' title='bbox 2976 4144 3122 4198; x_wconf 85' lang='lat' dir='ltr'><strong>Elias</strong></span> <span class='ocrx_word' id='word_1_819' title='bbox 3172 4143 3381 4214; x_wconf 83' lang='lat' dir='ltr'><strong>fugiens</strong></span> <span class='ocrx_word' id='word_1_820' title='bbox 3430 4139 3645 4197; x_wconf 78' lang='lat' dir='ltr'><strong>Iezabel</strong></span> <span class='ocrx_word' id='word_1_821' title='bbox 3685 4139 3811 4205; x_wconf 74' lang='lat' dir='ltr'><strong>(tu</strong></span> 
     </span>
    </p>
   </div>
   <div class='ocr_carea' id='block_1_96' title="bbox 2248 4232 3815 4309">
    <p class='ocr_par' dir='ltr' id='par_1_96' title="bbox 2248 4232 3815 4309">
     <span class='ocr_line' id='line_1_96' title="bbox 2248 4232 3815 4309; baseline -0.005 -18"><span class='ocrx_word' id='word_1_822' title='bbox 2248 4236 2374 4308; x_wconf 81' lang='lat' dir='ltr'><strong>Reg.</strong></span> <span class='ocrx_word' id='word_1_823' title='bbox 2395 4240 2508 4309; x_wconf 71' lang='lat' dir='ltr'><strong>xxx)</strong></span> <span class='ocrx_word' id='word_1_824' title='bbox 2542 4239 2811 4293; x_wconf 87' lang='lat' dir='ltr'><strong>invenisse</strong></span> <span class='ocrx_word' id='word_1_825' title='bbox 2840 4252 3032 4308; x_wconf 88' lang='lat' dir='ltr'><strong>panem</strong></span> <span class='ocrx_word' id='word_1_826' title='bbox 3056 4238 3307 4307; x_wconf 72' lang='grc' dir='ltr'><strong>ὀλγριτήν,</strong></span> <span class='ocrx_word' id='word_1_827' title='bbox 3336 4234 3391 4288; x_wconf 91' lang='lat' dir='ltr'><strong>id</strong></span> <span class='ocrx_word' id='word_1_828' title='bbox 3414 4242 3495 4289; x_wconf 86' lang='lat' dir='ltr'><strong>est</strong></span> <span class='ocrx_word' id='word_1_829' title='bbox 3516 4232 3815 4286; x_wconf 83' lang='lat' dir='ltr'><strong>subcincri-</strong></span> 
     </span>
    </p>
   </div>
   <div class='ocr_carea' id='block_1_97' title="bbox 2243 4321 3813 4398">
    <p class='ocr_par' dir='ltr' id='par_1_97' title="bbox 2243 4321 3813 4398">
     <span class='ocr_line' id='line_1_97' title="bbox 2243 4321 3813 4398; baseline -0.006 -15"><span class='ocrx_word' id='word_1_830' title='bbox 2243 4327 2816 4398; x_wconf 88' lang='lat' dir='ltr'><strong>cium,persccntionis</strong></span> <span class='ocrx_word' id='word_1_831' title='bbox 2842 4335 2894 4381; x_wconf 91' lang='lat' dir='ltr'><strong>et</strong></span> <span class='ocrx_word' id='word_1_832' title='bbox 2910 4326 3147 4396; x_wconf 69' lang='lat' dir='ltr'><strong>penuria:</strong></span> <span class='ocrx_word' id='word_1_833' title='bbox 3173 4326 3380 4394; x_wconf 87' lang='lat' dir='ltr'><strong>signum</strong></span> <span class='ocrx_word' id='word_1_834' title='bbox 3403 4330 3503 4387; x_wconf 85' lang='lat' dir='ltr'><strong>est.</strong></span> <span class='ocrx_word' id='word_1_835' title='bbox 3540 4321 3690 4377; x_wconf 87' lang='lat' dir='ltr'><strong>Unde</strong></span> <span class='ocrx_word' id='word_1_836' title='bbox 3708 4333 3761 4374; x_wconf 86' lang='lat' dir='ltr'><strong>et</strong></span> <span class='ocrx_word' id='word_1_837' title='bbox 3784 4337 3813 4373; x_wconf 91' lang='lat' dir='ltr'><strong>a</strong></span> 
     </span>
    </p>
   </div>
   <div class='ocr_carea' id='block_1_98' title="bbox 2245 4411 3812 4488">
    <p class='ocr_par' dir='ltr' id='par_1_98' title="bbox 2245 4411 3812 4488">
     <span class='ocr_line' id='line_1_98' title="bbox 2245 4411 3812 4488; baseline -0.005 -16"><span class='ocrx_word' id='word_1_838' title='bbox 2245 4419 2424 4473; x_wconf 85' lang='lat' dir='ltr'><strong>corvis</strong></span> <span class='ocrx_word' id='word_1_839' title='bbox 2438 4419 2698 4488; x_wconf 87' lang='lat' dir='ltr'><strong>pascitur,</strong></span> <span class='ocrx_word' id='word_1_840' title='bbox 2717 4428 2774 4470; x_wconf 89' lang='lat' dir='ltr'><strong>ut</strong></span> <span class='ocrx_word' id='word_1_841' title='bbox 2794 4417 2915 4486; x_wconf 90' lang='lat' dir='ltr'><strong>quia</strong></span> <span class='ocrx_word' id='word_1_842' title='bbox 2939 4416 3116 4470; x_wconf 91' lang='lat' dir='ltr'><strong>cibum</strong></span> <span class='ocrx_word' id='word_1_843' title='bbox 3133 4429 3237 4467; x_wconf 91' lang='lat' dir='ltr'><strong>non</strong></span> <span class='ocrx_word' id='word_1_844' title='bbox 3258 4413 3537 4466; x_wconf 88' lang='lat' dir='ltr'><strong>invenerat</strong></span> <span class='ocrx_word' id='word_1_845' title='bbox 3558 4412 3611 4464; x_wconf 90' lang='lat' dir='ltr'><strong>in</strong></span> <span class='ocrx_word' id='word_1_846' title='bbox 3628 4411 3812 4473; x_wconf 84' lang='lat' dir='ltr'><strong>lsrael.</strong></span> 
     </span>
    </p>
   </div>
   <div class='ocr_carea' id='block_1_99' title="bbox 2256 4502 3808 4576">
    <p class='ocr_par' dir='ltr' id='par_1_99' title="bbox 2256 4502 3808 4576">
     <span class='ocr_line' id='line_1_99' title="bbox 2256 4502 3808 4576; baseline -0.006 -16"><span class='ocrx_word' id='word_1_847' title='bbox 2256 4509 2530 4561; x_wconf 85' lang='lat' dir='ltr'><strong>nationum</strong></span> <span class='ocrx_word' id='word_1_848' title='bbox 2554 4522 2673 4576; x_wconf 72' lang='lat' dir='ltr'><strong>qua:</strong></span> <span class='ocrx_word' id='word_1_849' title='bbox 2700 4506 2985 4560; x_wconf 65' lang='lat' dir='ltr'><strong>immundae</strong></span> <span class='ocrx_word' id='word_1_850' title='bbox 3009 4511 3165 4557; x_wconf 88' lang='lat' dir='ltr'><strong>erant</strong></span> <span class='ocrx_word' id='word_1_851' title='bbox 3186 4510 3501 4572; x_wconf 88' lang='lat' dir='ltr'><strong>pasceretur</strong></span> <span class='ocrx_word' id='word_1_852' title='bbox 3524 4502 3808 4555; x_wconf 80' lang='lat' dir='ltr'><strong>alimentis.</strong></span> 
     </span>
    </p>
   </div>
   <div class='ocr_carea' id='block_1_100' title="bbox 2248 4590 3813 4667">
    <p class='ocr_par' dir='ltr' id='par_1_100' title="bbox 2248 4590 3813 4667">
     <span class='ocr_line' id='line_1_100' title="bbox 2248 4590 3813 4667; baseline -0.007 -13"><span class='ocrx_word' id='word_1_853' title='bbox 2248 4598 2358 4653; x_wconf 83' lang='lat' dir='ltr'><strong>Lex</strong></span> <span class='ocrx_word' id='word_1_854' title='bbox 2402 4612 2616 4667; x_wconf 88' lang='lat' dir='ltr'><strong>quoque</strong></span> <span class='ocrx_word' id='word_1_855' title='bbox 2646 4598 2757 4666; x_wconf 90' lang='lat' dir='ltr'><strong>ipsa</strong></span> <span class='ocrx_word' id='word_1_856' title='bbox 2777 4637 2790 4660; x_wconf 91' lang='lat'><strong>,</strong></span> <span class='ocrx_word' id='word_1_857' title='bbox 2819 4610 2980 4665; x_wconf 90' lang='lat' dir='ltr'><strong>quam</strong></span> <span class='ocrx_word' id='word_1_858' title='bbox 3012 4593 3193 4664; x_wconf 80' lang='lat' dir='ltr'><strong>legunt.</strong></span> <span class='ocrx_word' id='word_1_859' title='bbox 3244 4601 3297 4648; x_wconf 89' lang='lat' dir='ltr'><strong>et</strong></span> <span class='ocrx_word' id='word_1_860' title='bbox 3330 4607 3435 4647; x_wconf 91' lang='lat' dir='ltr'><strong>non</strong></span> <span class='ocrx_word' id='word_1_861' title='bbox 3482 4590 3813 4660; x_wconf 76' lang='lat' dir='ltr'><strong>intelligunt,</strong></span> 
     </span>
    </p>
   </div>
   <div class='ocr_carea' id='block_1_101' title="bbox 2251 4680 3812 4756">
    <p class='ocr_par' dir='ltr' id='par_1_101' title="bbox 2251 4680 3812 4756">
     <span class='ocr_line' id='line_1_101' title="bbox 2251 4680 3812 4756; baseline -0.007 -12"><span class='ocrx_word' id='word_1_862' title='bbox 2251 4689 2641 4750; x_wconf 71' lang='lat' dir='ltr'><strong>subcincricius</strong></span> <span class='ocrx_word' id='word_1_863' title='bbox 2663 4686 2817 4756; x_wconf 88' lang='lat' dir='ltr'><strong>panis</strong></span> <span class='ocrx_word' id='word_1_864' title='bbox 2840 4680 2942 4749; x_wconf 86' lang='lat' dir='ltr'><strong>est,</strong></span> <span class='ocrx_word' id='word_1_865' title='bbox 2969 4690 3025 4738; x_wconf 91' lang='lat' dir='ltr'><strong>ct</strong></span> <span class='ocrx_word' id='word_1_866' title='bbox 3051 4692 3277 4753; x_wconf 77' lang='lat' dir='ltr'><strong>opertus</strong></span> <span class='ocrx_word' id='word_1_867' title='bbox 3297 4683 3530 4738; x_wconf 83' lang='lat' dir='ltr'><strong>humano</strong></span> <span class='ocrx_word' id='word_1_868' title='bbox 3556 4689 3812 4735; x_wconf 88' lang='lat' dir='ltr'><strong>stercore.</strong></span> 
     </span>
    </p>
   </div>
   <div class='ocr_carea' id='block_1_102' title="bbox 2250 4771 3814 4848">
    <p class='ocr_par' dir='ltr' id='par_1_102' title="bbox 2250 4771 3814 4848">
     <span class='ocr_line' id='line_1_102' title="bbox 2250 4771 3814 4848; baseline -0.006 -14"><span class='ocrx_word' id='word_1_869' title='bbox 2250 4778 2616 4848; x_wconf 83' lang='lat' dir='ltr'><strong>Quamobrem</strong></span> <span class='ocrx_word' id='word_1_870' title='bbox 2628 4786 2680 4832; x_wconf 85' lang='lat' dir='ltr'><strong>et</strong></span> <span class='ocrx_word' id='word_1_871' title='bbox 2691 4776 2888 4831; x_wconf 84' lang='lat' dir='ltr'><strong>Paulus</strong></span> <span class='ocrx_word' id='word_1_872' title='bbox 2899 4775 3172 4845; x_wconf 82' lang='lat' dir='ltr'><strong>apostolus</strong></span> <span class='ocrx_word' id='word_1_873' title='bbox 3186 4774 3333 4829; x_wconf 85' lang='lat' dir='ltr'><strong>lucra</strong></span> <span class='ocrx_word' id='word_1_874' title='bbox 3346 4772 3480 4844; x_wconf 88' lang='lat' dir='ltr'><strong>legis</strong></span> <span class='ocrx_word' id='word_1_875' title='bbox 3490 4780 3544 4826; x_wconf 87' lang='lat' dir='ltr'><strong>et</strong></span> <span class='ocrx_word' id='word_1_876' title='bbox 3562 4771 3814 4841; x_wconf 84' lang='lat' dir='ltr'><strong>pristina-</strong></span> 
     </span>
    </p>
   </div>
   <div class='ocr_carea' id='block_1_103' title="bbox 2250 4861 3816 4925">
    <p class='ocr_par' dir='ltr' id='par_1_103' title="bbox 2250 4861 3816 4925">
     <span class='ocr_line' id='line_1_103' title="bbox 2250 4861 3816 4925; baseline -0.005 -2"><span class='ocrx_word' id='word_1_877' title='bbox 2250 4882 2370 4924; x_wconf 88' lang='lat' dir='ltr'><strong>rum</strong></span> <span class='ocrx_word' id='word_1_878' title='bbox 2398 4868 2837 4925; x_wconf 70' lang='lat' dir='ltr'><strong>eaeremoniarum</strong></span> <span class='ocrx_word' id='word_1_879' title='bbox 2882 4863 3279 4921; x_wconf 81' lang='lat' dir='ltr'><strong>observantiam</strong></span> <span class='ocrx_word' id='word_1_880' title='bbox 3304 4862 3440 4917; x_wconf 86' lang='lat' dir='ltr'><strong>dicit</strong></span> <span class='ocrx_word' id='word_1_881' title='bbox 3481 4874 3543 4916; x_wconf 89' lang='lat' dir='ltr'><strong>se</strong></span> <span class='ocrx_word' id='word_1_882' title='bbox 3564 4861 3816 4915; x_wconf 83' lang='lat' dir='ltr'><strong>habuisse</strong></span> 
     </span>
    </p>
   </div>
   <div class='ocr_carea' id='block_1_104' title="bbox 2251 4950 3815 5031">
    <p class='ocr_par' dir='ltr' id='par_1_104' title="bbox 2251 4950 3815 5031">
     <span class='ocr_line' id='line_1_104' title="bbox 2251 4950 3815 5031; baseline -0.006 -18"><span class='ocrx_word' id='word_1_883' title='bbox 2251 4961 2401 5031; x_wconf 83' lang='lat' dir='ltr'><strong>quasi</strong></span> <span class='ocrx_word' id='word_1_884' title='bbox 2424 4970 2682 5022; x_wconf 84' lang='lat' dir='ltr'><strong>stercora,</strong></span> <span class='ocrx_word' id='word_1_885' title='bbox 2707 4965 2768 5013; x_wconf 86' lang='lat' dir='ltr'><strong>ut</strong></span> <span class='ocrx_word' id='word_1_886' title='bbox 2796 4957 3072 5015; x_wconf 75' lang='lat' dir='ltr'><strong>Christum</strong></span> <span class='ocrx_word' id='word_1_887' title='bbox 3100 4952 3438 5011; x_wconf 82' lang='lat' dir='ltr'><strong>lucrifaceret</strong></span> <span class='ocrx_word' id='word_1_888' title='bbox 3462 4950 3684 5023; x_wconf 72' lang='lat' dir='ltr'><strong>(Philip.</strong></span> <span class='ocrx_word' id='word_1_889' title='bbox 3712 4950 3815 5022; x_wconf 86' lang='lat' dir='ltr'><strong>nr).</strong></span> 
     </span>
    </p>
   </div>
   <div class='ocr_carea' id='block_1_105' title="bbox 2334 5040 3819 5110">
    <p class='ocr_par' dir='ltr' id='par_1_105' title="bbox 2334 5040 3819 5110">
     <span class='ocr_line' id='line_1_105' title="bbox 2334 5040 3819 5110; baseline -0.005 -8"><span class='ocrx_word' id='word_1_890' title='bbox 2334 5068 2351 5102; x_wconf 72' lang='grc' dir='ltr'>ι</span> <span class='ocrx_word' id='word_1_891' title='bbox 2393 5050 2461 5105; x_wconf 84' lang='lat' dir='ltr'><strong>Et</strong></span> <span class='ocrx_word' id='word_1_892' title='bbox 2483 5050 2616 5105; x_wconf 82' lang='lat' dir='ltr'><strong>dixit</strong></span> <span class='ocrx_word' id='word_1_893' title='bbox 2646 5044 2908 5102; x_wconf 87' lang='lat' dir='ltr'><strong>Dominus</strong></span> <span class='ocrx_word' id='word_1_894' title='bbox 2947 5061 2963 5100; x_wconf 86' lang='lat'><strong>:</strong></span> <span class='ocrx_word' id='word_1_895' title='bbox 2996 5045 3088 5104; x_wconf 88' lang='lat' dir='ltr'><strong>Sic</strong></span> <span class='ocrx_word' id='word_1_896' title='bbox 3118 5043 3399 5099; x_wconf 86' lang='lat' dir='ltr'><strong>comedent</strong></span> <span class='ocrx_word' id='word_1_897' title='bbox 3425 5042 3521 5098; x_wconf 84' lang='lat' dir='ltr'><strong>lilii</strong></span> <span class='ocrx_word' id='word_1_898' title='bbox 3546 5040 3707 5098; x_wconf 84' lang='lat' dir='ltr'><strong>lsrael</strong></span> <span class='ocrx_word' id='word_1_899' title='bbox 3728 5054 3819 5110; x_wconf 86' lang='lat' dir='ltr'><strong>pa-</strong></span> 
     </span>
    </p>
   </div>
   <div class='ocr_carea' id='block_1_106' title="bbox 2262 5128 3814 5210">
    <p class='ocr_par' dir='ltr' id='par_1_106' title="bbox 2262 5128 3814 5210">
     <span class='ocr_line' id='line_1_106' title="bbox 2262 5128 3814 5210; baseline -0.006 -19"><span class='ocrx_word' id='word_1_900' title='bbox 2262 5160 2282 5191; x_wconf 77' lang='lat' dir='ltr'><strong>a</strong></span> <span class='ocrx_word' id='word_1_901' title='bbox 2319 5155 2439 5194; x_wconf 91' lang='lat' dir='ltr'><strong>nem</strong></span> <span class='ocrx_word' id='word_1_902' title='bbox 2468 5153 2621 5195; x_wconf 89' lang='lat' dir='ltr'><strong>suum</strong></span> <span class='ocrx_word' id='word_1_903' title='bbox 2652 5138 2911 5210; x_wconf 86' lang='lat' dir='ltr'><strong>pollutum</strong></span> <span class='ocrx_word' id='word_1_904' title='bbox 2936 5136 3089 5189; x_wconf 83' lang='lat' dir='ltr'><strong>inter</strong></span> <span class='ocrx_word' id='word_1_905' title='bbox 3112 5142 3317 5203; x_wconf 83' lang='lat' dir='ltr'><strong>gentes,</strong></span> <span class='ocrx_word' id='word_1_906' title='bbox 3348 5131 3417 5186; x_wconf 87' lang='lat' dir='ltr'><strong>ad</strong></span> <span class='ocrx_word' id='word_1_907' title='bbox 3446 5145 3583 5201; x_wconf 89' lang='lat' dir='ltr'><strong>quas</strong></span> <span class='ocrx_word' id='word_1_908' title='bbox 3608 5128 3814 5198; x_wconf 66' lang='lat' dir='ltr'><strong>eiiciam</strong></span> 
     </span>
    </p>
   </div>
   <div class='ocr_carea' id='block_1_107' title="bbox 2264 5221 3817 5289">
    <p class='ocr_par' dir='ltr' id='par_1_107' title="bbox 2264 5221 3817 5289">
     <span class='ocr_line' id='line_1_107' title="bbox 2264 5221 3817 5289; baseline -0.005 -8"><span class='ocrx_word' id='word_1_909' title='bbox 2264 5247 2284 5281; x_wconf 70' lang='grc' dir='ltr'>ι</span> <span class='ocrx_word' id='word_1_910' title='bbox 2316 5244 2427 5286; x_wconf 89' lang='lat' dir='ltr'><strong>eos.</strong></span> <span class='ocrx_word' id='word_1_911' title='bbox 2459 5229 2527 5285; x_wconf 85' lang='lat' dir='ltr'><strong>Et</strong></span> <span class='ocrx_word' id='word_1_912' title='bbox 2552 5228 2661 5284; x_wconf 78' lang='lat' dir='ltr'><strong>dixi</strong></span> <span class='ocrx_word' id='word_1_913' title='bbox 2689 5246 2700 5280; x_wconf 89' lang='lat'>:</span> <span class='ocrx_word' id='word_1_914' title='bbox 2725 5228 2806 5282; x_wconf 80' lang='lat' dir='ltr'><strong>Ah</strong></span> <span class='ocrx_word' id='word_1_915' title='bbox 2836 5230 2903 5281; x_wconf 88' lang='lat' dir='ltr'><strong>ah</strong></span> <span class='ocrx_word' id='word_1_916' title='bbox 2929 5226 3022 5289; x_wconf 90' lang='lat' dir='ltr'><strong>ab,</strong></span> <span class='ocrx_word' id='word_1_917' title='bbox 3052 5223 3276 5279; x_wconf 86' lang='lat' dir='ltr'><strong>Domine</strong></span> <span class='ocrx_word' id='word_1_918' title='bbox 3299 5222 3464 5288; x_wconf 87' lang='lat' dir='ltr'><strong>Deus,</strong></span> <span class='ocrx_word' id='word_1_919' title='bbox 3490 5236 3618 5277; x_wconf 88' lang='lat' dir='ltr'><strong>ecce</strong></span> <span class='ocrx_word' id='word_1_920' title='bbox 3644 5221 3817 5275; x_wconf 83' lang='lat' dir='ltr'><strong>anima</strong></span> 
     </span>
    </p>
   </div>
   <div class='ocr_carea' id='block_1_108' title="bbox 2265 5311 3815 5386">
    <p class='ocr_par' dir='ltr' id='par_1_108' title="bbox 2265 5311 3815 5386">
     <span class='ocr_line' id='line_1_108' title="bbox 2265 5311 3815 5386; baseline -0.004 -15"><span class='ocrx_word' id='word_1_921' title='bbox 2265 5337 2283 5370; x_wconf 76' lang='grc' dir='ltr'>ι</span> <span class='ocrx_word' id='word_1_922' title='bbox 2320 5333 2438 5372; x_wconf 85' lang='lat' dir='ltr'><strong>mea</strong></span> <span class='ocrx_word' id='word_1_923' title='bbox 2480 5334 2585 5372; x_wconf 87' lang='lat' dir='ltr'><strong>non</strong></span> <span class='ocrx_word' id='word_1_924' title='bbox 2614 5324 2698 5374; x_wconf 83' lang='lat' dir='ltr'><strong>est</strong></span> <span class='ocrx_word' id='word_1_925' title='bbox 2730 5311 2953 5386; x_wconf 88' lang='lat' dir='ltr'><strong>polluta,</strong></span> <span class='ocrx_word' id='word_1_926' title='bbox 2982 5313 3408 5369; x_wconf 89' lang='lat' dir='ltr'><strong>etmorticinum</strong></span> <span class='ocrx_word' id='word_1_927' title='bbox 3436 5320 3495 5367; x_wconf 87' lang='lat' dir='ltr'><strong>et</strong></span> <span class='ocrx_word' id='word_1_928' title='bbox 3527 5311 3815 5369; x_wconf 86' lang='lat' dir='ltr'><strong>laceratum</strong></span> 
     </span>
    </p>
   </div>
   <div class='ocr_carea' id='block_1_109' title="bbox 2266 5400 3813 5471">
    <p class='ocr_par' dir='ltr' id='par_1_109' title="bbox 2266 5400 3813 5471">
     <span class='ocr_line' id='line_1_109' title="bbox 2266 5400 3813 5471; baseline -0.003 -13"><span class='ocrx_word' id='word_1_929' title='bbox 2266 5424 2284 5458; x_wconf 76' lang='grc' dir='ltr'>ι</span> <span class='ocrx_word' id='word_1_930' title='bbox 2322 5421 2353 5460; x_wconf 89' lang='lat' dir='ltr'><strong>a</strong></span> <span class='ocrx_word' id='word_1_931' title='bbox 2380 5406 2570 5462; x_wconf 87' lang='lat' dir='ltr'><strong>bestiis</strong></span> <span class='ocrx_word' id='word_1_932' title='bbox 2598 5418 2705 5461; x_wconf 86' lang='lat' dir='ltr'><strong>non</strong></span> <span class='ocrx_word' id='word_1_933' title='bbox 2740 5403 2946 5460; x_wconf 87' lang='lat' dir='ltr'><strong>comedi</strong></span> <span class='ocrx_word' id='word_1_934' title='bbox 2978 5403 3047 5460; x_wconf 89' lang='lat' dir='ltr'><strong>ab</strong></span> <span class='ocrx_word' id='word_1_935' title='bbox 3073 5400 3297 5457; x_wconf 81' lang='lat' dir='ltr'><strong>infantia</strong></span> <span class='ocrx_word' id='word_1_936' title='bbox 3326 5415 3447 5456; x_wconf 86' lang='lat' dir='ltr'><strong>mea</strong></span> <span class='ocrx_word' id='word_1_937' title='bbox 3468 5415 3645 5471; x_wconf 84' lang='lat' dir='ltr'><strong>usque</strong></span> <span class='ocrx_word' id='word_1_938' title='bbox 3660 5412 3813 5454; x_wconf 79' lang='lat' dir='ltr'><strong>nunc.</strong></span> 
     </span>
    </p>
   </div>
   <div class='ocr_carea' id='block_1_110' title="bbox 2267 5489 3819 5563">
    <p class='ocr_par' dir='ltr' id='par_1_110' title="bbox 2267 5489 3819 5563">
     <span class='ocr_line' id='line_1_110' title="bbox 2267 5489 3819 5563; baseline -0.001 -18"><span class='ocrx_word' id='word_1_939' title='bbox 2267 5511 2285 5545; x_wconf 78' lang='grc' dir='ltr'>ι</span> <span class='ocrx_word' id='word_1_940' title='bbox 2322 5494 2389 5549; x_wconf 79' lang='lat' dir='ltr'><strong>Et</strong></span> <span class='ocrx_word' id='word_1_941' title='bbox 2433 5509 2538 5548; x_wconf 90' lang='lat' dir='ltr'><strong>non</strong></span> <span class='ocrx_word' id='word_1_942' title='bbox 2585 5501 2667 5548; x_wconf 86' lang='lat' dir='ltr'><strong>est</strong></span> <span class='ocrx_word' id='word_1_943' title='bbox 2693 5493 2933 5563; x_wconf 77' lang='lat' dir='ltr'><strong>ingressa</strong></span> <span class='ocrx_word' id='word_1_944' title='bbox 2973 5492 3030 5547; x_wconf 82' lang='lat' dir='ltr'><strong>in</strong></span> <span class='ocrx_word' id='word_1_945' title='bbox 3068 5505 3131 5546; x_wconf 79' lang='lat' dir='ltr'><strong>es</strong></span> <span class='ocrx_word' id='word_1_946' title='bbox 3159 5504 3335 5545; x_wconf 86' lang='lat' dir='ltr'><strong>meum</strong></span> <span class='ocrx_word' id='word_1_947' title='bbox 3368 5489 3548 5559; x_wconf 79' lang='lat' dir='ltr'><strong>omnis</strong></span> <span class='ocrx_word' id='word_1_948' title='bbox 3567 5503 3698 5545; x_wconf 85' lang='lat' dir='ltr'><strong>caro</strong></span> <span class='ocrx_word' id='word_1_949' title='bbox 3723 5489 3819 5543; x_wconf 83' lang='lat' dir='ltr'><strong>im-</strong></span> 
     </span>
    </p>
   </div>
   <div class='ocr_carea' id='block_1_111' title="bbox 2266 5576 3820 5637">
    <p class='ocr_par' dir='ltr' id='par_1_111' title="bbox 2266 5576 3820 5637">
     <span class='ocr_line' id='line_1_111' title="bbox 2266 5576 3820 5637; baseline -0.001 -3"><span class='ocrx_word' id='word_1_950' title='bbox 2266 5601 2286 5634; x_wconf 82' lang='grc'><strong>‹</strong></span> <span class='ocrx_word' id='word_1_951' title='bbox 2323 5584 2539 5637; x_wconf 87' lang='lat' dir='ltr'><strong>munda.</strong></span> <span class='ocrx_word' id='word_1_952' title='bbox 2568 5582 2636 5637; x_wconf 77' lang='lat' dir='ltr'><strong>Et</strong></span> <span class='ocrx_word' id='word_1_953' title='bbox 2653 5581 2785 5637; x_wconf 75' lang='lat' dir='ltr'><strong>dixit</strong></span> <span class='ocrx_word' id='word_1_954' title='bbox 2806 5582 2874 5635; x_wconf 84' lang='lat' dir='ltr'><strong>ad</strong></span> <span class='ocrx_word' id='word_1_955' title='bbox 2894 5596 2983 5637; x_wconf 79' lang='lat' dir='ltr'><strong>me</strong></span> <span class='ocrx_word' id='word_1_956' title='bbox 3009 5597 3023 5634; x_wconf 90' lang='lat'><strong>:</strong></span> <span class='ocrx_word' id='word_1_957' title='bbox 3046 5580 3186 5636; x_wconf 84' lang='lat' dir='ltr'><strong>Ecce</strong></span> <span class='ocrx_word' id='word_1_958' title='bbox 3205 5578 3327 5633; x_wconf 83' lang='lat' dir='ltr'><strong>dedi</strong></span> <span class='ocrx_word' id='word_1_959' title='bbox 3343 5577 3440 5633; x_wconf 85' lang='lat' dir='ltr'><strong>tibi</strong></span> <span class='ocrx_word' id='word_1_960' title='bbox 3462 5576 3652 5632; x_wconf 79' lang='lat' dir='ltr'><strong>ﬁmum</strong></span> <span class='ocrx_word' id='word_1_961' title='bbox 3667 5578 3820 5633; x_wconf 84' lang='lat' dir='ltr'><strong>boum</strong></span> 
     </span>
    </p>
   </div>
   <div class='ocr_carea' id='block_1_112' title="bbox 2270 5665 3821 5739">
    <p class='ocr_par' dir='ltr' id='par_1_112' title="bbox 2270 5665 3821 5739">
     <span class='ocr_line' id='line_1_112' title="bbox 2270 5665 3821 5739; baseline -0.003 -15"><span class='ocrx_word' id='word_1_962' title='bbox 2270 5692 2288 5724; x_wconf 78' lang='grc' dir='ltr'>ι</span> <span class='ocrx_word' id='word_1_963' title='bbox 2321 5686 2419 5739; x_wconf 91' lang='lat' dir='ltr'><strong>pro</strong></span> <span class='ocrx_word' id='word_1_964' title='bbox 2447 5670 2779 5727; x_wconf 87' lang='lat' dir='ltr'><strong>stercoribus</strong></span> <span class='ocrx_word' id='word_1_965' title='bbox 2807 5670 3075 5733; x_wconf 81' lang='lat' dir='ltr'><strong>humanis,</strong></span> <span class='ocrx_word' id='word_1_966' title='bbox 3103 5675 3163 5721; x_wconf 85' lang='lat' dir='ltr'><strong>et</strong></span> <span class='ocrx_word' id='word_1_967' title='bbox 3178 5665 3347 5722; x_wconf 83' lang='lat' dir='ltr'><strong>facies</strong></span> <span class='ocrx_word' id='word_1_968' title='bbox 3371 5680 3567 5735; x_wconf 83' lang='lat' dir='ltr'><strong>panem</strong></span> <span class='ocrx_word' id='word_1_969' title='bbox 3590 5672 3742 5720; x_wconf 85' lang='lat' dir='ltr'><strong>tuum</strong></span> <span class='ocrx_word' id='word_1_970' title='bbox 3772 5666 3821 5720; x_wconf 85' lang='lat' dir='ltr'><strong>ia</strong></span> 
     </span>
    </p>
   </div>
   <div class='ocr_carea' id='block_1_113' title="bbox 2272 5746 3821 5832">
    <p class='ocr_par' dir='ltr' id='par_1_113' title="bbox 2272 5746 3821 5832">
     <span class='ocr_line' id='line_1_113' title="bbox 2272 5746 3821 5832; baseline -0.001 -19"><span class='ocrx_word' id='word_1_971' title='bbox 2272 5782 2290 5813; x_wconf 84' lang='grc'><strong>‹</strong></span> <span class='ocrx_word' id='word_1_972' title='bbox 2326 5778 2409 5817; x_wconf 83' lang='lat' dir='ltr'><strong>eo.</strong></span> <span class='ocrx_word' id='word_1_973' title='bbox 2455 5782 2472 5815; x_wconf 90' lang='grc'>›</span> <span class='ocrx_word' id='word_1_974' title='bbox 2518 5754 2812 5832; x_wconf 80' lang='lat' dir='ltr'><strong>l’rOphetas</strong></span> <span class='ocrx_word' id='word_1_975' title='bbox 2840 5746 2996 5830; x_wconf 75' lang='lat' dir='ltr'><strong>juxta</strong></span> <span class='ocrx_word' id='word_1_976' title='bbox 3028 5756 3344 5814; x_wconf 85' lang='lat' dir='ltr'><strong>Zachariam</strong></span> <span class='ocrx_word' id='word_1_977' title='bbox 3372 5755 3523 5813; x_wconf 84' lang='lat' dir='ltr'><strong>viros</strong></span> <span class='ocrx_word' id='word_1_978' title='bbox 3556 5768 3683 5813; x_wconf 83' lang='lat' dir='ltr'><strong>esse</strong></span> <span class='ocrx_word' id='word_1_979' title='bbox 3706 5771 3821 5826; x_wconf 40' lang='lat' dir='ltr'><strong>por.</strong></span> 
     </span>
    </p>
   </div>
  </div>
