3948 6328
238 375 349 436 597

1257 376 1603 432 COMMENT.
1642 377 1707 433 ΙΝ
1748 377 2197 437 EZECHIELEM.
2229 412 2298 422 --
2336 382 2460 437 LIB.
2501 382 2589 438 ιγ.

3377 391 3484 448 598

237 496 508 554 tcutosos,
534 493 625 558 qui
667 488 778 544 suis
817 487 1069 558 operibus
1094 488 1267 543 futura
1296 491 1643 559 portendant,
1671 499 1726 546 et
1754 492 1818 545 de
1847 493 1884 552 ,Δ
1925 491 1975 545 in
2007 507 2110 560 qua
2141 494 2276 548 visio
2294 495 2443 566 pacis
2473 495 2732 562 cernitur,
2761 511 2920 566 quem
2943 500 3170 555 conterit
3198 500 3478 570 Dominus,

240 579 442 648 quibus
481 578 719 650 loquitur
765 579 906 634 Deus
947 597 958 632 :
999 598 1017 630 ι
1053 580 1111 634 in
1147 579 1396 635 manibus
1431 581 1815 650 prophetarum

240 667 574 723 assimilatus
621 684 738 725 sum
785 667 938 739 (Osee
972 669 1093 738 xu),
1127 689 1144 720 ι
1195 670 1249 722 in
1289 670 1470 723 multis
1525 669 1656 724 locis
1699 685 1817 723 cre-

239 758 481 814 berrime
501 758 744 827 legimus.
761 758 913 815 Sicut
932 760 1094 828 igitur
1105 760 1350 814 Ezechiel
1371 775 1563 830 panem
1587 760 1818 815 comedit

244 848 302 903 in
332 858 602 913 stercore,
635 850 713 904 sic
745 857 801 903 et
837 849 929 902 filii
960 849 1126 905 Israel
1161 850 1243 904 vel
1281 852 1456 904 omnis
1479 850 1703 919 populus
1726 850 1817 904 Ju-

243 936 512 1001 daeorum,
537 937 672 1003 sive,
704 946 764 992 ut
799 936 894 991 alii
918 921 1531 1008 putant,decem'tribus
1575 941 1818 994 comede-

244 1027 379 1082 bant
415 1043 610 1098 panem
631 1029 891 1098 pollutum
923 1031 978 1084 in
1006 1031 1333 1094 nationibus,
1361 1029 1488 1085 licet
1521 1043 1628 1085 non
1660 1030 1731 1084 sit
1750 1031 1819 1084 ad

243 1133 341 1174 eos
381 1120 756 1185 comminatio,
788 1121 879 1190 qui
919 1119 1033 1189 jam
1083 1121 1242 1190 ejecti
1294 1130 1437 1186 sunt,
1471 1119 1566 1175 sed
1609 1120 1674 1174 ad
1724 1134 1819 1175 eos

245 1210 341 1281 qui
381 1209 630 1278 ejiciendi
676 1212 743 1266 de
790 1219 934 1267 terra
987 1211 1440 1282 repromissionis.
1487 1211 1639 1276 Quod
1693 1225 1816 1267 cum

243 1303 509 1370 propheta
531 1303 827 1368 didicisset,
853 1301 1007 1371 juxta
1033 1303 1304 1372 Aquilam,
1332 1304 1493 1358 tertio
1521 1303 1817 1357 detestatus

243 1399 353 1456 est,
392 1410 410 1442 ι
444 1391 527 1446 Ah
554 1392 624 1445 ah
655 1392 742 1447 ah.
790 1411 810 1446 ι
851 1391 1089 1461 Denique
1134 1393 1388 1460 impetrat
1416 1392 1561 1460 quod
1585 1393 1816 1461 rogavit,

245 1489 300 1536 et
319 1481 604 1536 sententia:
620 1482 910 1536 austeritas
930 1481 1132 1536 mitiori
1148 1483 1375 1550 imperio
1397 1491 1688 1549 temperata
1713 1490 1813 1536 est.

243 1569 517 1636 Quaeritur
553 1587 651 1627 cur
683 1571 932 1628 Ezechiel
979 1571 1222 1629 faciliora
1276 1574 1544 1644 tenuerit,
1584 1583 1638 1630 et
1668 1573 1819 1629 Oscae

241 1669 430 1715 scorto
480 1661 664 1718 statim
706 1660 870 1718 fuerit
898 1662 1199 1733 copulatus,
1249 1677 1350 1722 nec
1395 1664 1814 1725 contradixerit,

1917 583 2128 650 quando
2156 583 2435 646 irascitur,
2475 594 2529 639 et
2563 586 2809 657 indignos
2832 603 2930 644 nos
2958 605 3056 644 suo
3086 591 3290 660 judicat
3318 609 3474 663 pane.

1915 671 2089 741 Atque
2110 673 2313 728 utinam
2337 674 2526 729 saltem
2558 676 2611 729 in
2632 679 2868 745 pondere
2895 693 3015 733 eum
3045 689 3100 734 et
3123 680 3497 739 sollicitudine

1916 776 2220 816 mereamur
2245 764 2524 833 accipere,
2557 774 2611 819 et
2645 776 2883 821 arentem
2913 768 3146 839 linguam
3181 771 3344 825 nimia
3374 773 3483 826 sic-

1916 852 2109 916 citate,
2143 861 2418 908 extremus
2454 855 2644 909 Lazari
2670 855 2864 926 digitus
2900 857 3097 913 irroret
3135 858 3301 931 (Luc.
3332 864 3474 929 xvi).

1917 941 2207 997 Deficiente
2242 953 2419 998 autem
2454 958 2592 1014 pane
2616 952 2671 1000 et
2702 960 2838 1014 aqua
2863 946 3136 1014 Ecclesia,
3173 950 3376 1004 corruit
3396 951 3481 1006 vir

1915 1043 2100 1089 contra
2126 1035 2345 1089 fratrem
2368 1052 2552 1100 suum,
2590 1045 2646 1092 et
2672 1039 2871 1108 ubique
2899 1038 3166 1094 discordia
3197 1050 3300 1106 est,
3333 1045 3481 1097 scin-

1915 1124 2163 1180 dentibus
2211 1125 2365 1180 nobis
2401 1127 2600 1182 Christi
2639 1130 2897 1192 tunicam,
2937 1143 3099 1199 quam
3139 1146 3239 1185 nec
3281 1132 3481 1188 milites

1916 1216 1969 1268 in
2001 1215 2256 1282 passione
2287 1214 2584 1272 Saivatoris
2607 1218 2854 1273 scindere
2881 1219 2998 1272 ausi
3027 1228 3185 1285 sunt,
3215 1229 3268 1274 et
3294 1228 3503 1276 conta--

1916 1302 2258 1360 bescentibus
2291 1306 2344 1358 in
2377 1305 2755 1374 iniquitatibus
2779 1312 3011 1376 nostris,
3046 1314 3175 1368 dum
3209 1314 3302 1369 Dei
3326 1314 3486 1383 justi-

1917 1394 2048 1448 tiam
2087 1409 2193 1448 non
2230 1395 2512 1451 habemus.
2545 1395 2928 1473 Scriptumiest
2959 1402 3014 1455 in
3056 1399 3313 1464 Ieremia,
3343 1406 3484 1473 quod

1922 1499 1939 1532 ‹
1977 1483 2206 1550 parvuli,
2239 1502 2257 1535 ι
2292 1484 2344 1537 id
2367 1494 2471 1550 est,
2493 1486 2688 1557 vulgus
2714 1472 2992 1554 Ecclesiae,
3033 1507 3054 1540 ι
3091 1472 3370 1559 petierunt
3392 1507 3485 1560 pu-

1917 1586 2060 1635 nem,
2101 1580 2154 1626 et
2184 1587 2289 1628 non
2321 1575 2484 1629 fuerit
2511 1577 2602 1644 qui
2642 1577 2721 1631 eis
2760 1576 3034 1646 frangeret
3074 1579 3288 1650 (Titi-en.
3327 1582 3420 1653 iv).
3459 1597 3480 1634 ι

1919 1663 2115 1720 Paulus
2153 1681 2311 1731 vero,
2347 1669 2438 1736 qui
2471 1669 2552 1722 vir
2580 1676 2724 1736 erat,
2765 1679 2825 1726 et
2859 1672 3064 1731 sciebat
3097 1665 3485 1744 Chrismm‘pa-

242 1750 359 1809 imo
380 1766 481 1806 nec
501 1752 842 1821 responderit
864 1763 1069 1808 castum
1092 1755 1293 1812 habere
1320 1769 1379 1808 se
1401 1769 1616 1823 corpus,
1646 1769 1820 1822 neque
1849 1833 1884 1836 _
1921 1771 2017 1812 nes
2047 1757 2269 1828 fregisse
2291 1759 2511 1829 legales,
2543 1777 2606 1817 ac
2630 1763 2841 1819 dedisse
2862 1765 3137 1835 discipulis
3166 1769 3485 1836 erogandos,

241 1843 623 1899 commistione
669 1844 969 1899 meretricis
1022 1845 1218 1900 debere
1270 1846 1552 1912 maculari,
1609 1848 1820 1902 dicente
1849 1833 1896 1895 Β
1921 1849 2162 1917 loquitur
2213 1850 2546 1927 confidenter

241 1930 508 1999 Apostolo
547 1950 563 1988 :
614 1951 633 1984 ι
677 1933 780 2003 Qui
821 1934 1061 1990 adhaeret
1100 1936 1394 2000 meretrici,
1428 1951 1594 1993 unum
1625 1950 1820 2005 corpus

241 2019 477 2076 efficitur
497 2021 553 2093 (ι
581 2020 704 2078 Cor.
749 2023 848 2094 vi).
893 2043 913 2077 ι
973 2024 1053 2083 Ex
1097 2039 1205 2095 quo
1249 2026 1550 2084 ostenditur
1594 2027 1819 2098 figuram

241 2109 416 2167 fuisse
447 2111 742 2184 Synagogae
769 2114 853 2169 vel
882 2114 1157 2180 Ecclesiae,
1195 2131 1302 2171 non
1339 2130 1468 2172 vere
1487 2116 1815 2192 juxtaqiltte-

244 2214 368 2253 ram
417 2210 803 2270 perpetratam.
847 2203 998 2270 Quod
1027 2205 1200 2274 ipsum
1222 2214 1550 2283 exponentes
1588 2206 1819 2276 prophe-

246 2299 359 2346 tam
396 2292 612 2362 plenius
643 2293 1016 2350 disseruimus.
1052 2294 1393 2355 Mertieinum
1423 2297 1639 2362 dicitur,
1678 2297 1818 2364 quod

249 2380 458 2451 absque
482 2381 742 2439 effusione
783 2385 1060 2454 sanguinis
1089 2386 1288 2441 amittit
1318 2386 1506 2452 vitam,
1543 2395 1598 2441 et
1627 2387 1685 2440 in
1712 2401 1820 2455 quo

244 2473 481 2527 moritur
501 2474 700 2528 anima.
726 2474 1045 2530 Laceratum
1067 2490 1098 2530 a
1119 2476 1327 2540 bestiis,
1355 2477 1496 2545 quod
1521 2475 1706 2532 Graece
1729 2491 1819 2546 ap-

246 2560 478 2630 pellatur
515 2552 852 2638 Θηριαλῶτον.
886 2563 1039 2631 Quod
1067 2573 1246 2622 autem
1282 2580 1384 2634 pro
1419 2566 1654 2621 humano
1685 2573 1822 2620 ster-

246 2664 378 2705 core
424 2651 586 2706 boum
629 2654 946 2709 conceditur
982 2653 1158 2718 limus,
1207 2653 1406 2709 leviora
1449 2653 1822 2724 significantur

247 2739 392 2794 mala
412 2778 428 2806 ,
456 2741 581 2794 dum
609 2742 868 2811 iubentur
895 2743 1114 2812 quidem
1141 2751 1354 2798 coctum
1380 2743 1434 2796 in
1461 2741 1659 2812 bubulo
1686 2751 1822 2797 ster-

249 2841 379 2884 core
430 2831 713 2885 comedere
758 2844 974 2899 panem,
1030 2832 1126 2886 sed
1176 2832 1244 2886 ab
1295 2830 1516 2899 humani
1567 2831 1822 2890 stercoris

248 2916 410 2988 longe
434 2933 555 2978 esse
584 2919 923 2976 immunditia
937 2930 1037 2984 ,κει
1052 2908 1231 2991 usque
1253 2922 1412 2980 hodie
1434 2921 1488 2974 in
1514 2920 1710 2991 populo
1729 2920 1821 2976 .iu-

252 3010 491 3066 decorum
537 3024 786 3067 servatur
833 3013 934 3068 ista
964 3013 1250 3077 sententia,
1295 3021 1357 3066 ut
1394 3026 1503 3066 non
1539 3011 1824 3066 comedam

249 3117 448 3173 panem
470 3119 626 3158 suum
650 3105 704 3158 in
731 3105 966 3158 humano
1001 3111 1260 3168 stercore,
1295 3116 1470 3171 neque
1494 3103 1646 3160 enim,
1662 3100 1820 3156 idolis

249 3193 524 3258 serviunt,
558 3208 656 3249 nec
690 3182 1166 3252 varia‘dazmonum
1198 3201 1443 3262 portenta
1473 3200 1820 3257 venerantur,

250 3285 347 3340 sed
384 3286 438 3338 in
472 3284 600 3340 fimo
627 3284 824 3339 bubulo
845 3324 861 3350 ,
892 3284 1020 3338 dum
1046 3285 1230 3338 omnia
1262 3291 1488 3358 propter
1517 3296 1736 3338 carnem
1764 3289 1820 3337 et

247 3382 519 3441 ventrem,
557 3383 612 3430 et
640 3383 798 3434 terrm
823 3375 982 3443 hujus
1008 3374 1152 3430 bona
1171 3385 1486 3445 operantur,
1522 3374 1818 3431 secundum

249 3465 398 3536 quod
447 3465 642 3521 dicitur
673 3483 686 3518 :
723 3483 742 3517 ι
771 3465 872 3532 Qui
903 3465 1094 3520 fecerit
1131 3479 1216 3530 ea,
1254 3465 1397 3518 vivet
1429 3465 1486 3519 in
1516 3467 1619 3529 eis,
1663 3482 1683 3516 ι
1723 3479 1821 3520 nos

251 3565 432 3609 autem
468 3562 683 3610 terrena
709 3555 1129 3623 contemnimus,
1165 3561 1223 3608 et
1256 3570 1364 3610 non
1394 3554 1566 3610 solum
1598 3555 1821 3610 humani

249 3646 508 3700 stercoris
544 3646 816 3704 calcamus
849 3648 1000 3703 cibos
1019 3687 1034 3714 ,
1060 3656 1116 3701 et
1148 3656 1393 3703 terrenas
1420 3647 1639 3703 delicias
1661 3657 1820 3718 puta-

247 3751 372 3790 mus
406 3749 524 3790 esse
549 3751 645 3804 pro
680 3726 991 3801 nihili,'sed
1037 3737 1368 3796 comedimus
1400 3750 1596 3803 panem
1627 3737 1719 3805 qui
1754 3736 1821 3790 de

249 3826 391 3878 ccelo
413 3825 708 3892 descendit,
722 3835 776 3879 et
799 3825 1030 3879 fruimur
1055 3825 1145 3880 illo
1163 3826 1286 3880 cibo
1327 3825 1393 3880 de
1416 3839 1522 3893 quo
1537 3824 1819 3880 Psalmista

249 3914 505 3969 decantat
536 3934 547 3968 :
582 3932 602 3966 ι
637 3915 834 3970 Panem
861 3915 1173 3987 angelorum
1199 3916 1432 3971 comedit
1455 3917 1616 3971 homo
1645 3914 1817 3986 (Paul.

249 4005 514 4078 Lxxvn),i
547 4021 887 4074 nequaquam
915 4004 1186 4077 Egyptiis
1207 4005 1481 4072 carnibus,
1495 4005 1590 4060 sed
1613 4020 1822 4061 mannae

251 4097 515 4160 tenuitate
537 4097 800 4152 viventes.

330 4202 347 4234 ι
384 4183 452 4238 Et
487 4185 622 4238 dixit
651 4185 716 4240 ad
759 4199 846 4242 me
871 4203 884 4238 :
914 4184 1018 4239 Fili
1044 4184 1310 4248 hominis,
1361 4199 1486 4241 ecce
1515 4201 1614 4254 ego
1643 4191 1824 4239 conte-

257 4295 274 4327 ι
311 4290 427 4330 ram
468 4276 719 4331 baculum
752 4277 908 4345 panis
948 4276 1002 4330 in
1046 4274 1401 4342 Hierusalem,
1449 4284 1503 4331 et
1541 4277 1823 4331 comedent

257 4389 275 4420 ι
313 4382 506 4439 panem
536 4368 592 4420 in
611 4367 869 4435 pondere,
905 4374 962 4421 et
989 4367 1041 4420 in
1066 4365 1446 4422 sollicitudine.
1473 4373 1527 4419 et
1552 4380 1744 4434 aquam
1767 4366 1821 4420 in

2600 1872 2613 1907 :
2668 1873 2689 1906 ι
2739 1854 2900 1911 Panis
2957 1871 3117 1926 quem
3161 1857 3484 1927 frangimus,

1923 1952 2103 1992 nonne
2139 1939 2558 1996 communicatio
2591 1944 2832 2012 corporis
2871 1943 3070 2000 Christi
3106 1948 3229 2002 est?
3258 1945 3320 2015 .(I
3360 1946 3484 2002 Cor.

1921 2025 1999 2097 χ).
2054 2045 2072 2077 ι
2113 2026 2472 2096 Baculumque
2497 2031 2579 2086 vel
2617 2030 2983 2088 fortitudinem
3016 2035 3172 2105 panis
3208 2037 3491 2091 comedere

1921 2129 2026 2170 non
2058 2124 2304 2185 possunt,
2337 2116 2430 2186 qui
2461 2111 2599 2172 lacte
2621 2118 2862 2175 infantiae
2893 2121 3153 2189 indigent,
3186 2137 3285 2177 nec
3310 2122 3490 2178 valent

1921 2203 2165 2273 accipere
2195 2203 2425 2258 solidum
2450 2204 2653 2261 cibum.
2695 2206 2947 2278 Nihilque
2973 2209 3048 2264 ita
3068 2211 3335 2266 vescentis
3364 2211 3488 2265 ani-

1920 2309 2067 2350 mum
2096 2295 2338 2360 roborat,
2362 2296 2630 2365 quomodo
2650 2298 2805 2367 panis
2828 2299 2973 2366 vitae,
2996 2300 3064 2356 de
3091 2314 3197 2370 quo
3225 2301 3487 2368 scriptum

1921 2392 2040 2439 est:
2079 2403 2098 2437 ι
2138 2385 2206 2441 Ει
2233 2386 2388 2456 panis
2410 2385 2692 2442 confirmat
2710 2402 2805 2444 cor
2828 2388 3079 2446 hominis.
3109 2407 3127 2442 ι

2541 2494 2780 2552 CAPUT
2800 2496 2866 2551 ν.

1921 2581 1991 2637 In
2012 2585 2228 2664 casuris
2253 2595 2300 2664 et
2333 2585 2719 2664 harba‘div‘ersa
2740 2588 2960 2664 judicia
2982 2592 3160 2664 populi
3189 2593 3489 2664 signiﬁcan-

2097 2663 2219 2718 tur;
2239 2663 2288 2707 et
2317 2655 2382 2710 de
2411 2655 2562 2712 malis
2585 2655 2779 2724 futuis
2811 2674 2968 2729 super
2982 2655 3305 2717 verum.

1997 2759 2018 2794 ι
2056 2741 2124 2798 Et
2153 2752 2230 2808 tu,
2260 2742 2361 2799 Fili
2389 2744 2654 2809 hominis,
2685 2761 2837 2803 sume
2871 2748 2968 2805 tibi
2997 2749 3230 2820 gladium
3267 2759 3484 2807 acutum

1926 2847 1948 2883 ι
1983 2833 2259 2888 radentem
2310 2831 2468 2903 pilos,
2513 2843 2567 2891 et
2612 2837 2836 2895 extrahe
2880 2854 2979 2909 per
3025 2850 3186 2910 caput
3231 2853 3401 2898 tuum.
3430 2855 3488 2901 et

1927 2941 1949 2977 ι
1988 2924 2209 2980 barbam
2238 2933 2417 2990 tuam,
2459 2934 2516 2988 et
2537 2942 2782 2985 assumes
2803 2929 2899 2989 tibi
2925 2938 3184 2988 stateram
3209 2935 3488 3004 ponderis,

1929 3031 1948 3065 ι
1986 3021 2053 3070 et
2077 3014 2281 3070 divides
2311 3030 2435 3082 eos,
2477 3017 2695 3075 tertiam
2720 3027 2930 3089 partem
2956 3022 3079 3093 igne
3112 3025 3394 3082 combures
3431 3027 3486 3081 in

1929 3123 1950 3158 ι
1984 3105 2161 3168 medio
2179 3106 2433 3172 civitatis,
2450 3103 2604 3175 juxta
2624 3109 3028 3177 completionem
3047 3113 3252 3168 dierum
3274 3116 3489 3172 conciu-

1847 3189 1894 3252 C
1929 3208 1948 3243 ι
1977 3192 2163 3255 sionis,
2191 3202 2246 3249 et
2266 3195 2704 3263 tertiampartem
2721 3197 3168 3269 concidesgladio
3185 3201 3238 3254 in
3253 3201 3482 3259 circuitu

1924 3299 1944 3332 ι
1976 3280 2108 3350 ejus.
2127 3281 2362 3336 Tertiam
2401 3296 2529 3338 vero
2569 3283 3121 3357 aliamdispergesin
3162 3297 3401 3355 ventum,
3431 3298 3486 3345 et

1926 3389 1945 3423 ι
1978 3372 2212 3444 gladium
2243 3372 2457 3428 nudabo
2480 3381 2601 3441 post
2640 3389 2753 3438 eos,
2798 3382 2853 3430 et
2886 3391 3069 3434 sumes
3111 3379 3232 3432 inde
3259 3394 3484 3449 parvum

1924 3483 1944 3518 ι
1976 3475 2350 3531 numerurn,et
2373 3449 2562 3536 iigabis
2587 3480 2680 3521 eos
2700 3467 2756 3520 in
2778 3467 3089 3522 summitate
3112 3467 3256 3536 pallii
3291 3470 3387 3522 tui.
3420 3469 3488 3524 Et

1925 3573 1944 3608 ι
1976 3558 2143 3616 exeis
2163 3571 2377 3612 rursum
2411 3555 2658 3622 tolies,et
2682 3555 2932 3627 proﬁcies
2961 3557 3015 3610 in
3040 3558 3217 3616 medio
3241 3559 3399 3628 ignis,
3431 3567 3488 3613 et

1925 3663 1942 3697 ι
1985 3645 2268 3702 combures
2327 3661 2418 3702 eos
2478 3648 2597 3716 igne
2626 3686 2640 3711 ,
2682 3657 2738 3708 et
2788 3662 2855 3704 ex
2910 3662 2974 3702 eo
3005 3649 3309 3718 egredietur
3346 3650 3486 3720 ignis

1923 3752 1943 3786 ι
1980 3735 2035 3791 in
2089 3750 2303 3790 omnem
2353 3737 2569 3790 domum
2618 3735 2802 3792 Israel.
2833 3754 2853 3789 ›
2901 3736 3191 3808 (Ηὶενογι.)
3244 3738 3302 3792 ιιι
3353 3754 3483 3794 con-

1918 3827 2264 3895 sequentibus
2308 3828 2531 3898 aenigma
2575 3828 2888 3898 capillorum
2930 3831 2984 3886 in
3025 3838 3134 3885 tres
3180 3839 3362 3900 partes
3403 3832 3486 3886 di»

1919 3916 2179 3981 visorum,
2217 3905 2331 3986 ipse
2367 3917 2628 3974 Dominus
2661 3917 2910 3974 edisserit
2937 3934 3033 3990 per
3062 3922 3377 3989 prophetam
3409 3922 3489 3976 di-

1921 4019 2050 4060 cens
2081 4023 2093 4057 :
2124 4024 2144 4055 σ
2173 4004 2352 4061 Tertia
2380 4007 2456 4061 tui
2484 4021 2608 4076 pars
2631 4015 2782 4076 peste
2805 4008 3086 4074 morietur,
3113 4018 3168 4063 et
3194 4011 3332 4065 fame
3353 4026 3485 4066 con-

1917 4105 2164 4150 sumetur
2199 4096 2250 4148 in
2283 4097 2458 4151 medio
2483 4096 2591 4167 tui;
2616 4115 2635 4148 ι
2667 4094 2862 4150 famem
2894 4107 2948 4152 et
2981 4099 3341 4167 pestilentiam
3365 4103 3486 4171 igne

1921 4196 2038 4237 esse
2069 4184 2393 4253 significans.
2430 4202 2448 4234 ι
2485 4183 2551 4238 Et
2585 4184 2744 4238 tertia
2770 4184 2850 4239 tui
2880 4200 3006 4255 pars
3049 4186 3229 4257 gladio
3256 4189 3413 4244 cadet
3433 4190 3486 4245 in

1922 4271 2147 4327 circuitu
2194 4281 2305 4331 tuo.
2370 4291 2389 4325 ι
2441 4272 2597 4328 Foris
2652 4273 2825 4330 caedes
2863 4289 2927 4329 ac
2977 4275 3114 4329 bella
3151 4262 3483 4339 describens.

1929 4378 1947 4410 ι
2004 4362 2235 4416 Tertiam
2280 4377 2433 4429 vero,
2491 4364 2687 4434 inquit,
2740 4373 2950 4434 partem
2993 4374 3140 4421 tuam
3178 4368 3231 4422 in
3270 4385 3481 4426 omnem

257 4480 275 4511 ι
316 4472 607 4521 mensura,
647 4467 701 4511 et
731 4457 783 4510 in
815 4457 1061 4526 angustia
1101 4457 1317 4522 bibent,
1355 4466 1414 4511 ut
1452 4456 1821 4512 deficientibus
1848 4519 1890 4527 _
1922 4457 2140 4504 Ventum
2192 4450 2519 4521 dispersam.
2561 4471 2581 4504 ³
2638 4465 2732 4507 808
2779 4467 2899 4508 8558
2945 4453 3338 4522 ἀθωοηεῑηηε,
3392 4461 3475 4527 qu’

257 4565 276 4597 ι
311 4561 448 4616 pane
465 4555 520 4600 et
537 4519 675 4614 aqua
701 4519 1384 4613 corruatunusquisque'ad
1407 4545 1626 4599 fratrem
1644 4559 1816 4607 suum,
1846 4519 1900 4578 D
1925 4540 2153 4596 ducendi
2181 4519 2306 4596 sunt
2332 4519 2793 4610 incaptivitatem.
2826 4540 2952 4598 Post
2987 4558 3123 4615 quos
3150 4559 3209 4600 se
3235 4519 3366 4602 dicit
3385 4519 3467 4602 nu-

257 4657 277 4689 ι
319 4647 376 4692 et
406 4637 784 4692 contabescant
819 4635 872 4689 in
902 4636 1276 4707 iniquitatibus
1309 4637 1439 4696 suis.
1472 4654 1490 4688 ι
1523 4635 1708 4691 Omnis
1742 4635 1818 4690 si—

251 4727 410 4782 nistri
459 4733 513 4781 et
559 4726 732 4780 dextri
759 4725 945 4779 lateris
971 4725 1240 4786 dormitio,
1275 4733 1332 4779 et
1359 4724 1701 4780 subcinericii
1728 4738 1822 4794 pa-

255 4820 380 4883 nis,
426 4832 627 4886 sexque
661 4815 962 4885 specierum
1007 4815 1268 4868 varietate
1323 4814 1592 4869 commisti
1634 4814 1820 4868 mundi

254 4908 398 4965 maia
442 4908 788 4978 significans:
821 4906 916 4961 illo
949 4906 1139 4971 tendit,
1183 4914 1244 4960 ut
1294 4905 1527 4961 inediam
1581 4907 1822 4960 ciborum

254 5001 311 5054 in
346 4997 676 5053 Hierusalem
704 5006 760 5051 et
786 5010 937 5067 aquae
975 4996 1256 5067 penuriam
1285 4995 1654 5052 incredibilem
1691 5009 1821 5065 pro-

257 5094 507 5141 testetur.
551 5102 571 5136 ι
611 5085 690 5140 ita
727 5094 787 5140 ut
826 5084 1192 5154 unusquisque
1230 5094 1448 5140 corruat
1487 5085 1553 5139 ad
1599 5085 1824 5140 fratrem

256 5190 440 5232 suum.
478 5193 498 5228 ›
530 5174 613 5229 Ab
641 5174 747 5230 alio
785 5174 1042 5229 auxilium
1084 5188 1329 5242 sperans,
1363 5173 1508 5245 quod
1535 5175 1591 5229 in
1621 5190 1680 5230 se
1704 5189 1825 5230 esse

255 5279 371 5322 non
407 5266 681 5335 praevidet.
719 5265 920 5320 Natura
955 5263 1100 5319 enim
1131 5264 1411 5319 hominum
1447 5274 1565 5329 est,
1609 5273 1668 5319 ut
1702 5279 1827 5333 pre-

255 5357 530 5415 mentibus
551 5358 707 5414 maiis
749 5365 804 5413 et
822 5355 1186 5428 angustiarum
1213 5356 1473 5424 pondere,
1498 5354 1551 5409 in
1576 5355 1824 5425 proximo

254 5448 434 5520 magis
471 5463 632 5524 quam
688 5452 744 5503 in
782 5464 847 5506 se
884 5433 1119 5504 habeant
1169 5446 1439 5502 fiduciam.
1499 5464 1518 5498 ι
1553 5446 1819 5502 Cantabe-

256 5543 524 5608 scufitque
559 5539 615 5592 in
647 5538 1019 5607 iniquitatibus
1048 5539 1178 5595 suis.
1216 5557 1234 5590 ι
1264 5540 1401 5594 Dum
1428 5554 1528 5609 pro
1570 5540 1824 5610 iniquita«

257 5627 406 5684 tibus
449 5635 643 5683 cuncta
687 5628 983 5697 patiuntur.
1032 5627 1340 5699 Vereorque
1390 5644 1458 5684 ne
1514 5630 1617 5684 ista
1667 5631 1823 5700 panis

258 5717 544 5785 contritio,
582 5724 637 5774 et
665 5718 779 5788 iam
811 5718 867 5774 in
907 5727 1090 5775 nostra
1121 5719 1425 5775 inveniatur
1458 5718 1814 5782 Hierusalem,

1924 4631 2054 4686 dare
2092 4630 2174 4685 vel
2199 4631 2470 4687 effundere
2506 4631 2740 4701 gladium
2764 4647 2935 4696 suum,
2970 4641 3030 4687 ut
3067 4648 3166 4689 nec
3195 4636 3468 4704 captivitai

1923 4723 2275 4779 novissimum
2300 4723 2370 4777 sit
2391 4723 2670 4785 maiorum,
2689 4737 3008 4792 sumereque
3033 4723 3098 4779 de
3121 4725 3251 4795 ipsis
3275 4725 3471 4794 disper-

1924 4813 2002 4867 sis
2029 4820 2189 4882 atque
2221 4811 2470 4880 captivis,
2502 4817 2559 4864 et
2582 4809 2753 4881 ligare
2776 4810 2832 4864 in
2857 4813 3168 4867 summitate
3196 4813 3342 4884 pallii
3373 4815 3472 4877 sui,

1922 4918 2017 4960 eos
2054 4904 2146 4974 qui
2177 4906 2242 4957 de
2278 4903 2587 4970 captivitate
2619 4901 2840 4960 redituri
2869 4910 2999 4958 sunt
3026 4903 3082 4959 in
3121 4903 3475 4972 Hierusalem,

1920 5005 1976 5051 et
2017 5010 2084 5049 ex
2125 4995 2255 5064 ipsis
2291 5009 2502 5063 quoque
2537 4992 2726 5049 tollere
2767 4993 3004 5064 aliquam
3043 5003 3251 5068 partem
3281 4997 3480 5067 etigne

1919 5083 2241 5154 flammaque
2276 5098 2614 5148 consumere,
2641 5083 2956 5154 significans
2981 5085 3340 5153 Macedonica,
3382 5086 3482 5142 sub

1920 5175 2116 5244 quibus
2157 5173 2489 5229 habitatores
2523 5171 2692 5238 Iudae,
2733 5180 2792 5230 et
2833 5174 3104 5245 praecipue
3149 5173 3480 5236 Hierusalem

1920 5270 2053 5325 dura
2085 5267 2327 5339 perpessi
2364 5277 2507 5323 sunt.
2539 5267 2693 5336 Quod
2723 5275 2906 5326 autem
2925 5269 3076 5333 dicit,
3103 5285 3168 5324 es
3192 5284 3274 5334 eo,
3303 5267 3355 5323 id
3376 5275 3478 5323 est.

1925 5359 2120 5430 populo
2141 5356 2469 5421 indecorum,
2508 5356 2621 5411 sive
2642 5353 2793 5424 juxta
2826 5354 3199 5427 Septuaginta,
3222 5372 3288 5410 ea:
3312 5371 3396 5421 ea,
3422 5362 3485 5410 ut

1927 5447 2276 5505 su'baudiatur
2337 5445 2471 5502 urbe
2535 5443 2853 5502 Jerusalem.
2914 5463 2935 5498 ι
2980 5445 3297 5516 Egredietur
3337 5443 3477 5515 ignis

1927 5541 1982 5594 in
2016 5552 2228 5593 omnem
2255 5537 2469 5591 domum
2496 5534 2678 5590 lsraei.
2720 5553 2739 5587 ι
2782 5533 3208 5593 Machabazorum
3249 5533 3473 5588 historia

1929 5634 2112 5684 narrat
2136 5623 2187 5696 (ι
2218 5625 2394 5679 Much.
2418 5639 2492 5688 ιι,
2525 5639 2607 5688 ιιι,
2637 5622 2711 5693 tv)
2743 5621 2884 5692 quod
2928 5621 3173 5693 quaedam
3214 5635 3340 5691 pars
3379 5618 3498 5673 Ju-~

1927 5719 2161 5772 decorum
2189 5731 2246 5770 se
2285 5711 2562 5770 tradiderit
2587 5712 2849 5768 Antiocho
2875 5711 3138 5782 Epiphani
3171 5719 3221 5766 et
3254 5724 3376 5765 eum
3406 5715 3472 5761 εισι
