3948 6340
466 377 572 434 699

1101 374 1160 426 Β.
1204 372 1452 427 BABANI
1487 371 1704 428 MAURI
1741 369 2057 427 ARCHIEP.
2097 369 2406 427 MOGUNT.
2444 371 2726 428 OPERUM
2762 370 2941 426 PARS
2979 370 3042 425 ll.

3612 369 3722 427 600

465 490 896 565 persecutionem
924 489 1107 559 populi
1133 489 1451 551 concitaret,
1483 499 1537 542 et
1566 486 1733 541 multa
1765 485 1891 552 alia,
1914 500 2034 556 qua:
2063 489 2110 545 Α
2140 484 2207 538 tis
2235 485 2466 555 cingitur
2512 485 2692 555 plaga,
2737 499 2855 553 quae
2883 482 3179 553 appellatur
3205 480 3351 536 Asia.
3389 481 3433 536 A
3478 484 3724 552 partibus

468 585 522 639 iu
546 583 733 640 eadem
767 580 1076 636 scribuntur
1096 579 1354 644 historia,
1395 587 1450 634 et
1482 579 1534 632 in
1566 577 1782 646 Josephi
1809 576 2036 630 volumi-

466 675 626 730 nibus
674 672 1048 742 praecipueque
1084 670 1417 725 dissensione
1449 668 1682 738 Hyrcani
1711 675 1767 721 et
1805 665 2037 720 Alexan-

469 764 550 817 dri
587 803 601 825 ,
665 777 764 833 per
819 776 1046 831 quorum
1112 760 1449 816 occasionem
1500 758 1688 813 consul
1752 757 2038 826 Pompeius

467 850 762 907 Jerusalem
808 851 973 921 cepit,
999 859 1052 904 et
1101 849 1358 904 Romamn
1410 848 1598 902 ditioni
1629 847 1886 917 subdidit,
1919 862 2039 916 qum

468 948 658 1008 postea
706 939 807 994 sub
854 938 978 992 Tito
1028 948 1084 992 et
1115 937 1443 1007 Vespasiano
1492 938 1621 990 urbs
1667 945 1848 1006 capta,
1905 944 2041 989 tem-

467 1030 723 1100 plumque
747 1028 1082 1084 subversum.
1108 1029 1173 1084 Et
1194 1037 1316 1098 post
1335 1027 1720 1097 quinquaginta
1747 1041 1918 1081 annos
1939 1025 2039 1080 sub

466 1120 616 1175 Ailio
639 1119 879 1174 Adriano
901 1135 1074 1189 usque
1105 1121 1172 1174 ad
1195 1119 1368 1174 solum
1394 1119 1616 1173 incensa
1648 1117 1841 1172 civitas
1877 1125 2041 1184 atque

473 1211 646 1266 deleta
673 1217 787 1274 est,
817 1211 891 1264 ita
910 1218 972 1264 ut
994 1210 1282 1280 pristinum
1313 1223 1529 1278 quoque
1557 1223 1753 1262 nomen
1777 1207 2036 1262 amiserit.

469 1296 749 1368 Quomodo
778 1311 954 1355 autem
984 1301 1038 1354 in
1074 1297 1300 1354 caesarie
1336 1307 1392 1353 et
1420 1297 1588 1352 barba
1626 1295 2042 1367 pulchritudinis

471 1407 536 1446 ac
556 1390 830 1445 virilitatis
848 1389 1104 1443 indicium
1133 1396 1238 1452 est,
1261 1401 1388 1456 qua
1408 1387 1451 1440 si
1475 1386 1751 1461 radantur,
1777 1383 1921 1439 foeda
1945 1399 2043 1437 nu-

470 1483 614 1536 ditas
655 1488 902 1550 apparet,
954 1487 1010 1533 et
1045 1477 1282 1532 universi
1335 1475 1580 1546 corporis
1609 1489 1734 1544 pars
1762 1481 2004 1528 extrema
2027 1513 2042 1539 ,

470 1580 637 1640 atque
661 1579 722 1624 ut
760 1569 833 1624 ita
865 1569 1040 1625 dicam
1063 1575 1309 1622 emortua
1345 1566 1398 1620 in
1426 1565 1634 1636 capillis
1660 1580 1727 1619 ac
1757 1565 1881 1633 pilis
1918 1572 2002 1618 est
2028 1581 2042 1617 :

470 1664 547 1718 ita
592 1660 890 1718 Jerusalem
928 1667 984 1714 et
1033 1657 1260 1729 populus
1301 1655 1418 1726 ejus
1450 1666 1730 1712 emortuus
1765 1669 1819 1709 et
1855 1669 1887 1708 a
1925 1654 2047 1708 vivo

470 1754 562 1810 Dei
611 1768 839 1823 corpore
879 1759 1162 1822 separatus
1206 1751 1336 1804 fami
1367 1765 1431 1805 ac
1457 1748 1799 1819 pestilentiae,
1822 1745 1954 1802 caedi
1994 1753 2049 1800 et

2135 575 2454 636 occidentis,
2487 573 2602 642 ejus
2633 589 2752 642 qum
2799 583 3023 627 vocatur
3065 572 3296 640 Europa.
3334 571 3378 625 A
3416 572 3636 626 meridie
3665 583 3725 628 et

2135 676 2341 729 austro,
2357 665 2522 734 Libya
2539 673 2592 719 et
2607 664 2805 718 Africa.
2824 663 2866 717 Α
2881 663 3263 732 septentrione,
3279 660 3516 734 Scythis,
3530 662 3726 717 Arme-

2135 754 2223 807 nia
2253 761 2414 822 atque
2435 752 2672 816 Perside,
2700 761 2755 807 et
2778 753 2983 808 cunctis
3004 752 3160 809 Ponti
3185 755 3508 809 nationibus.
3525 755 3580 808 ln
3615 769 3732 808 me-

2137 844 2226 900 dio
2263 844 2426 912 igitur
2472 844 2709 912 gentium
2756 844 2931 913 posita
2960 853 3075 908 est,
3107 853 3170 899 ut
3195 846 3320 914 quia
3354 864 3372 896 ι
3411 855 3570 902 notus
3608 858 3731 900 erat

2137 933 2192 988 in
2236 931 2416 987 Iudaea
2463 933 2623 995 Deus,
2650 933 2700 986 in
2740 932 2900 987 Israel
2934 948 3187 1004 magnum
3237 948 3431 989 nomen
3460 935 3576 1002 ejus
3604 934 3726 998 (Ps.

2139 1019 2324 1091 Lxxv),
2346 1040 2365 1072 ι
2398 1035 2589 1075 omnes
2619 1022 2670 1074 in
2716 1021 2944 1076 circuitu
2993 1021 3239 1076 nationes
3266 1021 3410 1076 illius
3437 1036 3738 1091 sequeren-

2140 1118 2230 1165 tur
2255 1109 2522 1181 exempla,
2550 1126 2669 1180 qua:
2695 1112 2932 1182 gentium
2955 1113 3100 1166 circa
3129 1125 3187 1166 se
3211 1113 3510 1181 positarum
3540 1113 3740 1182 impie-

2141 1208 2307 1256 tatem
2332 1208 2518 1256 secuta
2543 1200 2673 1255 vicit
2699 1201 2863 1254 etiam
2891 1201 3037 1269 ipsas
3062 1201 3115 1255 in
3144 1201 3346 1257 scelere
3373 1217 3492 1256 suo.

2217 1310 2238 1344 ι
2272 1291 2478 1347 Idcirco
2508 1292 2625 1346 haec
2649 1291 2780 1346 dicit
2805 1291 3066 1346 Dominus
3085 1290 3250 1356 Deus,
3274 1291 3400 1362 quia
3431 1289 3738 1360 superastis

2149 1399 2168 1433 ι
2214 1391 2422 1452 gentes,
2453 1396 2577 1452 qua:
2621 1383 2677 1436 in
2703 1382 2935 1437 circuitu
2976 1390 3158 1436 vestro
3184 1391 3330 1446 sunt,
3363 1382 3417 1436 in
3447 1381 3742 1452 praceptis

2149 1494 2168 1528 ι
2210 1475 2346 1529 meis
2375 1488 2484 1528 non
2513 1473 2862 1537 ambulastis,
2891 1481 2948 1527 et
2978 1470 3186 1540 judicia
3215 1487 3333 1527 mea
3366 1487 3472 1527 non
3501 1471 3737 1537 fecistis,

2153 1586 2171 1620 ι
2212 1576 2266 1623 et
2286 1567 2443 1636 juxta
2485 1566 2690 1637 judicia
2733 1566 2994 1637 gentium,
3030 1581 3149 1634 qua:
3192 1565 3247 1619 in
3289 1564 3519 1620 circuitu
3544 1573 3742 1618 vestro

2153 1678 2172 1711 α
2214 1669 2360 1725 sunt,
2382 1673 2491 1713 non
2534 1657 2666 1713 estis
2710 1657 2938 1726 operati.
2987 1656 3111 1712 Ideo
3156 1657 3272 1711 haec
3311 1657 3442 1712 dicit
3470 1656 3740 1712 Dominus

2154 1770 2173 1805 ι
2219 1753 2388 1807 Deus:
2407 1751 2546 1806 Ecce
2560 1763 2659 1821 ego
2683 1749 2751 1804 ad
2771 1758 2845 1814 te,
2863 1757 2919 1803 et
2937 1748 3049 1818 ipse
3061 1763 3160 1819 ego
3177 1747 3372 1804 faciam
3393 1747 3448 1802 in
3461 1747 3640 1802 medio
3662 1747 3744 1802 tui

471 1845 671 1915 gladio,
695 1842 992 1913 captivitati
1045 1856 1110 1896 ae
1135 1839 1476 1909 dispersioni,
1525 1838 1774 1893 traditur.
1817 1837 1894 1891 De
1942 1849 2048 1904 qua
2078 1828 2124 1886 Β
2157 1863 2177 1897 ι
2215 1843 2419 1914 judicia
2458 1844 2511 1897 in
2551 1841 2720 1898 oculis
2762 1841 3035 1912 gentium,
3083 1850 3140 1894 et
3177 1840 3374 1895 faciam
3420 1839 3474 1894 in
3519 1848 3573 1894 te
3615 1854 3748 1909 qua

471 1937 805 2005 dispersione
836 1935 936 1991 sub
963 1934 1132 2006 ﬁgura
1157 1933 1472 2003 capillorum
1497 1933 1673 2002 aliqua
1699 1945 1828 2000 pars
1855 1930 2053 2001 ligatur

473 2027 526 2081 in
555 2027 864 2082 summitate
890 2026 1036 2095 pallii
1066 2035 1124 2080 ut
1168 2025 1435 2079 modicum
1465 2023 1593 2094 quid
1621 2038 1837 2077 rursum
1868 2021 2052 2075 trada-

473 2127 563 2170 tur
583 2117 848 2171 incendio.
875 2115 950 2170 De
969 2130 1073 2184 quo
1096 2113 1304 2169 inﬁnita
1325 2112 1541 2168 ﬂamina
1561 2128 1624 2168 ac
1643 2127 1782 2183 pene
1802 2111 2052 2166 universa

475 2210 765 2263 devastans
788 2207 1065 2278 egreditur
1103 2207 1156 2261 in
1191 2219 1408 2261 omnem
1436 2206 1652 2260 domum
1684 2202 1866 2259 Israel.
1899 2202 2055 2270 Quod

468 2301 624 2371 juxta
657 2300 945 2370 mysticum
972 2312 1189 2354 sensum
1230 2297 1390 2352 aliter
1427 2297 1648 2367 intelligi
1676 2303 1875 2365 potest.
1920 2293 2054 2348 Nam

481 2396 538 2443 et
574 2389 627 2442 in
657 2386 759 2441 Job
799 2387 875 2441 ita
903 2387 1166 2456 scriptum
1193 2385 1389 2456 legitur
1412 2383 1587 2455 (Greg.
1620 2384 1835 2448 March,
1868 2383 1959 2436 lib.
1993 2399 2053 2448 ιι,

476 2495 526 2532 'c.
560 2478 648 2543 29,
676 2475 792 2548 50.)
826 2494 845 2526 ι
878 2476 940 2531 Et
973 2484 1130 2530 tonso
1158 2476 1331 2545 capite
1358 2490 1618 2530 corruens
1657 2475 1711 2529 in
1739 2482 1885 2529 terra
1927 2473 2057 2528 ado-

476 2570 618 2623 ravit
663 2567 806 2640 (Job.
835 2567 898 2638 ι).
927 2586 946 2620 ι
981 2567 1118 2634 Quid
1163 2582 1263 2637 per
1302 2565 1511 2622 decisos
1559 2566 1812 2636 capillos,
1841 2565 1945 2621 nisi
1971 2580 2058 2620 sa-

477 2666 877 2714 cramentorum
915 2656 1218 2712 subtilitas?
1240 2657 1377 2723 Quid
1406 2671 1502 2726 per
1525 2664 1688 2725 caput
1712 2655 1816 2710 nisi
1848 2670 2058 2711 summa

476 2747 765 2803 sacerdotii
810 2745 1158 2816 designatur?
1208 2745 1362 2802 Unde
1392 2755 1448 2802 et
1474 2748 1542 2801 ad
1569 2747 1903 2802 Ezechielem
1934 2762 2058 2817 pro-

473 2840 695 2909 phetam
719 2837 916 2893 dicitur
940 2855 953 2890 :
984 2855 1002 2888 ι
1036 2835 1137 2901 Tu,
1166 2837 1238 2890 ﬁli
1261 2837 1686 2901 hominis,sume
1707 2836 1803 2891 tibi
1825 2836 2057 2908 gladiuin

476 2924 694 2984 acutum
740 2931 1019 2984 radentem
1058 2929 1215 2999 pilos,
1244 2937 1299 2984 et
1337 2944 1581 2984 assumes
1627 2944 1770 2994 eum,
1802 2938 1858 2984 et
1895 2929 2059 2984 duces

475 3035 578 3089 per
611 3028 776 3088 caput
812 3029 960 3073 tuum
993 3028 1046 3074 et
1069 3019 1313 3075 barbam.
1359 3039 1378 3072 ι
1411 3019 1484 3075 Ut
1512 3020 1757 3075 videlicet
1784 3022 2059 3091 prophetae

478 3110 625 3164 facto
676 3110 938 3180 judicium
981 3109 1358 3181 Redemptoris
1403 3111 1760 3181 exprimatur.
1839 3111 1942 3179 Qui
2002 3113 2057 3167 in

478 3195 644 3258 carne
672 3216 939 3270 apparens
981 3209 1141 3272 caput
1168 3203 1318 3268 rasit,
1347 3203 1471 3272 quia
1521 3218 1743 3274 regnum
1785 3201 2057 3258 lsraelita-

478 3309 600 3348 rum
627 3293 898 3356 deserens,
924 3291 1174 3347 decorem
1195 3293 1410 3349 virtutis
1429 3293 1546 3363 ejus
1572 3294 1887 3364 amputavit.
1919 3293 2060 3361 Quid

479 3398 610 3438 vero
638 3383 739 3437 hoc
765 3384 884 3436 loco
910 3396 1008 3451 per
1035 3391 1256 3448 terram,
1283 3383 1387 3438 nisi
1429 3391 1682 3453 peccator
1709 3383 2064 3453 exprimitur?

482 3475 664 3529 Primo
703 3476 916 3545 quippe
938 3474 1184 3544 peccanti
1213 3475 1416 3529 homini
1447 3476 1650 3530 dictum
1694 3483 1776 3529 est
1801 3494 1813 3528 :
1843 3493 1862 3526 ε
1894 3474 2062 3530 Terra

480 3579 563 3629 es,
591 3573 645 3618 et
673 3565 728 3618 in
755 3572 954 3619 terram
977 3565 1100 3620 ibis.
1127 3583 1146 3616 ι
1179 3564 1361 3620 Terrae
1389 3579 1518 3636 ergo
1546 3567 1763 3620 nomine
1792 3566 2065 3635 peccatrix

483 3655 754 3722 gentilitas
794 3643 1140 3724 designatur?
1184 3653 1318 3709 Nam
1362 3655 1486 3711 cum
1524 3655 1726 3724 justam
1774 3655 1956 3711 Judaza
2005 3670 2066 3712 se

483 3745 751 3809 crederet,
781 3753 994 3799 constat
1022 3760 1184 3814 quam
1211 3747 1439 3815 reproba
1464 3748 1530 3802 de
1559 3747 1855 3819 gentilitate
1895 3747 2062 3802 senti-

484 3842 587 3888 ret.
620 3832 785 3887 Paulo
806 3842 1112 3899 attestante,
1147 3836 1235 3903 qui
1263 3836 1340 3890 ait
1365 3855 1376 3889 :
1407 3856 1424 3889 ι
1462 3836 1570 3892 Nos
1596 3838 1789 3892 natura
1819 3835 1987 3893 Judaei
2011 3846 2066 3894 et

483 3939 592 3978 non
619 3939 684 3978 ex
709 3924 955 3994 gentibus
982 3933 1294 3994 peccatores
1331 3926 1473 3997 (Gal.
1503 3927 1585 3998 ιι).
1610 3946 1628 3980 ι
1665 3928 1926 3984 Mediator
1964 3945 2064 3984 no-

483 4024 596 4071 ster
637 4016 791 4086 quasi
833 4017 1058 4072 detonso
1100 4018 1277 4088 capite
1325 4018 1380 4072 in
1425 4027 1627 4072 terram
1662 4020 1867 4074 corruit
1899 4039 1912 4074 :
1939 4021 2064 4089 quia

490 4106 724 4163 Judaam
748 4107 1003 4164 deserens
1027 4108 1152 4164 dum
1173 4120 1513 4166 sacramenta
1542 4127 1636 4166 sua
1663 4111 1730 4166 ab
1750 4112 1868 4182 ejus
1890 4129 2069 4168 sacer-

484 4199 635 4252 dotio
663 4199 908 4267 abstulit,
934 4187 1002 4253 ad
1048 4200 1295 4255 notitiam
1331 4202 1607 4271 gentilium
1639 4204 1822 4268 venit;
1847 4204 2069 4272 capillos

489 4289 632 4343 enim
660 4290 890 4359 acapite
941 4291 1094 4356 rasit,
1121 4292 1246 4359 quia
1291 4301 1631 4349 sacramenta
1679 4293 1813 4363 legis
1863 4294 1930 4348 ab
1977 4294 2068 4348 illo

489 4380 666 4450 primo
699 4395 797 4436 suo
835 4381 1138 4436 sacerdotio
1167 4382 1419 4437 sustulit-z
1443 4392 1498 4439 et
1528 4385 1582 4438 in
1612 4381 1811 4438 terram
1839 4386 2064 4452 corruit,

489 4473 617 4540 quia
666 4472 939 4528 salvandis
986 4487 1045 4528 se
1083 4475 1452 4543 peccatoribus
1490 4475 1658 4541 dedit,
1711 4477 1945 4546 dumque
1971 4491 2066 4532 eos

490 4563 582 4631 qui
610 4561 710 4617 sibi
731 4561 864 4630 justi
885 4563 1205 4618 videbantur
1229 4565 1487 4631 deseruit,
1527 4566 1626 4621 hos
1648 4567 1820 4636 quise
1844 4567 2069 4637 injustos

491 4662 546 4706 et
577 4661 841 4708 noverant
863 4661 917 4707 et
943 4651 1252 4709 fatebantur
1273 4656 1581 4724 assumpsit.
1613 4655 1902 4726 Sequitur:

568 4760 593 4794 ‹
624 4742 750 4796 Haec
797 4742 926 4796 dicit
967 4742 1224 4800 Dominus
1252 4743 1394 4799 Deus
1437 4761 1450 4799 :
1488 4745 1596 4800 Ista
1628 4754 1712 4802 est
1749 4744 2067 4810 Jerusalem,

500 4850 518 4882 ι
563 4831 619 4885 in
661 4831 839 4887 medio
887 4833 1126 4904 gentium
1168 4836 1322 4904 posui
1360 4849 1498 4900 eam,
1526 4845 1580 4890 et
1611 4837 1666 4890 in
1699 4835 1926 4891 circuitu
1954 4836 2071 4905 ejIIs

501 4941 517 4972 ι
564 4930 755 4986 terras,
778 4930 833 4976 et
867 4924 1192 4993 contempsit
1238 4922 1440 4992 judicia
1483 4941 1624 4992 mea,
1663 4934 1724 4980 ut
1768 4926 1888 4996 plus
1927 4937 2072 4983 esset

503 5037 521 5066 ε
562 5010 726 5080 impia
763 5026 925 5080 quam
953 5021 1158 5082 gentes,
1189 5021 1244 5067 et
1284 5023 1549 5083 praecepta
1582 5029 1700 5070 mea
1729 5016 1868 5070 ultra
1910 5033 2070 5086 quam

496 5118 514 5150 ι
567 5109 746 5166 teme,
773 5116 893 5170 quae
913 5101 964 5155 in
991 5103 1217 5157 circuitu
1240 5104 1356 5173 ejus
1383 5113 1526 5159 sunt.
1557 5105 1762 5162 Judicia
1786 5109 1927 5162 enim
1955 5123 2073 5164 mea

508 5210 524 5239 ε
567 5189 925 5259 projecerunt,
957 5199 1011 5245 et
1049 5191 1102 5245 in
1145 5193 1426 5262 praeceptis
1450 5194 1584 5248 meis
1620 5210 1726 5249 nox.
1764 5197 2071 5252 ambulave—

506 5297 522 5328 ι
570 5287 713 5331 runt.
728 5299 747 5330 ι
767 5277 1344 5351 (Ματαιμθηιεειεηι
1360 5282 1413 5334 in
1429 5282 1605 5337 medio
1617 5284 1799 5339 mundi
1814 5272 1970 5339 sitam
1986 5285 2076 5339 hic

501 5369 640 5424 idem
658 5371 916 5439 propheta
935 5378 1177 5435 testatur,
1198 5372 1510 5427 umbilicum
1533 5381 1688 5428 terra:
1703 5389 1820 5428 eam
1834 5389 1962 5429 esse
1983 5375 2074 5430 de-

502 5468 828 5514 monstrans.
861 5460 928 5513 Et
965 5459 1246 5515 Psalmista
1276 5463 1608 5516 nativitatem
1636 5464 1945 5532 exprimens
1971 5464 2075 5518 Do-

503 5549 632 5601 mini
655 5564 667 5599 :
699 5567 716 5598 σ
740 5547 975 5615 Veritas,
999 5550 1191 5620 inquit,
1209 5551 1274 5604 de
1295 5560 1436 5605 terra
1457 5561 1574 5606 orta
1595 5562 1678 5606 est
1695 5550 2034 5623 ('PsJJXXIV).
2051 5574 2069 5606 ι

506 5638 576 5695 Λα
608 5638 859 5709 deinceps
887 5642 1188 5709 passionem
1217 5659 1229 5693 :
1262 5660 1279 5691 ‹
1314 5639 1577 5709 Operat-us
1598 5649 1698 5706 est,
1724 5643 1822 5706 ait,
1848 5644 2072 5696 salutem

509 5724 560 5788 tu
591 5731 763 5790 medio
794 5742 946 5787 teme
970 5731 1080 5804 (Ps.
1113 5735 1322 5801 Lxxm).
1349 5753 1366 5784 ›
1390 5733 1432 5785 Α
1463 5734 1703 5802 partibus
1732 5736 1872 5792 enim
1898 5737 2075 5790 orien-

2095 4530 2146 4588 D

2159 1952 2178 1985 ι
2224 1949 2329 1990 non
2354 1934 2480 1998 feci,
2496 1942 2552 1987 et
2569 1933 2765 2002 quibus
2776 1930 2974 1986 similia
2996 1929 3136 1984 ultra
3151 1945 3257 1985 non
3279 1929 3497 1994 faciam,
3516 1938 3747 1999 propter

2160 2045 2179 2079 ε
2219 2039 2410 2082 omnes
2437 2023 2866 2080 abominationes
2907 2031 3050 2076 tuas.
3091 2040 3110 2072 ι
3143 2019 3301 2086 Quid,
3328 2019 3522 2090 inquit,
3548 2033 3750 2074 causer

2155 2119 2297 2191 quod
2324 2118 2377 2174 in
2400 2116 2682 2190 praeceptis
2709 2115 2845 2170 meis
2869 2129 2978 2169 non
3005 2112 3430 2178 ambulaveritis,
3461 2121 3519 2167 et
3535 2112 3748 2183 judicia

2155 2224 2276 2265 mea
2301 2223 2410 2264 non
2436 2207 2697 2271 feceritis,
2724 2220 2847 2262 cum
2873 2204 3041 2260 etiam
3064 2218 3254 2259 omnes
3279 2203 3332 2258 in
3376 2203 3610 2259 circuitu
3640 2218 3749 2258 na-

2156 2301 2333 2356 tiones
2361 2298 2603 2355 viceritis
2633 2297 2838 2352 scelere
2864 2303 3068 2360 vestro,
3099 2304 3155 2353 et
3189 2309 3297 2349 non
3341 2292 3582 2349 feceritis
3624 2308 3752 2363 qua:

2156 2392 2234 2447 illi
2271 2389 2502 2445 naturali
2529 2389 2645 2459 lege
2683 2387 2883 2457 scripta
2910 2387 2967 2441 in
2998 2385 3250 2441 cordibus
3284 2387 3398 2440 suis
3433 2399 3575 2454 saepe
3603 2383 3753 2439 fece-

2158 2480 2328 2537 runt?
2373 2479 2580 2536 idcirco
2625 2493 2732 2533 non
2777 2493 2878 2548 per
2901 2475 3142 2547 angelos,
3189 2491 3366 2545 neque
3398 2490 3498 2546 per
3538 2474 3754 2544 aliquos

2159 2572 2461 2635 ministros,
2489 2569 2584 2626 sed
2615 2569 2732 2640 ipse
2758 2582 2857 2640 ego
2885 2567 2940 2622 in
2974 2576 3027 2622 te
3065 2565 3263 2621 faciam
3290 2565 3493 2636 judicia
3521 2580 3638 2619 mea
3663 2565 3752 2619 vi-

2161 2662 2411 2717 dentibus
2436 2660 2686 2724 'cuuctis,
2717 2674 2836 2729 qum
2883 2665 3010 2712 ante
3061 2670 3169 2712 nou
3212 2655 3314 2711 feci
3361 2665 3418 2710 et
3459 2655 3600 2710 ultra
3641 2671 3753 2711 non

2159 2752 2375 2808 faciam.
2413 2751 2609 2806 Dicens
2637 2758 2818 2804 autem
2842 2748 3046 2820 judicia
3082 2748 3320 2804 ostendit
3347 2748 3629 2803 sententia:
3653 2762 3755 2802 ve-

2160 2841 2398 2906 ritatem,
2421 2856 2491 2896 ne
2521 2839 2599 2894 ira
2632 2853 2942 2894 mensuram
2979 2852 3260 2908 pinnarum
3301 2837 3550 2892 videatur
3590 2851 3756 2892 exce-

2161 2932 2309 2987 dere.
2341 2929 2452 2986 Nec
2477 2929 2606 2986 fecit
2647 2931 2703 2984 in
2748 2929 2857 2984 ulla
2888 2930 3107 2985 natione
3136 2928 3286 2996 talia,
3312 2929 3492 2999 qualia
3535 2929 3664 2984 fecit
3694 2930 3754 2983 in

2160 3021 2456 3080 Jerusalem
2481 3039 2495 3077 :
2526 3043 2544 3076 ι
2571 3023 2707 3090 Quia
2729 3040 2918 3080 servus
2943 3064 2958 3090 ,
2985 3024 3078 3095 qui
3109 3026 3258 3080 novit
3280 3024 3613 3080 voluntatem
3652 3025 3754 3080 do-

2162 3115 2294 3169 mini
2316 3115 2419 3180 sui,
2447 3122 2502 3169 et
2522 3129 2630 3169 non
2654 3115 2783 3171 facit
2809 3129 2948 3179 eam,
2966 3113 3240 3184 vapulabit
3263 3114 3447 3168 multis
3461 3112 3610 3183 (Luc.
3628 3113 3754 3182 xu);

2163 3214 2513 3277 potentesque
2551 3214 2798 3277 potenter
2827 3214 3094 3262 tormenta
3123 3202 3400 3276 patientur
3427 3204 3580 3276 (Sap.
3604 3196 3701 3275 vi).
3731 3225 3752 3259 ι

2238 3316 2258 3350 ι
2292 3298 2360 3352 Et
2397 3298 2612 3364 similia,
2653 3300 2848 3369 inquit,
2878 3299 3021 3354 ultra
3065 3315 3173 3355 non
3222 3299 3442 3354 faciam.
3475 3318 3495 3351 ι
3525 3299 3760 3354 Pulchre

2163 3386 2299 3443 dixit
2327 3406 2346 3440 ι
2378 3388 2576 3443 similia
2605 3403 2710 3444 non
2742 3388 2957 3444 faciam.
2982 3408 3000 3443 ι
3029 3388 3194 3444 Multo
3235 3389 3381 3444 enim
3424 3400 3546 3460 post
3587 3389 3761 3445 inter—

2164 3477 2453 3534 fectionem
2495 3478 2728 3542 Christi,
2756 3479 2976 3534 duriora
3023 3477 3265 3534 facturus
3309 3487 3413 3534 est.
3464 3479 3626 3533 Aliud
3670 3488 3760 3534 est

2165 3570 2308 3624 enim
2339 3569 2608 3625 interdum
2637 3567 2868 3624 coluisse
2905 3568 3070 3633 idola,
3095 3577 3322 3638 propter
3350 3583 3472 3641 quas
3489 3576 3626 3623 ante
3649 3582 3757 3637 pu-

2164 3660 2263 3714 niti
2289 3668 2442 3724 sunt;
2470 3669 2526 3714 et
2552 3659 2695 3714 aliud
2721 3659 2817 3713 Dei
2845 3658 3043 3714 Filium
3069 3660 3394 3731 trucidasse.

2242 3769 2260 3800 ι
2298 3749 2503 3807 idcirco
2528 3758 2714 3818 patres
2758 3747 3044 3804 comedent
3088 3748 3229 3803 ﬁlios
3265 3749 3319 3804 in
3363 3750 3544 3806 medio
3575 3751 3670 3816 tui,
3698 3759 3760 3807 et

2172 3856 2191 3888 ι
2235 3839 2329 3893 ﬁlii
2368 3840 2652 3894 comedent
2689 3848 2870 3908 patres
2916 3855 3076 3906 suos,
3121 3848 3176 3894 et
3214 3838 3410 3895 faciam
3452 3842 3506 3896 in
3536 3851 3590 3898 te
3608 3842 3756 3911 judi-

2172 3948 2191 3981 ι
2237 3931 2340 3986 cia.
2390 3931 2458 3984 Et
2502 3931 2772 3985 ventilabo
2796 3932 3076 3986 universas
3106 3931 3364 4001 reliquias
3403 3941 3522 3987 tuas
3551 3934 3603 3987 in
3636 3949 3755 3989 om-

2174 4043 2193 4075 ‹
2235 4035 2360 4079 nem
2389 4033 2627 4079 ventum.
2653 4041 2670 4074 ι
2702 4022 2784 4077 Ad
2821 4023 2876 4077 id
2903 4025 3047 4092 quod
3084 4038 3245 4093 supra
3279 4025 3525 4080 dixerat:
3559 4045 3577 4076 ε
3613 4025 3754 4094 Qui:

2168 4119 2460 4189 superastis
2486 4127 2825 4188 gentes,qua3
2846 4119 2900 4173 in
2924 4119 3151 4174 circuitu
3178 4127 3360 4175 vestro
3382 4128 3527 4186 sunt,
3543 4122 3596 4175 in
3614 4136 3757 4191 prae-

2168 4211 2338 4279 ceptis
2357 4210 2492 4265 meis
2524 4225 2628 4264 non
2653 4209 2990 4276 ambulastis,
3016 4219 3070 4264 et
3085 4208 3289 4278 judicia
3316 4226 3436 4266 mea
3463 4227 3569 4265 non
3594 4211 3758 4266 fecis-

2170 4301 2259 4366 tis,
2283 4320 2300 4352 »
2331 4302 2491 4356 tertio
2515 4301 2696 4356 retulit
2717 4303 2852 4356 ideo.
2877 4302 3116 4356 Primum
3141 4303 3213 4357 ita
3242 4321 3255 4357 :
3289 4321 3307 4354 ι
3334 4303 3458 4359 Ideo
3479 4304 3594 4358 haec
3623 4303 3757 4359 dicit

2171 4392 2427 4445 Dominus
2470 4393 2611 4445 Deus
2637 4409 2650 4444 :
2676 4391 2816 4446 Ecce
2854 4405 2954 4462 ego
2994 4391 3060 4444 ad
3090 4398 3143 4445 te
3163 4432 3176 4456 ,
3205 4392 3319 4462 ipse
3346 4407 3444 4461 ego
3474 4391 3669 4446 faciam
3697 4392 3754 4447 in

2173 4480 2349 4534 medio
2395 4480 2469 4532 tui
2513 4478 2735 4547 judicia.
2760 4500 2779 4532 ι
2815 4480 3099 4534 Secundo:
3132 4499 3150 4531 ι
3183 4481 3306 4536 ideo
3351 4488 3535 4551 patres
3576 4496 3757 4541 come-

2173 4567 2301 4621 dent
2345 4567 2479 4622 ﬁlios
2525 4568 2578 4622 in
2626 4567 2802 4623 medio
2827 4569 2923 4623 tui.
2948 4588 2965 4619 ι
2997 4569 3218 4623 Tertio:
3251 4587 3268 4619 ‹
3296 4569 3421 4624 Ideo
3461 4570 3587 4625 v'ivo
3629 4584 3751 4642 ego,

2173 4657 2303 4712 dicit
2325 4658 2584 4712 Dominus
2604 4659 2765 4723 Deus,
2791 4658 2894 4711 nisi
2916 4673 3012 4728 pro
3031 4659 3283 4729 eo,-quod
3305 4669 3549 4714 sanctum
3576 4675 3754 4722 meum

2173 4746 2385 4801 violasti
2427 4747 2481 4801 in
2511 4748 2760 4802 omnibus
2787 4737 3171 4802 offensionibus
3214 4749 3338 4812 tuis,
3385 4768 3404 4801 ι
3443 4758 3498 4804 et
3524 4750 3750 4818 reliqua.

2174 4837 2424 4894 Attamen
2455 4838 2750 4893 notandum
2775 4839 2915 4906 quod
2961 4837 3051 4892 ubi
3079 4836 3274 4893 decora
3296 4846 3420 4892 sunt
3444 4847 3500 4892 et
3525 4830 3751 4894 honesta

2176 4943 2239 4981 ac
2267 4943 2365 4996 pro
2391 4927 2582 4981 merito
2608 4940 2794 4981 eorum
2839 4928 2931 4997 qui
2957 4942 3018 4981 ea
3048 4929 3348 4990 sustinent,
3376 4944 3435 4984 se
3463 4929 3638 4998 ipsum
3667 4927 3752 4984 fa-

2178 5031 2302 5072 cere
2341 5017 2481 5071 Deus
2525 5015 2828 5085 proﬁtetur.
2865 5017 2966 5072 Ubi
2992 5026 3170 5071 autem
3201 5018 3374 5072 tristia
3408 5027 3464 5073 et
3502 5034 3608 5073 non
3640 5019 3750 5074 Deo

2177 5107 2355 5181 digna,
2379 5106 2508 5161 dicit
2529 5106 2742 5174 quidem
2761 5105 2900 5170 ﬁeri,
2928 5106 3020 5160 sed
3049 5122 3155 5160 non
3177 5121 3208 5159 a
3229 5121 3287 5161 se
3308 5115 3368 5160 ut
3389 5107 3441 5160 in
3464 5108 3746 5177 praesenti:

2182 5217 2200 5249 ι
2238 5199 2361 5252 Ideo
2407 5207 2587 5267 patres
2635 5195 2918 5262 comedent
2949 5196 3087 5252 ﬁlios
3125 5197 3178 5250 in
3226 5197 3404 5252 medio
3445 5199 3541 5261 tui,
3573 5207 3628 5252 et
3657 5196 3748 5253 ﬁlii

2177 5285 2459 5340 comedent
2480 5295 2665 5355 patres
2695 5299 2840 5338 suos.
2865 5301 2883 5334 ι
2917 5283 3032 5339 Non
3059 5287 3203 5339 enim
3231 5285 3388 5350 dixit,
3415 5285 3528 5356 Ego
3558 5286 3752 5341 faciam

2175 5384 2235 5430 ut
2280 5385 2465 5444 patres
2509 5375 2796 5432 comedent
2845 5375 2983 5431 ﬁlios
3012 5391 3138 5431 suos
3167 5377 3222 5430 in
3249 5376 3427 5431 medio
3457 5379 3553 5442 tui,
3576 5385 3631 5432 et
3659 5375 3752 5432 ﬁlii

2176 5466 2459 5521 comedent
2505 5473 2689 5538 patres
2735 5478 2881 5518 suos.
2928 5464 3079 5530 Quod
3115 5473 3296 5519 autem
3323 5465 3752 5533 decor-ument,

2176 5568 2277 5607 nec
2309 5551 2403 5607 Dei
2419 5553 2707 5620 majestate
2735 5553 3016 5609 videbatur
3054 5554 3361 5624 indignum,
3391 5556 3564 5624 ipsum
3589 5570 3648 5609 se
3667 5556 3754 5611 di-

2175 5645 2248 5698 cit
2282 5643 2480 5699 facere.
2511 5643 2768 5713 Sequitur
2794 5645 2936 5700 enim
2963 5662 2976 5696 :
3012 5662 3031 5694 ι
3062 5643 3131 5697 Et
3149 5637 3342 5700 faciam
3371 5645 3426 5698 in
3457 5653 3508 5699 te
3528 5644 3749 5715 judicia.

2176 5747 2230 5792 et
2257 5737 2523 5792 ventilabo
2553 5736 2832 5790 universas
2865 5733 3118 5803 reliquias
3146 5742 3266 5789 tuas
3294 5736 3347 5793 is;
3378 5744 3594 5793 omnem
3617 5747 3750 5797 ven-
