3948 6336
166 375 265 431 cm

1131 379 1481 440 COMMENT.
1523 385 1588 441 1N
1633 386 2082 446 EZECHIELEM.
2122 393 2192 432 4—
2228 392 2355 449 LIB.
2397 394 2481 450 IV.

3328 401 3433 457 602

167 495 304 540 tum.
337 505 357 556 ρ
386 485 517 545 Tale
553 487 676 556 quid
716 497 773 543 et
809 490 863 544 in
894 491 1192 547 maledictis
1222 493 1620 551 Deuteronomii
1665 498 1746 551 in-
1777 504 1824 562 Α
1853 500 1994 568 quod
2035 500 2172 556 lanis
2215 505 2403 564 ovium
2428 507 2760 576 aperiantur,
2787 517 2839 563 et
2885 509 3023 565 lacte
3067 521 3352 566 vescantur
3377 523 3432 568 et

168 575 358 630 venire
384 578 702 644 poterimus,
731 586 783 634 et
812 581 1079 651 praecipue
1117 583 1172 637 in
1204 585 1294 641 illo
1341 586 1457 641 loco
1484 605 1496 640 :
1530 606 1547 637 ι
1578 586 1753 643 Glori-

166 661 397 718 ﬁcantes
446 681 533 720 me
583 666 906 737 gloriﬁcabo'.
954 669 1054 738 Qui
1102 681 1279 728 autem
1326 675 1654 745 despiciunt,
1687 691 1752 733 ad

165 755 400 809 nihilum
421 757 755 814 deducentur
779 761 958 830 (Deut.
985 765 1198 835 xxvm).
1230 785 1248 818 ι
1280 765 1386 822 Eos
1407 768 1550 822 enim
1573 770 1662 837 qui
1693 786 1750 826 se

165 843 496 913 gioriﬁcant,
522 847 636 916 ipse
661 849 943 919 gloriﬁcat.
978 853 1077 920 Qui
1102 863 1279 910 autem
1306 873 1427 926 eum
1450 857 1752 928 despiciunt

166 949 275 987 non
310 953 341 990 a
373 937 600 992 Domino
637 940 1020 1010 despicientur,
1051 945 1132 999 vel
1162 943 1490 1003 deducentur
1514 950 1580 1004 ad
1611 952 1749 1005 nihi-

168 1023 277 1077 lum
312 1025 439 1095 (hoe
465 1029 607 1082 enim
638 1032 966 1100 sequebatur
1003 1043 1062 1088 ut
1097 1035 1319 1111 diceret)
1339 1079 1353 1103 ,
1384 1040 1478 1094 sed
1503 1042 1747 1096 absolute

161 1113 509 1172 deducentur
537 1120 601 1173 ad
633 1121 880 1187 nihilum,
911 1139 1017 1179 non
1044 1142 1074 1180 a
1117 1127 1248 1192 Deo,
1279 1129 1373 1183 sed
1412 1145 1511 1200 pro
1540 1133 1747 1206 meritis

162 1206 281 1260 suis
331 1216 494 1278 atque
541 1213 798 1280 peccatis.
839 1213 1089 1285 Legimus
1122 1217 1176 1271 in
1222 1217 1430 1289 Regum
1479 1221 1749 1278 volumine

163 1294 217 1364 (I
235 1294 278 1346 V
299 1295 428 1368 Reg.
450 1299 524 1371 vi)
548 1299 705 1358 famis
732 1306 1051 1362 necessitate
1070 1317 1313 1379 cogente,
1330 1325 1359 1364 a
1385 1319 1554 1366 matre
1581 1312 1747 1368 ﬁlium

162 1384 505 1442 devitatum.
557 1390 821 1462 Iosephus
858 1397 1075 1466 quoque
1123 1399 1176 1453 in
1220 1395 1504 1456 obsidione
1531 1402 1747 1459 Jerusa-

161 1472 294 1540 lem,
327 1477 494 1531 multa
524 1479 890 1547 hujuscemodi
917 1483 1056 1539 facta
1082 1500 1487 1544 commemorat.
1523 1491 1746 1559 Quando

159 1571 348 1618 autem
373 1576 556 1635 patres
581 1571 931 1627 comederunt
960 1573 1118 1650 ﬁlios,
1142 1577 1227 1631 vel
1255 1575 1345 1632 ﬁlii
1373 1590 1576 1648 patres,
1600 1583 1744 1638 nulla

158 1665 352 1710 narrat
379 1657 626 1724 historia,
653 1661 753 1714 nisi
777 1661 914 1718 forte
939 1663 991 1718 in
1015 1665 1196 1725 multis
1223 1672 1561 1727 necessitatis
1590 1673 1743 1729 malis

1852 603 2030 656 caseo,
2058 600 2113 647 et
2154 592 2384 650 fractum
2428 612 2592 666 pecus
2640 615 2702 654 ac
2748 602 3051 656 morbidum
3096 618 3202 658 non
3245 607 3429 674 requi-

1855 690 1999 737 rant.

1927 790 1947 825 t
1983 774 2163 832 Tertia
2191 779 2265 833 tui
2296 796 2423 850 pars
2442 794 2592 852 peste
2620 785 2879 841 morietur
2899 795 2954 843 et
2984 787 3124 843 fame
3150 804 3433 844 consume-

1856 884 1873 914 ι
1919 872 2005 919 tur
2031 868 2085 921 in
2112 871 2288 924 medio
2319 873 2415 926 tui.
2448 874 2514 927 Et
2544 876 2703 929 tertia
2732 878 2807 930 tui
2834 894 2960 947 pars
2990 878 3165 950 gladio
3192 882 3350 935 cadet
3376 883 3430 934 in

1855 973 1873 1005 ε
1920 956 2146 1012 circuitu
2176 967 2282 1014 tuo.
2315 960 2552 1018 Tertiam
2575 980 2704 1020 vero
2728 968 3103 1036 partem'tuam
3131 970 3182 1024 in
3212 985 3429 1025 omnem

1856 1064 1872 1094 ι
1918 1055 2133 1100 ventum
2164 1050 2486 1121 dispergam,
2511 1062 2562 1107 et
2586 1055 2819 1124 gladium
2848 1058 3139 1127 evaginabo
3169 1069 3289 1128 post
3314 1075 3427 1125 eos,

1855 1154 1873 1184 ι
1921 1144 1976 1190 et
2020 1136 2253 1206 implebo
2299 1139 2535 1196 furorem
2562 1160 2748 1205 meum
2775 1155 2830 1199 et
2858 1148 3192 1216 requiescere
3231 1148 3426 1203 faciam

1855 1244 1874 1275 ι
1922 1226 2344 1296 indignationem
2393 1244 2564 1288 meam
2619 1235 2670 1289 in
2717 1236 2827 1301 eis,
2875 1244 2929 1291 et
2973 1238 3318 1303 consolabor,
3377 1237 3431 1292 et

1853 1337 1872 1367 ι
1917 1317 2088 1372 scient
2115 1320 2240 1388 quia
2281 1337 2379 1392 ego
2402 1324 2657 1379 Dominus
2680 1326 2889 1381 locutus
2917 1340 3034 1383 sum
3059 1329 3111 1381 in
3141 1329 3257 1382 zelo
3283 1345 3421 1394 meo,

1855 1423 1872 1453 4
1916 1422 2038 1460 eum
2069 1407 2357 1477 implevero
2389 1411 2811 1482 indignationem
2847 1430 3022 1471 meam
3068 1418 3124 1471 in
3168 1417 3267 1472 eis.
3298 1436 3316 1468 ›
3350 1419 3426 1473 De

1848 1510 1955 1564 quo
1981 1498 2232 1566 capitulo,
2257 1500 2383 1569 quia
2429 1517 2588 1571 supra
2629 1505 2859 1560 diximus
2891 1521 3034 1562 nunc
3070 1508 3426 1563 omittendum

1846 1582 2074 1642 videtur.
2125 1588 2236 1645 Hoc
2273 1600 2452 1646 autem
2486 1594 2678 1648 addam
2723 1599 2866 1665 quod
2915 1599 3279 1653 necessarium
3318 1608 3424 1666 est,

1844 1676 1900 1730 in
1931 1689 1995 1733 eo
2024 1679 2166 1747 quod
2207 1680 2320 1735 ait:
2350 1698 2369 1732 ‹
2406 1682 2642 1752 implebo
2690 1684 2930 1741 furorem
2974 1702 3184 1753 meum,
3239 1697 3294 1743 et
3339 1705 3427 1744 re-

156 1743 328 1798 etiam
357 1747 471 1801 haec
489 1747 628 1802 facta
647 1764 769 1806 esse
793 1753 1114 1809 credendum
1131 1757 1219 1810 sit.
1242 1757 1424 1815 Potest
1445 1749 1548 1818 hec
1568 1763 1742 1834 ipsum
1772 1833 1815 1844 _
1845 1743 2124 1836 quiescere
2146 1770 2340 1826 faciam
2364 1773 2786 1844 indignationem
2810 1792 2984 1832 meam
3010 1777 3065 1832 in
3089 1779 3190 1839 eis.
3212 1789 3268 1834 et
3295 1795 3426 1834 con-

158 1839 378 1904 rel‘erri,
405 1850 459 1896 et
480 1844 548 1897 ad
585 1853 825 1900 nostram
869 1845 1189 1916 Jerusalem,
1227 1856 1441 1921 quando
1464 1833 1740 1927 magistri,
1772 1833 1818 1891 Β
1848 1833 2082 1924 solabor,
2117 1870 2171 1917 et
2197 1863 2373 1917 scient
2401 1833 2525 1934 quiva
2570 1882 2668 1937 ego
2698 1868 2958 1922 Dominus
2984 1867 3195 1924 locutus
3221 1886 3341 1924 sum
3369 1871 3424 1925 in

157 1937 356 1984 contra
386 1931 697 2002 discipulos,
727 1934 780 1989 id
806 1944 901 1990 est'
915 1945 1099 2006 patres
1126 1948 1310 1994 contra
1336 1941 1492 2008 ﬁlios,
1517 1954 1571 1999 et
1591 1946 1745 2000 disci-

156 2023 270 2091 puli
315 2019 506 2079 cOntra
534 2024 844 2098 magistros,
887 2031 940 2086 id
977 2042 1061 2086 est
1096 2034 1189 2089 ﬁlii
1221 2036 1501 2095 adversum
1538 2050 1738 2110 patres,

158 2117 428 2173 seditione
465 2129 647 2174 mutua
678 2123 1038 2179 concitantur.
1072 2127 1138 2185 Et
1167 2129 1417 2199 impletur
1444 2132 1571 2188 illud
1599 2137 1742 2207 quod

156 2223 258 2278 per
290 2207 605 2278 Apostolum
645 2213 847 2269 dicitur
875 2233 886 2268 :
917 2235 933 2266 ι
968 2216 1024 2272 Si
1055 2226 1232 2275 autem
1264 2222 1494 2277 invicem
1524 2228 1740 2281 morde-

157 2297 231 2350 tis
261 2306 315 2350 et
341 2300 610 2355 accusatis
630 2341 645 2366 ,
673 2302 851 2358 videte
879 2320 948 2360 ne
976 2307 1045 2363 ab
1077 2307 1303 2363 invicem
1348 2317 1738 2370 consumamini

160 2387 305 2458 (Cal.
343 2389 418 2458 v).
450 2408 469 2440 ι
501 2388 654 2445 Unde
682 2401 736 2446 et
773 2395 1032 2464 propheta
1066 2400 1294 2466 mystico
1336 2415 1585 2458 sermone
1612 2421 1741 2459 ean-

157 2479 350 2533 tabat:
381 2500 399 2530 c
431 2479 563 2536 Cum
611 2487 1101 2562 appropinquarent
1143 2489 1426 2545 adversum
1476 2509 1562 2548 me
1586 2534 1600 2558 ,
1647 2495 1738 2565 qui

154 2568 399 2640 amigu‘nt
422 2587 527 2636 me,
549 2581 608 2626 ut
629 2575 970 2630 comederent
998 2593 1190 2634 carnes
1218 2596 1365 2637 meas
1387 2583 1502 2654 (Ps.
1529 2586 1699 2657 xxvr).
1716 2586 1736 2634 ι’

154 2659 222 2712 Et
271 2658 373 2714 Job
417 2661 589 2733 simile
624 2664 750 2732 quid
796 2665 1070 2736 loquitur:
1101 2689 1118 2721 ι
1159 2669 1215 2724 Si
1265 2684 1442 2728 autem
1485 2670 1740 2732 dixerunt

154 2753 367 2809 ancillze
396 2769 546 2818 meae,
576 2755 706 2823 Quis
738 2759 823 2814 det
854 2760 1006 2816 nobis
1034 2770 1092 2815 ut
1117 2763 1183 2818 de
1210 2767 1464 2821 carnibus
1492 2767 1609 2838 ejus
1645 2781 1737 2825 eo-

152 2844 438 2899 medamus
464 2845 602 2915 (Job.
637 2847 810 2919 χχχι).
833 2869 850 2901 ι
877 2849 946 2905 Ει
968 2868 1132 2923 super
1150 2843 1442 2926 magistris,
1469 2860 1560 2928 qui
1585 2859 1735 2914 lucra

150 2943 431 2989 sectantur
465 2935 530 2990 de
561 2937 838 3009 discipulis
859 2940 1152 3023 salutisque
1195 2936 1607 3021 eorumhnullam
1637 2967 1734 3023 cu-

151 3039 272 3078 ram
301 3035 496 3095 gerunt
519 3028 752 3083 dicitur:
786 3049 803 3081 ‹
841 3031 941 3098 Qui
984 3019 1240 3088 devorant
1269 3038 1523 3106 populum
1549 3022 1732 3095 meum

148 3115 290 3170 sicut
309 3116 488 3170 cibum
514 3119 670 3186 panis
690 3117 806 3190 (Ps.
831 3121 950 3190 ιιι).
974 3141 992 3172 ι
1020 3122 1096 3177 De
1115 3125 1310 3191 quibus
1329 3135 1384 3181 et
1401 3128 1726 3197 Apostolus:

1847 1949 1963 2004 zelo
2009 1965 2149 2016 meo,
2178 1966 2297 2006 cum
2349 1953 2640 2022 implevero
2691 1955 3112 2026 indignationem
3158 1974 3330 2012 meam
3369 1961 3424 2014 in

1845 2037 1946 2102 eis,
1975 2057 1994 2090 ι
2029 2039 2297 2108 quomodo
2327 2042 2638 2096 sentiendus
2665 2043 2735 2097 sit
2772 2043 2924 2098 furor
2960 2055 3014 2100 et
3049 2047 3344 2116 indignatio
3372 2056 3427 2102 et

1844 2127 1990 2182 zelus
2015 2127 2131 2192 Dei,
2164 2140 2304 2198 saepe
2331 2131 2696 2199 exposuimus,
2731 2134 2873 2202 quod
2902 2131 3151 2188 humanis
3174 2135 3314 2190 Deus
3343 2135 3426 2188 io-

1842 2226 2038 2290 quatur
2065 2217 2456 2285 affectionibus,
2484 2235 2589 2275 non
2611 2236 2718 2292 quo
2747 2224 2860 2291 ipse
2883 2223 3166 2289 irascatur,
3198 2227 3290 2281 sed
3315 2242 3424 2295 quo

1841 2323 1940 2363 nos
1967 2322 2066 2376 per
2094 2315 2281 2377 prunas
2311 2317 2470 2379 atque
2496 2312 2765 2366 cruciatus
2793 2313 2957 2368 Deum
2988 2315 3280 2370 sentiamus
3310 2315 3420 2369 ira-

1843 2404 1975 2449 tum.
2023 2396 2182 2451 Zelus
2224 2405 2403 2451 autem
2431 2401 2532 2454 sub
2564 2402 2875 2470 metaphora
2906 2403 3004 2457 viri
3038 2412 3093 2458 et
3124 2405 3307 2459 uxoris
3329 2420 3421 2460 ae-

1840 2485 2135 2554 cipiendus,
2164 2488 2255 2557 qui
2283 2489 2520 2556 quandiu
2548 2506 2770 2545 uxorem
2801 2492 2974 2560 diligit
3011 2494 3283 2564 zelotypus
3316 2504 3422 2560 est,

1839 2578 1882 2633 si
1902 2578 2212 2648 neglexerit,
2228 2579 2360 2635 dicit
2375 2580 2502 2636 illud
2515 2583 2659 2652 quod
2676 2582 2729 2636 in
2755 2585 3205 2654 consequentibus
3227 2587 3423 2640 dicturi

1838 2684 2024 2724 sumus
2054 2688 2066 2723 :
2093 2683 2117 2721 ι
2153 2671 2312 2725 Zelus
2360 2689 2512 2728 meus
2568 2676 2783 2730 recedet
2824 2693 2854 2730 a
2902 2685 2970 2740 te,
3017 2675 3258 2732 et~ultra
3289 2693 3421 2733 non

1838 2759 2045 2815 irascar
2073 2761 2202 2840 tibi;
2237 2782 2256 2813 ι
2291 2765 2541 2834 quodque
2567 2765 2900 2838 injungitur:
2937 2785 2956 2820 ς
2991 2769 3058 2823 Ει
3096 2771 3421 2840 scient-quia

1837 2856 1942 2923 ego‘
1983 2838 2240 2909 Dominus
2285 2846 2495 2923 locutus
2539 2871 2656 2910 sum
2706 2858 2758 2911 in
2793 2859 2908 2913 zelo
2954 2874 3112 2925 meo,
3139 2879 3160 2913 ι
3187 2877 3298 2916 non
3328 2862 3419 2918 illi

1836 2942 1926 3012 qui
1955 2944 2257 3012 consumpti
2285 2953 2410 2999 sunt
2454 2945 2598 3001 fame
2621 2955 2673 3001 et
2699 2949 3025 3018 pestilentia,
3059 2965 3159 3005 nec
3183 2952 3271 3019 qui
3301 2951 3417 3022 gla-

1835 3032 1924 3088 dio
1965 3035 2276 3106 ceciderunt
2328 3036 2383 3091 in
2434 3036 2665 3105 circuitu
2715 3038 2984 3105 civita‘tis,
3035 3042 3128 3096 sed
3197 3041 3273 3096 illi
3323 3042 3418 3112 qui

1835 3120 2210 3193 dispergentur
2240 3126 2294 3180 in
2331 3140 2550 3182 omnem
2585 3137 2805 3184 ventum
2853 3130 3083 3186 aliorum
3131 3134 3416 3200 mortibus,

697 3180 707 3190 .
910 3180 922 3190 .
1133 3180 1147 3191 .
1297 3180 1300 3181 ν
1342 3180 1346 3181 ν
1405 3180 1412 3181 γ
1448 3180 1725 3197 των-μ--
1921 3180 1935 3193 .
2018 3180 2046 3193 υ
2345 3180 2350 3181 ν
2391 3180 2398 3181 η
2516 3180 2548 3181 η
3133 3180 3416 3200 --η---υ-ν,

156 3224 171 3255 ί
210 3205 278 3258 Et
303 3207 610 3273 comedunt,
644 3210 835 3278 inquit,
866 3211 1056 3267 domos
1083 3213 1363 3271 viduarum
1393 3218 1542 3288 (Luc.
1569 3217 1681 3290 xx).
1705 3241 1722 3273 ›
1757 3180 1802 3241 C
1831 3215 2051 3284 suisque
2101 3216 2334 3270 miseriis
2381 3219 2614 3274 sentient
2662 3221 2856 3275 italum
2905 3222 3092 3288 Deum.
3126 3239 3283 3294 quem
3309 3225 3418 3282 Cle-

147 3294 444 3351 Possumus
464 3306 645 3365 patres
671 3301 761 3369 qui
803 3303 1139 3358 comederint
1168 3301 1328 3372 ﬁlios,
1360 3317 1413 3361 et
1453 3308 1591 3364 ﬁlios
1638 3313 1729 3382 qui

145 3387 483 3442 comederint
514 3399 714 3459 patres,
745 3407 848 3445 non
871 3393 1043 3448 solum
1072 3395 1125 3449 in
1147 3388 1459 3468 Babylonia,
1481 3388 1581 3456 sed
1594 3411 1650 3456 et
1674 3403 1725 3457 in

144 3477 394 3532 Romana
417 3478 692 3536 obsidione
717 3482 1033 3554 intelligere.
1057 3485 1189 3542 illud
1219 3497 1402 3543 autem
1425 3493 1566 3560 quod
1590 3493 1724 3548 dici-

149 3586 167 3617 ι
202 3566 322 3621 tui:
349 3567 418 3622 Et
436 3569 707 3626 ventilabo
730 3573 1013 3629 universas
1029 3575 1284 3646 reliquias
1297 3590 1416 3635 tuas
1436 3581 1489 3634 in
1509 3598 1724 3638 omnem

139 3669 386 3722 ventum,
410 3680 426 3710 ι
462 3663 631 3732 magis
658 3665 724 3718 ad
751 3661 1048 3722 Romanam
1076 3659 1315 3739 pertinet
1335 3674 1722 3752 captivitatem,

140 3751 359 3819 quando
391 3752 443 3806 in
480 3762 590 3807 toto
636 3754 765 3810 orbe
807 3757 1036 3826 dispersi
1077 3768 1220 3814 sunt.
1269 3763 1339 3816 Et
1379 3764 1498 3819 hzec
1541 3775 1625 3820 est
1668 3769 1722 3822 in

138 3858 358 3897 omnem
393 3852 606 3898 ventum
637 3845 950 3916 capillorum
977 3848 1265 3920 barbaeque
1295 3853 1576 3923 dispersio.

217 3953 236 3985 ‹
278 3934 487 3990 idcirco
528 3936 650 3990 vivo
688 3953 806 4007 ego,
844 3938 976 3993 dicit
1002 3940 1262 3995 Dominus
1292 3943 1464 4008 Deus,
1491 3945 1595 4000 nisi
1624 3961 1722 4015 pro

144 4043 161 4075 ι
205 4037 270 4077 eo
295 4025 438 4092 quod
466 4036 711 4081 sanctum
738 4043 917 4083 meum
945 4029 1156 4084 violasti
1187 4030 1242 4084 in
1269 4019 1518 4089 omnibus
1549 4035 1720 4091 offen-

142 4133 160 4166 ι
204 4115 446 4170 sionibus
491 4117 614 4181 tuis,
650 4127 706 4172 et
738 4121 790 4172 in
820 4121 1030 4175 eunetis
1072 4123 1562 4181 abominationibus
1591 4128 1716 4193 tuis,

141 4228 158 4258 ι
204 4222 306 4276 ego
347 4224 559 4277 quoque
601 4210 934 4282 confringam
987 4222 1060 4279 te,
1088 4224 1142 4267 et
1173 4231 1278 4270 non
1307 4227 1491 4286 parcet
1531 4221 1719 4276 oculus

139 4318 158 4349 ‹
206 4314 378 4364 meus,
413 4308 465 4353 et
503 4317 607 4356 non
664 4303 977 4358 miserebor.
1006 4326 1024 4358 ι
1060 4306 1283 4375 Proprie
1324 4307 1426 4364 hoe
1457 4310 1522 4364 ad
1563 4311 1717 4366 Jeru-

133 4388 300 4443 salem
331 4390 545 4456 dicitur,
571 4392 696 4460 quia
724 4404 906 4449 sancta
941 4411 1057 4451 mea
1088 4397 1300 4453 violasti
1325 4414 1411 4454 me
1439 4401 1712 4468 deserens,

1833 3308 2069 3362 mentem
2100 3308 2310 3363 sentire
2339 3309 2645 3365 noluerunt.

1902 3412 1925 3447 ί
1959 3397 2024 3450 Et
2052 3396 2189 3452 dabo
2216 3399 2344 3452 tein
2375 3400 2646 3454 desertum
2675 3400 2728 3454 in
2761 3412 3048 3470 eonspcetu
3078 3404 3255 3459 omnis
3281 3420 3416 3473 prze-

1833 3507 1851 3539 c
1898 3488 2174 3543 tereuntis.
2198 3507 2215 3539 ι
2255 3487 2479 3545 Prodest
2509 3499 2690 3544 autem
2717 3490 3012 3566 Jerusalem
3043 3496 3221 3550 omnia
3265 3498 3319 3554 in
3343 3513 3407 3554 ea

1825 3579 1954 3632 vitia
1982 3579 2232 3644 desolari,
2261 3589 2318 3634 et
2344 3581 2411 3635 ad
2437 3581 2708 3636 desertum
2739 3585 2935 3654 redigi,
2965 3595 3018 3640 et
3047 3601 3143 3641 sua
3178 3602 3296 3642 eam
3323 3605 3415 3646 co-

1825 3657 2086 3739 gnoSCere
2112 3678 2447 3739 peccatayut
2469 3687 2589 3742 quae
2617 3673 2830 3728 caeteris
2871 3676 3119 3745 gentibus
3146 3677 3199 3731 in
3228 3693 3414 3733 exem-

1823 3763 1968 3832 plum
2007 3763 2266 3817 virtutum
2303 3778 2423 3819 esse
2465 3765 2746 3830 debuerat,
2776 3767 2848 3820 sit
2889 3770 3195 3837 exemplum
3244 3771 3409 3826 mise-

1822 3853 2046 3908 riarum.
2076 3853 2240 3908 Filias
2285 3862 2463 3908 autem
2492 3853 2608 3924 ejus
2637 3858 2800 3912 nrbes
2843 3858 2924 3912 vel
2951 3860 3157 3916 viculos
3203 3862 3404 3916 intelli-

1819 3958 1946 4013 gere
1970 3959 2273 4012 possumus,
2299 3945 2412 4000 sive
2438 3944 2695 4005 ecclesias
2731 3947 2783 4000 in
2814 3957 2925 4003 toto
2953 3950 3083 4005 orbe
3112 3951 3404 4021 dispersas,

1821 4042 1878 4086 ut
1921 4025 2226 4104 quicunque
2271 4035 2428 4106 hujus
2469 4038 2790 4108 peregrinus
2836 4049 2921 4094 est
2961 4042 3165 4108 saeculi,
3195 4052 3248 4097 et
3278 4044 3408 4100 dicit

1818 4138 1940 4176 cum
1985 4123 2607 4200 Psalmistaz‘cAdvena
2655 4145 2774 4183 sum
2821 4139 2873 4184 et
2904 4133 3235 4200 peregrinus,
3267 4135 3408 4189 sicut

1817 4229 2005 4269 omnes
2029 4223 2211 4284 patres
2238 4217 2342 4271 mei
2367 4197 2490 4286 (Ps.
2519 4219 2769 4286 xxxvm).
2798 4241 2815 4271 ι
2853 4197 2920 4275 Et
2942 4225 3007 4276 de
3031 4197 3138 4293 quo
3166 4197 3363 4280 dicitur
3389 4245 3401 4284 :

1823 4319 1840 4352 ε
1874 4302 1991 4357 Non
2043 4304 2336 4371 dixerunt,
2389 4307 2477 4374 qui
2528 4310 2875 4376 praeteribant
2903 4330 2914 4363 :
2941 4311 3253 4371 Benedictio
3297 4316 3404 4371 Do-

1816 4393 1944 4446 mini
1993 4409 2154 4463 super
2180 4411 2276 4451 vos
2325 4395 2438 4468 (Ps.
2469 4399 2719 4468 cxxvm),
2774 4419 2792 4451 ι
2825 4402 3005 4456 videat
3047 4407 3396 4473 opprobrium

131 4491 188 4534 et
219 4481 271 4534 in
305 4482 502 4550 templo
526 4498 646 4537 meo
672 4485 813 4539 idola
837 4487 1070 4552 coluisti,
1099 4502 1197 4562 ego
1228 4505 1442 4559 quoque
1472 4490 1712 4546 confrin-
1741 4518 1790 4576 D
1817 4482 1933 4551 05115
1950 4495 2016 4576 fi
2044 4485 2238 4540 ἀοιετιῑο

131 4587 254 4641 gam
287 4573 467 4626 omnia
513 4574 652 4628 idola
687 4585 794 4640 tua,
824 4585 877 4631 et
910 4591 1184 4634 conteram
1213 4589 1375 4650 atque
1406 4583 1705 4650 concidam,

131 4662 246 4716 sive
275 4661 544 4741 abjiciam,
574 4664 699 4732 quia
726 4666 876 4734 prius
895 4668 1138 4738 abjecisti
1164 4683 1265 4723 me.
1298 4669 1362 4724 Et
1391 4686 1500 4725 non
1522 4682 1708 4741 parcet

129 4737 324 4806 oculus
345 4766 495 4806 meus
537 4767 660 4807 cum
704 4763 756 4809 te
784 4737 988 4822 videro,
1018 4757 1164 4824 fami,
1209 4759 1404 4830 gladio,
1437 4737 1705 4828 servituti,

127 4842 265 4896 colla
301 4842 641 4909 submittere,
664 4860 765 4900 nec
792 4848 1105 4914 miserebor,
1131 4839 1255 4919 quia
1281 4853 1705 4908 misericordiam

129 4948 306 4987 meam
333 4949 438 4986 non
470 4935 711 4990 mereris.
747 4935 1017 5005 Scriptum
1046 4947 1130 4993 est
1167 4942 1345 5007 enim:
1377 4960 1396 4993 ι
1426 4942 1576 4997 Beati
1605 4944 1706 4997 mi-

129 5025 446 5088 sericordes,
485 5027 734 5094 quoniam
765 5027 862 5098 ipsi
895 5029 1321 5086 misericordiam
1363 5049 1700 5105 consequen-

130 5125 215 5171 tur
246 5115 460 5187 (Ναυῆ.
489 5116 564 5189 v).
597 5136 615 5169 ι
646 5116 759 5172 Hoc
803 5108 944 5173 idem
969 5129 1025 5175 et
1051 5123 1104 5175 in
1136 5122 1374 5179 Ecclesia
1405 5126 1702 5197 intelligen-

132 5207 253 5261 dum
286 5214 370 5260 est
391 5223 406 5271 ;
431 5208 574 5276 quod
602 5209 871 5278 magistris
897 5219 952 5263 et
976 5213 1345 5268 sacerdotibus
1375 5215 1464 5286 qui
1493 5218 1704 5287 egerint

132 5295 476 5365 negligenter,
503 5296 670 5365 possit
695 5297 833 5350 Deus
855 5297 1091 5365 quotidie
1114 5300 1330 5356 dicere:
1364 5321 1382 5352 ι
1417 5303 1552 5371 Quia
1578 5319 1702 5358 san-

131 5393 213 5441 cta
239 5399 361 5440 mea
388 5385 646 5452 violastis,
679 5387 733 5444 iu
758 5384 968 5442 eunetis
999 5388 1384 5453 offensionibus
1412 5395 1623 5461 vestris,
1650 5404 1705 5450 et

130 5476 182 5530 in
209 5475 481 5532 universis
506 5476 993 5537 abominationibus
1031 5494 1152 5549 quae
1192 5483 1399 5552 egistis,
1431 5499 1532 5553 ego
1569 5499 1703 5554 quo-

130 5583 231 5637 que
259 5582 357 5623 vos
399 5576 670 5625 conteram
713 5561 889 5640 atque»
915 5570 1269 5640 eonfringam.
1304 5593 1323 5625 ι
1357 5575 1702 5645 Reddamque

130 5670 222 5725 per
248 5671 338 5713 me
365 5659 506 5729 quod
530 5659 582 5713 in
615 5674 791 5715 meum
817 5660 1066 5731 populum
1094 5665 1446 5733 perpetrastis
1469 5680 1483 5718 :
1507 5666 1572 5720 de
1593 5683 1701 5736 quo

130 5753 317 5805 contra
339 5755 588 5820 pastores
616 5748 704 5806 hic
735 5751 874 5807 idem
918 5753 1175 5824 propheta
1205 5753 1412 5817 plenius
1441 5755 1695 5826 loquitur,

1893 4594 1910 4625 ‹
1946 4574 2012 4628 Et
2036 4577 2144 4644 eris
2179 4578 2522 4647 opprobrium
2555 4589 2610 4635 et
2637 4581 2985 4652 blasphemia,
3012 4588 3313 4656 exemplum
3343 4591 3397 4644 et

1820 4683 1840 4716 ε
1884 4675 2072 4734 stupor
2097 4667 2150 4720 in
2177 4668 2455 4736 gentibus,
2486 4685 2606 4740 quae
2634 4673 2685 4723 in
2716 4673 2942 4730 circuitu
2973 4682 3064 4729 tuo
3091 4684 3237 4740 sunt,
3270 4691 3390 4732 cum

1819 4772 1839 4805 ι
1885 4755 2070 4811 fecero
2106 4757 2158 4810 in
2190 4766 2237 4812 te
2251 4756 2454 4825 judicia
2499 4760 2554 4814 in
2583 4760 2782 4826 furore,
2806 4769 2860 4816 et
2904 4763 2955 4816 in
3003 4762 3388 4835 indignatione,

1820 4867 1838 4899 ‹
1881 4858 1937 4904 et
1977 4850 2432 4920 increpationibus
2467 4853 2579 4917 irae,
2609 4855 2732 4922 quia
2765 4868 2864 4922 ego
2895 4855 3151 4910 Dominus
3176 4847 3388 4915 lecutus

1819 4958 1838 4991 ‹
1883 4956 2019 4995 sum.
2064 4960 2084 4992 ›
2137 4940 2352 4996 Gemitu
2402 4952 2581 4998 autem
2644 4935 2858 5015 dignam
2908 4945 3203 5004 Jerusalem
3260 4965 3382 5008 cum

1805 5031 2088 5086 olfenderit
2129 5024 2316 5099 Deum,
2345 5042 2405 5086 ut
2451 5034 2652 5090 faceret
2684 5035 2736 5088 in
2766 5050 2829 5090 ea
2872 5036 3077 5106 judicia
3105 5040 3156 5093 in
3201 5039 3383 5095 furore

1804 5130 1858 5175 et
1888 5122 1940 5176 in
1970 5123 2355 5193 indignatione,
2386 5132 2615 5179 testatur
2640 5123 2856 5192 Paulus,
2886 5116 2976 5196 qui
3004 5128 3132 5182 dicit
3158 5146 3172 5182 :
3202 5147 3222 5179 σ
3251 5131 3382 5184 Era-

1807 5225 1927 5268 mus
1967 5223 2158 5268 natura
2186 5214 2278 5267 ﬁlii
2304 5215 2416 5278 iraa,
2447 5217 2586 5292 sicut
2612 5225 2666 5270 et
2691 5218 2870 5272 caeteri
2901 5217 3114 5288 (Ephe‘s.
3145 5215 3227 5291 tt).
3259 5241 3276 5273 ι
3315 5221 3382 5277 Et

1806 5304 2039 5359 iterum:
2069 5323 2087 5355 ι
2127 5303 2226 5370 Qui
2268 5293 2452 5360 sumus
2495 5307 2548 5359 in
2595 5300 2939 5362 tabernaculo
2977 5307 3378 5378 ingemiscimus

1808 5396 2081 5466 aggravati
2116 5394 2200 5465 (II
2241 5394 2361 5449 Cor.
2391 5396 2467 5467 v),
2497 5414 2516 5446 ι
2569 5395 2946 5466 loquimurque
2992 5413 3112 5452 cum
3159 5398 3378 5456 Jerusa-

1805 5487 1930 5542 lem.
1959 5487 2094 5541 lram
2126 5486 2335 5541 Domini
2363 5487 2658 5551 sustinebo,
2686 5488 2811 5557 quia
2840 5484 3055 5562 peccavi
3087 5490 3155 5544 ei.

1858 5587 1898 5628 ἰ
1935 5577 2159 5644 Quando
2206 5578 2405 5632 misero
2453 5579 2675 5647 sagittas
2721 5577 2880 5634 famis
2918 5581 3205 5650 pessimas,
3252 5598 3376 5653 qua;

1809 5685 1827 5719 ι
1868 5675 2027 5724 erunt
2050 5667 2355 5730 mortifera,
2377 5676 2434 5720 et
2452 5683 2587 5736 quas
2611 5669 2821 5748 mittam
2845 5679 2905 5724 ut
2925 5671 3228 5740 disperdam
3252 5688 3370 5729 vos.

1807 5779 1824 5810 ς
1867 5759 1934 5818 Et
1974 5759 2168 5816 famem
2200 5760 2536 5829 congregabo
2584 5775 2744 5831 super
2769 5775 2896 5828 vos,
2926 5770 2979 5816 et
3009 5772 3280 5820 conteram
3314 5766 3370 5824 in
