3948 6324
587 359 694 417 603

1220 363 1282 420 Β.
1324 362 1575 422 RABANi
1616 367 1831 425 MAURl
1870 370 2143 427 AllClliEl

2247 371 2523 430 rlOGUNT.
2568 376 2849 435 OPERUM
2886 378 3064 436 PARS
3096 382 3158 437 ll.

3735 389 3843 443 604

590 489 623 525 ι.
655 470 809 530 vobis
833 470 1086 537 baculum
1114 474 1290 544 panis.
1324 494 1343 529 ι
1379 475 1649 549 (Ηίενοη.)
1678 479 1896 535 Famem
1926 492 1981 536 et
2005 484 2163 551 pesti-
2188 488 2239 545 Α
2266 499 2370 537 non
2407 486 2647 551 auribus,
2677 490 2769 543 sed
2795 490 3021 559 imperio
3044 501 3098 546 et
3126 496 3362 561 potentia
3388 499 3649 552 creatoris
3677 514 3850 555 suum

580 562 804 617 lentiam
840 569 895 617 et
923 562 1129 618 bestias
1157 565 1455 633 pessimae,
1484 576 1542 622 et
1566 570 1825 639 quidquid
1863 571 2006 626 aliud
2044 587 2157 626 ma-

580 651 758 706 lorum
807 652 1135 708 sustinemus
1162 654 1216 708 in
1245 656 1443 711 saeculo
1474 667 1695 728 propter
1738 669 1921 715 nostra
1972 662 2157 717 venire

578 749 800 813 peccata
848 741 1193 799 manifestum
1220 753 1321 800 est.
1378 744 1531 802 Unde
1572 757 1628 801 et
1676 747 1847 806 fames
1895 749 2012 815 illa,
2039 766 2159 818 quae

576 834 720 891 facta
758 843 1089 917 memoratur
1126 836 1181 890 in
1222 835 1367 892 Ruth
1396 836 1581 907 (Ruth.
1610 839 1652 911 ι)
1679 848 1733 895 et
1756 839 1960 911 Regum
2004 840 2157 896 volu-

575 926 721 997 mine
752 923 873 997 (III
899 924 1029 997 Reg.
1061 924 1219 999 xv"),
1249 926 1350 983 sub
1378 928 1515 1007 Elia,
1544 932 1758 999 quando
1800 932 1969 986 tribus
2001 934 2157 988 annis

572 1031 630 1073 et
660 1035 757 1078 sex
799 1020 1073 1085 mensibus
1114 1022 1311 1077 caelum
1340 1023 1580 1079 clausum
1618 1031 1719 1087 est,
1767 1034 1824 1078 et
1849 1025 1949 1079 sub
1978 1025 2155 1081 Eiiseo

573 1108 683 1177 (IV
710 1109 843 1182 Reg.
863 1112 964 1183 vt),
988 1114 1142 1186 cujus
1180 1112 1547 1177 incredibilem
1594 1115 1829 1184 inopiam
1873 1118 2154 1186 repentina

572 1201 901 1259 abundantia
929 1207 1314 1276 compensavit,
1348 1207 1443 1263 Dei
1462 1206 1666 1283 judicio
1694 1208 1859 1265 missa
1880 1220 1983 1263 est.
2000 1207 2155 1275 Quod

576 1305 685 1346 non
712 1292 889 1349 solum
918 1302 1058 1369 tunc,
1081 1296 1135 1352 in
1176 1295 1473 1353 Jerusalem
1519 1296 1720 1354 factum
1750 1306 1855 1365 est,
1891 1301 1986 1355 sed
2016 1309 2072 1356 et
2096 1300 2151 1355 in

572 1390 760 1443 nostra
805 1382 865 1443 iit
906 1384 1312 1453 Jerusalem,in
1345 1403 1452 1459 qua
1485 1398 1704 1457 propter
1729 1390 2151 1469 magnitudinem

569 1480 919 1539 peccatorum
948 1478 1181 1545 primum
1214 1477 1386 1534 fames
1413 1474 1646 1535 mittitur
1671 1481 1922 1536 audiendi
1952 1498 2154 1541 sermo-

569 1576 695 1617 nem
732 1562 849 1622 Dei.
882 1565 1091 1625 Deinde.
1121 1566 1319 1641 famem
1348 1582 1495 1623 mors
1523 1571 1800 1637 sequitur,
1828 1580 1889 1626 ut
1925 1573 2017 1642 qui
2046 1588 2150 1629 non

570 1653 917 1713 audivimus;
942 1675 964 1717 ς
994 1655 1222 1733 Gustate
1248 1642 1304 1712 et
1333 1658 1507 1714 videte
1550 1659 1804 1727 quoniam
1847 1662 2030 1721 suavis
2068 1672 2153 1724 est

568 1743 828 1805 Dominus
878 1745 1279 1822 (Faunum:
1326 1758 1515 1820 postea
1566 1755 1869 1811 sentiamus
1908 1772 1922 1807 :
1957 1774 1976 1807 ι
2005 1754 2149 1811 Mors

566 1850 909 1904 peccatorum
954 1820 1202 1912 pessima
1224 1850 1309 1896 est
1336 1840 1548 1916 (Ibid.).
1569 1864 1589 1898 ι
1623 1845 1699 1901 De
1727 1845 2065 1904 ﬁrmamento
2092 1855 2148 1905 et
2175 1820 2221 1880 Β

568 1926 760 1991 baculo
786 1929 940 1997 panis
972 1944 1135 2000 supra
1163 1930 1438 2005 diximus:

644 2036 663 2070 σ
697 2019 765 2075 Ει
792 2020 1079 2076 immittam
1106 2022 1160 2075 in
1192 2036 1291 2077 vos
1328 2021 1528 2081 fatnem
1570 2032 1627 2079 et
1651 2023 1856 2080 bestias
1884 2025 2147 2096 pessimas

570 2127 590 2163 ι
634 2118 814 2179 usque
839 2111 906 2165 ad
948 2110 1395 2173 internecionem.
1426 2112 1493 2167 Et
1518 2114 1824 2183 pestilentia
1850 2126 1906 2169 et
1927 2117 2145 2186 sanguis

572 2216 590 2252 ι
637 2200 944 2263 transibunt
968 2214 1067 2270 per
1105 2208 1177 2267 te,
1205 2209 1271 2257 et
1301 2200 1538 2274 gladium
1567 2202 1815 2259 inducam
1860 2219 2021 2273 super
2072 2214 2142 2271 te,

572 2305 592 2341 ι
638 2287 751 2358 Ego
776 2286 1036 2344 Dominus
1061 2288 1273 2345 locutus
1300 2304 1440 2347 sum.
1465 2308 1484 2343 ι
1518 2289 1728 2349 Bestias
1756 2292 2022 2361 pessimas
2062 2293 2145 2348 in-

566 2383 687 2452 duci
700 2398 872 2477 super
895 2391 1093 2439 terram
1117 2382 1442 2475 solitudinis,
1458 2398 1579 2454 qua:
1603 2383 1765 2451 fame,
1780 2384 1975 2455 gladio,
1992 2395 2137 2457 peste

506 2546 509 2547 ν
561 2464 917 2545 vastata'est,
966 2464 1249 2551 praesentia
1294 2495 1509 2551 quoque
1550 2481 1843 2538 ostendunt
1874 2490 2140 2552 tempora,

562 2573 780 2645 quando
807 2571 1069 2627 familiare
1096 2571 1296 2627 animal
1322 2571 1474 2633 canis
1497 2571 1552 2627 in
1579 2572 1921 2633 dominorum
1951 2588 2143 2630 carnes

563 2661 714 2718 rabie
755 2662 1080 2725 concitatur,
1108 2669 1161 2723 et
1200 2660 1345 2716 ursis
1381 2676 1449 2717 ac
1490 2660 1629 2732 lupis
1668 2662 1985 2733 cunctisque
2025 2663 2143 2719 aliis

562 2751 848 2824 generibus
866 2750 1162 2807 bestiarum
1181 2762 1324 2806 terra
1345 2751 1659 2823 completur,
1673 2752 2143 2827 pestilentiamque

562 2850 617 2897 et
643 2841 960 2912 sanguinem
988 2841 1220 2907 transire
1240 2855 1341 2912 per
1364 2856 1506 2907 eam,
1529 2841 1778 2897 morbum
1801 2840 2142 2913 gladiumque

564 2929 854 3002 signiﬁcat.
893 2926 1001 2987 Sed
1051 2940 1108 2985 et
1140 2930 1198 2986 in
1244 2939 1485 2987 nostram
1525 2928 1823 2988 Jerusalem
1857 2930 2141 2987 mittuntur

562 3022 752 3077 bestiae
779 3022 1046 3101 pessimae,
1073 3023 1289 3092 quando
1320 3023 1581 3081 tradimur
1604 3024 1660 3079 in
1686 3023 1969 3094 passiones
1994 3024 2145 3096 igno-

563 3111 762 3176 miniae,
790 3120 844 3167 et
871 3112 927 3167 in
960 3112 1244 3183 reprobum
1267 3112 1507 3179 senSum,
1526 3121 1582 3171 et
1604 3114 1992 3170 conscientiam
2017 3129 2144 3185 pec-

562 3211 827 3267 catorum,
856 3219 976 3273 quae
1010 3204 1325 3261 excruciant
1362 3216 1523 3275 atque
1558 3204 1858 3261 diiawrant
1900 3206 2140 3263 animum

565 3303 830 3362 nostrum,
881 3297 1260 3362 dissensiones,
1288 3296 1539 3360 haereses,
1571 3298 1885 3365 schismata,
1916 3296 2142 3353 aemula-

563 3386 773 3451 tiones,
823 3386 1065 3453 invidize,
1120 3386 1375 3453 tristitiae,
1427 3389 1824 3456 detractiones,
1874 3390 2139 3447 desideria

563 3476 753 3540 multa,
785 3478 1027 3538 avaritia,
1061 3493 1182 3548 qua:
1230 3488 1317 3535 est
1368 3480 1523 3559 radix
1568 3482 1833 3538 malorum
1875 3483 2137 3547 omnium,

561 3567 748 3622 bestiae
768 3569 1013 3638 pessima:
1042 3577 1187 3633 sunt,
1213 3584 1331 3639 quae
1359 3584 1480 3626 cum
1514 3570 1718 3629 fuerint
1739 3574 1792 3627 in
1823 3572 1995 3637 nobis,
2028 3587 2142 3628 me-

563 3672 748 3713 remur
769 3660 954 3715 audire
984 3678 996 3714 :
1027 3678 1046 3711 (
1078 3659 1321 3733 Corriget
1367 3672 1422 3717 te
1444 3664 1817 3733 prmvaricatio
1840 3672 1947 3719 tua.
1976 3684 1996 3718 ›
2015 3663 2140 3719 Pre-

563 3764 855 3819 camurque
894 3761 948 3806 et
1000 3750 1265 3809 dicimus:
1294 3771 1313 3806 ι
1344 3752 1424 3810 Ne
1472 3754 1655 3810 tradas
1700 3754 1889 3811 bestiis
1930 3756 2141 3812 animas

562 3841 885 3902 confitentes
919 3844 1032 3901 tibi.
1054 3864 1073 3897 ι

1171 3934 1399 3992 CAPUT
1436 3935 1525 3992 Vl.

563 4017 824 4093 Propheta
862 4024 1083 4078 ostendit
1115 4026 1561 4099 ρονιιιιηηίριαῃὶε
1584 4042 1899 4099 percussum
1930 4038 2141 4099 propter

1034 4105 1300 4164 peccatum
1327 4097 1658 4151 idololatria.

642 4220 661 4253 σ
698 4201 763 4255 Et
804 4200 980 4257 factus
1009 4213 1092 4257 est
1120 4218 1297 4259 sermo
1332 4204 1543 4259 Domini
1576 4206 1644 4259 ad
1676 4221 1762 4260 me
1788 4206 1971 4261 dicens
1997 4224 2009 4258 :
2038 4206 2134 4261 Fili

567 4309 586 4343 ς
633 4291 887 4355 hominis,
919 4307 1058 4359 pone
1102 4292 1294 4349 faciem
1341 4304 1487 4350 tuam
1526 4300 1593 4349 ad
1624 4305 1835 4351 montes
1881 4296 2044 4352 lsraei
2085 4306 2141 4352 et

566 4402 584 4434 ι
629 4384 974 4453 prophetabis
1003 4385 1068 4439 ad
1102 4400 1195 4440 eos
1223 4394 1279 4441 et
1303 4387 1470 4450 dices,
1502 4386 1709 4443 Montes
1750 4387 1911 4442 lsraei
1958 4388 2139 4442 audite

566 4489 587 4522 ι
632 4473 853 4526 verbum
886 4472 1133 4528 Domini:
1162 4474 1283 4529 Haec
1321 4476 1450 4529 dicit
1478 4478 1735 4531 Dominus
1765 4477 1907 4532 Deus
1942 4482 2136 4534 monti-

2166 4526 2218 4585 D

2262 576 2487 629 audiunt
2527 586 2580 631 et
2628 579 2929 653 intelligunt
2979 582 3308 639 Creatorem.
3350 586 3630 652 Quomodo
3681 607 3849 646 mare

2258 666 2392 720 vidit
2438 677 2493 722 et
2536 667 2703 737 fugit,
2766 670 3017 726 Iordanis
3065 688 3358 729 conversus
3399 685 3483 732 est
3532 686 3839 736 retrorsum

2260 752 2378 824 (Ps.
2406 758 2584 825 cxm).
2608 776 2626 807 ι
2658 756 2777 813 Non
2819 762 3003 830 utique
3046 764 3226 818 carnis
3270 765 3440 820 oculis
3481 768 3673 837 quibus
3723 784 3845 823 non

2258 844 2491 900 videbat.
2543 846 2611 900 Et
2655 847 2722 901 ad
2762 864 2915 905 mare
2955 849 3155 906 dicitur
3185 858 3198 904 ἑ
3229 872 3246 904 ι
3287 853 3431 909 Tace
3456 894 3472 919 ,
3517 858 3847 913 obmutesce

2257 932 2451 1002 (Marc.
2472 935 2545 1007 tv)
2564 951 2609 1000 ς»
2634 948 2687 990 et
2714 948 2991 993 ventorum
3011 937 3225 997 flatibus
3247 942 3562 1011 imperatur,
3581 946 3837 1014 jubetur-

2254 1038 2359 1092 que
2384 1026 2572 1091 vermi,
2589 1026 2681 1096 qui
2700 1025 2849 1082 Jonas
2866 1031 3132 1098 percussit
3157 1033 3525 1089 umbraculum
3548 1034 3695 1107 (Jan.
3725 1038 3839 1107 tv).

2253 1112 2317 1166 Et
2344 1113 2412 1167 de
2438 1116 2623 1169 eadem
2654 1122 2796 1171 terra
2827 1121 3085 1190 scriptum
3111 1131 3233 1177 est:
3267 1142 3285 1175 ι
3309 1123 3410 1191 Qui
3452 1128 3666 1196 respicit
3713 1138 3841 1181 ter-

2254 1220 2372 1259 ram
2400 1205 2609 1263 etfacit
2635 1222 2751 1263 eam
2784 1220 3013 1267 tremere
3046 1210 3162 1284 (Pa.
3184 1214 3323 1285 cm).
3346 1235 3365 1269 ι
3395 1216 3480 1282 Ad
3522 1233 3657 1289 quos
3698 1234 3839 1288 pro-

2251 1296 2412 1365 pheta
2458 1299 2724 1378 loquitur,
2757 1302 2999 1358 indicans
3046 1304 3190 1359 idola
3235 1306 3577 1375 destruenda,
3610 1318 3663 1364 et
3700 1325 3838 1365 aras

2252 1388 2636 1459 universasque
2680 1393 3047 1457 caeremonias,
3072 1395 3268 1464 quibus
3310 1396 3463 1465 prius
3506 1398 3659 1461 idolis
3710 1414 3839 1468 ser-

2249 1479 2485 1543 vierunt,
2504 1482 2874 1537 conterendas.
2899 1482 3189 1540 Possumus
3212 1495 3423 1541 montes
3438 1490 3683 1557 accipere
3706 1505 3832 1553 eos,

2249 1568 2340 1637 qui
2374 1569 2612 1638 potentia
2640 1572 3009 1642 sapientiaque
3032 1582 3087 1627 et
3114 1574 3339 1629 scientia
3368 1591 3432 1632 ac
3456 1576 3655 1631 divitiis
3684 1594 3833 1648 pne-

2249 1657 2530 1714 celiebant.
2563 1660 2628 1714 Et
2666 1660 2769 1715 hoc
2816 1664 3344 1719 animadvertendum
3394 1669 3535 1736 quod
3565 1669 3835 1723 obﬁrma-

2250 1753 2338 1800 tur
2370 1745 2589 1815 quidem
2624 1742 2813 1809 facies,
2858 1751 2914 1799 et
2954 1743 3176 1811 ponitur
3226 1755 3413 1797 contra
3450 1755 3681 1808 "milies,
3722 1748 3833 1799 sui

2249 1850 2596 1909 nequaquam
2629 1834 2761 1902 solis
2784 1833 3088 1897 montibus,
3121 1834 3214 1889 sed
3255 1844 3311 1890 et
3360 1836 3591 1889 collibus
3644 1836 3838 1906 loqui-

2251 1946 2338 1993 tur
2363 1944 2419 1991 et
2446 1935 2668 2006 rupibus
2693 1944 2750 1991 et
2777 1935 3031 2003 vallibus,
3056 1937 3108 1991 in
3138 1937 3333 2008 quibus
3376 1938 3601 1994 inferior
3645 1939 3829 2011 digni-

2247 2032 2332 2077 tas
2381 2032 2440 2079 et
2486 2026 2686 2094 gradus
2723 2025 3024 2095 prudentiae
3069 2027 3414 2098 scientiaque
3455 2030 3826 2098 cognoscitur.

2246 2114 2507 2170 Videntur
2536 2114 2668 2170 mihi
2702 2122 2910 2171 montes
2939 2116 3265 2187 tropologiee
3290 2133 3432 2185 esse,
3464 2120 3555 2189 qui
3600 2121 3665 2174 ad
3692 2136 3827 2189 per-

2244 2203 2442 2259 lectam
2470 2206 2749 2262 scientiam
2775 2216 3156 2276 pervenerunt.
3204 2205 3400 2274 Colles,
3431 2210 3522 2279 qui
3549 2212 3712 2278 paulo
3739 2212 3825 2265 in—

2245 2296 2471 2353 feriores
2495 2307 2637 2353 sunt.
2670 2297 2849 2372 Rupes
2886 2300 2977 2370 qui
3001 2300 3202 2357 nullam
3227 2302 3490 2360 habentes
3514 2306 3824 2372 scientiam,

2243 2394 2299 2439 et
2340 2396 2545 2441 tantum
2593 2387 2646 2441 in
2694 2391 3101 2446 conversatione
3148 2390 3371 2448 fidentes
3398 2393 3577 2466 aliqua
3606 2396 3710 2451 sibi
3752 2398 3823 2451 de

2246 2474 2647 2546 Scripturarum
2678 2478 3118 2550 interpretatione
3161 2493 3523 2550 praesumunt,
3570 2504 3590 2537 ί
3619 2485 3825 2540 haben.

2246 2574 2327 2621 tes
2348 2584 2367 2617 ι
2407 2566 2561 2637 juxta
2595 2566 2928 2637 Apostolum,
2954 2570 3173 2625 caelum
3206 2570 3334 2639 Dei,
3367 2573 3460 2647 sed
3506 2589 3613 2629 non
3656 2575 3822 2645 juxta

2244 2654 2524 2711 scientiam
2554 2656 2731 2726 (Rom.
2760 2661 2838 2729 ι).
2862 2678 2881 2711 ι
2911 2657 3088 2716 Valles
3108 2669 3284 2715 autem
3310 2662 3564 2731 appellari
3595 2649 3827 2719 novissi-

2243 2760 2363 2801 mos
2390 2744 2445 2801 in
2486 2746 2746 2813 Ecclesia,
2772 2749 2864 2819 qui
2907 2757 2962 2802 et
3002 2750 3115 2805 vita
3156 2760 3212 2804 et
3252 2750 3476 2806 scientia
3508 2751 3824 2821 inferiores,

2245 2844 2426 2892 tamen
2461 2836 2526 2892 de
2547 2846 2817 2893 conventu
2848 2838 3130 2895 Dominico
3154 2855 3261 2895 non
3287 2840 3565 2906 recedunt,
3589 2844 3680 2913 qui
3708 2859 3827 2900 om-

2246 2941 2343 2981 nes
2382 2926 2608 2981 verbum
2656 2926 2750 2981 Dei
2786 2926 3045 2999 iubentur
3088 2928 3295 2995 audire,
3342 2936 3402 2984 ut
3451 2934 3826 3002 unusquisque

2245 3031 2347 3087 pro
2394 3032 2491 3072 suo
2532 3016 2747 3073 modulo
2782 3027 2837 3073 et
2865 3032 3025 3075 sensu
3074 3017 3335 3085 intelligat
3387 3019 3516 3089 quid
3557 3019 3825 3076 Dominus

2246 3107 2539 3179 praecipiat.

2320 3218 2340 3253 ι
2370 3199 2509 3255 Ecce
2535 3214 2636 3270 ego
2666 3198 2913 3255 inducam
2940 3214 3103 3269 super
3133 3214 3227 3255 vos
3251 3199 3511 3269 gladium,
3534 3224 3589 3253 υι
3617 3198 3827 3269 disper-

2248 3308 2269 3344 ί
2306 3289 2429 3345 dam
2477 3290 2689 3347 excelsa
2718 3301 2923 3355 vestra,
2950 3299 3004 3345 et
3046 3289 3307 3346 demoliar
3349 3305 3471 3345 aras
3508 3300 3737 3355 vestras,
3766 3301 3826 3345 et

2248 3400 2268 3435 ι
2306 3380 2712 3452 confringentur
2739 3380 3041 3437 simulacra
3054 3388 3254 3445 vestra,
3289 3386 3345 3433 et
3367 3379 3612 3448 dejicium
3641 3380 3820 3434 inter-

2248 3490 2267 3527 ι
2309 3472 2479 3528 fectos
2512 3481 2725 3527 vestros
2762 3479 2889 3541 ante
2916 3468 3059 3526 idola
3082 3478 3280 3536 vestra,
3306 3478 3361 3525 et
3387 3469 3522 3525 dabo
3550 3471 3820 3525 cadavera

2248 3580 2267 3615 ι
2306 3561 2540 3616 filiorum
2572 3560 2736 3616 lsraei
2765 3569 2891 3615 ante
2922 3558 3113 3615 faciem
3162 3558 3571 3615 simulacrorum
3614 3567 3821 3615 vestro-

2249 3673 2267 3707 ι
2310 3670 2448 3718 rum,
2475 3662 2531 3707 et
2552 3652 2861 3723 dispergam
2887 3666 3011 3707 ossa
3046 3660 3228 3707 vestra
3261 3652 3404 3707 circa
3441 3666 3563 3705 aras
3602 3661 3820 3707 vestras

2247 3764 2267 3797 ι
2309 3746 2363 3799 in
2415 3745 2665 3798 omnibus
2708 3732 3072 3798 habitionibus
3113 3742 3369 3798 vestris.»
3414 3742 3682 3797 Montibus
3734 3742 3818 3797 di—

2241 3833 2317 3888 cit
2342 3834 2506 3887 lsraei
2551 3832 2694 3904 quod
2743 3831 3017 3902 disperdat
3040 3833 3297 3888 Dominus
3338 3832 3546 3887 excelsa
3597 3846 3813 3897 eorum,

2243 3923 2297 3979 in
2340 3922 2535 3993 quibus
2576 3922 2871 3977 adorabant
2918 3922 3160 3977 homines
3208 3921 3361 3977 ﬁctos
3400 3923 3548 3983 deos,
3586 3930 3653 3983 et,
3687 3936 3816 3975 aras

2242 4015 2637 4083 simulacraque
2664 4014 2965 4083 confringat
3002 4022 3057 4069 et
3096 4013 3333 4068 cultores
3377 4026 3563 4067 eorum
3604 4012 3657 4066 in
3688 4027 3815 4067 con-

2242 4114 2427 4177 spectu
2458 4105 2704 4159 fanorum
2749 4103 2978 4159 interfici
3020 4102 3199 4168 faciat,
3232 4110 3292 4157 ut
3311 4102 3526 4172 iaceant
3549 4103 3817 4159 cadavera

2242 4205 2579 4251 mortuorum
2607 4195 2697 4249 ubi
2725 4194 2877 4263 prius
2895 4193 3148 4262 iacebant
3174 4194 3385 4259 hostiae,
3408 4202 3465 4249 et
3499 4192 3817 4263 diSpergan-

2243 4298 2330 4342 tur
2357 4281 2479 4342 o'ssa
2527 4300 2633 4341 non
2676 4287 2960 4349 montium,
2986 4284 3082 4341 sed
3119 4299 3304 4341 eorum
3344 4284 3435 4355 qui
3476 4283 3735 4352 jacebant
3760 4284 3815 4339 in

2244 4383 2515 4437 montibus
2542 4382 2595 4435 in
2622 4382 2850 4436 circuitu
2885 4395 3119 4437 ararum.
3150 4387 3203 4435 et
3248 4379 3301 4435 in
3341 4381 3547 4436 cunctis
3590 4381 3818 4436 urbibus

2243 4477 2537 4545 viculisque
2567 4474 2750 4529 Israel.
2778 4475 2888 4528 Hoc
2902 4474 3054 4543 juxta
3087 4474 3343 4538 litteram,
3371 4473 3611 4542 alioquin
3638 4480 3693 4526 et
3727 4489 3819 4527 su-

565 4582 583 4614 ι
628 4563 749 4628 bus,
780 4572 834 4619 et
878 4562 1121 4628 collibus,
1152 4567 1373 4634 rupibus
1414 4576 1469 4621 et
1508 4567 1793 4632 vallibus,»
1828 4578 1932 4623 etc.
1986 4569 2139 4636 Quod
2166 4562 2217 4585 ν
2242 4582 2338 4638 per
2380 4581 2475 4621 eos
2514 4562 2615 4635 'qui
2659 4566 2939 4634 eriguntur
2980 4564 3035 4618 in
3082 4563 3489 4632 superbiam,et
3515 4562 3579 4617 de
3619 4563 3820 4631 quibus

561 4669 702 4723 saepe
737 4654 788 4709 in
822 4655 923 4710 hoc
951 4658 1211 4725 propheta
1242 4656 1480 4712 dicitur:
1512 4676 1531 4708 ι
1566 4658 1772 4713 Adonai
1799 4659 2079 4724 Dominus,
2114 4679 2131 4711 ι

559 4754 781 4816 propter
804 4745 1022 4801 Graecos
1044 4756 1099 4801 et
1122 4744 1363 4811 Latinos,
1386 4749 1477 4819 qui
1504 4748 1778 4805 Hebraica:
1806 4749 2002 4821 linguae
2031 4766 2139 4805 non

560 4839 763 4893 habent
814 4839 1093 4894 scientiam
1121 4878 1137 4904 ,
1186 4840 1424 4895 breviter
1465 4840 1840 4909 exponendum
1900 4841 2133 4896 videtur.

558 4930 765 4983 Atlonai
796 4945 959 4984 unum
998 4944 1193 4988 nomen
1219 4938 1303 4985 est
1325 4930 1389 4984 de
1412 4928 1596 4985 decem
1632 4930 1907 4986 vocabulis
1935 4930 2053 4995 Dei,
2083 4941 2139 4988 ct

559 5021 826 5091 significat
839 5019 1145 5086 Dominum,
1162 5035 1270 5090 quo
1290 5036 1431 5092 stupe
1442 5031 1497 5075 et
1513 5021 1566 5077 iu
1583 5020 1889 5077 hominibus
1911 5023 2134 5078 utimur.

560 5109 802 5179 Denique
838 5119 893 5165 et
923 5107 1057 5164 Sara
1096 5124 1297 5166 vocans
1342 5112 1614 5167 Abraham
1662 5111 1937 5167 dominum
1964 5127 2137 5167 .suum

559 5198 715 5269 (Gen.
746 5198 924 5271 amt),
973 5200 1076 5255 hoc
1108 5201 1337 5256 vocabat
1382 5203 1617 5270 nomine.
1650 5203 1718 5258 Et
1756 5202 1849 5258 ubi
1893 5203 2135 5259 dicitur:

565 5307 583 5340 ο
616 5288 841 5344 Domine
884 5290 954 5344 mi
987 5305 1106 5358 rex,
1147 5290 1353 5347 Adonai
1397 5310 1415 5342 ι
1460 5291 1720 5362 scriptum
1760 5300 1864 5348 est.
1912 5292 2137 5359 Quando

564 5378 726 5447 igitur
769 5377 878 5433 duo
915 5378 1123 5435 Domini
1174 5391 1228 5435 ct
1275 5380 1487 5435 Domini
1526 5381 1710 5451 juncta
1740 5388 1864 5436 sunt
1892 5382 2132 5448 nomina,

563 5469 714 5539 prius
743 5484 940 5524 nomen
969 5486 1257 5528 commune
1279 5482 1382 5537 est,
1429 5473 1719 5529 secundum
1764 5474 1981 5544 preprie
2016 5473 2132 5538 Dei,

564 5559 718 5631 quasi
766 5558 1058 5627 inell'abilc,
1101 5571 1158 5617 et
1205 5562 1348 5632 quod
1393 5565 1654 5632 scriptum
1703 5564 1804 5620 fuit
1837 5564 1891 5617 in
1934 5563 2136 5618 lamina

564 5665 728 5705 aurea
755 5664 874 5721 qua:
912 5658 1031 5706 erat
1080 5651 1136 5707 in
1182 5650 1361 5707 fronte
1389 5653 1672 5723 pontificis.
1721 5652 1929 5710 Montes
1955 5660 2137 5709 autem

564 5740 867 5819 ls_t'.zel,qui
914 5740 1217 5800 simulacris
1260 5743 1561 5801 daemonum
1609 5745 1817 5798 fuerant
1867 5742 2137 5816 occupati,

2238 4656 2529 4725 Apostolus
2574 4655 2812 4724 loquitur
2839 4654 2893 4725 (Ι
2932 4652 3051 4709 Cor.
3096 4658 3215 4722 Vill)
3243 4672 3256 4707 :
3287 4672 3305 4705 ι
3344 4652 3584 4709 Scientia
3632 4650 3817 4717 inflat,

2242 4746 2475 4801 eharitas
2495 4744 2745 4801 aedificat.
2770 4765 2787 4797 ›
2817 4744 3092 4800 inducitur
3109 4738 3317 4813 gladius
3337 4750 3399 4797 ut
3416 4742 3598 4797 omnia
3624 4755 3817 4798 eorum

2241 4836 2553 4901 simulacra,
2575 4850 2693 4904 qum
2718 4834 2784 4889 de
2805 4848 2904 4889 suo
2935 4833 3205 4889 ﬁnxerunt
3227 4833 3408 4889 animo
3440 4839 3814 4895 conterantur,

2241 4938 2296 4983 et
2344 4926 2613 4984 interfecti
2654 4924 2903 4994 iaceant,
2934 4932 2992 4981 et
3022 4934 3263 4980 mortuos
3303 4939 3424 4981 esse
3462 4937 3523 4979 se
3554 4920 3816 4985 sentiant,

2244 5016 2379 5072 nihil
2424 5017 2526 5071 sibi
2572 5015 2861 5071 simulacra
2900 5030 2995 5071 sua
3046 5024 3211 5085 atque
3263 5012 3518 5085 figmenta
3560 5011 3819 5082 prodesse

2243 5121 2544 5169 cernentes.
2562 5111 2823 5182 Quodque
2838 5092 3145 5182 dispergere
3172 5126 3232 5167 se
3255 5110 3385 5166 dicit
3399 5122 3526 5165 ossa
3550 5109 3813 5163 montium

2241 5203 2386 5259 circa
2422 5217 2566 5266 aras,
2591 5201 2915 5257 fortissimos
2960 5215 3203 5272 quosque
3234 5214 3423 5257 eorum
3468 5213 3499 5252 a
3538 5214 3597 5253 se
3626 5209 3816 5255 mutuo

2242 5294 2443 5350 indicat
2481 5293 2823 5364 separandos.
2856 5291 3084 5347 Prodest
3110 5292 3253 5347 enim
3286 5303 3555 5361 perversa
3577 5287 3815 5344 scientiae

2241 5382 2414 5439 malos
2441 5398 2471 5437 a
2496 5382 2651 5437 malis
2669 5380 2832 5437 dividi
2858 5397 2872 5446 ;
2898 5389 2952 5436 et
2977 5388 3037 5434 ut
3058 5379 3133 5434 illi
3166 5378 3258 5449 qui
3284 5391 3553 5433 consensu
3575 5377 3814 5447 pessimo

2237 5471 2573 5527 aediﬁcabant
2618 5479 2823 5526 turrem
2867 5484 2966 5540 pro
3010 5468 3240 5524 utilitate
3285 5466 3542 5538 propria,
3571 5465 3815 5536 dissipati

2239 5570 2386 5627 sunt,
2415 5561 2706 5631 divisaeque
2743 5559 2939 5631 linguas
2980 5574 3189 5624 eorum,
3212 5573 3282 5614 ne
3308 5570 3605 5614 consensus
3644 5554 3815 5625 pessi-

2242 5668 2361 5708 mus
2388 5650 2597 5721 pejores
2635 5666 2727 5706 eos
2755 5648 3134 5722 faceret‘(Gen.
3165 5648 3263 5718 ιι),
3294 5647 3369 5703 ita
3400 5660 3525 5702 ossa
3551 5646 3813 5702 montium

2243 5742 2621 5813 disperguntur
2650 5748 2708 5798 ut
2735 5755 2903 5797 vanos
2930 5746 3159 5799 conatus
3185 5752 3313 5794 suos
3351 5736 3675 5808 intelligant.
3706 5733 3817 5792 ηοξ

3242 5958 3273 5989 ς,
