3948 6354
230 444 338 502 605

1194 449 1543 511 COMMENT.
1588 450 1652 504 ΙΝ
1690 451 2138 511 ΕΖΕΕΗΙΕΙΕΜ.
2176 488 2249 499 —-
2286 457 2411 513 LIB.
2453 459 2539 514 ιν.

3380 470 3479 523 606

228 556 378 628 quod
427 572 524 615 nos
562 557 875 627 posuimus:
912 577 928 609 ι
966 556 1033 612 Et
1080 559 1217 613 dabo
1267 562 1524 617 cadavera
1575 560 1805 622 tiliomm
1834 584 1881 629 Α
1909 581 2070 634 opere
2103 567 2511 631 demonstravit,
2549 572 2662 627 sive
2692 572 2947 628 contrivit
2982 582 3037 631 ut.
3083 577 3353 633 fornicans
3384 596 3478 634 cor

229 647 399 702 lsrael
443 656 579 703 ante.
616 647 807 703 faciem
861 647 1270 704 simulacrorum
1319 659 1650 715 vestrorum,
1687 671 1702 701 ι
1753 653 1807 706 in

231 740 589 811 Septuaginta
620 755 725 793 non
752 738 1002 794 habetur.

304 851 323 883 ι
372 831 545 887 Urbes
572 831 800 886 desertae
825 840 1002 895 erunt,
1026 841 1080 886 et
1106 833 1316 890 excelsa
1344 834 1723 901 demolientur,
1751 844 1808 891 et

234 942 249 972 ι
299 920 703 989 dissipabuntur
743 932 797 975 et
838 922 1133 977 interibunt
1181 939 1288 978 arae
1330 934 1524 981 vestrae
1568 936 1619 981 et
1670 942 1803 983 con-

232 1030 252 1061 ι
303 1012 606 1079 fringentur
630 1022 687 1066 et
715 1011 1005 1067 cessabunt
1036 1015 1172 1068 idola
1205 1026 1409 1079 vestra,
1444 1025 1499 1083 et
1523 1025 1802 1074 conteren-

231 1122 249 1153 ο
295 1113 383 1158 tur
409 1104 861 1169 delubravestra,
894 1112 948 1159 et
973 1104 1289 1175 delebuntur
1328 1120 1492 1177 Opera
1521 1116 1721 1169 vestra,
1749 1117 1807 1164 et

232 1211 251 1243 ο
294 1191 452 1247 cadet
487 1190 808 1247 interfectus
838 1193 893 1247 in
926 1195 1101 1249 medio
1135 1196 1335 1260 vestri,
1366 1205 1419 1251 et
1451 1196 1634 1255 scietis
1668 1213 1799 1267 quo-

229 1302 249 1335 ο
293 1284 441 1337 niam
481 1298 580 1352 ego
620 1283 897 1340 Dominus.
944 1282 1266 1355 rudici-on.)
1310 1284 1484 1341 Causa
1516 1288 1799 1357 perspicua

222 1388 325 1428 cur
359 1373 523 1428 urbes
561 1373 825 1428 montium
872 1373 1179 1429 deserenda
1217 1376 1355 1441 sint,
1384 1375 1589 1432 scilicet
1618 1384 1678 1433 ut
1717 1377 1802 1435 de-

226 1462 517 1519 moliantur
550 1464 792 1529 excelsa,
830 1478 1044 1533 araeque
1075 1474 1132 1518 et
1176 1465 1314 1520 idola
1341 1466 1709 1537 destruantur,
1748 1474 1802 1523 et

222 1552 448 1609 delubra
495 1563 741 1622 pereant,
799 1562 854 1610 et
896 1556 1074 1609 omnis
1126 1555 1536 1614 simulacrorum
1588 1556 1797 1613 cultura

225 1647 477 1711 desistat,
507 1647 808 1716 cedantque
838 1646 1106 1702 interfecti
1139 1647 1192 1701 in
1228 1648 1402 1703 medic
1430 1648 1716 1713 montium,
1745 1657 1799 1703 et
1830 1690 1831 1693 η

222 1738 399 1795 sciant
446 1739 570 1806 quia
596 1739 709 1808 ipse
736 1739 806 1793 sit
830 1738 1107 1794 Dominus.
1135 1738 1238 1794 Per
1259 1754 1377 1815 quae
1403 1740 1620 1796 occasio
1642 1741 1799 1796 nobis

222 1826 382 1879 datur
407 1827 701 1896 spiritalem
731 1828 903 1897 magis
928 1827 1336 1897 intelligentiam
1362 1831 1536 1897 sequi,
1562 1837 1621 1883 ut
1636 1828 1796 1884 urbes

1909 665 1963 710 et
1986 659 2241 714 recedens
2256 676 2286 713 a
2307 659 2437 726 Deo,
2461 677 2647 716 eorum
2668 666 2732 717 de
2766 665 2960 734 quibus
2981 682 3075 735 per
3096 668 3290 723 Oscam
3313 672 3479 737 loqui-

1909 753 2036 799 tur:
2069 766 2087 797 ι
2123 747 2329 816 Spiritu
2360 740 2734 809 fornicationis
2769 756 2973 809 seducti
2996 769 3119 810 sunt
3149 755 3291 824 (0w.
3318 766 3414 826 iv).
3450 777 3473 810 ι

1912 852 1929 884 ι
1977 834 2044 888 Et
2084 836 2266 892 oculos
2303 837 2631 894 fornicautes
2673 855 2790 907 post
2831 845 2990 897 idola.
3036 865 3055 897 ι
3106 846 3210 901 Per
3245 863 3476 917 quarunt

1905 924 2167 980 fenestras
2211 941 2358 981 mors
2391 927 2625 983 intrasse
2665 932 3007 1000 perhibetur,
3048 920 3210 1003 quam
3252 938 3321 992 ob
3350 954 3477 991 caus

1904 1027 2020 1069 sam
2055 1023 2109 1069 et
2142 1015 2195 1069 in
2228 1016 2447 1073 Daniele
2504 1018 2660 1091 (Dan.
2712 1034 2830 1089 sui)
2865 1024 2970 1077 duo
3004 1027 3306 1097 presbyteri
3334 1043 3471 1097 pra:-

1903 1113 2161 1172 ceperunt
2199 1105 2425 1161 revelari
2452 1106 2777 1174 Susannam,
2806 1120 2866 1164 ut
2890 1118 3073 1166 nudati
3103 1114 3341 1183 corporis
3379 1116 3471 1168 de-

1902 1206 2047 1255 core,
2075 1191 2399 1253 fruerentur.
2446 1194 2557 1249 Nec
2601 1195 2795 1253 frustra
2836 1197 3045 1253 locutus
3090 1211 3170 1255 est
3213 1200 3473 1256 Dominus

1901 1292 1962 1337 ut
1982 1282 2187 1340 faceret
2206 1284 2407 1341 malum
2435 1287 2518 1339 vel
2546 1290 2709 1351 maia,
2745 1293 2963 1358 quando
2998 1295 3065 1345 ad
3098 1296 3471 1348 comminatio-

1901 1387 2025 1428 nem
2058 1372 2194 1441 ejus,
2230 1387 2395 1445 agunt
2427 1378 2824 1446 pmnitentiam.
2855 1383 2945 1449 qui
2976 1382 3271 1443 sententia:
3296 1384 3472 1449 subju-

1900 1462 2111 1517 cebant.
2152 1462 2245 1519 Sin
2288 1474 2469 1520 autem
2495 1483 2587 1521 cor
2614 1467 2803 1522 durum
2844 1469 2914 1525 sit
2942 1479 2996 1523 et
3032 1469 3371 1531 indomabite,
3404 1487 3470 1526 ne

1898 1568 1996 1622 per
2016 1568 2202 1625 poenas
2225 1557 2438 1624 quidem
2455 1559 2692 1613 sentiens
2709 1558 2963 1615 beneficia
2980 1562 3326 1631 corrigentis,
3340 1563 3470 1616 dici-

1901 1654 1991 1701 tur
2014 1646 2081 1713 ad
2107 1661 2233 1725 eos:
2264 1646 2391 1702 Sine
2418 1662 2579 1712 causa
2608 1651 2849 1718 percussi
2876 1649 3017 1707 ﬁlios
3050 1661 3278 1716 vestros,
3312 1654 3470 1709 disci-

1897 1736 2099 1806 pliuani
2124 1752 2229 1791 non
2243 1740 2544 1806 recepistis.
2565 1738 2787 1794 Prodest
2812 1751 3004 1799 autem
3033 1752 3088 1796 et
3125 1741 3393 1797 haereticis
3415 1750 3475 1797 ut

1900 1834 2214 1880 conteratur
2258 1842 2352 1882 cor
2388 1842 2572 1883 eorum
2592 1868 2607 1894 ,
2639 1830 2925 1887 thesaurus
2949 1832 3217 1899 pessimus
3245 1832 3469 1902 dogma-

225 1918 631 1982 lbereticorum,
649 1934 769 1989 qua:
790 1920 1217 1988 interpretantur
1237 1918 1492 1974 Ecclesiae
1510 1928 1565 1973 et.
1585 1920 1797 1975 excelsa
1826 1937 1873 1994 B
1900 1927 2013 1973 tum
2055 1934 2457 1990 perversurum,
2485 1922 2610 1989 quia
2648 1923 2871 1977 recessit
2902 1938 2931 1976 a
2960 1922 3210 1979 Domino.
3249 1924 3317 1978 Et
3354 1925 3472 1977 for-

223 2009 490 2076 superbiae
536 2022 759 2075 eorum,
806 2016 859 2063 et
896 2024 1007 2064 ara:
1054 2023 1436 2079 perversorum
1484 2011 1794 2081 dogmatum

224 2100 665 2169 confringantur,
707 2108 777 2159 et,
810 2099 949 2155 idola
985 2109 1250 2173 pereant,
1292 2116 1414 2169 quae
1452 2102 1520 2156 de
1557 2116 1655 2157 suo
1694 2102 1797 2157 sibi

222 2190 385 2245 corde
424 2190 740 2249 simularant
760 2230 776 2255 ,
797 2199 861 2258 et
889 2198 1238 2246 conterantur
1263 2191 1482 2246 delubra
1520 2206 1627 2247 non
1657 2199 1799 2246 tem-

221 2280 331 2349 pla,
356 2295 475 2349 qua:
500 2288 689 2339 contra
720 2280 977 2351 templum
1006 2280 1220 2337 Domini
1247 2290 1609 2347 surrexerunt,
1641 2281 1792 2338 Grie-

222 2382 395 2437 coque
424 2384 673 2432 sermone
694 2370 1030 2441 appellantur
1050 2374 1251 2443 τέμενη,
1269 2371 1321 2427 id
1349 2379 1450 2437 est,
1482 2371 1606 2427 fana
1636 2382 1798 2442 atque

217 2457 449 2515 delubra
486 2466 543 2513 et
576 2459 755 2513 omnia
785 2474 951 2530 opera
977 2461 1236 2515 montium
1263 2469 1639 2527 conterantur,
1670 2461 1797 2531 quia

223 2562 333 2604 non
357 2564 521 2619 opera
548 2550 645 2605 Dei
672 2560 819 2617 sunt,
847 2552 943 2608 sed
967 2552 1346 2622 magistrorum
1370 2552 1515 2608 falsae
1537 2554 1795 2619 scientiae.

226 2644 470 2712 Cumque
492 2642 788 2699 ceciderint
815 2643 871 2698 in
900 2644 1080 2701 medio
1107 2645 1391 2709 montium,
1427 2644 1511 2699 vel
1535 2659 1671 2718 quos
1696 2645 1796 2715 ipsi

224 2742 435 2789 montes
478 2731 864 2791 interfecerant
908 2734 991 2790 vel
1030 2733 1387 2791 ecclesiastici
1407 2736 1530 2803 viri,
1563 2735 1653 2805 qui
1704 2749 1798 2793 eos

225 2822 369 2880 male
392 2822 635 2881 viventes
666 2822 720 2879 in
736 2825 963 2882 salutem
986 2839 1140 2883 suam
1158 2826 1490 2891 occiderant,
1515 2834 1643 2881 tunc
1672 2826 1798 2882 ﬁnis

222 2913 330 2968 erit
356 2913 621 2969 montium
658 2915 1046 2983 superborum,
1077 2923 1146 2975 ut
1161 2924 1490 2986 cognoscant
1514 2916 1660 2988 quod
1683 2916 1799 2988 ipse

222 3002 296 3057 sit
334 3002 612 3059 Dominus.
653 3004 839 3060 Potest
884 3012 1065 3061 autem
1106 3003 1224 3060 fieri
1263 3014 1323 3060 ut
1355 3004 1422 3059 de
1458 3021 1564 3061 uno
1600 3006 1800 3077 populo

223 3094 487 3150 montium
524 3095 713 3163 Israel,
742 3096 861 3152 aliis
887 3096 1188 3153 interfectis
1214 3104 1515 3169 agnoscant
1541 3097 1632 3154 alii
1659 3099 1797 3155 :Pe-

223 3184 442 3241 stilente
466 3186 610 3241 enim
634 3184 899 3258 ﬂagellato
924 3186 1121 3247 stultus
1146 3187 1374 3244 astutior
1400 3189 1525 3254 erit.

1900 2010 2146 2064 nicantes
2188 2010 2328 2065 oculi
2376 2019 2499 2080 post
2545 2012 2956 2073 adinventiones
2996 2028 3156 2078 suas,
3210 2015 3299 2082 qui
3348 2030 3470 2068 cum

1898 2098 2108 2159 Domini
2152 2098 2353 2155 fuerint
2394 2101 2692 2167 recordati,
2731 2102 3090 2175 diSplicebunt
3118 2104 3223 2159 sibi
3249 2103 3304 2163 in
3350 2103 3469 2159 uni-

1896 2192 2067 2263 versis
2109 2192 2594 2269 abominationibus
2638 2194 2782 2260 suis,
2831 2204 2885 2256 et
2914 2194 3274 2263 intelligentes
3330 2210 3472 2254 verte

1896 2278 2021 2333 fidei
2053 2280 2368 2343 veritatem,
2404 2281 2575 2336 scient
2620 2282 2743 2352 quiq
2792 2282 2912 2352 ipse
2940 2284 3012 2337 sit
3052 2283 3326 2342 Dominus.
3369 2283 3469 2349 Qui

1896 2371 2101 2426 idcirco
2133 2386 2277 2440 saepe.
2315 2371 2478 2426 infert
2519 2372 2950 2439 tribulationem,
2990 2376 3110 2444 quae
3143 2374 3472 2443 patientibus

1894 2460 2199 2529 perniciosa
2247 2460 2458 2517 videtur
2482 2472 2537 2518 et
2576 2464 2830 2530 pessima,
2863 2473 2922 2519 ut
2961 2465 3029 2519 ad
3074 2465 3466 2535 pmnitudinem

1896 2559 2306 2608 convertantur.

1972 2660 1991 2695 ι
2036 2642 2163 2697 Haec
2216 2642 2348 2698 dicit
2399 2643 2658 2705 Dominus
2704 2643 2846 2703 Deus
2896 2662 2913 2699 :
2963 2645 3193 2706 Percute
3248 2661 3467 2702 manum

1902 2754 1921 2788 ι
1972 2744 2141 2803 tuam,
2179 2746 2234 2792 et
2281 2736 2442 2793 aliide
2485 2739 2675 2807 pedem
2728 2746 2909 2803 tuum,
2941 2746 2998 2793 et
3046 2738 3155 2805 dic,
3202 2735 3345 2796 Heu!
3396 2740 3465 2806 ad

1902 2846 1920 2876 ι
1964 2840 2153 2882 omnes
2200 2825 2627 2897 abominationes
2654 2828 2934 2889 malorum
2977 2828 3168 2884 domus
3215 2814 3400 2893 lsrael.
3444 2850 3460 2882 ι

1896 2905 2341 2987 Magnitudinem
2370 2925 2723 2989 peccatorum
2762 2915 2982 2984 jubetur
3038 2917 3301 2987 propheta
3352 2934 3462 2973 ina-

1896 3007 2058 3068 nibus
2098 3007 2429 3079 pedibusque
2467 3022 2531 3062 ac
2559 3021 2808 3064 sermone
2850 3017 3178 3073 monstrare,
3211 3018 3271 3073 ut
3316 3017 3475 3085 gestu

1897 3098 2142 3167 corporis
2165 3107 2222 3153 et
2250 3097 2599 3152 inclinatione
2635 3098 2782 3153 vocis
2806 3096 3048 3152 habitum
3076 3099 3341 3165 stupentis
3365 3098 3469 3151 mi-

1898 3188 2175 3258 nutisque
2204 3195 2260 3242 et
2307 3186 2569 3260 plorantis
2605 3186 2869 3244 emendat.
2912 3186 3193 3254 Quomodo
3234 3189 3377 3241 enim
3424 3188 3468 3241 si

302 3293 321 3327 ι
366 3276 433 3331 Et
458 3276 759 3347 relinquam
781 3277 839 3333 in
864 3277 1017 3332 vobis
1045 3292 1163 3343 eos,
1187 3278 1280 3348 qui
1301 3276 1538 3351 fugerint
1561 3276 1797 3347 gladium
1824 3280 1869 3343 C
1900 3279 2116 3353 quando
2158 3293 2358 3334 novum
2399 3277 2600 3347 aliquid
2622 3277 3049 3347 mirandumque
3085 3277 3469 3345 conspicimus,

230 3385 249 3419 ι
290 3367 347 3421 in
374 3366 624 3437 gentibus
642 3381 764 3421 cum
788 3367 1093 3438 dispersere
1114 3383 1210 3423 vos
1230 3367 1285 3423 in
1308 3377 1501 3431 terras.
1532 3368 1598 3424 Et
1620 3383 1799 3425 recor-

230 3474 249 3508 ι
298 3456 569 3515 dabuntur
589 3458 693 3511 mei
724 3456 936 3513 liberati
973 3458 1141 3513 vestri
1176 3458 1228 3512 in
1267 3459 1537 3527 gentibus,
1566 3460 1635 3512 ad
1662 3473 1797 3528 quas

230 3564 256 3600 ι
294 3545 490 3616 captivi
545 3545 691 3601 ducti
733 3554 877 3601 sunt.
920 3566 941 3598 ι
998 3547 1131 3603 illud
1199 3548 1347 3618 quod
1398 3548 1658 3603 Dominus
1720 3549 1797 3604 lo-

223 3622 411 3707 quitur
455 3638 520 3692 ad
564 3638 775 3691 Etiam:
807 3657 825 3690 ι
851 3637 1065 3709 Reliqui
1087 3639 1220 3693 mihi
1242 3650 1447 3710 septem
1469 3639 1635 3694 millia
1655 3640 1798 3695 viro—

222 3742 366 3789 rum,
382 3726 473 3795 qui
493 3742 597 3779 non
621 3737 980 3782 curvaverunt
998 3742 1135 3799 genu
1156 3736 1282 3791 ante
1302 3728 1483 3783 Beat.)
1510 3729 1577 3783 Et
1602 3729 1798 3792 Paulus

219 3818 498 3888 apostolus
534 3819 723 3874 scribit
756 3836 768 3869 ;
806 3836 826 3868 σ
877 3816 944 3871 Et
991 3833 1133 3877 nunc
1175 3820 1229 3887 in
1262 3820 1365 3874 hoc
1394 3824 1637 3892 tempore
1674 3821 1796 3878 reli-

231 3929 250 3964 ι
287 3916 426 3981 quiec
446 3914 739 3971 secundum
760 3912 1074 3967 electionem
1110 3912 1296 3981 gratiae
1316 3912 1475 3967 salva:
1498 3912 1652 3969 facta:
1674 3922 1799 3971 sunt

232 4022 250 4054 ι
292 4002 468 4071 (Rom.
512 4010 611 4071 ιι).
660 4022 679 4055 ι
727 4000 911 4056 Potest
952 4001 1079 4055 huic
1106 4000 1337 4071 capitulo
1381 4002 1690 4057 convenire.
1729 4000 1796 4055 Et

223 4091 451 4161 apostoli
489 4092 653 4151 enim,
699 4092 786 4158 qui
830 4099 989 4145 erant
1032 4092 1096 4145 de
1131 4090 1337 4146 semine
1382 4089 1565 4153 Israel.
1602 4102 1656 4144 et
1685 4091 1795 4161 gla—

224 4180 372 4235 dium
412 4179 676 4250 fugerant,
718 4180 922 4234 idcirco
974 4188 1098 4234 sunt
1137 4180 1395 4235 reservati
1426 4190 1485 4234 ut
1515 4180 1791 4251 disperge-

222 4278 416 4325 rentur
434 4272 491 4325 in
518 4274 855 4341 gentibus,et
883 4271 937 4325 in
970 4270 1129 4326 terris
1154 4269 1499 4341 Evangelium
1530 4271 1793 4341 praedica-

221 4370 363 4424 rent,
406 4376 465 4414 ac
516 4360 928 4416 recordarentur
970 4360 1023 4412 in
1059 4360 1303 4429 gentibus
1340 4360 1463 4425 Dei,
1508 4362 1557 4413 in
1598 4361 1792 4430 quibus

220 4450 555 4520 captivitatis
594 4459 832 4519 tempore
869 4450 1239 4504 versabantur.
1292 4449 1475 4506 Potest
1511 4461 1691 4505 autem
1738 4459 1793 4505 et

218 4539 330 4593 hoc
350 4538 477 4603 dici,
505 4538 645 4606 quod
672 4538 791 4592 ideo
817 4538 979 4606 aliqui
1006 4538 1070 4592 de
1098 4538 1408 4607 captivitate
1428 4537 1669 4603 Judaiea,
1707 4556 1790 4594 re-

1901 3378 2012 3431 tam
2058 3384 2298 3437 corpore,
2341 3383 2502 3437 quam
2541 3370 2723 3425 animo
2760 3366 3250 3437 perhorrescimus,
3292 3369 3366 3421 ita
3410 3377 3469 3421 ut

1897 3458 2299 3530 complodemus
2313 3472 2506 3515 manus
2527 3472 2581 3513 et
2600 3457 2761 3527 pedes
2781 3456 3063 3512 allidamus
3081 3456 3149 3511 ad
3171 3465 3388 3521 terram,
3416 3467 3471 3511 et

1897 3564 2086 3606 vocem
2128 3548 2451 3604 inclinemus
2502 3549 2568 3603 ad
2617 3546 2799 3604 ﬂetum
2845 3566 2859 3600 :
2902 3550 2979 3601 sic
3018 3562 3161 3599 nunc
3200 3548 3464 3615 propheta

1898 3656 2123 3698 cernens
2156 3640 2325 3696 oculis
2364 3640 2529 3697 animi
2568 3640 2745 3695 futura
2776 3638 3035 3707 supplicia
3076 3641 3142 3693 ad
3182 3638 3467 3692 universas

1898 3731 2328 3795 abominationes
2382 3729 2646 3786 malorum
2686 3729 2945 3789 Dominus
2984 3727 3149 3782 Israel
3192 3726 3465 3796 loquitur,

1896 3834 2363 3893 quaesequuntur.
2382 3822 2717 3877 Percutiniur
2745 3816 3228 3887 spiritalitcrmanu
3251 3817 3468 3885 quando

1895 3926 1927 3967 a
1955 3911 2109 3971 malis
2148 3926 2244 3966 nos
2271 3910 2523 3980 operibus
2564 3922 2895 3975 separamus.
2935 3907 3219 3973 Allidiinus
3243 3908 3465 3977 pedem,

1894 4003 2109 4070 quando
2149 4015 2255 4077 non
2304 3999 2577 4070 gradimur
2617 4001 2810 4053 itinere
2840 4006 3206 4068 peccatorum.
3248 3996 3464 4077 Plangi-

1895 4106 2016 4151 mus
2052 4098 2214 4159 atque
2239 4074 2534 4158 ploramus,
2564 4089 2776 4163 quando
2817 4090 2972 4143 nobis
3007 4087 3313 4157 displicent,
3343 4074 3464 4157 qua:

1895 4188 2173 4251 geruntur.
2201 4178 2325 4233 llaec
2348 4186 2431 4233 est
2457 4185 2633 4233 autem
2662 4191 2820 4231 causa
2855 4176 3160 4246 plangendi,
3187 4178 3329 4246 quod
3366 4178 3461 4232 ha-

1892 4272 2151 4343 bitatores
2173 4264 2435 4326 montium
2458 4282 2513 4325 et
2538 4286 2772 4333 ararum,
2808 4270 3179 4339 idolorumque
3201 4269 3457 4335 cultores,

1892 4359 2261 4430 gladio,fame,
2288 4369 2460 4431 peste,
2491 4358 2681 4415 ruituri
2708 4370 2852 4421 sunt,
2880 4362 2969 4428 qui
2999 4361 3166 4414 variis
3190 4360 3461 4415 ducuntur

1891 4451 2187 4515 erroribus,
2221 4461 2277 4505 et
2304 4450 2540 4520 quotidie
2565 4458 2771 4503 mutant
2800 4449 2957 4503 ﬁdem
2984 4449 3462 4503 circumferuntur-

1894 4556 1997 4608 qne
2034 4540 2181 4595 omni
2217 4547 2376 4593 vento
2400 4538 2675 4599 doctrinm,
2725 4538 2812 4592 isti
2840 4538 3117 4592 caeduntur
3158 4538 3363 4608 gladio,
3407 4548 3462 4593 et

219 4629 472 4687 servandi
499 4638 639 4692 sunt,
673 4636 730 4682 ut
760 4628 814 4682 in
840 4631 1085 4698 gentibus
1111 4630 1528 4684 recordarentur
1554 4629 1785 4683 nominis
1814 4617 1864 4675 Ι)
1889 4633 2200 4687 dividuntur
2222 4631 2276 4685 in
2307 4637 2487 4699 partes
2508 4631 2761 4683 unitatem
2792 4628 3175 4683 ecclesiastica:
3208 4628 3326 4681 fidei
3366 4644 3457 4683 re-

222 4720 365 4797 ejus,
395 4719 642 4789 illiusque
668 4719 962 4789 potentiam
987 4719 1363 4790 praedicarent.
1398 4716 1474 4774 De
1514 4718 1793 4774 haeretico-

220 4829 347 4871 rum
376 4827 588 4883 quoque
609 4810 841 4883 populis,
863 4812 955 4881 qui
984 4811 1211 4866 evadere
1237 4810 1511 4881 potuerint
1533 4808 1788 4882 gladium,

215 4902 551 4978 perditionis
567 4914 777 4964 eorum,
804 4908 860 4955 et
880 4899 1167 4974 pessimam
1189 4899 1500 4964 factionem,
1524 4913 1643 4971 quae
1665 4912 1795 4952 con-

215 5002 310 5049 tra
366 4993 531 5046 Deum
577 4989 752 5045 fuerat
799 4988 1069 5044 concitata
1127 4990 1233 5044 huc
1276 4989 1510 5058 illucque
1560 4984 1791 5057 dispersi

215 5079 651 5138 recordabuntur
670 5077 902 5133 nominis
927 5076 1041 5144 Dei,
1065 5087 1289 5149 agentes
1307 5070 1704 5148 ptenitentiam,
1735 5088 1789 5133 et

212 5180 412 5240 captos
436 5182 495 5222 se
518 5183 550 5223 a
570 5167 700 5224 viris
720 5166 1097 5226 ecclesiasticis
1119 5168 1485 5223 exsultabunt.

302 5280 319 5311 ι
366 5259 501 5327 Quia
543 5260 774 5315 contrivi
802 5274 898 5319 eor
927 5274 1112 5319 eorum
1143 5258 1419 5315 {emicans
1438 5268 1493 5314 et
1530 5264 1789 5316 recedens

220 5370 242 5402 ι
288 5364 321 5402 a
348 5364 455 5401 me.
486 5348 553 5403 Et
578 5348 763 5405 oculos
790 5363 977 5404 eorum
1005 5347 1336 5403 fornicantes
1356 5358 1480 5419 post
1501 5350 1640 5405 idola
1668 5364 1784 5415 sua,

221 5457 243 5491 ς
292 5445 349 5491 et
370 5436 725 5510 displicebunt
753 5424 969 5500 sibimet
1012 5452 1171 5507 super
1203 5438 1361 5493 malis
1397 5452 1517 5509 qua:
1551 5439 1793 5494 fecerant

223 5548 244 5582 ο
300 5529 355 5582 in
385 5527 649 5591 universis
673 5528 1162 5590 abominationibus
1185 5528 1314 5583 suis.
1356 5528 1422 5582 Et
1442 5528 1636 5593 scient,
1663 5528 1789 5597 quia

226 5635 246 5668 ι
296 5630 397 5689 ego
421 5615 677 5680 Dominus
704 5632 812 5672 non
844 5616 1046 5672 frustra
1070 5617 1281 5673 locutus
1302 5632 1444 5682 sum,
1470 5626 1527 5673 ut
1558 5617 1790 5673 facerem

229 5728 246 5760 ι
296 5707 377 5761 eis
394 5705 593 5762 malum
610 5707 733 5767 hac.
760 5727 778 5761 ι
805 5706 1072 5780 (Ηίενοη.)
1090 5707 1297 5763 Juravit
1314 5715 1497 5765 autem
1510 5708 1789 5773 Dominus,

221 5803 379 5874 juxta
417 5794 590 5869 LXX,
634 5807 795 5870 atque
834 5799 1075 5856 decrevit
1103 5813 1164 5855 se
1191 5798 1456 5857 facturum
1486 5814 1637 5873 esse,
1671 5814 1790 5868 qua:

1886 4720 2211 4789 linquentes.
2257 4716 2360 4783 Qui
2413 4731 2543 4771 vero
2593 4716 2865 4785 spiritales
2910 4731 3017 4771 non
3067 4718 3231 4772 habet
3276 4717 3457 4780 cibos,

1887 4809 2029 4865 fame
2058 4809 2285 4862 moritur
2327 4807 2571 4862 nesciens
2607 4820 2750 4873 eum,
2785 4808 2875 4874 qui
2916 4807 3048 4875 dixit
3079 4823 3093 4861 :
3132 4825 3152 4859 ι
3195 4806 3304 4877 Ego
3340 4822 3459 4862 sum

1894 4915 1913 4948 ι
1953 4898 2064 4953 vita
2092 4896 2273 4968 (Joan.
2300 4896 2433 4967 xiv).
2480 4914 2499 4948 ι
2527 4894 2719 4960 Porro,
2746 4895 2839 4965 qui
2862 4895 2948 4953 vel
2980 4896 3205 4967 singulis
3228 4896 3311 4953 vel
3342 4896 3461 4967 plu-

1894 4988 2045 5043 ribus
2072 4987 2279 5043 deditus
2303 4986 2450 5040 vitiis
2476 4985 2543 5039 ab
2568 4987 2649 5040 eis
2674 5000 2779 5040 non
2801 4994 2980 5056 potest
3014 4987 3276 5057 separari,
3301 4988 3459 5056 quasi

1892 5080 2123 5151 quadam
2144 5078 2351 5133 uterina
2379 5074 2687 5147 pestilentia
2714 5077 2937 5158 corruit.

1950 5191 1986 5224 -‹
2032 5171 2131 5238 Qui
2156 5172 2309 5239 longe
2330 5178 2434 5233 est,
2462 5178 2614 5239 peste
2634 5170 2916 5223 morietur.
2960 5166 3063 5234 Qui
3088 5176 3266 5225 autem
3289 5181 3455 5237 prope

1899 5277 1918 5311 ι
1963 5268 2048 5315 est
2075 5259 2249 5329 gladio
2269 5267 2504 5323 corruet,
2538 5266 2594 5313 et
2620 5258 2711 5327 qui
2735 5255 2956 5312 relictus
2979 5255 3145 5314 [inerit
3165 5263 3325 5324 atque
3348 5256 3455 5309 cir-

1898 5366 1917 5400 α
1963 5348 2274 5412 cumdatus,
2305 5347 2447 5407 fame
2479 5347 2755 5413 morietur,
2787 5354 2845 5401 et
2871 5344 3104 5415 implebo
3139 5345 3455 5415 indignatio-

1897 5459 1915 5490 ι
1961 5454 2081 5493 nem
2110 5452 2283 5491 meam
2310 5438 2364 5496 in
2387 5436 2487 5493 eis.
2527 5455 2544 5488 ι
2577 5436 2678 5503 Qui
2702 5436 3039 5497 obsidionem
3078 5433 3237 5493 urbis.
3255 5432 3454 5502 e'ﬂ'ngev

1892 5528 1997 5595 rit,
2025 5536 2080 5584 et
2116 5528 2182 5581 ad
2228 5528 2440 5582 deserta
2469 5527 2812 5597 migraverit,
2858 5533 3010 5600 peste
3051 5525 3332 5590 morietur,
3361 5525 3453 5593 qui

1891 5632 2055 5688 prope
2106 5616 2270 5677 fueiit
2318 5616 2473 5673 cadet
2513 5616 2747 5673 hostium
2799 5615 3012 5687 gladio;
3064 5629 3224 5689 quem
3270 5621 3454 5668 autem

1891 5705 2308 5765 circumdederit
2357 5704 2567 5760 hostilis
2614 5705 2905 5769 exerdtus.
2941 5694 3094 5763 fame.
3118 5703 3361 5761 interibit
3399 5714 3455 5757 et

1889 5794 2131 5868 penuria.
2178 5795 2235 5863 lu
2279 5794 2471 5864 bisque
2514 5794 2765 5851 omnibus
2809 5792 3113 5861 implebitur
3156 5790 3451 5863 indignatio
