3948 6348
464 396 569 451 607

466 507 582 562 Dei.
623 505 695 561 Ut
737 505 1082 573 cognoscant,
1114 499 1203 567 qui
1255 496 1636 560 remanserint,
1666 493 1791 562 quia
1823 493 1935 560 ipse
1971 491 2040 543 sit
2072 499 2120 555 Α

469 603 746 658 Dominus.
779 596 880 663 Qui
906 595 972 648 ab
1001 593 1240 647 Ecclesia
1271 605 1482 660 quoque
1505 587 1808 648 recesserit,
1857 585 2038 638 statim

466 699 620 761 peste
650 689 926 742 morietur.
963 685 1064 750 Qui
1108 683 1305 738 sciolus
1347 681 1445 735 sibi
1475 680 1685 733 videtur
1717 685 1773 730 et
1814 675 2042 743 diligens

466 782 575 837 nisi
618 779 842 843 caverit,
890 777 1068 848 gladio
1114 773 1340 828 ferietur
1388 771 1612 825 inimici.
1663 768 1763 834 Qui
1809 767 2045 836 simplici

468 877 759 924 contentus
786 867 911 929 fide,
960 866 1132 919 instar
1159 864 1437 917 brutorum
1469 858 1824 913 animantium
1861 871 2046 910 versa-

470 969 558 1012 tur
603 958 820 1029 quidem
869 957 921 1009 in
963 955 1241 1018 Ecclesia;
1276 951 1368 1007 sed
1416 960 1596 1003 tamen
1637 949 1690 1001 in
1732 947 1880 1002 nullo
1906 947 2046 1000 bono

466 1063 630 1118 opere
673 1046 906 1117 prolicit,
956 1059 1056 1098 nec
1100 1044 1341 1097 imitator
1389 1047 1472 1093 est
1521 1038 1779 1101 formicae,
1823 1052 1943 1105 qua:
1991 1035 2044 1088 in

466 1151 644 1193 messe
667 1144 935 1207 praeparat
958 1135 1106 1189 cibos
1129 1133 1228 1188 sibi
1253 1140 1414 1199 atque
1435 1137 1752 1198 comportat.
1776 1128 1884 1182 Iste
1908 1127 2049 1181 fame

469 1229 753 1291 morietur,
793 1235 848 1280 et
877 1227 928 1279 in
961 1224 1210 1279 omnibus
1237 1222 1322 1276 his
1354 1219 1663 1289 implebitur
1695 1219 1772 1272 ira
1810 1218 2044 1270 Domini.

545 1335 564 1367 ι
607 1317 674 1370 Et
716 1316 898 1370 scietis
921 1315 1044 1383 quia
1068 1312 1476 1384 egoDominus,
1511 1325 1631 1363 cum
1663 1307 1860 1362 fuerint
1885 1292 2052 1361 inter-

475 1426 493 1458 ι
543 1407 667 1462 fecti
695 1405 861 1460 vestri
890 1406 943 1459 in
967 1405 1142 1459 medio
1173 1401 1440 1456 idolorum
1465 1409 1792 1462 vestrorum,
1816 1413 1913 1467 per
1939 1397 2047 1451 cir-

475 1518 494 1549 ι
541 1500 755 1553 cuitum’
786 1512 1002 1550 ararum
1044 1506 1347 1568 vestrarum
1389 1492 1440 1544 in
1479 1490 1622 1544 omni
1655 1489 1791 1544 colle
1833 1489 2050 1544 excelso

475 1608 493 1638 ι
541 1597 595 1643 et
627 1589 680 1641 in
720 1588 929 1642 cunctis
977 1582 1377 1639 summitatibus
1427 1581 1720 1644 montium,
1765 1588 1821 1634 et
1861 1581 2049 1634 subter

479 1696 496 1728 ι
542 1692 702 1732 omne
749 1676 952 1747 lignum
1003 1684 1365 1736 nemorosum,
1407 1680 1463 1725 et
1508 1671 1696 1724 subter
1736 1670 2049 1724 universam

476 1787 495 1819 ς
545 1782 802 1837 quercum
829 1765 1158 1827 frondosam,
1177 1762 1354 1818 locum
1384 1762 1474 1815 ubi
1504 1762 1868 1816 accenderunt
1893 1762 2050 1815 thura

1100 389 1156 441 Β.
1200 385 1449 440 RABANI
1489 381 1707 439 MAURI
1741 379 2057 435 ARCIIIEP.
2103 377 2407 434 MOGUNT.
2450 372 2732 432 OPERUM
2771 375 2950 429 PARS
2985 373 3045 427 II.

3621 369 3730 425 608

2223 510 2241 541 ι
2285 491 2348 543 Et
2371 490 2658 544 extendam
2689 503 2908 541 manum
2932 501 3105 540 meam
3136 486 3298 555 super
3325 497 3420 539 eos
3441 493 3495 538 et
3523 484 3729 539 faciam

2155 599 2173 631 ‹
2203 590 2418 634 terram
2450 579 2759 640 desolatam,
2790 586 2847 630 et
2876 577 3192 631 destitutam
3227 590 3257 628 a
3287 575 3502 629 deserto
3531 574 3731 628 chla-

2156 693 2173 725 (
2219 676 2306 729 tha
2357 675 2410 727 in
2456 674 2704 727 omnibus
2744 669 3170 726 habitationibus
3205 683 3411 723 eorum.
3459 667 3526 720 Et
3551 668 3733 722 scient

2157 784 2175 816 ι
2221 767 2344 835 quia
2373 780 2470 833 ego
2494 764 2753 818 Dominus
2774 760 3040 834 (Ηὶενοη.)
3081 761 3124 817 Ο
3158 768 3368 814 montes
3389 757 3574 822 Israel,
3601 773 3734 812 cum

2152 857 2422 912 interfecti
2464 856 2629 910 vestri
2658 855 2969 909 ceciderunt
3006 853 3056 905 in
3087 852 3262 906 medio
3291 865 3511 903 ararum
3547 847 3729 901 idolo-

2153 964 2381 1018 rumque
2407 957 2731 1009 vestrorum,
2750 947 2802 999 in
2826 945 2972 999 omni
2997 944 3134 998 colle
3158 942 3394 1008 excelso,
3435 942 3487 994 in
3512 940 3733 995 eunetis

2151 1040 2415 1093 montium
2462 1038 2892 1099 Summitatibus,
2936 1035 3380 1103 compleveroque
3421 1033 3573 1088 lucos
3631 1046 3731 1086 ve-

2153 1140 2306 1186 stros
2332 1129 2686 1184 cadaveribus
2728 1136 3084 1188 mortuorum,
3130 1124 3183 1176 in
3232 1123 3426 1191 quibus
3457 1123 3736 1190 quondam

2152 1220 2515 1276 accenderunt
2544 1218 2700 1274 idolis
2721 1218 2833 1272 suis
2861 1217 3024 1270 thura
3041 1215 3357 1278 redolentia,
3389 1225 3516 1269 tunc
3540 1224 3730 1270 exten-

2154 1315 2279 1368 dam
2317 1326 2537 1365 manum
2581 1324 2757 1364 meam
2791 1309 2855 1362 ad
2897 1308 3176 1370 ultionem,
3227 1321 3347 1374 qua;
3394 1305 3573 1358 fuerat
3620 1305 3738 1359 huc

2152 1420 2324 1474 usque
2340 1411 2638 1466 contracta,
2667 1399 2722 1456 et
2747 1400 2982 1469 redigam
3004 1399 3308 1451 universam
3335 1405 3536 1450 terram
3566 1396 3738 1450 Israel

2155 1497 2207 1551 in
2231 1495 2573 1552 solitudinem
2602 1510 2632 1548 a
2667 1494 2885 1547 deserto
2915 1490 3196 1553 Deblatha,
3229 1504 3350 1558 qua:
3375 1497 3458 1542 est
3490 1489 3540 1542 in
3581 1498 3737 1541 terra

2155 1587 2381 1651 Emath,
2425 1599 2544 1654 quae
2587 1585 2744 1640 hodie
2788 1591 3011 1637 vocatur
3054 1581 3324 1652 Ἐπιφανία
3367 1578 3555 1649 Syriae.
3603 1597 3620 1628 ι
3678 1577 3741 1631 In

2156 1681 2362 1736 cunctis
2409 1677 2831 1731 habitationibus
2882 1690 3091 1730 eorum.
3150 1692 3168 1724 ι
3217 1670 3288 1725 Ut
3334 1670 3584 1725 omnibus
3637 1685 3742 1736 pas

2159 1778 2273 1823 teat
2298 1767 2430 1821 nihil
2460 1782 2580 1822 esse
2613 1767 2754 1819 inter
2787 1765 3130 1819 solitudinem
3159 1778 3215 1818 et
3264 1777 3417 1816 mare
3457 1760 3737 1830 Magnum,

479 1879 495 1908 ι
547 1858 838 1913 redolentia
881 1855 1147 1910 universis
1181 1853 1336 1909 idolis
1364 1854 1494 1908 suis.
1536 1872 1554 1903 ι
1590 1851 1936 1921 Perspicuum
1970 1859 2053 1904 est
2085 1841 2130 1898 B
2159 1860 2303 1928 quod
2335 1873 2439 1911 ηοη
2470 1856 2682 1911 hostilis
2719 1869 2905 1909 ηιυειεο
2931 1853 3345 1921 consumpserit.
3373 1850 3520 1903 Mum
3543 1857 3744 1919 ρυιαηι

467 1947 621 2016 juxta
662 1948 919 2011 litteram,
949 1955 1003 2000 et
1040 1943 1482 2013 interpretatione
1519 1958 1622 1996 non
1652 1942 1876 2011 indiget,
1908 1941 2054 2010 quod.

478 2039 532 2093 in
561 2039 832 2093 montibus
869 2036 1055 2101 Israel,
1086 2051 1140 2089 et
1162 2037 1215 2089 in
1251 2034 1480 2088 excelsis
1501 2034 1728 2088 collibus
1763 2034 1907 2088 inter
1937 2033 2050 2102 ipsa

477 2131 744 2186 idolorum
793 2129 983 2184 altaria
1040 2129 1327 2196 lucosque,
1384 2127 1475 2196 qui
1520 2126 1862 2194 appellantur
1909 2125 2053 2196 ligna

474 2236 779 2284 nemorosa,
827 2219 1152 2274 Israelitieus
1196 2219 1265 2272 sit
1314 2232 1487 2271 erasus
1527 2215 1818 2280 exercitus,
1859 2223 1920 2269 ut
1961 2216 2050 2268 ubi

475 2310 854 2382 peccaverant,
884 2311 957 2364 ibi
982 2311 1322 2379 punirentur.
1365 2306 1524 2360 Juxta
1555 2321 1829 2375 anagogen
1859 2319 2054 2373 sequa-

476 2421 600 2459 mur
633 2405 875 2459 ordinem
901 2403 1234 2473 propositum
1262 2401 1476 2468 quando
1507 2398 1746 2468 magistri
1777 2398 2055 2450 haeretico-

476 2510 594 2548 rum
619 2495 686 2549 ab
711 2492 1096 2549 ecclesiasticis
1115 2491 1265 2554 viris,
1292 2490 1382 2559 qui
1402 2499 1526 2543 sunt
1550 2488 1800 2542 instructi
1828 2487 2056 2541 scientia

473 2582 878 2654 Scripturarum
907 2581 1123 2636 contriti
1159 2579 1360 2635 fuerint
1397 2587 1557 2646 atque
1601 2576 1867 2646 superati,
1908 2575 2056 2630 vide-

478 2691 598 2729 mus
626 2672 939 2728 interfectos
951 2685 1344 2742 perveisorum
1368 2669 1677 2738 dogmatum
1703 2667 1888 2736 jacere
1913 2665 2057 2718 inter

477 2763 788 2826 simulacra,
820 2777 941 2832 quae
975 2761 1263 2822 tinxerant,
1307 2765 1362 2812 et
1397 2773 1490 2811 eos
1519 2797 1532 2821 ,
1566 2756 1657 2824 qui
1694 2769 1753 2809 se
1775 2754 2059 2809 elevabant

477 2863 667 2909 contra
703 2852 984 2907 scientiam
1022 2849 1138 2914 Dei,
1167 2856 1369 2904 stratos
1403 2847 1456 2900 in
1492 2845 1764 2899 montibus
1795 2842 2059 2898 collibus-

482 2960 586 3014 que
627 2944 820 2998 subtus‘
849 2957 1006 2998 omne
1042 2941 1245 3009 lignum
1284 2936 1760 3004 nemorosum,qui
1790 2933 2064 2989 habebant

480 3037 646 3091 verba
701 3023 1003 3106 pompatica
1032 3074 1049 3096 ,
1097 3031 1452 3098 umbramque
1497 3027 1769 3092 foliorum,
1815 3034 1869 3080 et
1903 3040 2061 3096 poma

481 3127 745 3180 bonorum
775 3139 996 3194 operum
1031 3137 1137 3176 non
1166 3120 1456 3183 habebant,
1485 3118 1576 3186 qui
1601 3123 1755 3172 erant
1780 3116 1878 3170 sub
1913 3114 2061 3169 omni

484 3233 685 3286 quercu
712 3214 981 3277 frondosa,
1012 3229 1132 3283 qua:
1169 3228 1272 3268 non
1311 3211 1467 3265 affert
1501 3209 1709 3263 fructus
1759 3207 2060 3270 hominum,
2090 3187 2134 3249 C

487 3309 579 3362 sed
607 3305 1029 3377 porcorum.Ubi
1058 3304 1416 3359 accenderunt
1437 3301 1591 3354 thura
1619 3297 1936 3361 redolentia,
1954 3312 2061 3350 non

484 3395 620 3460 Deo,
669 3396 764 3451 sed
808 3395 965 3449 idolis
1013 3395 1146 3448 suis.
1181 3393 1290 3446 Nec
1320 3392 1500 3446 dicere
1535 3396 1786 3460 poterant
1824 3387 1968 3456 quod
1996 3385 2064 3440 de

485 3488 598 3543 Noe
627 3489 885 3559 scriptum
913 3494 998 3541 est
1025 3505 1038 3539 :
1085 3505 1104 3536 ι
1139 3484 1409 3540 Odoratus
1438 3491 1520 3535 est
1551 3481 1810 3534 Dominus
1837 3479 2060 3531 odorem

485 3587 636 3637 bonae
687 3579 997 3652 fragrantiae
1044 3575 1193 3649 (Gen.
1230 3574 1369 3647 vni).
1406 3594 1424 3626 ι
1479 3573 1546 3626 Ει
1584 3572 1636 3626 id
1673 3569 1814 3639 quod
1857 3567 2058 3623 Paulus

485 3670 743 3738 loquitur,
787 3667 989 3722 Christi
1038 3667 1213 3720 bonus
1263 3664 1397 3718 odor
1435 3676 1622 3717 sumus
1662 3660 1769 3712 Deo
1810 3659 1861 3712 iu
1911 3655 2058 3710 omni

489 3760 625 3814 loco.
655 3756 936 3825 Quomodo
965 3764 1144 3810 autem
1174 3761 1394 3809 sanctus
1424 3753 1479 3805 in
1519 3751 1683 3805 odore
1706 3764 1804 3803 suo
1830 3745 2062 3800 delectat

490 3851 684 3915 Deum,
732 3850 811 3905 sic
851 3856 1106 3917 peccator
1147 3859 1215 3900 ex
1254 3843 1404 3913 cujus
1435 3856 1666 3911 persona
1703 3837 1941 3908 psalmus
1976 3835 2066 3889 ille

492 3944 705 3998 canitur
729 3958 740 3994 :
777 3959 796 3991 ι
830 3940 1310 4008 Computruerunt,
1334 3945 1387 3988 et
1407 3941 1673 4001 corrupta:
1698 3939 1825 3984 sunt
1850 3928 2066 3982 cicatri-

489 4048 584 4088 ces
631 4047 785 4097 meze,
813 4046 843 4083 a
876 4029 1015 4084 facie
1057 4027 1375 4096 insipienti-ce
1423 4021 1745 4094 mea:(Psal.
1772 4019 1999 4090 xxxvii).
2042 4037 2060 4069 ι

495 4123 742 4179 accendit
772 4121 929 4176 idolis
955 4121 1066 4174 suis
1095 4118 1251 4172 thura
1271 4115 1512 4170 fetentia.

2158 1949 2406 2003 eumdem
2429 1963 2549 2002 esse
2571 1947 2768 2009 locum,
2787 1945 2851 1998 de
2873 1959 2980 2013 quo
3004 1943 3056 1996 in
3080 1941 3316 1996 Jeremia
3342 1941 3600 2008 scriptum
3620 1947 3740 1992 est:

2159 2041 2228 2104 Et
2266 2039 2736 2110 apprehenderunt
2763 2035 3080 2090 Sedechiam
3119 2035 3172 2087 in
3215 2033 3450 2096 deserto,
3479 2029 3622 2098 quod
3654 2037 3744 2084 est

2153 2132 2306 2200 juxta
2345 2129 2584 2208 Iericho,
2625 2136 2679 2180 et
2728 2124 2906 2180 omnis
2942 2123 3233 2178 comitatus
3276 2121 3396 2190 ejus
3424 2118 3634 2188 diffugit
3671 2118 3745 2171 ab

2157 2232 2242 2272 eo.
2306 2206 2548 2283 Cumque
2609 2209 3144 2280 comprehendissent
3217 2220 3430 2275 regem,
3495 2204 3741 2257 adduxe-

2162 2315 2286 2361 runt
2315 2320 2437 2359 eum
2463 2305 2528 2368 ad
2560 2318 2737 2372 regem
2768 2299 3055 2369 Babylonis
3086 2299 3138 2350 in
3175 2297 3461 2358 Reblatha,
3506 2309 3624 2362 quae
3655 2299 3747 2346 est

2161 2400 2216 2459 in
2247 2406 2393 2451 terra
2430 2396 2647 2457 Emath,
2699 2402 2751 2447 et
2801 2393 2869 2447 ob
2915 2391 3147 2444 vicinam
3186 2390 3293 2443 imo
3327 2385 3740 2442 similitudinem

2161 2489 2350 2544 Daleth
2393 2497 2448 2542 et
2495 2503 2580 2542 res
2624 2483 3016 2540 llebraica‘rum
3047 2481 3374 2542 litterarum,
3418 2493 3537 2546 quae
3566 2487 3741 2543 parvo

2163 2583 2316 2651 apice
2343 2580 2771 2648 distinguuntur,
2797 2575 2878 2629 vel
2895 2573 3153 2627 chlatha
3178 2571 3257 2624 vel
3279 2569 3534 2623 Reblatha
3558 2566 3747 2635 appel-

2163 2671 2287 2725 lari.
2315 2670 2475 2724 Juxta
2499 2666 2756 2737 mysticus
2779 2672 2956 2718 autem
2995 2662 3327 2721 intellectus,
3369 2656 3610 2712 extendit
3636 2655 3747 2708 Do-

2163 2760 2343 2814 minus
2366 2773 2583 2811 manum
2601 2770 2752 2809 suam
2769 2767 2927 2821 super
2951 2767 3141 2806 omnes
3165 2750 3256 2818 qui
3271 2748 3526 2802 haeretica
3540 2745 3746 2799 fuerint

2166 2866 2351 2906 errore
2380 2849 2607 2917 decepti,
2637 2857 2696 2900 ut
2721 2855 2921 2900 terram
2960 2859 3145 2898 eorum
3163 2882 3178 2906 ,
3207 2857 3325 2910 quae
3350 2841 3745 2907 interpretatur

2165 2942 2427 3004 Ecclesia,
2458 2939 2623 2993 faciat
2655 2937 2948 2991 desolatam
2979 2949 3008 2987 a
3033 2935 3245 2987 deserto
3274 2930 3558 2993 Deblatha,
3594 2927 3744 2998 quod

2166 3038 2221 3088 in
2250 3032 2430 3102 lingua
2456 3039 2638 3083 nostra
2671 3041 2905 3082 massam
2938 3025 3163 3079 ficorum
3197 3030 3372 3086 sonat,
3407 3022 3746 3075 caricarum-

2166 3139 2273 3193 que
2304 3123 2444 3175 inter
2475 3135 2532 3173 se
2559 3126 2982 3187 compactarum,
3008 3122 3066 3167 ut
3087 3122 3370 3183 postquam
3404 3112 3456 3164 in
3488 3109 3745 3164 simulata

2167 3213 2470 3275 dulcedine,
2501 3224 2621 3278 quae
2648 3221 2755 3262 non
2783 3215 2902 3260 erat
2929 3215 3088 3258 terra:
3112 3204 3287 3267 cultae,
3318 3202 3412 3256 sed
3437 3200 3746 3255 solitudinis

2169 3303 2580 3359 amaritudinem
2606 3298 2924 3367 repererint,
2954 3305 3081 3351 tunc
3104 3301 3430 3364 cognoscant
3474 3293 3599 3362 quia
3629 3293 3747 3360 ipse

2169 3396 2239 3449 sit
2275 3394 2554 3448 Dominus.
2589 3409 2607 3441 ι
2635 3389 2737 3442 Mel
2765 3389 2905 3442 enim
2940 3386 3165 3443 distillat
3195 3386 3259 3439 de
3294 3385 3450 3438 labiis
3495 3383 3742 3436 mulieris

2170 3484 2500 3545 meretricis,
2549 3495 2667 3550 qua:
2716 3479 2783 3533 ad
2832 3489 3038 3545 tempus
3071 3477 3367 3545 impinguat
3401 3474 3739 3528 vescentium

2165 3576 2368 3638 fauces,
2397 3581 2450 3626 et
2469 3582 2656 3642 postea
2678 3569 2916 3623 amarius
2945 3567 3063 3622 felle
3086 3567 3373 3635 reperitur.
3398 3583 3417 3615 ι
3441 3564 3552 3618 Hoc
3574 3563 3745 3633 signi-

2166 3667 2330 3723 ficant
2356 3673 2411 3721 et
2432 3665 2536 3719 duo
2557 3662 2754 3718 calathi
2784 3661 3030 3729 ficorum,
3063 3659 3152 3728 qui
3176 3658 3334 3727 positi
3365 3664 3490 3710 sunt
3516 3655 3566 3709 in
3591 3654 3743 3709 Iere-

2168 3760 2276 3813 mia
2308 3766 2496 3812 contra
2525 3755 2716 3809 faciem
2746 3752 2926 3820 templi
2965 3751 3098 3822 (Jer.
3133 3748 3304 3818 xxw).
3338 3747 3488 3803 Unus
3519 3746 3744 3800 ﬁCorum

2169 3853 2522 3922 optimarum,
2564 3857 2618 3901 et
2647 3861 2784 3901 unus
2809 3845 3163 3914 pessimarum
3195 3860 3208 3893 ;
3241 3855 3472 3910 quorum
3513 3839 3646 3907 alter
3676 3837 3747 3892 ad

2169 3946 2469 4002 Ecclesiam
2504 3942 2702 3998 Christi
2755 3939 3020 4002 refertur,
3080 3935 3217 3990 alter
3267 3935 3336 3989 ad
3374 3929 3748 4002 congregatio-

2170 4054 2294 4094 nem
2325 4034 2755 4104 malignantium.

506 4218 3752 4278 Μ...-

1686 4389 1985 4468 LIBER
2058 4376 2525 4476 QUINTUS

1932 4544 2323 4562 Μ

569 4627 726 4683 Juxta
747 4623 908 4679 ﬁnem
937 4618 1286 4693 prmeedentis
1314 4616 1440 4672 libri
1478 4615 1726 4669 meritam
1755 4626 1973 4682 poenam
2002 4626 2068 4665 ex
2101 4612 2149 4669 D
2179 4626 2198 4658 ‹
2244 4605 2318 4658 fili
2345 4598 2602 4661 hominis,
2628 4596 2744 4650 haec
2765 4590 2894 4646 dicit
2918 4587 3176 4641 Dominus
3202 4583 3342 4693 Deus
3375 4589 3534 4638 terra;
3556 4579 3744 4642 Israel,

496 4731 743 4777 sermone
768 4715 980 4769 Domini
1019 4710 1267 4783 praedixit
1295 4707 1556 4778 propheta
1589 4705 1675 4759 his
1700 4704 1791 4773 qui
1826 4704 1880 4756 in
1908 4715 2065 4754 mon-

501 4811 642 4866 tibus
669 4805 835 4863 Israel
864 4786 920 4860 et
947 4805 1002 4858 in
1025 4799 1253 4858 excelsis
1283 4798 1443 4853 idolis
1471 4795 1809 4857 serviebant;
1838 4799 1892 4846 et
1913 4790 2066 4860 juxta

500 4901 785 4971 mysticum
812 4909 1052 4958 sensum,
1087 4891 1371 4946 haereticos
1407 4895 1553 4941 recta
1585 4882 1853 4939 sententia
1877 4894 2074 4950 percu-

498 4994 582 5054 lit,
616 4991 705 5060 qui
730 4989 782 5042 in
812 4986 1083 5042 montibus
1104 4981 1368 5051 superbize
1386 4990 1635 5033 errorum
1657 4987 1878 5029 suorum
1903 4971 2072 5024 simu-

501 5059 645 5136 lacra
680 5062 947 5133 colebant.
991 5071 1142 5127 Nunc
1181 5068 1477 5126 similitudo
1513 5067 1751 5120 minatur
1783 5061 1862 5116 eis
1905 5059 2071 5112 inter-

501 5172 636 5226 itum
656 5175 711 5223 et
729 5165 1071 5220 afﬂictionem
1092 5160 1412 5232 praenuntiat
1435 5157 1701 5223 ﬁnemque
1725 5151 1987 5212 debitum,
2015 5153 2074 5200 ut

506 5259 806 5315 sustineant
829 5257 923 5310 ira:
948 5254 1158 5310 Domini
1184 5250 1476 5305 vindictam
1500 5255 1553 5301 et
1574 5245 1875 5315 percipiant
1894 5238 2074 5310 operis

509 5351 589 5406 sui
616 5347 916 5404 mercedem
939 5345 1278 5416 condignam.
1310 5340 1464 5396 Unde
1489 5344 1544 5392 et
1573 5335 1836 5405 sequitur.

1097 5452 1322 5511 CAPUT
1362 5451 1470 5506 VII.

508 5559 585 5616 De
606 5553 821 5611 instanti
849 5563 897 5608 et
933 5547 1409 5620 longacaptivitn‘te
1444 5537 1756 5620 etcjusdelm
1787 5540 2074 5620 consanet

579 5605 928 5698 ﬂammas
947 5605 1200 5675 rebvellan's
1223 5614 1430 5685 proﬁcit
1457 5605 1664 5663 divitias
1695 5605 1845 5674 longe
1865 5612 2077 5673 propter

581 5699 782 5766 fugant.

590 5829 610 5860 ι
655 5805 718 5864 Et
746 5805 916 5861 factus
938 5809 1020 5860 est
1041 5813 1217 5858 sermo
1240 5793 1445 5852 Domini
1469 5793 1535 5847 ad
1560 5807 1643 5846 me
1665 5789 1880 5844 dicens:
1909 5784 1974 5839 Eit
2000 5791 2074 5847 tu,

2178 4716 2196 4750 ι
2241 4694 2390 4749 Finis
2415 4690 2582 4753 venit,
2615 4686 2736 4741 finis
2770 4694 2930 4751 super
2964 4686 3193 4747 quatuor
3228 4674 3342 4727 alas
3371 4680 3551 4737 terrae,
3576 4679 3679 4724 etc.
3720 4688 3740 4721 ι

2170 4782 2442 4858 (Ηὶει-οη.)
2469 4781 2613 4847 Quas
2637 4791 2737 4830 nos
2759 4773 2942 4843 plagas
2967 4768 3147 4824 mundi
3173 4763 3510 4832 interpretati
3538 4775 3740 4824 sumus,

2169 4855 2433 4931 orientem
2449 4868 2699 4924 videlicet
2713 4873 2766 4918 et
2786 4859 3140 4920 occidentem,
3158 4855 3436 4908 meridiem
3451 4862 3508 4906 et
3532 4861 3743 4920 septen-

2172 4966 2421 5020 trionem.
2445 4961 2521 5014 De
2541 4955 2736 5026 quibus
2757 4953 2855 5007 alis
2876 4958 2929 5006 et
2955 4948 3118 5004 Isaias
3140 4945 3374 5014 loquitur
3399 4960 3412 4996 :
3444 4960 3462 4992 ‹
3495 4940 3742 5006 Domine,

2174 5059 2242 5112 ab
2256 5056 2355 5110 alis
2380 5053 2491 5126 sive
2510 5066 2540 5104 a
2560 5048 2755 5103 ﬁnibus
2771 5054 2947 5106 terrae,
2967 5043 3215 5110 portenta
3238 5033 3562 5097 audivimus,
3587 5050 3605 5082 ι
3625 5046 3740 5100 qua:

2173 5149 2227 5202 in
2259 5153 2370 5200 toto
2398 5121 2528 5197 orbe
2555 5153 2651 5208 per
2691 5131 2957 5204 apostolos
2982 5126 3324 5200 gerebantur.
3353 5123 3421 5177 Et
3449 5121 3515 5176 de
3541 5119 3741 5175 sanctis

2172 5236 2430 5304 scriptum
2467 5237 2571 5294 est,
2605 5247 2623 5279 ‹
2659 5226 2719 5281 Si
2753 5220 3085 5278 dormieritis
3122 5218 3264 5272 inter
3308 5213 3513 5268 medios
3547 5211 3739 5270 clerus,

2176 5297 2364 5399 pennae
2384 5321 2640 5379 columbae
2664 5318 3042 5385 deargentata,
3060 5318 3114 5364 et
3137 5304 3438 5378 posteriora
3465 5301 3606 5357 dorsi
3630 5297 3744 5365 ejus

2184 5391 2235 5472 in
2269 5414 2473 5483 pallore
2501 5409 2613 5463 auri
2639 5404 2811 5478 (Psal.
2834 5401 3026 5470 van).
3060 5396 3215 5453 Unde
3243 5403 3298 5448 et
3325 5391 3587 5448 Dominus
3619 5403 3740 5442 cum

2183 5481 2666 5575 appropinquasset
2707 5502 2763 5549 et
2817 5491 3039 5547 vidisset
3083 5485 3380 5542 Jerusalem
3443 5481 3620 5544 flevit,
3687 5487 3744 5532 et

2183 5570 2361 5650 ὀῖίὶυ
2396 5611 2414 5643 ε
2466 5590 2684 5657 Quoties
2715 5585 2856 5641 volui
2908 5593 3236 5652 congregare
3265 5577 3402 5650 ﬁlios
3429 5573 3570 5636 tuos,
3604 5570 3746 5626 sicut

2185 5685 2376 5759 gallina
2424 5687 2712 5751 congregat
2751 5675 2921 5746 pullos
2950 5686 3074 5727 suos
3099 5670 3197 5726 sub
3237 5667 3350 5722 alas
3383 5679 3533 5732 suas,
3558 5669 3615 5714 et
3645 5673 3744 5713 no-

2185 5748 2329 5833 luisti
2363 5748 2577 5844 (Matth.
2606 5766 2785 5838 xxnt).
2826 5787 2844 5819 ι
2881 5765 2983 5820 Istc
3005 5772 3106 5826 est,
3138 5761 3226 5830 qui
3260 5761 3311 5813 in
3344 5748 3746 5812 Deuteronomii
