3948 6360
217 375 324 433 6ῡ9

1180 372 1533 431 COMMENT.
1573 372 1637 427 IN
1680 371 2134 428 EZECIIIELEM.
2173 402 2238 414 -—
2280 372 2406 427 LIB.
2450 370 2510 426 ν.

3369 374 3477 432 6l0

220 492 434 547 cantico
472 489 648 561 (Beat.
682 488 877 561 xxx"),
904 488 1223 559 ‘cxpaudens
1254 490 1369 541 alas
1407 502 1532 540 suas
1561 488 1794 556 suscepit
1827 494 1867 549 Λ
1897 501 2001 555 que
2029 487 2129 540 hoc
2176 485 2366 540 fecerit
2406 485 2681 547 Dominus,
2722 485 2894 539 scient
2933 487 3026 555 qui
3066 486 3288 542 cruciati
3331 499 3481 556 sunt,

219 593 275 637 et
310 580 603 650 assumpsit
626 594 719 633 eos
756 578 810 631 in
843 578 1083 632 humeris
1113 578 1244 631 suis.
1275 576 1503 644 Quidam
1532 574 1800 645 Spiritales

218 672 336 724 alas
364 680 523 724 terra:
552 668 746 737 quibus
782 667 847 722 ad
891 658 1133 721 cuzlcstia
1178 664 1523 721 subvolamus
1567 670 1801 732 quatuor

221 762 372 831 ponit
404 774 600 831 genera
623 758 984 823 credentium,
1017 759 1234 812 domum
1266 758 1467 820 Aaron,
1500 765 1555 811 et
1581 756 1798 810 domum

222 851 377 915 Levi,
408 860 465 905 et
499 851 717 905 domum
760 847 946 912 Israel,
981 856 1036 901 et
1078 848 1327 902 timentes
1369 845 1688 908 Dominum;
1735 845 1801 899 de

221 941 422 1010 quibus
446 938 731 992 Psalmista
754 938 899 1004 canit
932 954 944 990 :
983 955 1002 987 ι
1044 917 1465 998 ΒοιιιιιεἸειιιιει,
1500 933 1803 988 benedicite

223 1032 535 1094 Dominum;
555 1030 742 1083 domus
758 1028 960 1093 Aaron,
977 1028 1277 1082 benedicite
1294 1027 1597 1090 Dominum;
1614 1026 1804 1080 domus

224 1122 381 1187 Levi,
422 1121 718 1176 benedicite
753 1119 1038 1174 Dominum
1082 1138 1093 1171 :
1132 1118 1233 1185 Qui
1264 1117 1465 1172 timetis
1494 1116 1802 1181 Dominum,

225 1212 529 1267 benedicite
545 1210 828 1265 Dominum
845 1207 1017 1281 (Psal.
1035 1207 1277 1280 cxxxrv).
1305 1228 1323 1259 ι
1351 1208 1407 1261 1η
1429 1206 1609 1260 Aaron
1630 1220 1807 1261 sacer-

228 1304 463 1367 dOtium,
490 1304 544 1357 in
572 1302 704 1356 Levi
732 1302 963 1357 tedituos
984 1310 1039 1354 et
1061 1300 1360 1364 ministros,
1398 1300 1451 1353 in
1474 1298 1641 1353 Israel
1676 1313 1808 1352 cun—

225 1407 379 1452 ctum
422 1397 677 1468 populum
720 1397 774 1449 in
803 1396 1112 1450 timentibus
1152 1393 1454 1463 proselytos
1483 1392 1803 1462 intelligens.

229 1488 343 1543 Nos
370 1496 548 1543 autem
580 1486 898 1556 simpliciter
929 1485 1327 1556 explanandum
1364 1493 1635 1554 putamus,
1666 1486 1809 1553 quod

229 1588 359 1648 post
382 1577 862 1633 comminationein
891 1578 1154 1632 montium
1180 1576 1342 1630 Israel
1365 1576 1430 1630 ad
1458 1590 1670 1629 omnem
1701 1585 1811 1630 ter-

231 1687 353 1725 ram
394 1670 587 1735 Israel,
647 1668 760 1722 sive
811 1669 1028 1733 decem,
1075 1668 1187 1721 sive
1238 1666 1521 1722 duodecim
1575 1664 1810 1719 tribuum

233 1777 417 1816 sermo
440 1761 787 1831 propheticus
808 1759 1091 1829 dirigatur,
1113 1765 1167 1812 et
1188 1772 1526 1826 nequaquam
1548 1756 1811 1826 pmpheta

1901 578 2043 646 quod
2094 578 2208 647 ipse
2246 578 2318 631 sit
2359 576 2637 630 Dominus.
2664 575 2777 630 IIoc
2816 578 2988 646 ipsum
3032 587 3209 643 sonat,
3253 590 3308 634 et
3348 580 3479 634 illud

1902 668 2273 723 testimonium
2310 685 2322 720 :
2357 687 2374 718 ι
2415 666 2655 722 Ulciscar
2680 665 2845 723 Iacob
2871 671 3165 723 secundum
3188 670 3304 725 vias
3330 687 3478 737 suas,

1900 766 1955 812 et
1975 755 2131 824 juxta
2155 758 2567 812 adinventiones
2596 756 2713 823 ejus
2736 758 2956 812 reddam
2990 759 3063 812 illi
3094 760 3267 830 (Osee.
3300 762 3420 833 xu).
3459 780 3479 812 ι

1979 865 1997 897 ι
2044 845 2169 901 Haec
2197 848 2330 901 dicit
2358 842 2615 901 Dominus
2636 847 2775 901 Deus
2810 865 2823 899 :
2853 846 3081 903 Aﬁlictio
3113 865 3238 914 una,
3265 849 3482 904 aﬁlictiu

1908 958 1926 990 ι
1957 952 2081 992 ecce
2099 938 2569 1002 venit,venitﬁnis,
2587 940 2734 992 venit
2751 937 2890 991 ﬁnis.
2907 940 3187 1010 Evigilavit
3204 943 3489 999 adversum

1912 1046 1929 1079 ι
1959 1041 2173 1092 te,eecc
2189 1028 2353 1082 venit.
2375 1027 2533 1081 Venit
2553 1029 2852 1082 contractio
2875 1037 3125 1097 superte,
3154 1032 3242 1099 qui
3275 1030 3488 1085 habitas

1913 1137 1930 1169 ι
1961 1120 2012 1174 in
2031 1126 2193 1173 terra.
2220 1139 2239 1171 ι
2266 1120 2406 1173 Dicit
2434 1128 2613 1173 autem
2638 1119 2779 1188 quod
2810 1126 3110 1172 extremum
3142 1129 3487 1188 peccatorum

1909 1220 2068 1265 terra:
2093 1210 2258 1265 Israel
2300 1219 2511 1280 tempus
2538 1210 2838 1274 advenerit,
2878 1218 2936 1262 ut
2968 1210 3081 1279 jam
3130 1227 3233 1263 non
3266 1211 3485 1283 effugiat

1908 1302 2232 1357 sententiam
2276 1301 2389 1365 Dei,
2416 1315 2577 1369 quam
2606 1299 2762 1370 longo
2788 1309 3026 1368 tempore
3059 1301 3387 1356 merebatur.
3424 1302 3489 1355 Et

1910 1395 2037 1463 quia
2054 1394 2283 1449 necdum
2299 1392 2657 1462 compleverat
2672 1400 2891 1460 peccata
2906 1407 3020 1456 sua,
3038 1401 3228 1461 proptc
3238 1407 3324 1445 rea
3340 1393 3489 1448 dilic-

1912 1487 2132 1541 rebalur
2163 1486 2508 1555 supplicium,
2542 1485 2835 1538 secundum
2871 1484 3000 1537 illud
3039 1486 3180 1552 quod
3224 1487 3485 1552 scriptum

1912 1588 2033 1633 est:
2070 1598 2087 1629 ι
2124 1578 2360 1633 Necdum
2384 1580 2525 1632 enim
2568 1578 2833 1648 completa
2878 1591 3006 1632 sunt
3049 1565 3271 1648 peccata
3300 1578 3488 1630 Amor-

1914 1670 2181 1723 rbrcorum
2209 1666 2361 1737 (Gen.
2388 1668 2499 1740 xv).
2540 1688 2557 1718 ›
2593 1668 2819 1723 Undeet
2852 1668 3108 1723 Dominus
3139 1668 3203 1722 ad
3233 1666 3445 1722 Iud-cos
3474 1685 3487 1720 :

1921 1754 1941 1808 ί
1969 1758 2037 1812 Ει
2063 1773 2179 1823 vos,
2211 1759 2308 1823 ait,
2348 1758 2563 1826 implete
2600 1774 2906 1812 mensuram
2945 1768 3153 1828 patrum
3186 1768 3488 1813 vestrorum

231 1864 463 1908 ventura
486 1851 828 1922 prasnuntiet,
869 1851 963 1905 sed
1004 1851 1116 1919 jam
1148 1837 1486 1919 ingruentem
1518 1849 1700 1902 videat
1725 1863 1817 1901 ca-
1845 1835 1891 1892 Β
1922 1848 2133 1920 (Matth.
2170 1848 2347 1919 xxut).
2383 1868 2401 1900 ι
2431 1850 2588 1903 Venit
2611 1850 2705 1904 tibi
2730 1866 2859 1918 ergo
2901 1852 3138 1915 miseria,
3170 1853 3316 1906 venit
3361 1852 3492 1904 allii-

233 1942 563 2011 ptivitatem.
597 1941 795 2007 Quinto
835 1941 977 1994 enim
1004 1954 1146 1993 anno
1183 1938 1461 1993 Sedechiaa
1491 1940 1654 2007 cmpit
1687 1938 1815 1992 Eze—

234 2031 379 2085 chiel
402 2031 457 2084 in
493 2030 762 2101 Babylone
786 2029 1112 2099 prophetare
1146 2028 1394 2097 captivis.
1420 2028 1487 2081 Et
1508 2043 1650 2082 anno
1679 2042 1817 2081 nono

235 2119 389 2174 venit
427 2118 936 2183 Nabuchodonosor,
964 2126 1018 2172 et
1065 2118 1277 2173 obsedit
1315 2116 1633 2183 Jerusalem,
1658 2118 1819 2187 cepit-

236 2227 346 2280 que
373 2226 494 2267 eam
521 2227 662 2265 anno
692 2211 979 2266 undecimo
1022 2210 1321 2265 Sedechiae.
1352 2210 1429 2265 Ex
1458 2210 1654 2279 quibus
1695 2225 1815 2280 per-

236 2303 485 2372 spicuum
515 2310 599 2355 est
643 2301 856 2355 venisse
902 2300 1061 2355 ﬁnem
1097 2310 1152 2354 et
1200 2301 1664 2370 apprOpinquasse
1710 2314 1818 2353 non

238 2406 404 2458 super
440 2399 649 2445 montes
672 2398 726 2444 et
751 2390 915 2445 colles
947 2404 1213 2460 rupesque
1238 2397 1293 2444 et
1318 2390 1507 2455 valles,
1538 2390 1629 2444 sed
1657 2404 1820 2459 super

237 2487 476 2547 quatuor
521 2478 704 2549 plagas
753 2487 930 2543 terra},
969 2493 1033 2532 ex
1082 2480 1228 2532 omni
1273 2488 1428 2548 parte
1478 2478 1677 2543 Israel,
1710 2493 1818 2531 non

239 2571 421 2624 (minis
448 2579 624 2625 terras.
658 2569 808 2636 Quod
849 2570 894 2623 si
925 2570 1167 2635 dixisset,
1201 2570 1267 2624 de
1298 2579 1409 2624 toto
1438 2571 1637 2625 mundo
1672 2570 1820 2625 credi

240 2669 478 2731 poterat,
507 2662 601 2715 sed
633 2669 790 2715 terra:
820 2660 1156 2729 simpliciter,
1186 2660 1329 2730 quod
1356 2660 1621 2731 signiﬁcat
1646 2661 1819 2716 Israe-

242 2754 328 2808 lis.
365 2753 455 2808 Sic
493 2755 634 2807 enim
679 2764 919 2823 cteperat
951 2771 963 2805 :
1008 2774 1025 2805 ‹
1056 2752 1183 2807 Hzec
1206 2754 1339 2808 dicit
1389 2754 1649 2811 Dominus
1678 2756 1821 2811 Deus

246 2854 405 2899 terra:
437 2844 619 2908 Israel,
653 2845 800 2899 Finis
820 2844 988 2909 venit,
1022 2844 1143 2898 linis
1170 2859 1333 2914 super
1361 2854 1596 2914 quatuor
1632 2846 1822 2917 plagas

245 2942 425 2989 terrae.
451 2954 469 2986 ›

320 3052 340 3083 ι
386 3034 540 3089 Nunc
570 3034 692 3089 ﬁnis
721 3049 883 3104 super
909 3044 988 3100 te,
1027 3043 1079 3089 et
1111 3035 1318 3089 mittam
1360 3034 1596 3091 furorem
1640 3040 1820 3093 meum

250 3145 268 3177 ι
316 3125 368 3179 in
416 3135 486 3191 te,
525 3136 579 3181 et
613 3126 866 3195 judicabo
910 3136 961 3181 te
999 3125 1154 3194 juxta
1194 3128 1311 3182 vias
1342 3136 1495 3193 tuas,
1538 3137 1594 3182 et
1612 3120 1817 3198 ponam

251 3232 269 3263 ‹
313 3222 501 3268 contra
543 3224 593 3268 te
612 3230 801 3269 omnes
828 3215 1260 3270 abominationes
1288 3224 1428 3270 tuas.
1458 3216 1526 3270 Et
1552 3231 1658 3271 non
1686 3231 1815 3286 par-

249 3322 269 3355 ι
315 3312 401 3359 cet
429 3304 614 3359 oculus
652 3320 801 3359 meus
843 3321 1006 3374 super
1045 3314 1117 3369 te,
1150 3316 1203 3361 et
1257 3307 1687 3363 abominationes
1717 3317 1820 3363 tuae

250 3412 270 3444 ι
318 3394 372 3447 ἱιι
398 3396 573 3449 medio
603 3395 675 3449 tui
702 3405 861 3449 erunt
891 3412 903 3448 :
934 3405 987 3450 et
1011 3397 1195 3450 scietis
1217 3398 1342 3465 quia
1366 3414 1463 3468 ego
1494 3399 1768 3454 Dominus.
1794 3418 1811 3451 ι

242 3486 325 3541 Ad
394 3494 595 3541 terram
648 3486 812 3558 igitur
864 3486 1028 3541 Israel
1097 3504 1275 3543 sermo
1327 3489 1608 3559 dirigitur,
1676 3491 1819 3563 quod

242 3577 455 3630 venerit
481 3591 639 3645 super
674 3592 791 3631 eam
827 3576 967 3642 ﬁnis,
1000 3586 1055 3632 et
1080 3580 1495 3644 consummatio,
1525 3590 1579 3635 et
1608 3583 1820 3635 emittat

242 3664 502 3720 Dominus
546 3666 781 3720 furorem
830 3682 986 3720 suum
1032 3669 1085 3721 in
1134 3684 1253 3723 eam
1297 3686 1401 3723 non
1442 3670 1733 3739 injustum,
1764 3683 1821 3727 et

242 3765 453 3811 tantum
477 3759 542 3826 de
566 3759 929 3827 indignatione
950 3761 1274 3825 venientem,
1299 3763 1392 3817 sed
1414 3763 1627 3831 plenum
1650 3766 1819 3835 aequi-

242 3847 370 3901 tatis
399 3856 560 3916 atque
596 3848 822 3902 rationis
843 3889 857 3912 ,
895 3858 955 3902 ut
976 3848 1183 3916 judieet
1213 3865 1331 3905 eam
1381 3854 1675 3908 secundum
1701 3856 1816 3911 vias

240 3952 389 4001 suas,
422 3947 477 3991 et
506 3938 757 3993 ostendat
793 3939 867 3992 illi
903 3954 1090 3993 omnes
1120 3939 1551 3996 abominationes
1582 3959 1725 4008 suas,
1759 3954 1817 3999 ut

240 4031 560 4084 recordetur
598 4045 820 4098 operum
865 4046 1081 4085 suorum
1126 4042 1179 4085 et
1214 4034 1477 4103 intelligat
1519 4037 1645 4105 quid
1689 4037 1813 4091 mali

238 4119 484 4188 gesserit.
531 4117 682 4185 Quod
728 4130 906 4173 autem
948 4120 1119 4174 dicit:
1166 4141 1182 4170 ι
1238 4122 1353 4176 Non
1398 4134 1583 4192 parcet
1626 4126 1813 4181 oculus

238 4224 394 4263 meus
423 4224 583 4278 super
626 4218 695 4273 te,
736 4219 791 4263 et
833 4226 938 4264 non
972 4212 1289 4277 miserebor,
1334 4232 1350 4262 ι
1385 4216 1535 4281 quasi
1579 4216 1813 4271 clemen-

238 4301 483 4354 tissimus
522 4300 761 4354 ηιριιίοιιε
799 4300 1037 4355 incidere
1074 4304 1295 4371 cupiens
1330 4304 1573 4371 putridas
1595 4319 1806 4369 carnes,

236 4400 291 4442 et
320 4390 529 4442 cariosa
560 4390 777 4443 vulnera
825 4392 1055 4445 adurere
1087 4394 1347 4455 cauterio,
1392 4410 1494 4447 non
1526 4396 1715 4463 parcit,
1753 4404 1811 4449 ut

1918 1938 2047 2004 ctio,
2100 1940 2353 2009 venitque
2388 1940 2701 2008 captivitas,
2753 1951 2806 1995 et
2858 1956 2923 1995 ne
2954 1952 3106 2011 putes
3152 1958 3237 1995 me
3281 1957 3496 1996 rursum

1919 2033 2098 2087 futura
2147 2034 2417 2099 minitari,
2470 2033 2696 2089 ostendo
2741 2034 2906 2103 digito
2957 2043 3120 2102 atque
3163 2034 3493 2088 demonstro.

1926 2147 1942 2178 ε
1991 2127 2128 2181 Ecce
2170 2126 2293 2181 ﬁnis
2321 2126 2487 2191 venit,
2513 2128 2659 2181 venit
2687 2128 2831 2181 ﬁnis.
2879 2147 2897 2177 ι
2938 2127 3037 2193 Qui
3066 2127 3343 2195 hucusque
3375 2128 3497 2180 dor-

1920 2220 2110 2273 mitare
2139 2219 2422 2273 videbatur
2460 2219 2553 2272 tibi
2589 2227 2643 2273 et
2672 2220 2973 2288 quiescere,
3005 2219 3275 2289 evigilavit
3309 2228 3495 2273 contra

1920 2318 1973 2364 te
2002 2316 2223 2378 repente
2252 2317 2413 2376 atque
2441 2310 2674 2363 surrexit
2707 2327 2719 2361 :
2752 2328 2769 2359 ι
2818 2308 2975 2363 Venit
2996 2310 3268 2373 contritio,
3310 2329 3326 2360 ι
3373 2324 3493 2379 qua:

1921 2398 1974 2451 in
1991 2397 2254 2454 Hebraico
2273 2399 2465 2453 dicitur
2477 2400 2771 2468 scphphira.
2787 2399 2957 2466 Quam
2974 2416 3185 2470 semper
3196 2400 3385 2469 pavida
3402 2400 3498 2454 tibi

1919 2489 2105 2544 venire
2148 2490 2443 2553 metuebas,
2496 2491 2549 2544 id
2589 2498 2690 2555 est,
2723 2492 2854 2545 ordo
2895 2500 3285 2562 contextusque
3336 2493 3502 2546 malo-

1921 2592 2041 2630 rum
2072 2577 2332 2631 omnium.
2384 2577 2557 2633 Porro
2586 2580 2727 2648 quod
2770 2579 2965 2633 dicitur
2998 2598 3010 2632 :
3062 2600 3078 2631 ι
3110 2596 3269 2651 super
3304 2591 3375 2645 te,
3408 2584 3499 2651 qui

1920 2669 2134 2725 habitas
2166 2670 2218 2724 in
2260 2679 2425 2735 terra,
2473 2690 2490 2723 ι
2530 2671 2683 2741 juxta
2715 2670 2841 2725 illud
2884 2672 3234 2742 Apocalypsis
3273 2672 3499 2729 Joannis

1920 2761 2178 2816 debemus
2210 2761 2454 2831 accipere
2484 2780 2497 2815 :
2533 2780 2551 2812 ι
2585 2761 2677 2816 Vae
2703 2776 2864 2830 super
2885 2776 3091 2826 omnes,
3115 2764 3203 2830 qui
3244 2763 3495 2817 habitant

1921 2854 1975 2908 in
2006 2862 2152 2907 terra
2184 2852 2363 2925 (Apoc.
2398 2852 2552 2924 vin);
2601 2872 2619 2903 ι
2654 2860 2873 2906 sanctus
2899 2853 3042 2907 enim
3083 2869 3187 2906 non
3231 2862 3313 2907 est
3340 2854 3497 2907 habi-

1927 2949 2064 2999 tator
2090 2953 2268 3009 terra),
2307 2943 2401 2999 sed
2438 2944 2644 2997 advena
2691 2951 2853 3011 atque
2883 2943 3221 3013 peregrinus,
3260 2942 3499 3012 dicitque

1921 3034 2127 3089 advena
2170 3048 2290 3088 sum
2316 3041 2371 3087 et
2401 3031 2736 3102 peregrinus,
2765 3032 2905 3085 sicut
2930 3046 3117 3085 omnes
3165 3039 3346 3100 patres
3372 3031 3499 3085 mei.

1922 3124 2283 3191 Quamobrem
2300 3123 2643 3178 etAbraham
2672 3120 2951 3185 Hebraeus,
2978 3122 3028 3175 id
3057 3131 3158 3185 est,
3188 3121 3503 3191 peregrinus

1919 3216 2285 3283 transitorque
2328 3221 2677 3278 memoratur,
2715 3214 2780 3267 de
2808 3213 3056 3282 praesenti
3087 3213 3281 3267 saeculo
3320 3212 3384 3266 ad
3415 3213 3501 3267 fu-

1920 3316 2041 3365 tura
2089 3305 2318 3359 transire
2368 3302 2648 3358 festinans.
2700 3302 2991 3357 Possumus
3040 3302 3182 3355 hunc
3221 3302 3396 3354 locum
3442 3311 3499 3356 et

1921 3396 2237 3467 spiritaliter
2283 3393 2629 3463 interpretari
2665 3400 2851 3447 contra
2895 3391 3149 3461 pepulum
3188 3389 3495 3445 Iudaeorum

1920 3504 2081 3558 super
2103 3502 2261 3557 quem
2280 3486 2428 3540 venit
2450 3484 2570 3538 ﬁnis
2593 3492 2648 3538 et
2673 3483 3084 3546 consummatio,
3114 3501 3131 3533 ι
3167 3497 3193 3534 a
3224 3482 3484 3549 sanguine

1919 3581 2054 3636 Abel
2075 3578 2205 3648 justi
2239 3592 2409 3647 usque
2448 3577 2515 3631 ad
2557 3576 2874 3645 sanguinem
2905 3573 3177 3627 Zachariae
3214 3572 3305 3626 ﬁlii
3329 3572 3495 3624 Bara-

1920 3671 2075 3733 chize,
2116 3684 2273 3739 quem
2323 3666 2711 3721 interfecerunt
2756 3665 2899 3718 inter
2946 3663 3197 3733 templum
3241 3672 3293 3716 et
3326 3661 3494 3715 altare

1919 3760 2133 3831 (Matth.
2166 3759 2340 3830 xxm).
2374 3779 2391 3809 ι
2422 3757 2669 3823 Quandiu
2696 3756 2840 3810 enim
2870 3770 2974 3809 non
3012 3750 3273 3808 miserunt
3303 3769 3494 3808 manus

1917 3850 1971 3902 in
2023 3849 2187 3902 ﬁlium
2224 3848 2352 3911 Dei,
2391 3847 2699 3901 dormitavit
2741 3845 2820 3898 eis
2867 3843 3078 3898 Domini
3131 3844 3393 3897 sententia
3438 3853 3495 3898 et

1916 3938 2081 3992 dilata
2123 3945 2223 3991 est.
2262 3934 2488 4002 Quando
2524 3948 2653 3987 vero
2694 3931 3080 3986 interfecerunt
3119 3933 3408 3997 haeredcm,
3438 3942 3496 3986 ut

1915 4028 2113 4098 periret
2140 4026 2447 4089 hacreditas,
2474 4033 2596 4078 tunc
2617 4022 2888 4090 evigilavit
2914 4022 3193 4076 adversum
3217 4037 3309 4076 eos
3331 4031 3493 4091 atque

1914 4118 2150 4172 surrexit
2178 4116 2353 4170 omnis
2389 4115 2521 4168 ordo
2564 4113 2905 4168 miseriarum
2946 4122 3000 4165 et
3028 4112 3323 4180 perplexio,
3362 4110 3493 4180 quia

1913 4225 2017 4263 non
2055 4208 2386 4277 qumsicrunt
2424 4207 2688 4271 cmlestia,
2738 4205 2829 4259 sed
2864 4214 3022 4260 teme
3064 4207 3269 4261 haerere
3310 4208 3493 4276 cupie-

1912 4309 2059 4354 I'UIII.

1985 4410 2002 4441 ι
2026 4390 2187 4444 Venit
2214 4398 2441 4457 tempus,
2470 4402 2635 4457 prope
2662 4395 2746 4441 est
2777 4387 2892 4441 dies
2939 4388 3245 4451 occisiOnts,
3290 4394 3347 4441 et
3388 4402 3496 4441 non

235 4488 442 4549 parcat,
466 4495 569 4532 non
601 4480 908 4544 miseretur,
935 4490 992 4534 ut
1023 4483 1342 4537 misereatur
1368 4485 1555 4553 magis,
1592 4501 1655 4541 ne
1677 4488 1804 4554 quid
1832 4513 1884 4571 Ι)
1916 4502 1933 4534 ι
1963 4481 2145 4553 gloria:
2171 4481 2449 4534 montium.
2486 4499 2503 4530 ι
2533 4478 2829 4534 Occisionis
2870 4486 3049 4530 autem
3091 4487 3303 4545 tempus
3332 4485 3386 4531 et
3416 4476 3495 4531 fa-

234 4569 509 4638 pntridum
555 4569 808 4638 vivasque
842 4586 1033 4625 carnes
1078 4573 1158 4626 sui
1194 4574 1389 4627 vicinia
1430 4586 1804 4643 corrupturum

236 4670 519 4714 remaneat
570 4662 621 4715 in
663 4676 887 4731 corpore
926 4682 937 4715 :
985 4682 1002 4713 ι
1051 4663 1292 4718 Perculit
1332 4677 1507 4720 autem
1550 4668 1806 4721 Dominus

234 4765 396 4819 quem
433 4749 622 4817 diligit,
654 4759 708 4803 et
731 4752 959 4819 castigat
981 4766 1193 4805 omnem
1230 4752 1397 4806 ﬁlium
1428 4770 1584 4822 quem
1619 4756 1805 4824 recipit

234 4840 424 4910 (Hebr.
472 4841 590 4911 xu).
630 4860 646 4891 ι
682 4839 846 4907 Cujus
876 4841 1247 4912 intelligentia:
1290 4845 1420 4898 illud
1455 4855 1537 4898 est
1572 4864 1583 4897 :
1632 4865 1649 4895 ι
1695 4846 1805 4916 Ego

232 4931 554 4999 percutiam,
578 4937 741 5000 etcgo
766 4932 968 4986 sanabo
996 4931 1172 5002 (Deut.
1200 4936 1392 5003 xxxii).
1415 4956 1431 4985 ι
1455 4936 1639 4990 Omnis
1661 4938 1803 4991 enim

234 5022 501 5074 medicina
534 5023 695 5075 habet
732 5021 798 5075 ad
831 5030 1043 5089 tempus
1070 5024 1503 5086 amaritudinem,
1534 5027 1625 5079 sed
1654 5036 1801 5095 post-

229 5126 291 5163 ca
327 5109 533 5186 fructus
558 5110 758 5164 doloris
781 5110 1014 5165 sanitate
1053 5120 1406 5165 monstratur.
1442 5112 1570 5166 Tale
1598 5115 1723 5183 quid
1751 5124 1803 5168 et

228 5216 329 5269 per
352 5200 516 5252 Amos
540 5200 680 5253 Deus
704 5200 942 5267 loquitur
966 5218 977 5251 :
1012 5217 1029 5249 ι
1074 5199 1336 5264 Quoniam
1368 5216 1464 5253 vos
1486 5202 1712 5271 cognovi
1739 5204 1802 5256 de

232 5287 500 5341 universis
531 5288 773 5341 tribubus
807 5297 981 5350 terrae,
1017 5288 1216 5341 idcirco
1248 5287 1481 5341 ulciscar
1508 5304 1669 5357 super
1690 5288 1802 5343 om-

231 5380 319 5431 nia
345 5388 564 5446 peccata
593 5390 767 5433 vestra
794 5380 970 5451 (Amos
987 5380 1089 5453 ιιι).
1115 5399 1132 5431 )
1160 5399 1176 5431 ε
1201 5380 1357 5434 Novit
1379 5382 1520 5434 enim
1546 5384 1802 5438 Dominus

231 5484 325 5523 eos
376 5469 468 5537 qui
514 5477 642 5523 sunt
669 5470 802 5538 ejus.
849 5489 866 5521 ι
909 5472 975 5523 Et
1018 5472 1153 5537 vias,
1187 5471 1377 5540 inquit,
1423 5472 1563 5526 illius
1616 5475 1800 5528 totius-

226 5576 335 5629 que
358 5560 483 5614 vita:
510 5575 757 5630 gressum
786 5561 1338 5630 abominationesquc,
1372 5571 1425 5615 et
1460 5578 1652 5630 ponam
1694 5580 1803 5617 ma-

225 5650 377 5705 cuias
402 5652 452 5703 in
482 5651 659 5704 medio
692 5650 827 5718 ejus,
852 5659 911 5703 nt
938 5660 1062 5705 ante
1089 5652 1273 5707 oculos
1308 5653 1647 5721 peccatricis,
1680 5670 1797 5723 qum

220 5758 322 5813 pro
337 5743 572 5796 sanitate
595 5742 830 5809 punitur,
854 5744 1078 5811 pristina
1097 5752 1311 5811 peccata
1328 5754 1613 5813 ponantur.
1639 5747 1796 5799 Cum-

1912 4575 2035 4637 mis,
2064 4586 2208 4626 nunc
2241 4585 2453 4640 quoque
2492 4570 2545 4623 in
2575 4568 2797 4622 Iudaico
2864 4567 3060 4637 populo
3111 4566 3494 4636 comprobatur

1912 4682 2016 4720 non
2045 4664 2277 4717 habente
2310 4663 2598 4731 prophetas
2628 4675 2727 4714 nec
2756 4661 2978 4714 verbum
3007 4661 3120 4725 Dei,
3163 4675 3269 4729 quo
3310 4663 3491 4716 anima

1911 4754 2241 4809 credentium
2268 4753 2544 4822 pascitur:
2574 4750 2780 4805 Montes
2803 4759 2981 4804 autem
3021 4751 3307 4819 magistros
3332 4752 3491 4805 intel-

1910 4844 2013 4912 lige
2042 4884 2054 4906 ,
2106 4844 2196 4912 qui
2239 4842 2439 4897 habent
2481 4841 2725 4894 notitiam
2778 4838 3200 4908 Scripturarum.
3256 4831 3494 4910 De'qui-

1909 4933 2008 4987 bus
2031 4943 2084 4988 et
2120 4934 2171 4985 in
2208 4934 2311 4987 alio
2338 4932 2454 4986 loco
2476 4931 2673 4984 dicitur
2715 4947 2729 4983 :
2766 4948 2782 4979 ι
2834 4928 3149 4986 llluminans
3186 4940 3239 4983 tu
3273 4931 3493 4984 mirabi-

1908 5021 2080 5075 litera
2107 5022 2377 5074 montibus
2401 5020 2615 5074 (uternis
2638 5016 2808 5089 (Paul.
2837 5019 3059 5094 ωίχγλι
3082 5019 3249 5074 Porro
3266 5018 3490 5088 Septua-

1909 5113 2056 5179 ginta
2102 5112 2194 5181 qui
2244 5112 2517 5174 dixcrunt,
2583 5127 2600 5159 ι
2631 5125 2736 5162 non
2785 5124 2908 5163 cum
2958 5110 3381 5177 perturbatione,
3436 5119 3489 5165 et

1910 5220 2015 5259 non
2046 5220 2166 5258 cum
2195 5204 2488 5269 doloribus,
2534 5224 2552 5257 ›
2582 5205 2711 5260 illud
2739 5204 3065 5276 signiﬁcant,
3106 5207 3249 5274 quod
3280 5216 3486 5262 tantam

1909 5298 2180 5351 habebant
2223 5296 2581 5365 ignorantiam
2629 5297 2747 5363 Dei,
2786 5305 2842 5351 et
2874 5298 3036 5352 animi
3061 5299 3387 5367 ,czecitatem,
3427 5308 3489 5355 ut

1908 5401 2009 5439 nec
2037 5386 2317 5439 turbentur
2341 5387 2391 5439 in
2415 5386 2707 5441 sceleribus
2734 5387 2866 5453 suis,
2897 5402 2994 5442 nec
3033 5388 3365 5458 paenitentiae
3391 5388 3488 5445 do-

1908 5474 2021 5528 lore
2070 5476 2397 5529 crucientur.

1980 5583 1997 5613 ι
2027 5564 2178 5618 Nunc
2205 5568 2268 5619 de
2294 5566 2591 5635 propinquo
2622 5563 2891 5619 effundam
2926 5568 3058 5619 iram
3108 5584 3284 5622 meam
3324 5580 3483 5637 super

1909 5675 1926 5708 ι
1956 5666 2027 5721 te,
2054 5665 2105 5709 ct
2129 5656 2397 5726 replicabo
2425 5657 2657 5711 furorem
2684 5672 2881 5722 meum,
2907 5669 2960 5711 et
2981 5658 3235 5727 judicabo
3258 5657 3479 5726 tejuxta

1910 5748 2072 5802 «vias
2124 5756 2257 5801 tuas.
2298 5748 2361 5803 Et
2396 5746 2505 5815 jam
2556 5764 2749 5817 ponam
2792 5749 2927 5821 (sive
2958 5749 3117 5819 dabo)
3168 5749 3260 5804 tibi
3293 5763 3482 5807 omnes
