3948 6342
454 320 557 376 611

1106 320 1164 373 Β.
1208 315 1459 374 RABANI
1499 317 1722 376 MAURI
1760 317 2084 374 ARCHIEP.
2128 317 2441 379 MOGUNT.
2482 320 2764 379 OPEllUil
2804 322 2987 381 PARS
3024 323 3088 380 11.

3640 321 3746 383 Eli

458 455 476 486 ι
507 434 933 490 alxnuinatioues
977 441 1117 486 tuas.
1159 447 1176 482 ν
1218 430 1277 486 Si
1320 446 1350 485 a
1394 432 1586 503 quinto
1617 446 1759 486 anno
1790 430 2048 486 transmi-
2077 442 2122 495 Α
2152 431 2449 488 clamarent
2469 441 2525 488 et
2547 433 2827 490 dicereut:
2859 434 3192 508 «Crueiﬂge!
3221 436 3479 507 crucifige
3511 436 3738 492 talem!»

452 527 714 596 gratiouis
744 525 894 596 regni
921 520 1194 579 Jechonim
1217 538 1388 593 usque
1417 523 1485 577 ad
1509 530 1711 579 nonum
1737 538 1939 578 annum
1963 537 2050 579 re-
2091 566 2103 582 .

450 620 541 690 gni
568 617 870 682 Sedechite,
918 617 1128 687 quando
1176 618 1317 671 venit
1344 614 1841 672 Nabuchodonosor
1864 624 1920 673 et
1950 618 2048 674 oh-

450 712 591 767 sedit
636 707 967 772 Ierusalem,
1015 716 1310 781 supputare
1358 709 1715 772 voluerimus.
1759 717 1873 765 tres
1917 711 2046 768 anni

448 809 609 857 erunt
636 801 817 857 medii.
853 791 1003 857 {inde
1054 812 1198 858 recte
1238 804 1457 855 dicitur.
1491 816 1511 849 ι
1551 796 1705 855 Nunc
1728 795 1795 856 de
1820 800 2046 872 propin-

447 906 556 960 quo
592 887 865 945 effundam
906 894 1041 944 iram
1095 903 1268 944 meam
1323 900 1371 942 in
1405 899 1459 943 te
1500 886 1632 959 (vel
1685 903 1851 959 super
1885 888 1982 961 te).
2018 906 2038 942 ι

448 985 800 1054 Nequaquam
845 982 937 1038 tihi
966 992 1192 1037 ventura
1244 982 1555 1050 praedicam.
1598 996 1700 1037 nec
1748 981 2046 1037 commina-

448 1078 565 1136 hor,
604 1091 726 1145 qua:
750 1077 910 1144 longe
944 1082 1068 1144 post
1103 1072 1283 1127 futura
1311 1079 1457 1128 sunt.
1491 1070 1646 1126 Nunc
1674 1072 1960 1141 complebo
1988 1071 2043 1126 in

448 1176 499 1222 te
528 1166 767 1245 furorem
796 1180 996 1221 meum.
1045 1165 1142 1231 Qui
1182 1164 1330 1218 furor
1349 1172 1403 1217 et
1448 1162 1527 1217 ira
1573 1179 1681 1220 non
1729 1164 1935 1235 absque
1956 1162 2045 1232 ju-

446 1257 588 1313 dicio
617 1268 716 1312 est.
749 1254 855 1311 Sed
881 1264 941 1310 ut
983 1254 1170 1309 reddat
1200 1257 1319 1309 vias
1349 1262 1469 1309 mas
1509 1254 1563 1309 in
1594 1264 1755 1323 caput
1786 1260 1960 1318 tuum,
1987 1263 2042 1309 et

444 1361 635 1402 omnes
680 1347 1107 1402 abominationes
1134 1355 1256 1401 tuas
1286 1349 1486 1399 sentire
1534 1354 1586 1401 te
1615 1344 1799 1401 faciat.
1842 1345 2042 1402 Possu-

444 1452 566 1492 mus
596 1446 776 1493 autem
807 1447 863 1492 et
895 1439 962 1491 de
998 1445 1242 1491 extrema
1288 1436 1602 1499 captivitate
1645 1436 1848 1503 dicere,
1898 1438 2039 1507 quod

428 1538 567 1599 post
597 1526 1029 1584 interfectionem
1058 1528 1280 1583 Christi.
1306 1528 1520 1583 ruendo
1546 1528 1695 1583 venit
1717 1529 1798 1583 eis
1826 1527 1949 1584 finis
1985 1537 2043 1581 et

442 1618 717 1689 evigilavit
741 1619 1028 1673 adversum
1057 1632 1152 1672 eos
1201 1627 1503 1683 secratum,
1548 1617 1827 1688 impletum
1854 1628 1941 1674 est
1976 1618 2039 1673 ll-

444 1712 533 1768 ind
574 1713 716 1780 quod
755 1712 1015 1781 scriptum
1068 1719 1185 1766 est-
1227 1730 1242 1753 ρ
1299 1710 1455 1765 Nune
1480 1710 1729 1779 pervenit
1760 1710 1815 1765 in
1842 1723 1937 1766 eos
1956 1711 2037 1767 ira

2155 520 2305 578 Unde
2346 536 2450 578 non
2483 524 2565 579 eis
2594 524 2703 579 erlt
2746 526 2980 595 requies,
3028 528 3123 582 sed
3173 535 3374 582 acterna
3426 526 3738 598 captivitas.

2145 607 2318 673 Porro
2342 616 2689 689 Septuaginta
2708 616 2865 687 juxta
2900 618 3049 673 illum
3078 633 3296 674 sensum
3324 618 3379 673 in
3407 633 3518 690 quo
3542 602 3738 675 scribi-

2147 716 2275 763 tur:
2310 696 2330 761 t
2371 708 2555 780 Neque
2580 708 2724 764 Enim
2754 709 2906 765 scitis
2925 708 3055 780 quid
3075 717 3304 764 ventura
3331 710 3449 767 dies
3473 710 3680 781 pariat,
3716 728 3737 763 ι

2146 798 2437 857 disertim:
2473 818 2494 851 ‹
2541 799 2681 856 Ecce
2707 799 2822 855 dies
2848 801 3014 871 parit,
3050 800 3196 871 quod
3244 793 3414 854 multo
3455 806 3584 854 ante
3610 814 3744 855 con-

2145 897 2397 960 ceperat;
2434 902 2454 940 t
2472 889 2731 960 venitque
2759 889 2903 955 linis,
2927 896 2983 944 et
3006 903 3225 962 egressa
3248 896 3334 945 est
3359 888 3691 959 commerio,
3714 906 3736 940 ι

2147 994 2264 1050 quae
2287 980 2425 1035 mala
2452 988 2634 1036 vestra
2663 982 2843 1036 omnia
2865 980 3258 1051 complectatur
3278 988 3336 1036 et
3355 987 3556 1035 teneat.
3587 980 3642 1034 in
3669 993 3742 1035 eo

2146 1080 2345 1140 autem,
2367 1071 2523 1146 quod
2546 1081 2603 1128 et
2632 1072 2734 1142 ipsi
2769 1070 3021 1128 similiter
3050 1074 3468 1135 transtulerunt,
3498 1092 3517 1125 ›
3548 1071 3741 1128 ﬂoruit

2144 1162 2317 1233 virga,
2349 1182 2367 1212 ι
2398 1161 2491 1217 illo
2538 1162 2850 1218 testimonio
2876 1162 2957 1217 uti
2986 1177 3296 1234 possumus.
3336 1178 3357 1213 ‹
3388 1161 3466 1217 Ne
3513 1162 3741 1219 auferas

2146 1253 2351 1323 virgam
2377 1268 2406 1306 a
2435 1254 2543 1308 (illo
2571 1262 2659 1308 tuo
2687 1251 2872 1324 (Prov.
2901 1254 3076 1325 xm)»
3103 1255 3171 1309 Et
3199 1254 3525 1325 Apostolus:
3564 1254 3743 1323 «Quid

2148 1346 2340 1400 vultis?
2363 1346 2412 1400 in
2435 1347 2585 1417 virga
2609 1347 2821 1401 veniam
2842 1348 2910 1401 ad
2933 1363 3048 1412 vos,
3077 1363 3145 1401 an
3174 1349 3230 1403 in
3254 1348 3518 1405 cbaritate
3544 1357 3598 1403 et
3618 1349 3741 1421 spi-

2144 1439 2248 1490 ritu
2281 1438 2710 1494 mans‘uetudinis
2751 1437 2805 1509 (I
2845 1438 2970 1494 Cor.
3021 1440 3137 1503 tv)?
3180 1460 3196 1490 θ
3240 1439 3345 1495 Sed
3369 1449 3422 1495 et
3471 1440 3613 1497 Deus
3638 1455 3742 1497 ore

2144 1525 2439 1582 Psalmistze
2485 1537 2742 1583 resonat:
2775 1546 2794 1579 ι
2831 1527 3076 1585 Visitabo
3115 1532 3171 1585 in
3226 1531 3372 1601 virga
3418 1530 3738 1600 iniquitates

2142 1630 2353 1683 eorum,
2402 1627 2458 1673 et
2510 1618 2564 1673 in
2615 1618 2841 1691 ﬂagellis
2895 1629 3118 1690 peccata
3160 1636 3369 1677 eorum.
3422 1621 3738 1678 Misericor—

2144 1708 2285 1763 diam
2329 1716 2524 1765 autem
2558 1724 2735 1765 meam
2787 1726 2895 1767 non
2949 1711 3256 1783 dispergam
3308 1712 3380 1768 ab
3428 1713 3507 1768 eis
3556 1710 3737 1783 (Psal.

444 1803 537 1857 Dei
566 1802 618 1856 in
654 1801 835 1857 tinem.
871 1822 888 1855 ι
913 1802 1148 1870 Quando
1193 1817 1222 1855 ιι
1250 1801 1374 1857 Tito
1422 1811 1477 1856 et
1505 1799 1842 1871 Vespasiano
1882 1800 2042 1857 Jeru-
2071 1786 2115 1846 Β
2142 1799 2427 1871 Lxxxvtn).
2472 1821 2493 1853 ι
2519 1800 2644 1857 ideo
2674 1815 2805 1872 ergo
2854 1802 3113 1859 Dominus
3148 1803 3334 1859 visitat
3378 1811 3434 1860 et
3474 1808 3738 1874 percutit,

442 1894 609 1948 salem
650 1895 981 1949 circumdata
1022 1903 1125 1958 vat,
1177 1893 1466 1948 :‘tadvonit
1517 1893 1781 1951 desolatio
1809 1894 1949 1966 ejus.
1983 1906 2040 1951 et

442 1985 721 2055 impletum
764 1993 883 2041 est:
919 2006 937 2037 ς
976 1987 1119 2043 Erae.
1164 1987 1505 2055 "‘inqttetur
1534 1989 1690 2046 vobis
1724 1990 2039 2047 domus‘ve.

444 2083 553 2128 stra
606 2076 814 2130 deserta
864 2074 1071 2143 ,Matth.
1135 2076 1313 2136 ‘I'fitil.
1364 2096 1376 2117 ι
1442 2076 1591 2134 Tune
1627 2078 1858 2149 iudicati
1911 2088 2038 2136 sunt

446 2170 593 2236 iuxta
642 2172 764 2223 vias
809 2183 938 2223 suas
976 2178 1031 2224 et
1084 2168 1447 2233 blasphemia
1503 2170 1700 2241 quibus
1750 2171 2038 2229 Dominum

442 2264 809 2329 negaverunt,
831 2268 887 2313 et
913 2266 1201 2313 senserunt
1236 2264 1475 2315 ἐπγτηνριη
1504 2261 1624 2327 Dei,
1670 2269 1725 2320 et
1751 2262 1929 2319 omnis
1955 2263 2035 2319 in-

439 2327 682 2418 dignatio
719 2327 835 2417 ejtts
866 2364 1030 2419 super
1080 2349 1203 2403 illos
1239 2349 1405 2406 “ivit”
1454 2360 1555 2418 '35"
1609 2341 2038 2426 Ῠοθερθτυηῑίῖυθ

443 2439 645 2493 scelera
674 2453 770 2493 sua
796 2450 856 2493 ut
883 2448 1204 2503 permaneat
1250 2440 1511 2498 dissolutio
1545 2443 1734 2516 templi
1765 2459 1939 2517 usque
1964 2448 2035 2503 ad

441 2530 987 2586 consummationem.

514 2638 534 2670 ε
562 2617 631 2674 Et
652 2636 756 2674 non
784 2629 970 2691 parcet
992 2621 1180 2677 multis
1209 2620 1364 2678 *ηὼς
1386 2636 1566 2692 neque
1590 2635 1912 2692 miserebor,
1937 2631 2034 2680 sed

446 2709 614 2765 «vias
660 2720 783 2765 tuas
830 2716 1102 2781 imponam
1141 2713 1236 2767 eihi
1288 2721 1337 2759 et.
1384 2714 1814 2771 'thominationes
1842 2724 1947 2774 tua:
1979 2717 2033 2773 in

441 2818 465 2853 ε
489 2798 669 2856 medio
691 2801 769 2856 tui
806 2810 984 2859 erunt.
1012 2812 1069 2855 et.
1092 2804 1278 2858 «arietis
1334 2806 1453 2875 quia
1481 2819 1582 2877 ego
1612 2804 1873 2863 Dominus
1900 2821 2032 2879 per-

444 2910 464 2942 s
490 2891 720 2947 cutiens.
751 2912 771 2944 υ
807 2892 1015 2949 Causas
1058 2896 1359 2949 severitatis
1423 2905 1462 2949 τι
1508 2899 1865 2966 austeritatis,
1917 2899 2033 2957 sive

434 2972 499 3037 ut
523 2984 766 3040 heretici
800 2977 995 3057 putant
1040 2987 1375 3042 crudelitatis
1411 2989 1726 3061 Dei,un
1762 3002 1870 3047 non
1898 3000 2031 3065 par-

437 3080 527 3127 cat
553 3074 744 3130 oculus
781 3075 901 3145 ejus
955 3089 1059 3131 nec
1112 3079 1457 3145 misereatur,
1514 3078 1746 3150 subjecit
1792 3080 2025 3137 dicens:

1135 2076 1313 2136 tam),
1364 2096 1376 2117 ι

445 3184 463 3216 ι
500 3162 624 3222 Vias
653 3175 777 3224 tuas
817 3167 957 3224 dabo
985 3168 1105 3235 tibi,
1131 3176 1188 3225 et
1232 3170 1662 3229 abominationes
1687 3181 1796 3250 tua:
1822 3174 1876 3230 in
1916 3186 2030 3232 me-
2058 3150 2103 3201 u

440 3259 530 3313 dio
552 3260 629 3315 tui
680 3269 858 3317 erunt.
899 3288 915 3309 ν
958 3261 1032 3318 Ut
1088 3262 1285 3324 sentias
1340 3276 1446 3334 late
1489 3265 1691 3334 fecisti,
1737 3275 1794 3324 et
1836 3267 2030 3327 videns

439 3352 872 3410 abominationes
898 3360 1020 3409 tuas
1039 3353 1124 3410 vel
1161 3356 1215 3410 in
1252 3364 1544 3428 conspectu
1573 3365 1686 3426 tuo,
1722 3359 1807 3416 vel
1826 3359 1882 3416 in
1908 3376 2027 3418 me-

438 3443 529 3499 dio
572 3444 814 3500 omnium
862 3448 1068 3517 positas
1114 3450 1365 3504 emendes
1395 3464 1636 3506 errorem
1667 3452 2027 3524 pmuitudine,

437 3547 495 3590 et
518 3537 778 3593 recedens
806 3551 836 3591 a
883 3537 1129 3609 pristinis
1158 3540 1434 3611 operibus,
1482 3556 1609 3597 cum
1658 3543 1862 3611 oderis,
1908 3558 2029 3616 qure

438 3622 637 3692 fecisti,
660 3633 788 3683 tunc
815 3627 1023 3685 sentias
1051 3630 1193 3697 quod
1225 3629 1336 3699 ipse
1368 3632 1438 3686 sit
1464 3630 1743 3699 Dominus,
1777 3633 1869 3704 qui
1906 3634 2059 3689 ideo

438 3718 672 3787 percutit
696 3726 756 3774 ut
777 3722 1050 3789 emendet,
1076 3731 1129 3776 et
1158 3722 1391 3790 castigat
1414 3737 1631 3780 omnem
1660 3723 1831 3781 lilium
1864 3734 2027 3796 quem

441 3809 632 3884 recipit
660 3810 851 3883 (Hebr.
890 3817 1011 3885 an).

516 3922 535 3955 ι
564 3903 707 3961 Ecce
732 3906 868 3972 dies,
920 3922 1050 3963 ecce
1091 3909 1260 3976 venit,
1310 3923 1526 3981 egressa
1571 3917 1654 3967 est
1702 3911 2026 3977 contractio,

446 4012 464 4044 ι
494 3992 673 4051 ﬂoruit
699 3996 873 4068 virga,
918 3998 1237 4069 germinavit
1285 4000 1561 4071 superbia,
1601 4000 1863 4073 iniquitas
1906 4016 2028 4057 sur-

446 4104 465 4137 ι
494 4086 635 4142 rexit
655 4087 712 4143 in
735 4088 889 4161 virga
928 4090 1240 4160 impietatis,
1275 4106 1379 4145 non
1406 4108 1473 4145 ex
1497 4092 1601 4157 eis,
1630 4100 1687 4148 et
1711 4107 1817 4148 non
1846 4106 1915 4148 ex
1935 4105 2033 4163 po-

447 4195 464 4225 ι
495 4176 639 4245 pulo.
669 4191 843 4248 neque
873 4193 942 4235 ex
983 4183 1161 4237 sonitu
1196 4197 1410 4245 eorum,
1441 4190 1497 4237 et
1537 4196 1646 4238 non
1673 4183 1781 4238 erit
1810 4183 2031 4255 requies

446 4284 464 4315 ι
494 4257 592 4321 eis.
630 4266 784 4322 Venit
813 4275 1052 4340 tempus,
1084 4271 1534 4339 appropinquavit
1572 4270 1709 4327 dies.
1740 4268 1842 4338 Qui
1870 4271 2028 4337 emit,

447 4376 464 4408 ι
495 4371 602 4411 non
630 4358 869 4425 laetetur;
913 4365 967 4414 et
1007 4361 1101 4429 qui
1136 4362 1337 4422 vendit,
1368 4374 1475 4415 non
1516 4360 1733 4432 lugeat:
1777 4360 1903 4435 quia
1948 4361 2028 4417 ira

2143 1896 2203 1943 ut
2220 1890 2486 1945 moriatur
2504 1898 2561 1946 et
2587 1897 2772 1962 pateat
2793 1892 2971 1949 omnis
3009 1894 3285 1965 superbia,
3312 1908 3433 1966 qua:
3456 1894 3546 1950 diu
3583 1894 3741 1961 jace-

2144 1982 2488 2051 hatinelusa,
2520 1991 2578 2039 et
2624 1983 2918 2040 suscitetur
2967 1985 3165 2056 injuria
3214 1993 3404 2042 contra
3454 1996 3630 2042 ortam
3678 1996 3741 2044 et

2147 2072 2533 2141 germinantem
2594 2075 2900 2145 superbiam
2926 2117 2942 2140 ,
2993 2084 3416 2146 conteraturque
3472 2078 3739 2134 fortitudo

2144 2161 2330 2231 ileUi,
2363 2177 2467 2218 non
2523 2178 2647 2219 cum
2698 2166 3125 2236 perturbatione,
3180 2182 3358 2239 neque
3392 2180 3517 2225 cum
3575 2168 3739 2226 {esti-

2147 2253 2377 2308 natione.
2413 2252 2565 2310 F'inis
2586 2254 2732 2311 enim
2760 2255 3004 2313 ﬂorentis
3030 2259 3196 2329 virgae
3223 2257 3427 2315 sanitas
3456 2267 3539 2317 est
3562 2270 3737 2332 atque

2142 2345 2427 2416 correptio,
2454 2361 2575 2417 qua:
2598 2363 2705 2403 non
2751 2359 2940 2404 eorum
2984 2352 3179 2406 merito
3208 2353 3377 2418 venit,
3410 2351 3504 2422 qui
3552 2354 3738 2407 corri-

2142 2434 2375 2498 aiunlur,
2410 2444 2511 2490 nec
2541 2435 2961 2504 pulchritudine,
2986 2453 3152 2509 quam
3184 2441 3239 2494 in
3280 2455 3340 2495 se
3365 2442 3471 2496 non
3502 2427 3737 2506 habent,

2140 2526 2230 2581 sed
2282 2528 2652 2585 misericordia
2699 2529 2932 2598 Dumini.
2988 2531 3163 2588 Locus
3204 2532 3434 2604 diiiicilis
3481 2541 3539 2587 et
3591 2534 3741 2589 inter

2140 2614 2461 2674 Hebraicum
2489 2627 2546 2675 et
2587 2619 2938 2693 Septuaginta
2967 2622 3196 2677 multum
3230 2623 3567 2693 discrepans,
3611 2623 3740 2694 qui-

2141 2724 2236 2763 nus
2260 2710 2516 2782 pleraque
2544 2714 2612 2767 de
2640 2713 3030 2769 Theodotionis
3070 2714 3307 2773 editione
3352 2715 3537 2770 addita
3580 2721 3731 2782 sunt,

2132 2813 2196 2861 ut
2219 2803 2455 2873 aliquam
2481 2803 2685 2858 habere
2708 2796 3154 2875 consequentiam
3182 2804 3498 2861 viderentur
3524 2824 3539 2859 :
3573 2825 3591 2859 ι
3623 2806 3737 2863 Ye-

2138 2894 2215 2950 nit
2265 2902 2500 2967 tempus,
2554 2895 3008 2971 appropinquavit
3052 2896 3187 2953 dies.
3225 2916 3244 2950 ι
3300 2896 3418 2953 Non
3458 2897 3629 2954 solum
3657 2898 3734 2953 ad

2136 2979 2435 3044 Jerusalem
2492 2986 2711 3052 dicitur,
2739 2987 2885 3059 quod
2925 2990 3134 3045 venerit
3162 2990 3211 3045 ei
3245 2998 3458 3059 tempus
3505 2990 3739 3061 captivi-

2084 3142 2102 3161 η
2136 3078 2283 3143 tatis,
2322 3084 2380 3134 et
2411 3077 2929 3162 appropinquaverit
2970 3077 3091 3135 dies
3137 3093 3246 3150 quo
3302 3079 3603 3152 Babylonio
3655 3082 3736 3137 sit

2133 3168 2384 3225 vallanda
2413 3168 2677 3245 exercitu,
2702 3168 2800 3224 sed
2828 3176 2886 3224 et
2908 3161 2984 3234 ei,
3008 3170 3101 3239 qui
3126 3170 3421 3226 exstructis
3445 3178 3503 3223 et
3537 3168 3735 3225 dilata-

2135 3259 2204 3315 tis
2233 3258 2446 3314 horreis
2471 3257 2802 3324 exsultabat,
2845 3258 3102 3313 Dominus
3150 3258 3432 3329 loquitur:
3472 3278 3492 3310 «
3531 3259 3732 3324 Stulte,

2135 3348 2235 3404 hac
2269 3352 2427 3403 nocte
2450 3343 2726 3402 auferetur
2766 3361 2797 3402 a
2845 3355 2900 3402 te
2960 3347 3142 3403 anima
3206 3358 3317 3403 tua.
3356 3346 3501 3416 Quae
3547 3355 3736 3404 autem

2132 3435 2446 3507 praeparasti
2489 3436 2644 3508 cujus
2677 3444 2840 3493 erunt
2864 3435 3019 3508 (Luc.
3044 3436 3162 3505 at)?
3182 3456 3200 3489 ι
3221 3436 3393 3493 ‘Unde
3416 3445 3474 3493 et
3494 3432 3729 3507 Apustoo

2132 3529 2250 3583 ius:
2288 3544 2308 3577 ι
2361 3526 2620 3597 Tempus,
2673 3526 2771 3591 ait,
2823 3526 3197 3595 abbreviatum
3222 3535 3327 3584 est.
3365 3516 3386 3580 ι’
3414 3527 3488 3583 Et
3530 3532 3586 3584 in
3621 3526 3735 3584 alio

2134 3629 2291 3675 loco:
2324 3636 2346 3668 ι
2397 3616 2645 3673 Praeterit
2691 3616 2837 3672 enim
2888 3604 3059 3690 figura
3093 3600 3256 3687 huius
3302 3615 3491 3673 mundi
3520 3615 3574 3689 (ι
3601 3615 3730 3672 Cor.

2132 3709 2250 3784 vn).
2286 3729 2304 3761 ι
2329 3708 2754 3780 .Notandumque
2777 3709 2922 3779 quod
2949 3724 3057 3765 non
3079 3709 3133 3764 in
3157 3709 3403 3765 futurum
3432 3708 3731 3775 distulerit,

2132 3801 2228 3857 sed
2252 3803 2322 3859 de
2346 3799 2600 3872 prmsenti
2640 3798 2862 3866 dixerit,
2914 3800 3176 3872 prmterit.
3209 3799 3278 3855 Et
3313 3798 3557 3872 quotidie
3598 3796 3737 3855 labi-

2134 3900 2222 3947 tur
2243 3891 2418 3962 figura
2478 3888 2687 3946 mundi.
2738 3887 3027 3960 Nunquam
3056 3889 3214 3944 enim'
3242 3890 3303 3944 in
3343 3891 3538 3944 eodem
3581 3894 3732 3943 statu

2128 3989 2431 4054 permanet,
2472 3979 2567 4037 sed
2592 3994 2807 4052 semper
2825 3979 3188 4037 crescentium
3208 3986 3266 4035 et
3286 3976 3731 4036 decrescentium

2131 4072 2301 4146 ﬁgura
2329 4072 2675 4144 praetervolat
2701 4078 2759 4128 et
2804 4079 3069 4128 mutatur.
3125 4070 3280 4128 Unde
3315 4078 3371 4127 et
3414 4069 3681 4127 Dominus
3708 4086 3728 4126 :

2128 4163 2351 4229 ctelum,
2396 4165 2591 4233 inquit,
2634 4174 2692 4219 et
2723 4169 2871 4219 terra
2909 4162 3230 4233 prmteribit.
3267 4159 3367 4217 Sin
3391 4167 3578 4218 autem
3608 4161 3732 4215 hac

2131 4253 2326 4325 quibus
2374 4252 2581 4317 omnia,
2627 4264 2749 4323 quas
2805 4249 2860 4306 in
2915 4250 3117 4307 mundo
3184 4257 3337 4319 sunt.
3382 4248 3733 4305 continenter

2129 4351 2479 4416 prattemunt,
2500 4351 2662 4413 atque
2704 4347 3110 4413 pertranseunt,
3148 4339 3280 4411 quid
3322 4347 3505 4410 potest
3530 4339 3587 4394 in
3625 4338 3731 4392 hu-

446 4467 465 4499 ι
495 4462 659 4517 super
681 4462 899 4504 omnem
926 4428 1181 4517 populum
1202 4450 1337 4516 ejus.
1367 4448 1501 4516 Quia
1528 4428 1619 4520 qui
1648 4428 1854 4517 vendit,
1884 4449 1952 4505 ad
1974 4449 2030 4505 id

2139 4437 2305 4490 manis
2327 4435 2493 4490 rebus
2516 4446 2638 4489 esse
2665 4440 2987 4505 perpetuum
3005 4433 3030 4485 τ
3068 4449 3087 4483 ‹
3120 4432 3223 4499 Qui
3248 4432 3402 4495 emit,
3432 4443 3542 4485 non
3576 4428 3730 4486 laete-

499 4499 647 4517 ητ--
929 4499 1181 4517 r-r_-___
1218 4499 1336 4516 .,_s.
1375 4499 1501 4516 Vm
1532 4499 1619 4520 γ,
1664 4499 1854 4517 νηπ,
1886 4499 2030 4505 __-_

446 4560 465 4593 ο
494 4540 640 4609 quod
664 4541 908 4597 vendidit
934 4556 1041 4596 non
1071 4552 1398 4604 revertetur,
1444 4548 1497 4597 et
1527 4540 1706 4597 adhuc
1757 4541 1811 4596 in
1842 4540 2030 4597 viven-

2139 4533 2256 4589 tur;
2289 4533 2346 4579 et
2384 4524 2476 4593 qui
2520 4499 2727 4588 vendit,
2756 4499 2866 4579 non
2907 4523 3106 4595 lugeat.
3160 4542 3178 4574 ι
3229 4522 3485 4578 Naturale
3529 4528 3615 4577 est
3669 4522 3730 4577 iu

448 4651 467 4684 α
495 4633 643 4689 tibus
660 4634 773 4690 vita
812 4648 1021 4689 eorum.
1065 4632 1208 4689 Visio
1236 4638 1379 4688 enim
1423 4614 1497 4689 ad
1540 4648 1756 4690 omnem
1782 4634 2029 4689 multitu-

451 4738 470 4771 ι
501 4721 682 4776 dinem
724 4722 841 4794 ejus
867 4737 979 4778 non
1015 4721 1372 4791 regredietur.
1402 4721 1467 4777 Et
1506 4722 1594 4777 vir
1641 4722 1698 4776 in
1746 4722 2032 4793 iniquitate

385 4817 389 4821 ‘
450 4829 469 4862 ς
499 4810 622 4866 vita:
649 4826 761 4867 sua:
789 4826 896 4867 non
946 4810 1358 4869 eonfortabitur.
1393 4831 1411 4861 ι
1441 4810 1710 4885 (meram)
1740 4802 2032 4869 Contracta

446 4908 553 4965 est.
605 4902 803 4972 inquit,
849 4902 985 4969 dies,
1036 4911 1090 4957 et
1148 4905 1479 4967 ibhmviam,
1532 4903 1805 4973 instatque
1855 4903 2033 4959 vicina

448 4992 755 5062 captivitas,
800 4991 1088 5064 ﬂemitque
1130 4994 1302 5065 virga,
1364 5009 1471 5063 qua:
1514 4994 1685 5049 multo
1710 4993 1864 5050 vobis
1893 5003 2034 5049 tem-

446 5091 580 5154 pore
600 5084 928 5149 minabatur.
968 5094 1022 5141 et
1048 5086 1115 5141 de
1149 5085 1283 5140 ﬂore
1322 5083 1555 5141 fructum
1588 5085 1874 5156 plagarum
1908 5100 2036 5155 par-

452 5176 603 5237 turit,
639 5177 889 5247 superbia
916 5183 1099 5233 vestra
1120 5176 1460 5245 germinavit,
1491 5177 1634 5247 quod
1656 5176 2032 5240 merebamini,

448 5272 512 5321 ut
538 5278 701 5334 super
727 5266 879 5336 virga
923 5266 1215 5338 impietatis
1240 5276 1459 5332 vestrae,
1497 5282 1604 5337 qua
1642 5265 1914 5335 subjectos
1939 5282 2037 5322 vos

452 5355 618 5425 impie
658 5357 968 5424 cadebatis,
1013 5367 1304 5429 consurgat
1343 5360 1614 5429 iniquitas,
1666 5374 1786 5431 qua:
1814 5376 1923 5415 non
1953 5369 2039 5416 est

450 5457 519 5500 ex
547 5443 839 5524 miserabili
859 5447 1058 5516 populo
1083 5462 1259 5518 neque
1314 5464 1378 5502 ιιι
1414 5448 1495 5503 his
1532 5448 1626 5518 qui
1654 5448 1826 5504 instar
1845 5448 2035 5503 bruto-

451 5546 573 5587 rum
624 5533 978 5590 animantium
1024 5536 1282 5592 dicuntur
1328 5554 1355 5592 a
1400 5539 1695 5611 magistris,
1744 5553 1922 5609 neque
1966 5554 2033 5594 ex

456 5620 691 5677 clamore
728 5637 917 5679 eorum
952 5631 1009 5679 et
1035 5624 1216 5681 sonitu
1243 5640 1351 5697 quo
1380 5626 1579 5682 frustra
1613 5627 1980 5686 vociferantur
2002 5643 2033 5683 a

455 5710 828 5770 recrdotibus
869 5714 1261 5787 Pharisaeisque
1310 5718 1514 5776 seducti
1539 5727 1597 5775 ut
1636 5736 1871 5778 consona
1899 5736 2031 5777 voce

2136 4614 2536 4684 possessionum
2563 4612 2837 4683 emptione
2879 4611 3072 4678 laetari,
3106 4615 3163 4666 in
3180 4611 3492 4666 venditione
3519 4609 3724 4681 lugere.

2138 4703 2480 4758 Cum-autem
2513 4702 2681 4758 instet
2705 4701 2941 4757 servitus
2962 4708 3129 4771 atque
3165 4699 3475 4770 captivitas,
3509 4707 3567 4755 et
3588 4713 3727 4767 gau-

2142 4793 2286 4848 dium
2317 4801 2372 4848 et
2406 4791 2651 4858 tristitia,
2694 4790 2751 4847 in
2797 4798 3030 4862 utroque
3082 4797 3209 4846 sunt
3254 4802 3413 4844 vana.
3467 4787 3641 4857 Unde-
3669 4794 3730 4851 et

2138 4882 2462 4953 Apostolus:
2504 4901 2522 4934 ι
2560 4881 2795 4952 Tempus
2840 4874 3209 4935 abbreviatum
3239 4886 3340 4933 est.
3387 4877 3462 4932 De
3502 4886 3725 4941 caetero,

2141 4978 2231 5046 qui
2262 4977 2465 5031 habent
2506 4987 2703 5054 uxores
2744 4972 2982 5039 sic-sint,
3029 4970 3186 5043 quasi
3228 4984 3339 5025 non
3369 4969 3634 5033 habeant,
3667 4975 3729 5022 et

2141 5069 2233 5141 qui
2268 5067 2414 5132 ﬂent,
2448 5077 2702 5138 tanquam
2729 5081 2835 5122 non
2864 5064 3047 5121 ﬂeant.
3088 5064 3154 5119 Et
3191 5063 3283 5135 qui
3316 5062 3575 5135 gaudent.
3601 5070 3725 5115 tan-

2143 5172 2307 5228 quam
2344 5171 2451 5212 non
2468 5158 2761 5228 gaudeant.
2789 5154 2857 5209 Et
2882 5154 2974 5224 qui
3014 5163 3222 5219 emunt,
3264 5152 3421 5222 quasi
3467 5165 3575 5207 non
3600 5163 3727 5219 pos-

2141 5248 2382 5312 sideant;
2437 5257 2493 5303 et
2540 5248 2633 5318 qui
2677 5255 2905 5302 utuntur
2960 5247 3159 5300 mundo
3215 5246 3357 5309 isto,
3409 5242 3566 5313 quasi
3614 5254 3725 5296 non

2142 5344 2363 5392 utantur
2390 5337 2443 5407 (Ι
2463 5337 2588 5393 Cor.
2616 5337 2733 5411 vn).
2766 5354 2786 5389 ι
2831 5334 2966 5392 Nam
2993 5344 3051 5393 et
3072 5334 3329 5391 diluvium
3357 5340 3603 5388 ementes
3626 5344 3727 5401 op-

2138 5427 2353 5495 pressit.
2405 5435 2567 5496 atque
2615 5426 2933 5491 vendentes,
2980 5434 3042 5481 ut
3086 5425 3345 5481 Dominus
3387 5424 3627 5494 loquitur
3667 5421 3727 5476 in

2136 5514 2428 5587 Evangelia
2456 5534 2469 5571 :
2507 5534 2525 5568 ς
2565 5518 2700 5584 Quia
2731 5519 2809 5572 ira
2840 5531 3004 5588 super
3026 5529 3242 5572 omnem
3264 5513 3521 5584 populum
3547 5513 3720 5581 ejus.»

2135 5603 2250 5660 Hoc
2292 5606 2345 5660 in
2391 5604 2744 5678 Septuaginta
2785 5622 2890 5661 non
2917 5607 3166 5670 habetur,
3200 5619 3298 5675 pro
3320 5604 3520 5674 populo
3547 5609 3731 5674 potest

2134 5697 2419 5755 multitudo
2462 5709 2517 5755 et
2566 5701 2723 5762 turba
2760 5701 2916 5772 juxta
2975 5699 3298 5757 Hebraicum
3347 5697 3542 5768 accipi.
3612 5690 3732 5750 Hoc
