3948 6358
149 358 252 412 613

1105 353 1454 412 ΟΟΜΜΕΝΤ.
1495 355 1561 410 iN
1592 354 2057 417 ,EZECHIELEM.
2098 386 2165 397 --
2208 355 2335 411 ΜΒ.
2378 353 2441 411 ν.

3311 357 3420 413 6ῑᾶ

142 474 285 527 enim
318 469 588 542 significat
611 485 825 526 amona.
852 470 1134 539 Causaque
1156 471 1436 541 perspicua
1463 469 1724 541 est,quod
1755 475 1806 534 Α
1830 468 1955 539 geli,
1985 478 2040 523 et
2064 469 2118 522 in
2150 470 2276 524 tuba
2304 467 2396 525 Dei
2423 467 2713 525 descendet
2736 468 2805 525 de
2830 467 2971 526 coelo
2999 467 3053 543 (1
3080 467 3260 527 Thess.
3278 473 3372 538 tv).
3389 492 3408 524 ι

142 564 349 623 idcirco
390 562 483 633 qui
516 561 670 626 emit,
697 562 932 631 gaudere
960 575 1066 615 non
1099 561 1313 626 debeat,
1342 569 1399 614 et
1422 563 1515 629 qui
1542 560 1728 615 vendit

137 661 329 725 iugere
353 654 602 716 desistat,
633 654 761 721 quia
785 652 862 707 ira
894 652 987 707 Dei
1014 652 1068 705 in
1095 650 1244 705 brevi
1272 661 1498 705 ventura
1529 652 1600 705 sit
1631 666 1727 706 su-

139 757 238 809 per
283 757 501 798 omnem
540 742 936 797 multitudinem
986 752 1145 796 terrae
1172 738 1389 806 Judtem,
1417 746 1528 795 sive
1573 740 1729 795 Jeru—

138 834 332 887 salem.
366 833 440 887 Ex
470 834 840 903 superioribus
884 832 1027 887 enim
1072 834 1392 903 intelligitur
1434 848 1486 888 to
1534 832 1726 902 quibus

140 924 405 993 scriptum
432 934 553 979 est:

217 1032 234 1062 ι
266 1012 393 1067 Haec
417 1012 547 1067 dicit
581 1011 843 1067 Dominus
887 1012 1027 1067 Deus
1050 1011 1235 1066 lsrael.
1284 1008 1385 1077 Qui
1420 1013 1621 1076 vendit,
1657 1014 1726 1071 ad

144 1122 161 1153 ι
196 1104 252 1157 id
275 1106 422 1165 quod
465 1104 705 1157 vendidit
742 1118 847 1157 non
896 1113 1213 1159 revertetur.
1252 1126 1269 1155 ι
1302 1103 1462 1159 Juxta
1494 1103 1720 1159 Hebrai-

140 1210 262 1248 cuni
290 1209 498 1249 morem
527 1194 782 1262 loquitur.
812 1193 1001 1249 Omnis
1036 1194 1179 1249 enim
1203 1195 1410 1262 emptio
1440 1196 1504 1247 ad
1536 1195 1721 1248 vendi-

138 1292 316 1339 torem
349 1284 723 1339 revertebatur
756 1284 1202 1354 quinquagesimo
1224 1299 1365 1339 anno
1394 1284 1727 1345 emissionis.

138 1378 229 1445 qui
253 1376 397 1445 apud
432 1375 551 1429 illos
568 1384 792 1430 vocatur
806 1374 1073 1445 jubilreus.
1105 1374 1241 1429 Ante
1263 1374 1424 1445 igitur
1449 1380 1611 1443 quam
1634 1389 1724 1427 an.

137 1480 239 1520 nus
253 1465 592 1520 remissionis
603 1464 869 1529 adveniat,
886 1464 1101 1533 quando
1125 1464 1489 1532 possessiones
1504 1464 1570 1518 ad
1582 1464 1723 1532 prio-

137 1571 225 1610 res
252 1556 501 1610 dominos
520 1565 884 1620 revertuntur,
913 1554 1123 1627 ingruet
1146 1555 1452 1623 captivitas,
1469 1570 1590 1624 qua:
1609 1568 1725 1609 om-

140 1664 266 1703 nem
297 1648 451 1703 urbis
487 1647 696 1703 auferet
724 1647 1189 1707 consuetudinem.
1224 1648 1395 1703 Porro
1441 1647 1582 1717 quod
1630 1645 1729 1701 Se-

132 1742 423 1811 ptuaginta
445 1740 856 1802 transtulerunt,
875 1741 997 1809 quia
1020 1740 1111 1809 qui
1128 1748 1290 1803 emet,
1306 1739 1376 1794 ad
1390 1738 1724 1793 venditorem

1828 558 1896 613 Et
1938 560 1993 612 in
2028 558 2355 630 Evangelia:
2395 576 2413 612 ι
2465 558 2643 616 Nolite
2687 560 2814 617 tuba
2867 559 3120 633 clangere
3166 572 3293 621 ante
3315 578 3415 626 vos

1828 648 2044 721 (κακή.
2068 648 2166 723 vi).
2205 667 2223 698 ν
2264 649 2332 705 Et
2360 650 2518 705 tubas
2546 650 2777 707 ductiles
2800 659 2962 722 atque
2986 658 3269 722 argenteas
3298 652 3414 709 Nu-

1831 753 2102 795 merorum
2152 748 2340 795 narrat
2387 739 2616 796 historia
2663 740 2854 809 (Nam.
2885 743 2967 813 χ),
3012 755 3131 813 qua:
3178 744 3416 800 sermoni

1828 833 2141 902 prophetico
2216 844 2601 904 comparantur
2657 842 2710 889 et
2768 833 3030 891 doctrinm
3086 837 3411 906 apostolicae.

1829 921 2245 992 Praeeipiturque
2274 938 2434 988 nunc,
2468 932 2526 977 ut
2552 940 2743 980 omnes
2777 927 2844 981 ad
2890 926 3101 997 signum
3144 926 3412 998 clangoris

1824 1026 1880 1094 et
1902 1016 2142 1071 buccina:
2184 1027 2556 1097 praeparentur
2587 1017 2653 1071 ad
2692 1017 2856 1073 bella.
2904 1017 3064 1074 Juxta
3091 1024 3414 1087 praaSentem

1828 1114 2005 1159 autem
2038 1120 2254 1161 sensum
2284 1107 2541 1176 jubentur
2568 1123 2665 1178 per
2692 1108 2941 1171 ironiam,
2972 1108 3028 1163 hi
3053 1108 3143 1179 qui
3172 1109 3302 1164 huic
3328 1108 3418 1164 of-

1828 1195 1951 1253 ficio
1978 1198 2267 1267 mancipati
2304 1208 2451 1262 sunt,
2484 1199 2609 1254 tuba
2639 1200 2911 1272 clangere,
2960 1208 3019 1255 ut
3057 1216 3246 1256 omnes
3277 1216 3416 1256 con-

1828 1295 1909 1339 ira
1938 1286 2290 1357 Babylonium
2332 1297 2593 1355 parentur
2630 1291 2947 1345 exercitum.

1812 1382 1823 1449 ι
1904 1376 2017 1430 ιΕι
2068 1392 2172 1431 non
2220 1379 2441 1446 εει,φὶ
2488 1380 2651 1434 vadat
2704 1379 2771 1434 ad
2833 1375 3100 1448 praelium.
3131 1381 3213 1434 ira
3265 1380 3413 1436 enim

1834 1482 1852 1518 α
1882 1482 2001 1521 mea
2054 1481 2216 1534 super
2246 1480 2462 1523 omnem
2510 1469 2908 1524 multitudinem
2958 1471 3095 1541 ejus.
3134 1491 3152 1523 ›
3190 1471 3256 1525 Et
3299 1471 3415 1526 haec

1827 1559 1881 1611 in
1931 1556 2280 1629 Septuaginta
2315 1575 2420 1614 non
2468 1560 2757 1615 habentur.
2794 1559 3136 1633 .Przeccperat
3178 1561 3321 1616 Deus
3356 1569 3416 1615 ut

1830 1648 1956 1702 tuba
1985 1657 2244 1703 canerent
2281 1648 2349 1702 ad
2383 1650 2685 1704 exercitum
2722 1648 3155 1719 praeparandum,
3185 1649 3277 1719 qui
3303 1648 3412 1703 Ba-

1830 1736 2167 1807 byloniorum
2213 1749 2395 1807 posset
2455 1742 2714 1796 resistere
2765 1739 3092 1801 fortitudini,
3133 1740 3229 1794 sed
3280 1740 3415 1795 nihil

136 1848 245 1887 non
290 1837 613 1897 revertetur,
651 1845 773 1886 cum
822 1828 975 1898 juxta
1025 1830 1306 1885 historiam
1351 1830 1566 1899 penitus
1618 1842 1723 1882 non
1754 1819 1799 1879 Β
1826 1830 2030 1898 profuit
2067 1832 2389 1900 imperasse.
2428 1846 2552 1886 cum
2596 1847 2704 1886 non
2729 1832 2821 1887 sit
2866 1832 2919 1886 in
2956 1831 3172 1901 populo,
3197 1832 3290 1902 qui
3321 1847 3418 1886 au-

134 1923 433 1985 cohzereat,
468 1920 625 1990 juxta
670 1933 945 1992 anagogen
986 1922 1130 1975 hunc
1158 1933 1375 1974 sensum
1404 1919 1604 1973 habere
1627 1931 1726 1987 po-

135 2022 268 2079 test,
301 2022 361 2067 ut
387 2014 632 2068 dicamus
681 2026 836 2075 eum,
884 2012 977 2080 qui
1022 2011 1277 2066 haeretica
1321 2007 1498 2064 fuerat
1542 2022 1725 2063 errore

132 2105 417 2174 deceptus,
461 2119 585 2159 cum
633 2102 958 2159 intellexerit
995 2102 1239 2173 magistri
1283 2100 1720 2162 fraudulentiam,

132 2208 483 2263 nequaquam
509 2192 707 2248 reverti
749 2192 816 2248 ad
843 2191 1199 2253 venditorem,
1229 2188 1285 2245 id
1326 2197 1431 2253 est,
1460 2192 1528 2244 ad
1556 2190 1724 2260 magi-

130 2296 331 2350 strum,
364 2285 465 2341 sed
501 2300 626 2340 eum
673 2284 955 2354 despicere
1000 2290 1163 2355 atque
1201 2290 1567 2337 contemnere.
1602 2298 1621 2330 ‹
1660 2279 1724 2334 Et

130 2378 313 2433 adhuc
340 2377 394 2431 in
417 2376 724 2431 viventibus
740 2376 847 2429 vita
874 2388 1082 2438 eorum,
1102 2373 1227 2443 quia
1250 2370 1387 2427 visio
1412 2370 1480 2424 ad
1503 2382 1721 2425 omnem

131 2466 539 2523 multitudinem
598 2464 715 2533 ejus
791 2479 896 2519 non
948 2464 1303 2535 regredietur.
1361 2480 1380 2515 ι
1446 2460 1723 2528 Quomodo

128 2561 407 2629 possessio
470 2573 579 2615 non
650 2566 953 2613 revertetur
1000 2556 1067 2612 ad
1119 2558 1359 2626 priorem
1414 2554 1719 2622 dominum,

126 2653 421 2708 eversione
474 2651 622 2706 urbis
650 2652 922 2715 instante,
976 2649 1057 2703 sic
1104 2649 1239 2725 visio
1285 2657 1342 2703 et
1374 2647 1723 2702 comminatio

127 2746 484 2817 propbetaiis,
516 2759 637 2816 qua:
663 2746 729 2799 ad
754 2758 971 2800 omnem
996 2740 1393 2798 multitudinem
1418 2739 1567 2794 urbis
1598 2736 1726 2793 diri-

126 2837 303 2905 gitur,
354 2850 697 2906 nequaquam
746 2834 1106 2905 regredietur,
1149 2847 1205 2887 et
1256 2832 1409 2886 irrita
1459 2829 1578 2895 ﬂet,
1630 2828 1725 2884 sed

127 2926 297 2981 rebus
329 2925 632 2996 explebitur
654 2923 961 2980 viventibus
989 2921 1166 2978 adhuc
1195 2922 1278 2987 his
1330 2921 1395 2976 ad
1424 2936 1561 2991 quos
1600 2934 1724 2989 pro-

126 3014 370 3085 phetalis
399 3028 581 3070 sermo
607 3013 877 3084 dirigitur.
911 3010 1025 3067 Hoc
1050 3020 1231 3066 autem
1267 3011 1363 3077 ait,
1397 3018 1453 3064 ut
1477 3010 1724 3065 ostendat

127 3106 511 3161 imminentem
536 3103 922 3174 captivitatem,
952 3116 1021 3158 ne
1044 3102 1340 3157 secundum
1369 3098 1721 3156 consuetudi—

1827 1922 1951 1977 deat
1994 1923 2060 1978 ad
2105 1922 2243 1978 bella
2288 1922 2599 1992 procedere.
2648 1921 2855 1977 Idcirco
2902 1931 3083 1977 autem
3124 1931 3416 1978 enervatus

1826 2022 1909 2070 est
1931 2012 2182 2085 populus,
2210 2020 2266 2067 et
2290 2020 2442 2068 caret
2482 2012 2690 2068 viribus
2719 2012 3019 2083 prteliandi,
3069 2010 3198 2082 quia
3238 2013 3416 2067 omnis

1826 2108 1902 2161 ira
1940 2106 2031 2161 Dei
2072 2120 2236 2175 super
2268 2116 2481 2160 omnem
2518 2104 2920 2159 multitudinem
2965 2104 3106 2173 ejus,
3151 2101 3414 2159 subaudi-

1824 2206 1931 2259 tur,
1966 2196 2303 2251 Hierusalem
2331 2197 2501 2258 urbis,
2534 2198 2647 2250 sive
2679 2204 2838 2250 terrae
2874 2193 3090 2250 Judzete.
3131 2192 3237 2250 Sed
3262 2202 3319 2249 et
3357 2195 3415 2249 in

1825 2294 2012 2340 nostra
2050 2292 2196 2340 terra
2223 2296 2281 2341 et
2325 2284 2684 2349 Hierusalem,
2723 2284 2940 2354 quando
2972 2299 3073 2341 nos
3101 2285 3187 2340 vel
3230 2300 3417 2355 perse-

1828 2377 1969 2431 cutio
1994 2375 2228 2445 publica,
2264 2376 2343 2430 vel
2377 2377 2654 2439 variorum
2685 2374 2957 2431 incentiva
2977 2375 3234 2431 vitiorum
3254 2388 3417 2446 supe-

1826 2483 1949 2523 rare
1978 2469 2248 2531 nituntur,
2280 2468 2483 2523 frustra
2513 2468 2757 2538 magistri
2786 2477 2991 2539 canunt
3025 2465 3153 2523 tuba
3178 2475 3234 2523 et
3276 2482 3419 2539 prte-

1824 2570 2018 2627 parare
2046 2572 2146 2613 nos
2175 2559 2242 2611 ad
2288 2558 2425 2613 bella
2465 2558 2747 2624 festinant,
2790 2575 2913 2614 cum
2948 2556 3094 2613 nulla
3124 2557 3198 2615 sit
3234 2558 3289 2614 in
3319 2573 3419 2629 po-

1823 2646 1951 2719 pqu
1976 2646 2253 2709 fortitudo,
2280 2662 2401 2719 qum
2426 2649 2631 2703 idcirco
2667 2651 2945 2716 subtracta
2974 2656 3079 2713 est,
3107 2650 3235 2719 quia
3274 2649 3414 2705 iram

1826 2740 2037 2794 Domini
2070 2742 2360 2801 praesentia
2388 2754 2639 2795 meruere
2672 2747 2916 2808 peccata.

1900 2850 1915 2879 ι
1945 2828 2169 2886 Gladius
2198 2834 2353 2893 foris,
2384 2830 2552 2898 pestis
2579 2836 2634 2883 et
2654 2828 2825 2884 fames
2851 2829 3196 2885 intrinsecus.
3230 2828 3335 2897 Qui
3359 2830 3416 2885 in

1832 2943 1849 2975 ι
1878 2937 2009 2995 agro
2038 2931 2142 2986 est,
2174 2920 2355 2991 gladio
2381 2927 2675 2984 morietur;
2710 2929 2767 2977 et
2805 2920 2897 2992 qui
2933 2921 2987 2974 in
3028 2920 3273 2985 civitate,
3320 2930 3414 2992 pe-

1830 3034 1847 3067 ς
1877 3013 2114 3071 stiientia
2149 3022 2205 3068 et
2233 3014 2376 3067 fame
2426 3013 2848 3069 devorabuntur.
2880 3011 2947 3068 Et
2973 3010 3106 3067 salvi
3134 3018 3295 3066 erunt
3319 3016 3414 3081 qui

1837 3126 1852 3154 ι
1882 3106 2120 3178 fugerint
2146 3120 2211 3159 ex
2238 3106 2336 3160 eis.
2370 3104 2648 3174 Erantque
2691 3104 2745 3158 in
2785 3103 3080 3169 montibus,
3127 3103 3281 3172 quasi
3325 3118 3412 3158 co-

128 3212 258 3252 nein
288 3196 551 3261 dicerent,
584 3166 734 3250 i’isio
762 3194 878 3249 haec
912 3166 971 3249 in
999 3193 1187 3264 longos
1214 3193 1330 3247 dies
1353 3192 1477 3255 erit,
1520 3201 1576 3246 et
1602 3199 1725 3260 post
1750 3166 1795 3229 (ἶ
1831 3219 1851 3251 «ι
1882 3166 2078 3253 [unum
2118 3196 2445 3253 convallium
2488 3166 2677 3251 omnes
2722 3194 2915 3265 trepidi
2964 3166 3334 3265 unusquisque
3364 3195 3417 3248 in

130 3297 381 3359 tempora
408 3286 575 3341 multa
594 3284 968 3355 complebitur.
997 3282 1291 3338 Possumus
1318 3292 1371 3337 et
1396 3281 1499 3338 hoc
1522 3282 1735 3345 dicere,

128 3377 279 3448 quod
318 3384 605 3449 postquam
655 3373 943 3429 recesserit
975 3389 1005 3428 a
1046 3371 1245 3429 Judmis
1274 3372 1415 3428 visio
1429 3375 1726 3444 propheta-

127 3469 221 3524 iis.
253 3486 271 3519 ι
310 3467 420 3523 Lex
461 3466 691 3521 enimet
713 3466 990 3536 prophetae
1029 3480 1202 3535 usque
1225 3464 1295 3519 ad
1325 3464 1587 3521 Joannem
1617 3464 1726 3521 Ba-

128 3563 361 3632 ptistam
387 3558 600 3632 (Matth.
632 3559 731 3630 xi),
769 3577 789 3612 ι
846 3566 969 3628 post
1009 3557 1440 3614 interfectionem
1480 3557 1727 3612 Salvato-

130 3658 210 3711 ris
238 3670 581 3725 nequaquam
612 3644 947 3726 regrediatu'r
980 3657 1052 3709 ad
1068 3668 1184 3720 eos,
1216 3668 1317 3711 nec
1344 3654 1489 3709 ultra
1525 3655 1727 3709 habere

128 3756 450 3803 mereantur
492 3747 802 3817 prophetas,
860 3744 1335 3817 signiﬁcanterque
1382 3745 1451 3799 ad
1483 3758 1721 3811 omnem,

132 3837 338 3909 inquit,
386 3836 782 3891 multitudinem
827 3836 964 3891 visio
1012 3850 1118 3889 non
1176 3834 1532 3905 regredietnr.
1585 3832 1726 3904 Ergo

132 3928 477 4000 regredietur
529 3927 597 3982 ad
624 3941 721 3985 eos
762 3928 852 3997 qui
878 3934 943 3983 ex
980 3920 1180 3981 Judatis
1221 3924 1450 3981 Domino
1476 3924 1724 3981 credide-

132 4027 287 4083 runt,
329 4017 613 4089 Apostolus
639 4016 911 4083 videlicet,
935 4026 990 4072 et
1012 4016 1267 4086 reliqoias
1285 4015 1468 4087 populi
1488 4013 1724 4081 Judaici,

128 4127 259 4184 qua
305 4126 371 4165 ex
414 4106 578 4165 lsrael
624 4109 785 4165 salvae
818 4108 976 4164 facta:
1000 4116 1144 4163 sunt.
1198 4106 1302 4163 Sed
1352 4121 1453 4163 nec
1500 4106 1588 4162 isti
1620 4106 1726 4161 duo

133 4219 333 4260 versus
380 4200 650 4257 habentur
701 4201 757 4255 in
803 4198 1153 4271 Septuaginta
1180 4198 1416 4255 editione
1447 4216 1459 4251 :
1496 4216 1515 4251 ι
1549 4197 1617 4253 Ει
1641 4198 1727 4253 vir

131 4296 190 4350 in
224 4293 512 4363 iniquitate
534 4291 661 4347 vitae
692 4304 803 4346 sum
839 4306 949 4347 non
980 4289 1394 4345 eonfortabitur.
1437 4307 1455 4339 ι
1494 4286 1727 4359 Septua.

132 4387 284 4456 ginta
313 4401 327 4437 :
364 4383 463 4437 «Et
498 4382 659 4437 homo
686 4382 741 4436 in
775 4380 945 4438 oculis
964 4380 1088 4435 vitae
1120 4394 1231 4435 suae
1257 4393 1364 4435 non
1402 4379 1718 4434 obtinebit.»

132 4478 315 4533 Et’est
361 4489 554 4531 sensus
597 4474 752 4543 juxta
798 4472 1121 4528 Hebraicum
1156 4490 1169 4525 :
1200 4470 1319 4527 Non
1343 4472 1588 4541 proderit
1621 4473 1721 4527 ho-

134 4567 273 4623 mini
302 4564 560 4633 iniquitas
588 4578 713 4627 sua,
740 4578 841 4618 nec
869 4562 919 4617 ei
953 4561 1215 4634 praebebit
1250 4561 1486 4632 aliquam
1514 4562 1724 4617 fortitu-

134 4662 342 4717 dinem.
398 4654 559 4711 Juxta
607 4654 961 4726 Septuaginta
1014 4672 1027 4707 :
1085 4654 1151 4708 Et
1208 4656 1369 4709 homo
1407 4655 1552 4724 quod
1582 4655 1727 4711 desi-

135 4750 374 4814 deravit,
407 4749 550 4818 quod
575 4747 629 4801 in
658 4746 859 4801 mundo
886 4754 1095 4815 putavnt
1122 4760 1244 4801 esse
1268 4746 1589 4816 pretiosum,
1619 4762 1725 4802 non

131 4841 427 4906 obtinebit,
473 4839 568 4893 sed
615 4838 864 4893 libertate
908 4845 1198 4907 pereunte,
1243 4837 1524 4891 amittetur
1564 4852 1726 4891 omne

133 4933 282 5003 quod
311 4931 601 5001 pulchrum
641 4938 744 4984 est.
783 4928 1122 4999 Ainbiguitas
1182 4936 1363 4983 autem
1417 4928 1724 4985 litterarum

136 5023 529 5081 ilebraicarum
562 5022 649 5077 iod
678 5031 733 5075 et
776 5024 899 5084 vau,
942 5034 1065 5090 qum
1108 5026 1318 5074 tantum
1358 5019 1728 5090 magnitudine

135 5122 544 5181 discernuntur,
601 5113 727 5169 fecit
772 5112 906 5168 alios
949 5112 1312 5181 iniquitatem.
1370 5112 1505 5168 alios
1544 5112 1729 5169 oculos

138 5193 507 5278 interpretari.

214 5320 234 5352 ι
269 5300 466 5354 Canite
497 5299 644 5363 tuha,
676 5301 1047 5368 praeparentur
1071 5309 1280 5352 omnes.
1319 5314 1337 5345 ι
1374 5300 1449 5348 De
1477 5310 1727 5350 tubarum

138 5394 403 5461 clangore
436 5396 491 5443 et
518 5390 697 5443 sonitu
740 5389 795 5442 in
824 5386 1005 5441 multis
1052 5387 1184 5441 locis
1229 5385 1476 5457 legimus,
1510 5392 1569 5440 ut
1612 5386 1684 5440 ibi
1712 5403 1724 5439 :

145 5501 163 5533 ι
199 5481 360 5535 Sicut
407 5479 549 5545 tuba,
581 5479 757 5535 exalta
805 5493 990 5534 vocem
1043 5486 1191 5531 tuam
1239 5476 1373 5546 (Isa.
1409 5478 1599 5545 Lviu);
1630 5496 1648 5528 ι
1676 5486 1732 5532 et

141 5573 271 5628 alibi
310 5590 324 5626 :
354 5588 374 5623 ι
412 5570 653 5642 Clangite
679 5572 735 5625 in
759 5570 1043 5626 neomenia
1069 5571 1194 5625 tuba
1218 5570 1273 5624 in
1306 5570 1497 5641 insigni
1532 5569 1617 5625 die
1646 5584 1733 5626 so-

144 5661 446 5721 lemnitatis
488 5660 880 5734 vestrae(Psal.
931 5662 1121 5733 Lxxx);
1175 5683 1193 5715 ι
1239 5670 1294 5717 et
1328 5662 1382 5716 in
1433 5662 1728 5731 Apostoloz

149 5776 170 5807 ο
205 5754 477 5825 Quoniam
517 5754 633 5825 ipse
675 5753 931 5811 Dominus
965 5755 1016 5809 iu
1047 5756 1221 5825 jussu,
1257 5754 1309 5807 in
1340 5768 1470 5809 voce
1497 5755 1728 5810 archan-

1833 3311 1851 3342 ι
1882 3290 2165 3361 iniquitate
2191 3305 2309 3344 sua.
2342 3308 2361 3342 ι
2398 3288 2533 3344 Tres
2582 3295 2764 3341 autem
2810 3295 2993 3356 partes
3040 3285 3290 3346 aliorum.
3324 3287 3415 3355 qui

1827 3384 1882 3439 in
1918 3384 2053 3439 urbe
2096 3381 2404 3455 pestilentia
2443 3389 2500 3437 et
2544 3374 2685 3435 fame
2734 3378 3065 3443 moriantur,
3094 3370 3151 3433 et
3185 3376 3416 3432 aliorum

1827 3490 1962 3545 quos
1987 3470 2215 3547 gladius.
2228 3472 2360 3528 foris
2397 3471 2710 3536 intcriiciet,
2741 3477 2797 3524 et
2833 3484 3044 3531 eorum,
3071 3470 3163 3547 qui
3193 3465 3417 3537 captivi-

1828 3574 1993 3625 tatem
2037 3564 2160 3635 fuga
2203 3564 2494 3626 evaserint,
2541 3577 2702 3632 supra
2734 3559 2983 3631 legimus.
3017 3557 3281 3626 Quorum,
3325 3554 3416 3627 qui

1825 3656 2006 3711 salvus
2038 3655 2200 3709 fuerit
2249 3653 2497 3708 transibit
2528 3652 2596 3705 ad
2649 3659 2881 3717 montes,
2930 3656 2985 3703 et
3020 3647 3194 3702 instar
3223 3646 3422 3729 mussi:

1826 3747 2057 3802 tantium
2082 3745 2455 3801 columbarum
2485 3759 2583 3799 sua
2636 3742 2881 3813 trepidus
2927 3746 3152 3810 peccata
3181 3724 3419 3791 deﬂevit:

1824 3837 2182 3908 Tropoiogice
2230 3850 2359 3890 vero
2401 3835 2483 3890 sic
2534 3832 2941 3904 intelligendum
2970 3834 2997 3886 ':
3036 3830 3182 3903 quod
3213 3831 3305 3902 qui
3364 3831 3421 3886 in

1826 3944 1956 4006 agro
1987 3938 2042 3985 et
2082 3943 2278 3999 campo
2320 3938 2434 3995 est,
2470 3936 2625 3982 extra
2652 3924 2786 3980 fines
2816 3923 3111 3979 Dominica:
3161 3922 3418 3982 civitatis.

1825 4037 1947 4091 quas
2002 4022 2393 4089 interpretatur
2450 4016 2695 4074 Ecclesia
2726 4056 2741 4081 ,
2812 4013 3109 4071 adversarii
3161 4028 3421 4069 mucrone

1823 4111 2073 4170 feriatur.
2120 4111 2222 4179 Qui
2264 4118 2447 4193 autem
2490 4110 2545 4165 in
2587 4108 2810 4166 civitate
2865 4107 3037 4177 egerit
3074 4091 3419 4176 negligenter

1824 4218 1928 4259 nec
1999 4203 2390 4274 praeparaverit
2438 4201 2542 4264 sibi
2588 4199 2758 4264 cibos,
2811 4198 2879 4253 de
2921 4195 3118 4267 quibus
3169 4194 3224 4249 in
3284 4193 3416 4249 Pro-

1822 4293 2024 4349 verbiis
2054 4294 2315 4364 scriptum
2344 4299 2428 4345 est
2464 4307 2477 4344 :
2524 4308 2542 4340 ι
2566 4288 2667 4356 Qui
2710 4295 2968 4359 cperatur
3009 4294 3212 4341 terram
3265 4298 3419 4339 suam

1824 4386 2158 4443 saturabitur
2184 4384 2465 4454 panibus,»
2496 4384 2597 4437 iste
2621 4381 2766 4437 fame
2791 4380 3052 4435 morietur
3079 4386 3139 4434 et
3166 4376 3423 4449 pestilen-

1827 4479 1925 4536 tia.
1956 4477 2121 4534 Pauci
2152 4478 2207 4533 hi
2236 4478 2327 4545 qui
2351 4474 2434 4531 vel
2463 4475 2841 4531 hzereticorum
2871 4472 3130 4545 gladium,
3158 4469 3241 4525 vel
3276 4468 3419 4525 desi-

1831 4570 1935 4625 dize
1969 4572 2083 4625 suae
2108 4568 2306 4622 famem
2351 4574 2687 4640 mortemque
2725 4561 3046 4629 vitaverint,
3082 4575 3193 4616 non
3233 4559 3413 4617 salva-

1832 4660 2033 4715 buntur
2054 4658 2159 4714 nisi
2184 4658 2239 4713 in
2260 4656 2533 4713 montibus
2557 4665 2614 4709 et
2634 4654 2739 4709 nisi
2771 4650 3166 4722 assumpserint
3186 4649 3302 4706 alas
3328 4662 3422 4705 co-

1833 4750 2049 4814 lumbae,
2077 4759 2131 4803 et
2157 4747 2492 4802 evolaverint
2537 4753 2592 4800 et
2626 4742 3014 4813 requieverint.
3051 4739 3182 4821 Quae
3213 4738 3423 4795 colum-

1832 4842 1914 4896 bae
1945 4839 2183 4909 quandiu
2214 4840 2266 4892 in
2302 4836 2531 4892 vallibus
2565 4844 2692 4892 sunt
2716 4831 3006 4906 trepidant,
3027 4840 3086 4886 et
3113 4831 3182 4886 ad
3206 4827 3420 4901 singula

1833 4930 2209 4994 reformidant,
2252 4942 2483 4997 quarum
2529 4926 2871 4997 praecipimur
2911 4922 3115 4981 imitari
3158 4920 3421 4997 innocen-

1838 5021 1988 5075 tiam.
2024 5013 2091 5075 Et
2121 5022 2187 5075 de
2229 5019 2423 5087 quibus
2466 5017 2519 5070 in
2570 5014 2777 5083 psalmo
2821 5010 3085 5083 scriptum
3113 5016 3239 5067 est:
3285 5028 3305 5061 ι
3358 5008 3419 5065 Si

1838 5109 2116 5165 dormiatis
2146 5096 2287 5163 inter
2328 5106 2536 5163 medios
2568 5104 2764 5170 clerus,
2796 5117 2990 5175 pennae
3037 5100 3300 5157 columba:
3329 5099 3421 5156 de-

1837 5209 2159 5272 argentataz,
2192 5208 2245 5253 et
2270 5198 2567 5267 posteriora
2604 5196 2750 5251 dorsi
2795 5194 2913 5263 ejus
2956 5194 3013 5249 in
3050 5191 3258 5262 pallore
3300 5193 3420 5247 auri

1838 5290 2013 5365 (Pani,
2039 5291 2229 5361 van).
2259 5292 2317 5345 In
2338 5288 2489 5357 cujus
2511 5288 2691 5363 specie
2719 5284 3003 5342 descendit
3033 5282 3269 5353 Spiritus
3288 5297 3418 5338 sane

1836 5390 1956 5437 ctus
1984 5390 2037 5435 et
2068 5380 2266 5435 mansit
2297 5394 2460 5449 super
2488 5377 2772 5432 Dominum
2803 5373 3162 5439 Salvatoretn.

1910 5495 1927 5527 ‹
1955 5474 2156 5530 Omnes
2212 5486 2403 5526 manus
2469 5469 2835 5526 dissolventur
2887 5476 2944 5522 et
2993 5465 3183 5521 omnia
3242 5475 3420 5535 genua

1839 5588 1857 5622 ί
1890 5568 2056 5623 ﬂuent
2092 5567 2276 5635 aquis,
2316 5573 2370 5619 et
2414 5564 2699 5635 accingent
2746 5576 2806 5617 se
2850 5559 3060 5619 ciliciis,
3108 5564 3166 5612 et
3214 5554 3426 5625 aperiet

1840 5683 1857 5716 ι
1885 5678 1977 5719 eos
2007 5662 2256 5719 formido.
2294 5681 2311 5713 ›
2364 5660 2469 5717 Pro
2515 5659 2742 5730 genibus
2781 5657 2938 5727 aquis
2985 5652 3275 5709 ﬂuentibus
3326 5648 3427 5705 εδει

1834 5754 2116 5826 ptuaginta
2166 5732 2619 5813 transtulerunt':
2658 5768 2675 5799 ι
2706 5748 2913 5804 femora
2960 5744 3270 5810 Pollucntur
3318 5740 3426 5797 hn-
