3948 6386
528 347 635 402 615

1206 335 1267 389 Β.
1306 334 1555 390 RABANl
1591 331 1812 389 MAURI
1849 328 2165 386 ARCHIEP.
2199 327 2505 384 MOGUNT.
2538 322 2819 383 OPERUM
2857 322 3033 379 PARS
3069 323 3132 378 ll.

3682 317 3788 370 616

532 475 698 516 more.
726 476 743 508 ι
769 457 903 512 Cum
925 462 1104 525 autem
1128 466 1317 506 omnes
1344 450 1746 520 trepidaverint,
1777 456 1831 501 et
1859 448 1926 500 ad
1950 461 2102 500 mon-
2129 448 2178 504 Α
2205 443 2534 512 contemptui
2562 442 2684 496 erit.
2733 440 2880 511 Fuga
2920 448 2974 493 ct
3011 439 3324 506 captivitate
3364 447 3596 504 cogente
3649 435 3794 488 divi-

534 563 656 606 tana
703 546 1073 617 confugerint,
1110 559 1302 601 manus
1346 544 1601 605 omnium,
1628 541 2008 603 dissolventur,
2047 548 2103 597 et

530 637 709 693 nullus
754 645 945 691 contra
997 635 1179 691 hostes
1235 632 1438 702 poterit
1478 631 1752 695 resistere,
1781 629 2103 696 pavorisque

533 724 898 796 magnitudine
927 723 1082 777 urina
1125 722 1327 792 polluet
1365 735 1562 792 genua,
1595 733 1695 773 nec
1736 717 1935 772 valebit
1979 731 2102 786 pro-

531 807 757 872 fluentes
786 828 952 884 aquas
977 813 1152 874 vesica
1182 811 1452 865 cohibere.
1485 809 1780 877 Accingent
1821 820 1879 860 se
1913 805 2102 860 ciliciis

531 914 588 960 et
626 914 828 961 tremor
861 903 1039 960 omnia
1078 900 1395 972 possidebit.
1435 899 1546 953 Hoc
1579 899 1632 952 in
1683 898 1774 951 illo
1800 897 1995 968 populo
2026 895 2104 949 fa-

535 1003 683 1050 ctum
715 1001 819 1059 est,
854 1008 960 1047 non
990 993 1162 1047 solum
1191 991 1292 1047 sub
1314 989 1638 1060 Babyloniis,
1669 989 1761 1043 sed
1794 997 1851 1043 et
1874 989 1974 1042 sub
1997 987 2104 1041 Ro-

534 1085 733 1148 manis,
772 1083 986 1153 quando
1016 1083 1259 1152 pervenit
1285 1082 1336 1135 in
1383 1096 1476 1135 eos
1509 1094 1680 1149 usque
1723 1081 1791 1135 ad
1821 1080 1979 1143 ﬁnem
2023 1080 2104 1133 ira

535 1171 650 1226 Dei.
680 1171 944 1227 Caeterum
964 1180 1018 1226 et
1042 1171 1098 1225 in
1127 1180 1307 1224 nostra
1331 1167 1534 1234 Judaea,
1567 1169 1622 1223 in
1648 1184 1754 1239 qua
1781 1180 1863 1223 est
1890 1168 2103 1223 Domini

536 1260 843 1336 confessio,
872 1262 1086 1331 quando
1118 1259 1488 1330 multiplicatze
1526 1257 1730 1314 fuerint
1773 1259 2101 1328 iniquitates,

535 1362 591 1407 et
627 1351 901 1407 refrixerit
943 1353 1180 1407 charitas
1221 1351 1534 1416 multorum,
1574 1365 1760 1406 omnes
1789 1367 1982 1405 manus
2012 1352 2107 1405 bo-

537 1461 728 1500 norum
754 1460 977 1515 operum
1018 1443 1394 1506 dissolventur,
1446 1451 1502 1497 et
1543 1453 1734 1497 cuncta
1783 1458 1953 1512 genua
1996 1444 2108 1498 sive

541 1534 746 1589 femora
797 1532 964 1589 ﬂuent
1021 1533 1176 1602 aquis
1237 1548 1422 1586 eorum
1470 1534 1560 1600 qui
1625 1533 1840 1588 illicitos
1884 1534 2106 1603 quasie-

542 1633 669 1678 runt
698 1624 1030 1685 concubitus,
1057 1631 1112 1677 et
1135 1636 1269 1691 quos
1293 1623 1346 1678 in
1374 1621 1490 1692 lege
1512 1620 1715 1676 ﬂuxum
1738 1624 1958 1680 seminis
1985 1639 2108 1679 sus—

540 1712 774 1766 tinentes
803 1720 856 1766 et
885 1711 1186 1766 immundos
1232 1709 1512 1779 Scriptura
1548 1709 1905 1781 cognominat.
1959 1713 2108 1768 Unde

2206 536 2327 597 tias;
2356 543 2412 588 et
2436 534 2554 587 auri
2576 532 2888 603 argentique
2915 530 3151 600 pondera
3177 527 3462 598 projicient
3483 527 3537 580 in
3562 525 3789 595 plateis,

2202 644 2328 684 suas
2355 637 2563 681 tantum
2598 627 2805 680 animas
2832 639 3047 680 servare
3078 622 3376 693 cupientes,
3415 631 3483 671 ne
3507 615 3619 670 sint
3644 629 3792 682 pon-

2203 721 2317 775 deri
2346 735 2465 788 qua:
2493 718 2643 788 prius
2670 717 3094 772 fuere'luxurize.
3134 713 3384 782 Alioquin
3410 720 3463 765 et
3496 711 3658 779 juxta
3692 723 3792 760 an-

2203 823 2405 880 agogen
2429 808 2764 878 captivorum
2804 815 2965 876 atque
3001 805 3315 875 fugientium
3344 803 3409 856 de
3451 799 3787 856 Jerusalem.

2204 897 2374 953 Omne
2425 906 2711 966 argentum
2759 895 3077 966 projicietnr
3125 893 3179 948 in
3231 891 3446 961 plateis,
3493 891 3547 945 in
3593 890 3707 942 lata
3738 898 3793 943 et

2203 988 2435 1057 spatiosa
2461 988 2568 1050 via,
2607 1001 2726 1056 qua:
2753 986 2903 1041 ducit
2941 986 3008 1039 ad
3054 991 3302 1048 mortem,
3336 984 3461 1051 quia
3494 987 3791 1050 angustam

2204 1078 2392 1135 salutis
2437 1077 2686 1133 semitam
2731 1075 3084 1144 reliquerunt.
3122 1071 3230 1127 Sed
3277 1080 3333 1125 et
3377 1085 3538 1124 omne
3587 1083 3791 1122 aurum

2205 1167 2309 1221 erit
2336 1166 2686 1235 contemptui,
2724 1163 2806 1219 vel
2845 1165 2899 1218 in
2931 1162 3330 1232 sterquilinium
3367 1169 3527 1228 atque
3555 1161 3792 1213 immun-

2205 1257 2392 1311 ditiam
2423 1256 2777 1324 reputabitur,
2812 1270 2916 1309 non
2946 1255 3090 1308 enim
3118 1261 3294 1322 potest
3321 1253 3520 1328 habere
3559 1250 3788 1304 mundi-

2206 1346 2336 1398 tiam
2355 1385 2369 1408 ,
2397 1345 2540 1413 quod
2569 1338 2964 1405 ex”tra,Domini
2991 1342 3288 1398 Ecclesium
3317 1349 3418 1396 est.

2283 1452 2300 1483 ι
2347 1431 2641 1502 Argentum
2666 1446 2852 1486 eorum
2889 1439 2943 1485 et
2985 1446 3174 1485 aurum
3200 1446 3387 1486 eorum
3435 1446 3543 1485 non
3588 1430 3793 1484 valebit

2208 1525 2439 1579 liberare
2466 1537 2558 1578 eos
2584 1523 2636 1576 in
2667 1523 2753 1577 die
2775 1521 2977 1581 furoris
3015 1522 3249 1577 Domini.
3298 1540 3318 1573 ι
3351 1521 3492 1574 Nulli
3513 1521 3666 1575 enim
3696 1521 3794 1574 du-

2207 1613 2354 1668 bium
2395 1613 2523 1682 quin
2567 1613 2864 1669 obsidionis
2911 1620 2968 1668 et
3011 1612 3169 1667 famis
3213 1621 3474 1681 tempore,
3506 1628 3710 1665 aurum
3739 1622 3792 1666 et

2210 1713 2494 1774 argentum
2515 1704 2813 1759 esurientes
2858 1719 2964 1758 non
2993 1703 3204 1768 liberet,
3244 1713 3297 1757 et
3339 1702 3463 1756 illisi
3500 1702 3794 1794 pretiosis:

541 1801 631 1870 qui
661 1799 794 1856 tales
834 1808 959 1863 sunt
992 1798 1191 1854 debent.
1224 1814 1282 1854 se
1320 1800 1602 1869 accingere
1635 1800 1823 1856 ciliciis
1849 1803 2113 1870 ρωηίωῃ-
2141 1787 2186 1844 Β
2215 1795 2350 1849 simo
2383 1789 2598 1849 metallo
2627 1795 2816 1850 dentes
2856 1795 3028 1849 instar
3054 1794 3326 1850 durissimi
3369 1793 3562 1862 lapidis
3609 1787 3788 1848 retun-

543 1891 634 1945 tias
659 1900 713 1945 et
738 1897 1022 1945 venturum
1048 1889 1308 1958 judicium
1337 1887 1654 1956 formidare,
1685 1890 1828 1960 quod
1859 1890 1950 1958 qui
1974 1889 2118 1946 fece-

543 1985 616 2038 rit
643 1983 937 2037 merebitur
964 1981 1159 2035 lsaiam
1198 1981 1406 2046 audire,
1443 1981 1708 2036 dicentem
1738 1998 1749 2034 :
1785 2000 1803 2032 ι
1839 1979 2120 2035 Conforta-

543 2072 676 2126 mini
705 2086 895 2127 manus
923 2068 1211 2130 dissolutae.
1241 2079 1296 2124 et
1336 2085 1510 2142 genua
1552 2070 1746 2126 debilia
1790 2071 2121 2126 roboramini

544 2162 679 2235 (Iaa.
712 2160 898 2234 xxxv).
930 2179 951 2213 ι

624 2271 643 2324 ι
668 2252 724 2308 In
768 2252 916 2308 omni
961 2249 1101 2307 facie
1129 2250 1374 2307 confusio
1396 2259 1451 2306 et
1482 2250 1537 2305 in
1565 2251 1833 2306 universis
1859 2250 2124 2321 capitibus

550 2327 895 2397 «calvitium.
936 2359 955 2392 ι
1004 2339 1190 2396 Rubor
1225 2340 1406 2394 vultus
1449 2341 1670 2412 pudoris
1720 2341 1973 2395 indicium
2017 2350 2120 2404 est,

550 2434 876 2490 conscientia
899 2441 1240 2504 peccatorum
1267 2431 1411 2486 lucet
1436 2432 1489 2484 in
1525 2430 1683 2496 facie,
1717 2445 1949 2502 spesque
1977 2429 2122 2483 salu-

549 2525 620 2579 tis
647 2534 751 2591 est,
778 2523 992 2594 quando
1022 2521 1276 2578 delictum
1304 2522 1548 2590 sequitur
1583 2519 1928 2582 verecundia.
1971 2518 2127 2574 Unde

549 2616 618 2669 ad
664 2630 808 2678 eam,
842 2628 964 2683 quas
999 2613 1136 2667 duro
1162 2611 1325 2665 corde
1365 2611 1418 2663 in
1455 2610 1568 2664 suis
1599 2611 1834 2678 peccatis
1864 2608 2128 2680 gloriaba-

550 2719 640 2762 tur
663 2748 677 2773 ,
715 2708 914 2763 dictum
945 2714 1065 2762 est:
1096 2724 1115 2758 ‹
1151 2705 1343 2760 Facies
1385 2701 1689 2758 meretricis
1721 2700 1863 2755 facta
1893 2709 1977 2755 est
2004 2697 2120 2762 tibi,

550 2802 728 2856 nescis
752 2800 1074 2854 erubescere
1115 2795 1251 2868 (Jer.
1293 2795 1397 2867 ni).
1434 2815 1453 2846 ›
1483 2793 1768 2850 Calvitium
1800 2805 2014 2861 quoque
2038 2805 2128 2846 ca-

552 2891 680 2961 pitis
706 2890 905 2946 luctum
935 2887 1222 2960 signiﬁcat,
1250 2886 1465 2958 quando
1486 2884 1663 2957 perdit
1691 2884 1938 2940 decorem
1965 2896 2128 2942 Caesa-

551 2984 660 3038 ries
682 2990 736 3038 et
762 2980 1213 3052 pulchritudinem
1234 2993 1512 3035 comarum
1535 2976 1855 3031 amittimus.
1886 2973 2130 3044 Denique

557 3072 624 3127 ad
670 3068 970 3125 Jerusalem
1022 3068 1217 3125 dicitur
1248 3082 1263 3120 :
1294 3086 1311 3118 ι
1349 3067 1455 3122 Pro
1494 3072 1812 3121 ornamento
1833 3064 2024 3133 capitis
2053 3061 2129 3117 tui

557 3126 782 3216 habebis
807 3158 1082 3215 calvitium
1119 3165 1338 3228 propter
1365 3171 1528 3226 opera
1572 3164 1662 3210 tua
1691 3153 1824 3227 (Ira.
1868 3126 1972 3225 tu).
2004 3173 2022 3205 ι
2061 3152 2129 3206 Ει
2155 3126 2201 3189 C

555 3251 697 3306 idem
741 3249 1045 3318 propheta:
1088 3267 1108 3300 ι
1170 3246 1411 3312 Summa,
1460 3246 1650 3316 inquit,
1683 3245 1858 3314 capita
1904 3243 1958 3300 in
1984 3242 2131 3302 omni

555 3338 675 3393 loco
702 3339 1072 3401 attondentur,
1100 3344 1156 3391 et
1179 3335 1356 3390 omnis
1382 3335 1549 3390 barba
1580 3331 1951 3404 radetur(laa.
1973 3334 2083 3403 xv).
2108 3352 2126 3382 ι

560 3427 815 3482 Michaaas
827 3441 1040 3496 quoque
1062 3424 1128 3480 ad
1144 3423 1387 3479 eamdem
1406 3421 1706 3478 Jerusalem
1730 3442 1742 3476 :
1772 3441 1789 3474 ι
1819 3421 2132 3488 Decalvare,

559 3516 653 3580 ait,
691 3523 747 3571 et
777 3516 999 3570 tondere
1034 3502 1194 3583 super
1247 3511 1387 3568 ﬁlios
1431 3505 1743 3568 deliciarum
1776 3521 2006 3578 tuarum,
2056 3512 2137 3565 di-

561 3604 673 3660 lata
716 3590 990 3660 calvitium
1040 3599 1208 3670 tuum,
1257 3604 1396 3659 sicut
1439 3603 1617 3672 aquila
1659 3601 1845 3676 (uicti.
1895 3601 1957 3673 ι).
1997 3622 2016 3654 ι
2056 3602 2138 3656 Ει

562 3709 724 3765 super
756 3690 984 3768 mortuis
1023 3694 1241 3764 iubetur
1269 3692 1386 3748 ﬁeri
1432 3693 1730 3748 calvitium.
1787 3692 1902 3747 Soli
1952 3701 2135 3748 autem

564 3784 758 3850 sancti,
781 3785 892 3852 hoc
917 3791 1020 3851 est,
1049 3782 1316 3849 Nazaraei,
1343 3791 1398 3838 et
1420 3784 1513 3858 qui
1544 3783 1610 3838 ad
1636 3781 2005 3854 pontificatum
2035 3783 2138 3838 Do-

564 3875 698 3933 mini
737 3875 1020 3946 pervenire
1064 3884 1399 3940 mereantur,
1447 3890 1554 3930 non
1583 3873 1780 3928 radunt
1808 3874 1981 3944 capita
2015 3889 2135 3928 sua.

567 3963 752 4035 Neque
793 3963 936 4020 enim
991 3953 1192 4018 habent
1239 3963 1429 4018 mortis
1473 3976 1676 4032 opera,
1729 3977 1830 4017 nec
1875 3963 2139 4018 immundi

569 4063 719 4122 sunt,
768 4056 894 4125 quia
940 4053 1203 4120 Nazartei,
1251 4055 1306 4110 id
1351 4042 1455 4120 est,
1509 4053 1684 4110 sancti
1713 4051 1940 4109 Domini
1991 4061 2136 4109 sunt.

569 4142 723 4210 Quod
749 4145 792 4199 si
823 4142 975 4212 juxta
1019 4157 1112 4197 eos
1137 4143 1401 4213 quispiam
1449 4142 1611 4197 fuerit
1641 4152 1906 4209 mortuus,
1953 4158 2143 4199 omnes

572 4233 687 4288 dies
716 4232 929 4302 pristini
979 4247 1084 4287 non
1134 4233 1526 4302 reputabuntur
1567 4231 2009 4288 sanctiﬁcationis
2053 4248 2145 4288 eo-

575 4336 714 4375 rum.
747 4319 966 4376 Samuel
991 4319 1084 4375 Dei
1114 4328 1333 4376 sanctus
1360 4331 1496 4385 erat,
1533 4331 1588 4376 et
1626 4331 1912 4392 propterea
1944 4331 2143 4377 teterna

575 4410 766 4480 capitis
796 4418 1112 4465 ornamenta
1143 4411 1398 4480 possedit,
1429 4411 1738 4479 audivitque
1763 4411 1890 4466 illud
1913 4411 1978 4466 de
2001 4411 2142 4467 Can—

578 4502 683 4557 tieo
713 4489 1045 4557 canticorum
1076 4521 1087 4555 :
1127 4522 1144 4553 ‹
1173 4501 1417 4557 Cincinni
1444 4502 1518 4556 tui
1548 4502 1686 4571 nigri
1713 4503 1854 4558 sicu't
1880 4519 2094 4558 corvus.
2125 4525 2142 4555 ι

580 4593 748 4648 Porro
769 4587 1021 4658 samson,
1042 4593 1167 4663 quia
1181 4592 1413 4662 perdidit
1438 4607 1668 4657 comam,
1691 4593 1922 4662 perdidit
1941 4593 2152 4648 fortitu-

582 4683 761 4738 dinem
777 4682 975 4754 (Judt'c.
995 4683 1126 4753 xvr),
1147 4682 1514 4753 paulatimque
1527 4684 1932 4740 renascentibus
1944 4685 2152 4754 capillis

583 4771 728 4826 vires
744 4771 951 4826 rediere
973 4772 1232 4840 pristinae,
1260 4781 1314 4824 ut
1329 4773 1509 4841 plures
1528 4772 1696 4828 multo
1708 4774 1966 4839 moriens,
1988 4789 2151 4844 quam

585 4864 738 4918 vivus
767 4863 1058 4918 occideret.
1098 4864 1338 4930 Elisaeus,
1371 4865 1495 4919 licet
1533 4865 1774 4934 corporis
1797 4865 2022 4922 haberet
2045 4864 2154 4920 cal-

587 4953 795 5012 vitium.
829 4962 1007 5006 tamen
1030 4953 1154 5021 quia
1179 4952 1466 5009 Nararmus
1494 4954 1705 5009 Domini
1727 4964 1862 5021 erat,
1891 4955 2156 5010 cincinnis

589 5041 780 5109 capitis
814 5040 1089 5096 fruebatur
1124 5041 1246 5114 (IV
1287 5042 1416 5114 Reg.
1472 5043 1566 5114 ιι).
1614 5045 1765 5099 Unde
1813 5047 1987 5114 pueri,
2033 5047 2159 5116 quia

590 5129 796 5196 parvuli
825 5140 997 5195 erant,
1035 5140 1090 5186 et
1129 5133 1355 5188 necdum
1398 5137 1468 5188 ad
1513 5144 1726 5189 aatatem
1762 5137 1861 5189 viri
1904 5150 2162 5206 pervene-

595 5231 732 5279 rant,
753 5220 947 5274 illuden
956 5230 1033 5276 tes
1047 5223 1262 5278 calvitio
1279 5223 1394 5292 ejus
1408 5235 1568 5294 atque
1580 5227 1821 5281 dicentes
1841 5248 1853 5281 :
1881 5248 1898 5276 ς
1919 5225 2164 5281 Ascende

593 5308 764 5369 calve,
796 5309 1023 5361 ascende
1052 5309 1221 5374 calve,
1259 5329 1277 5361 ι
1313 5310 1545 5366 ferarum
1581 5313 1765 5366 laniati
1808 5324 1934 5368 sunt
1983 5314 2169 5369 morsi-

595 5396 714 5460 bus,
747 5410 974 5464 quarum
1001 5397 1168 5453 saltus
1196 5413 1259 5453 ac
1283 5400 1431 5456 silvae
1455 5411 1583 5456 sunt
1614 5384 2001 5458 habitaculum.

671 5504 690 5535 ‹
719 5486 1015 5554 Argentum
1037 5501 1221 5543 eorum
1259 5489 1392 5545 foris
1415 5491 1750 5561 projicictur,
1790 5502 1844 5546 et
1870 5508 2059 5552 aurum
2081 5509 2170 5549 eo-

603 5589 624 5624 ι
652 5588 772 5627 rum
817 5576 869 5629 in
909 5579 1304 5647 sterquilinium
1339 5584 1460 5636 erit.
1496 5604 1513 5634 ι
1561 5583 1927 5653 Septuaginta.
1956 5586 2170 5654 'Argen-

601 5666 712 5718 tum
736 5679 928 5724 eorum
970 5665 1024 5726 in
1059 5670 1252 5741 plateis
1294 5675 1621 5744 projicietur.
1666 5686 1719 5730 et
1771 5693 1958 5732 aurum
1987 5684 2171 5735 eurum

2218 1886 2434 1941 dantur.
2465 1886 2707 1956 Denique
2735 1886 2978 1955 sequitur
3008 1905 3022 1941 :

2297 1999 2314 2032 ι
2347 1979 2599 2034 Animam
2622 1994 2777 2033 suam
2799 1995 2907 2035 non
2934 1979 3267 2043 saturabunt,
3292 1986 3588 2034 erventres
3610 1992 3798 2033 eorum

2220 2086 2324 2126 non
2380 2070 2758 2141 implebuntur.
2817 2088 2838 2123 ι
2893 2069 3258 2125 Prmsentibus-
3303 2069 3458 2124 malis
3506 2069 3800 2124 didicimus

2221 2160 2420 2216 multos
2440 2160 2640 2216 divites
2652 2161 2793 2217 inter
2818 2161 3074 2225 sericum,
3090 2175 3330 2231 gemmas
3353 2168 3408 2214 et
3428 2159 3544 2214 auri
3569 2159 3799 2230 argenti.

2222 2267 2328 2322 que
2372 2251 2612 2322 pondera
2661 2259 2901 2323 egestate
2948 2251 3240 2317 confectos,
3294 2251 3546 2306 habuisse
3595 2253 3798 2307 exitum

2223 2341 2666 2396 mendicantium.
2697 2342 2996 2412 Argentum
3027 2350 3204 2396 autem
3246 2351 3303 2397 et
3353 2357 3544 2396 aurum
3589 2355 3795 2406 eorum,

2223 2433 2316 2503 qui
2342 2441 2494 2487 extra
2528 2433 2823 2490 Ecclesiam
2861 2441 3002 2497 sunt,
3035 2450 3141 2500 non
3175 2433 3405 2490 liberare
3434 2435 3648 2489 animas
3682 2449 3796 2504 pos-

2225 2522 2515 2577 sidentium
2550 2525 2604 2577 in
2633 2524 2718 2579 die
2759 2523 2956 2579 furoris
2990 2524 3225 2591 Domini,
3272 2526 3363 2580 sed
3411 2535 3672 2581 aeternam
3714 2541 3798 2579 eos

2227 2611 2429 2667 habere
2459 2611 2656 2668 famem
2682 2622 2738 2668 et
2765 2614 2909 2668 inani
2950 2624 3142 2671 ventre
3184 2616 3434 2681 cruciari,
3466 2617 3707 2670 ostendit
3743 2616 3796 2668 il-

2226 2702 2317 2757 lud
2342 2703 2710 2758 testimonium
2736 2703 2788 2757 in
2814 2719 2919 2774 quo
2934 2704 3130 2760 dicitur
3157 2721 3170 2760 :
3212 2723 3231 2755 ι
3268 2705 3590 2774 Redemptio
3611 2705 3796 2768 animae

2227 2792 2329 2847 viri
2360 2793 2591 2862 propriae
2639 2792 2841 2854 divitia:
2873 2789 3056 2866 (Prov.
3093 2793 3236 2862 xm).
3275 2814 3294 2846 ι
3329 2793 3570 2864 Propriae
3605 2795 3795 2848 divitiae

2229 2892 2372 2948 sunt,
2403 2897 2538 2952 quas
2566 2897 2662 2937 nos
2691 2881 2891 2941 Christi
2929 2883 3130 2940 veritas
3173 2883 3374 2939 docuit.
3421 2883 3522 2950 Qui
3550 2883 3795 2953 praecepit

2229 2983 2288 3028 ut
2310 2973 2570 3029 faciamus
2595 2975 2748 3030 nobis
2772 2975 2971 3030 amicos
2994 2976 3060 3031 de
3093 2975 3278 3046 iniquo
3307 2991 3616 3031 mammona
3649 2975 3791 3048 (Luc.

2231 3064 2366 3134 xw),
2389 3063 2480 3133 qui
2514 3078 2612 3117 nos
2639 3064 2901 3134 recipiant
2921 3064 2975 3119 in
2999 3073 3201 3121 aeterna
3233 3065 3600 3122 tabernacula.
3630 3078 3648 3116 ἀ
3673 3065 3796 3132 Quia

2234 3156 2545 3212 scandalum
2567 3143 2864 3228 iniquitatis
2893 3173 3082 3214 eorum
3104 3159 3304 3214 factum
3332 3169 3436 3215 est.
3478 3181 3496 3212 ι
3539 3160 3794 3232 (Πίσωνι.)

2233 3243 2376 3309 Ideo,
2419 3245 2616 3316 inquit,
2637 3247 3042 3317 possidentium
3066 3264 3259 3304 aurum
3293 3258 3350 3304 et
3377 3261 3677 3321 argentum,
3707 3265 3811 3306 nec.

2237 3337 2418 3391 anima
2458 3338 2825 3402 saturabiturr
2844 3353 2942 3393 nec
2970 3348 3157 3394 venter
3179 3339 3510 3410 implebitur,
3541 3342 3665 3410 quia
3705 3343 3798 3395 hoc

2236 3428 2408 3497 ipsum
2439 3442 2628 3482 aurum
2657 3435 2729 3483 .et
2769 3437 3048 3499 argentum
3083 3431 3395 3486 scandalum
3425 3431 3686 3486 scelerum
3712 3447 3796 3487 eo-

2236 3535 2355 3573 rum
2403 3518 2604 3574 factum
2652 3529 2755 3574 est.
2801 3519 3078 3591 Signiﬁcat
3126 3530 3306 3576 autem
3351 3522 3492 3576 idola
3532 3538 3651 3592 quze
3677 3538 3798 3576 auro

2238 3619 2567 3681 argentoque
2603 3609 2864 3667 fabricata
2891 3618 3392 3666 suos'contemnum
3418 3612 3672 3666 artiﬁces.
3705 3612 3798 3666 Pro

2238 3716 2348 3770 quo
2371 3699 2513 3754 LXX
2532 3701 2942 3768 transtulerunt,
2973 3721 2991 3752 ‹
3020 3700 3154 3769 Quia
3169 3703 3440 3757 cruciatus
3470 3704 3796 3772 iuiquitatum

2240 3805 2426 3846 eorum
2448 3789 2572 3855 fuit,
2593 3809 2611 3841 ι
2637 3799 2695 3844 ιιι
2715 3791 2767 3845 in
2793 3806 2895 3847 suo
2920 3791 3088 3861 iniqui
3109 3807 3294 3848 errore
3314 3793 3647 3858 crucientur,
3676 3804 3727 3846 et
3752 3808 3798 3846 se

2243 3882 2550 3952 intelligant
2571 3882 2712 3940 male
2733 3883 2832 3944 Dei
2859 3897 3084 3939 munera
3109 3884 3163 3938 in
3188 3883 3578 3955 blasphemiam
3601 3900 3790 3940 conver-

2243 3973 2395 4029 tisse.

2321 4084 2338 4116 ι
2383 4063 2448 4118 Et
2476 4073 2849 4119 ornamentum
2877 4064 3154 4118 monilium
3182 4078 3402 4120 suorum
3429 4067 3482 4120 in
3513 4067 3798 4136 superbiam

2245 4165 2562 4225 posuerunt.
2616 4155 2684 4211 Et
2725 4156 2984 4227 imagines
3011 4157 3711 4214 abominationum-suarum
3755 4169 3798 4213 et

2247 4246 2657 4301 simulacrorum
2685 4245 2930 4302 fecerunt
2957 4262 3024 4302 ex
3046 4261 3130 4302 eo.
3163 4268 3182 4300 ι
3222 4247 3352 4314 Quae
3368 4263 3486 4320 ego,
3505 4250 3695 4319 inquit,
3717 4250 3794 4303 de-

2247 4333 2431 4388 dcram
2470 4335 2522 4387 in
2551 4344 2928 4390 ornamentum
2953 4337 3365 4426 possidentium,
3396 4348 3559 4406 atque
3589 4339 3797 4399 divitias,

2176 4459 2226 4521 Β
2252 4421 2328 4474 illi
2356 4432 2634 4476 verterunt
2662 4424 2714 4476 in
2759 4425 3086 4494 superbiam,
3141 4434 3201 4479 ut
3239 4421 3307 4480 de
3352 4429 3547 4496 quibus
3573 4439 3798 4498 poterant

2253 4525 2348 4578 per
2391 4511 2760 4580 eleemosynas
2788 4521 2845 4565 et
2877 4512 3017 4566 bona
3051 4527 3215 4582 opera
3245 4528 3396 4568 suam
3427 4516 3662 4570 animam
3693 4516 3791 4570 libe

2255 4612 2377 4653 rare
2423 4614 2487 4652 ex
2532 4599 2636 4654 illis
2670 4600 2929 4655 haberent
2959 4601 3239 4655 materiam
3269 4604 3611 4673 arrogantiae.
3659 4605 3796 4660 Deni-

2255 4704 2360 4758 que
2398 4704 2481 4756 rex
2531 4704 2662 4743 auro
2712 4698 3037 4760 argentoque
3083 4691 3326 4746 fecerunt
3376 4693 3541 4759 idola,
3597 4704 3652 4748 et
3701 4710 3796 4748 mea

2255 4796 2479 4835 munera
2513 4782 2565 4834 in
2597 4781 2898 4835 dwmonum
2944 4783 3230 4838 simulacra
3276 4793 3576 4840 verterunt.
3632 4786 3799 4849 Facilis

2257 4881 2436 4926 autem
2484 4870 2777 4940 tropologia
2823 4870 2967 4940 quod
2997 4887 3184 4926 aurum
3221 4882 3277 4927 et
3304 4883 3586 4944 argentum
3613 4891 3797 4938 sensus,

2258 4969 2314 5014 et
2345 4959 2556 5029 eloquia
2577 4959 2975 5029 Scripturarum
3006 4976 3124 5030 quae
3151 4962 3322 5017 electa
3357 4974 3482 5018 sunt
3525 4966 3721 5030 mundi,
3758 4973 3800 5018 et

2261 5065 2379 5118 quae
2419 5047 2574 5102 nobis
2610 5048 2664 5101 in
2706 5057 3081 5104 ornamentum
3112 5051 3237 5106 data
3262 5061 3406 5118 sunt,
3459 5054 3694 5110 haeretici
3721 5071 3800 5126 po-

2264 5147 2484 5193 suerunt
2506 5140 2558 5192 in
2587 5138 2899 5205 fomentum,
2927 5150 2982 5194 et
3006 5143 3288 5196 materiam
3314 5145 3599 5212 superbiae,
3620 5156 3670 5200 et
3690 5147 3800 5198 ima-

2267 5226 2418 5296 giues
2443 5225 2773 5279 diversorum
2808 5225 3113 5296 dogmatum
3155 5240 3211 5283 et
3260 5231 3706 5287 abominationum
3731 5241 3798 5285 at—

2270 5334 2374 5389 que
2396 5318 2834 5374 oﬁ‘cndiculorum
2874 5336 3092 5376 suorum
3129 5321 3373 5380 fecerunt
3407 5341 3474 5380 ex
3508 5325 3608 5391 eis,
3649 5335 3700 5380 ut
3723 5341 3800 5396 per

2271 5424 2390 5480 quae
2424 5419 2673 5477 poterant
2701 5410 2876 5467 colere
2901 5420 2948 5467 et
2980 5413 3205 5468 adorare
3234 5413 3422 5480 Deum,
3457 5429 3522 5470 ex
3550 5417 3628 5474 eis
3659 5415 3798 5471 Deum

2273 5485 2612 5556 offenderint.

2351 5611 2368 5641 ι
2398 5591 2623 5660 Propter
2673 5593 2774 5668 hoc
2822 5593 2940 5648 dedi
2980 5595 3058 5649 eis
3091 5595 3216 5649 illud
3245 5597 3296 5650 in
3344 5596 3738 5660 immunditiam,
3762 5603 3799 5647 et

2277 5679 2412 5734 dabo
2460 5680 2586 5734 illud
2640 5683 2692 5736 in
2724 5699 2910 5737 manus
2938 5685 3252 5752 alienorum,
3281 5685 3348 5741 ad
3380 5687 3740 5758 diripiendum,
3762 5689 3804 5738 tl
