3948 6350
524 490 627 549 illi)

1194 489 1253 543 Β.
1298 488 1549 547 ΒΑΒᾹΝΙ
1587 489 1802 546 MAURl
1840 486 2159 545 ARClilEP.
2204 486 2514 545 MOGUNT.
2554 485 2838 544 Oi’EilUM
2872 488 3049 545 PARS
3088 490 3150 544 ll.

3706 494 3815 547 630

518 602 852 661 contrariam
885 602 960 658 illi
994 600 1190 672 quibus
1214 602 1410 657 dicitur
1444 620 1457 655 :
1495 620 1513 653 ι
1542 601 1738 656 Audite
1759 600 1979 656 verbum
2012 600 2115 655 Do-
2144 606 2189 663 Α
2220 601 2431 672 fugiens
2462 598 2823 671 frequentiam
2853 598 3233 666 multitudinis,
3279 608 3333 657 et
3354 616 3514 656 senes
3555 600 3694 657 Juda
3727 620 3819 659 se-

522 695 679 759 miui,
697 692 969 766 principes
985 691 1343 749 Sodomorum
1360 692 1499 764 (lea.
1523 691 1618 765 1).»
1649 708 1668 743 t
1692 689 2074 762 lndueturque,
2089 709 2107 741 ι

521 792 673 858 juxta
712 782 1093 857 Septuaginta,
1137 802 1157 835 ι
1187 783 1455 848 interitu,
1492 782 1583 854 qui
1617 797 1721 838 non
1745 781 1909 859 habet
1931 796 2115 836 arma-

522 888 701 934 turam
727 876 844 944 Dei,
861 891 960 933 nec
976 876 1192 931 indutus
1213 885 1299 932 est
1319 875 1554 932 Christo.
1577 895 1597 929 ι
1628 895 1652 927 ‹
1672 874 1945 945 Quotquot
1971 875 2113 929 enim

529 969 584 1022 in
612 968 832 1022 Christo
862 966 1122 1036 baptizati
1154 974 1299 1030 sunt,
1330 964 1605 1021 Christum
1638 965 1929 1021 induerunt
1969 963 2111 1035 (Gal.

526 1061 631 1131 ut).
647 1079 667 1112 ι
696 1060 805 1114 (Et
826 1075 1018 1120 manus
1035 1059 1214 1131 populi
1236 1068 1392 1115 terra:
1416 1061 1899 1115 conturbabuntur.
1927 1076 1947 1112 ι’
1965 1059 2110 1125 Sive,

518 1152 674 1223 juxta
697 1151 1075 1224 Septuaginta,
1108 1172 1128 1205 ‹
1151 1152 1533 1208 dissolvantur.
1558 1174 1575 1205 ›
1603 1152 1829 1221 Quando
1852 1154 1988 1209 visio
2008 1168 2114 1208 non

524 1244 688 1301 fuerit
720 1246 773 1299 in
798 1244 1088 1316 propheta,
1114 1251 1171 1299 et
1191 1243 1325 1316 legis
1355 1245 1580 1301 scientia
1620 1244 1674 1299 in
1720 1241 2021 1315 sacerdote,
2061 1252 2117 1301 et

523 1337 811 1394 consilium
835 1336 889 1391 in
911 1337 1154 1402 senibus,
1181 1350 1384 1406 rexque
1409 1337 1627 1403 luxerit,
1653 1345 1707 1392 et
1728 1338 1979 1408 princeps
2000 1336 2114 1394 fue—

523 1428 594 1481 iit
620 1426 673 1481 in
704 1441 940 1483 mterore
970 1426 1086 1481 sive
1131 1425 1186 1481 in
1232 1426 1477 1492 interitu,
1516 1435 1913 1497 consequenter
1941 1436 1996 1483 et
2021 1440 2115 1498 po—

517 1518 627 1581 puli
650 1532 845 1573 manus
867 1518 1335 1575 conturbabuutur
1359 1530 1514 1575 suum
1532 1521 1821 1590 perdentes
1842 1522 2111 1588 ordinem,

519 1611 634 1666 sive
681 1609 1066 1675 dissolventur,
1116 1609 1390 1678 antiquam
1436 1607 1810 1669 fortitudinem
1851 1627 1961 1667 non
2017 1614 2113 1668 ha-

520 1702 729 1756 hontes.
774 1699 1114 1769 Pulchreque
1153 1714 1260 1754 non
1305 1700 1534 1770 populus
1577 1701 1674 1758 Dei
1700 1702 1918 1769 dicitur,
1958 1703 2113 1773 cujus

518 1788 882 1847 turbabuntur
908 1806 1124 1856 manus,
1150 1798 1206 1845 et
1228 1788 1382 1861 cujus
1403 1806 1512 1847 non
1543 1801 1629 1848 est
1650 1793 2014 1865 municipatus
2056 1795 2110 1849 in

519 1880 678 1947 ctelo,
703 1881 795 1937 sed
825 1879 1055 1952 populus
1082 1890 1264 1948 terrae,
1292 1881 1360 1938 de
1380 1898 1490 1954 quo
1516 1883 1782 1955 scriptum
1809 1892 1936 1944 est:
1966 1903 1985 1938 ‹
2006 1884 2114 1942 Re-

518 1973 778 2029 cedentes
808 1988 837 2026 a
867 1981 921 2027 te
946 1988 1110 2043 super
1131 1981 1330 2028 terram
1360 1974 1684 2031 scribentur.
1723 1993 1742 2027 ι

592 2084 611 2114 ι
643 2063 951 2127 Secundini:
977 2066 1116 2120 viam
1146 2078 1336 2118 eorum
1366 2064 1560 2119 faciam
1584 2066 1684 2131 eis,
1716 2074 1771 2121 et
1806 2066 2114 2123 secundum

523 2175 541 2207 ι
562 2155 763 2225 judicia
795 2171 983 2211 eorum
1021 2156 1278 2223 judicabo
1306 2169 1420 2221 eos,
1452 2175 1471 2208 ι
1502 2156 1636 2222 sive,
1672 2166 1733 2211 ut
1756 2156 2116 2230 Septuaginta

519 2245 946 2314 transtulerunt,
985 2264 1005 2297 ι
1041 2245 1277 2303 ulciscar
1321 2261 1436 2302 eos.
1470 2265 1490 2301 ι
1526 2246 1916 2315 Peccatoribus
1943 2248 2119 2306 reddit

523 2332 668 2390 Deus
708 2333 865 2403 juxta
908 2336 1028 2391 vias
1075 2350 1224 2403 suas,
1250 2345 1326 2391 ut
1356 2346 1575 2393 teneant
1591 2336 1782 2407 judieii
1805 2340 2113 2395 veritatem.

519 2424 787 2480 Caeterum
818 2425 873 2480 in
900 2426 1107 2481 sanctis
1126 2426 1339 2482 excedit
1368 2426 1587 2482 modum
1614 2427 1937 2487 clementiae.
1971 2448 1988 2481 ι
2019 2428 2119 2488 Ne-

518 2533 623 2588 que
663 2519 804 2573 enim
851 2520 1133 2591 condignae
1180 2526 1308 2575 sunt
1340 2518 1619 2590 passiones
1659 2520 1921 2590 temporis
1954 2521 2118 2593 hujus

515 2610 598 2666 ad
616 2608 851 2664 futuram
884 2608 1113 2680 gloriam
1137 2625 1259 2679 quas
1300 2609 1629 2667 revelabitur
1658 2611 1711 2665 in
1741 2611 1898 2667 nobis
1931 2610 2112 2683 (Rom.

514 2700 662 2773 vin).
691 2699 971 2771 Stipendia
1015 2701 1160 2756 enim
1205 2702 1413 2771 peccati
1444 2713 1612 2767 mors,
1656 2721 1675 2754 ι
1722 2715 1887 2772 quam
1925 2702 2117 2772 recipit

514 2801 771 2865 peccator
788 2790 943 2859 juxta
975 2792 1091 2845 vias
1112 2801 1167 2847 et
1190 2806 1356 2862 opera
1392 2807 1511 2847 sua.
1547 2790 1813 2847 Cmterum
1842 2788 2115 2859 justorum

516 2883 693 2938 virtus
717 2881 916 2937 fruitur
941 2880 1156 2936 Domini
1189 2880 1460 2953 largitate,
1487 2882 1553 2937 de
1576 2897 1684 2952 qua
1725 2880 1927 2937 Paulus
1946 2880 2119 2950 loqui-

518 2981 635 3039 tur,
657 2990 676 3024 ι
704 2972 915 3027 Donum
938 2972 1033 3027 Dei
1052 2972 1160 3025 vita
1175 2978 1430 3029 aeterna.)
1448 2970 1709 3042 Quodque
1728 2971 1937 3027 addidit
1965 2989 1977 3024 :
2008 2989 2027 3022 ‹
2051 2972 2120 3026 Et

521 3063 816 3121 secundum
834 3063 1037 3134 judicia
1061 3077 1248 3118 eorum
1262 3062 1517 3133 judicabo
1540 3076 1656 3128 eos,
1689 3081 1707 3114 ι
1735 3062 1865 3117 ilhid
1886 3076 2120 3131 evange-

519 3154 682 3212 licum
710 3162 864 3211 sonat
895 3173 907 3209 :
944 3173 962 3207 ι
995 3154 1051 3209 in
1076 3169 1183 3225 quo
1202 3152 1407 3223 judicio
1428 3153 1821 3224 judicaveritis,
1845 3152 2115 3223 judicabi-

519 3257 611 3303 tur
635 3247 701 3302 de
730 3246 902 3303 vobis.
940 3264 959 3298 ι
992 3245 1059 3299 Et
1093 3245 1447 3314 apostolicum
1481 3262 1495 3298 :
1536 3264 1555 3295 ι
1588 3245 1647 3299 in
1676 3258 1783 3314 quo
1804 3243 1949 3299 enim
1970 3240 2118 3311 judi-

2217 694 2628 750 debant-coram
2659 708 2743 759 eo,
2769 692 2855 749 vel
2884 694 3160 765 propheta:
3182 694 3342 749 verba
3368 695 3560 749 audire
3586 696 3815 765 cupien-

2217 792 2318 849 tes,
2360 783 2445 839 vel
2477 784 2796 840 insidiantes
2835 785 3177 841 sermonibus
3210 785 3347 854 ejus.
3392 785 3820 857 Signiﬁcant”-

2215 888 2321 945 que
2350 873 2606 935 dicuntur
2633 888 2792 929 senes
2821 873 2983 941 Juda,
3012 882 3073 929 ut
3101 875 3235 929 nihil
3260 876 3325 929 ad
3350 875 3541 943 Israel,
3572 878 3677 932 hoc
3702 885 3813 943 est,

2214 964 2283 1020 ad
2316 964 2501 1021 decem
2549 962 2723 1019 tribus
2757 979 2877 1033 quae
2917 966 3071 1035 prius
3108 972 3281 1035 captae
3319 964 3553 1033 fuerant,
3602 968 3700 1023 sed
3742 970 3813 1023 ai

2215 1070 2311 1110 eos
2348 1055 2441 1125 qui
2481 1056 2549 1110 de
2582 1059 2723 1111 tribu
2755 1054 2890 1113 Juda
2920 1073 3042 1111 eum
3074 1056 3334 1113 Jechonia
3360 1059 3509 1115 ducti
3536 1066 3707 1115 ’erant
3756 1063 3815 1120 ir.

2217 1146 2611 1216 captivitatem,
2638 1147 2745 1201 diei
2780 1144 3165 1219 intelligamus.

2293 1257 2309 1288 ι
2346 1237 2411 1291 Et
2443 1238 2638 1292 cecidit
2669 1252 2833 1309 super
2862 1253 2948 1302 me
2982 1239 3055 1305 ibi
3086 1255 3279 1295 manus
3325 1240 3536 1297 Domini
3586 1244 3711 1309 Dei,
3758 1253 3817 1300 et

2221 1346 2240 1382 ι
2268 1328 2375 1385 vidi
2388 1370 2401 1397 ,
2418 1339 2474 1384 et
2484 1345 2611 1390 ecce
2632 1331 2929 1397 similitudo
2942 1333 3390 1409 quastaspoctus,
3415 1334 3555 1408 ignis
3569 1339 3635 1392 ab
3651 1353 3816 1407 aspe-

2224 1438 2243 1471 ‹
2287 1429 2380 1475 ctu
2420 1420 2727 1481 lumborum
2750 1422 2889 1493 ejus,
2920 1408 2976 1478 et
2998 1425 3250 1479 deorsum
3282 1425 3441 1497 ignis,
3473 1436 3528 1481 et
3549 1442 3579 1480 a
3608 1426 3784 1481 lumbi

2223 1531 2239 1561 ι
2274 1512 2411 1580 ejus.
2437 1512 2503 1567 Et
2534 1527 2752 1575 sursum
2776 1512 2931 1585 quasi
2957 1526 3213 1585 aspectus
3237 1516 3634 1591 spirandorismt
3672 1517 3808 1570 \‘lSlt.

2215 1601 2424 1657 electri.
2462 1621 2482 1654 ι
2510 1602 2701 1659 Manus
2727 1612 2903 1659 autem
2927 1604 3202 1682 ἐνεργείκν,
3231 1607 3288 1661 id
3311 1616 3393 1661 est
3419 1614 3605 1678 opera.
3637 1607 3800 1676 signi-

2217 1692 2365 1759 ﬁcat,
2402 1702 2464 1747 ut
2509 1694 2731 1750 visionis
2777 1697 2946 1766 possit
2988 1706 3331 1752 sacramenta
3359 1713 3713 1775 cognoscere.
3750 1699 3815 1752 li-

2218 1784 2319 1838 hoc
2342 1784 2795 1840 considerandum
2836 1794 2942 1852 est,
2973 1787 3118 1857 quod
3146 1796 3252 1844 non
3278 1789 3426 1858 ipsas
3453 1789 3631 1847 videat
3665 1792 3787 1845 veri

2217 1880 2358 1928 tates
2392 1913 2407 1941 ,
2438 1874 2533 1930 sed
2566 1875 2975 1932 similitudinem
3005 1874 3160 1949 ignis-
3188 1880 3316 1949 quia
3343 1896 3373 1933 a
3406 1876 3600 1935 lumlus
3633 1897 3805 1951 usqut

2142 1981 2188 2041 Β
2217 1964 2468 2022 deorsum
2516 1967 2654 2038 ignis
2697 1969 2964 2039 apparuit.
3012 1969 3081 2023 Et
3109 1985 3140 2023 a
3165 1968 3362 2025 lumbis
3393 1984 3606 2026 sursum
3647 1974 3817 2041 quasi

2215 2064 2470 2135 aspectus
2493 2056 2815 2136 splendoris,
2845 2067 2907 2114 ut
2935 2051 3072 2116 visio
3101 2060 3310 2124 electri,
3356 2062 3494 2132 ignis
3531 2062 3816 2132 apparuit.

2216 2148 2322 2203 Pro
2352 2147 2640 2218 splendore
2670 2152 2761 2220 qui
2799 2153 2858 2206 in
2908 2150 3176 2207 ilebraico
3223 2153 3421 2207 dicitur
3464 2168 3577 2219 πον,
3614 2170 3817 2208 auram

2219 2240 2519 2295 Theodotio
2571 2241 2866 2307 transtulit,
2895 2250 2954 2297 ut
2984 2242 3037 2296 in
3072 2244 3325 2311 snpernis
3372 2242 3470 2317 Dei
3520 2242 3819 2315 refrigeria

2217 2333 2570 2389 demonstret.
2604 2333 2843 2404 Denique
2869 2334 2996 2389 etin
3023 2335 3229 2407 Regum
3252 2335 3523 2391 volumine
3537 2334 3653 2409 (III
3676 2335 3817 2407 Reg.

2216 2423 2332 2495 vix)
2355 2426 2546 2480 beatus
2569 2424 2715 2479 Elias
2732 2422 3032 2481 adventum
3047 2427 3256 2482 Domini
3274 2441 3381 2481 non
3400 2426 3458 2481 in
3484 2432 3821 2496 tempestate

2217 2515 2617 2586 contemplatur
2641 2524 2695 2571 et
2726 2516 2958 2581 turbine,
2985 2531 3090 2572 non
3122 2517 3176 2571 in
3204 2517 3345 2589 ignis
3376 2516 3684 2579 ardoribus,
3718 2517 3820 2571 sed

2218 2610 2270 2665 in
2301 2617 2523 2679 aspectu
2556 2624 2702 2664 aura:
2735 2608 2909 2663 tenuis
2940 2619 3103 2677 atque
3129 2608 3440 2675 lenissima,
3472 2616 3529 2663 ut
3559 2603 3655 2662 Dei
3692 2624 3821 2662 om-

2218 2699 2512 2771 nipotentis
2530 2700 2998 2754 mansuetudinem
3013 2700 3412 2770 comprobaret.
3429 2699 3599 2769 Opera
3613 2708 3815 2753 autem

2216 2790 2393 2846 coitus
2427 2806 2548 2860 qua!
2586 2789 2959 2861 signiﬁcantur
3000 2790 3054 2845 in
3095 2788 3296 2845 lumbis
3330 2804 3502 2859 usque
3543 2789 3815 2844 deorsum

2217 2884 2341 2956 igne
2368 2892 2684 2956 purgantur,
2715 2894 2768 2939 et
2796 2898 2962 2953 opera
2988 2884 3248 2939 virtutum
3275 2898 3395 2961 qua:
3423 2896 3453 2937 a
3489 2882 3692 2937 lumbis
3746 2884 3816 2938 ad

2212 2974 2498 3045 superiora
2536 2982 2887 3043 consurgunt,
2919 2972 3261 3042 splendorem
3288 2972 3489 3028 habent
3515 2981 3682 3042 atque
3709 2971 3818 3027 ful—

2220 3078 2430 3141 gorem,
2457 3071 2515 3121 et
2552 3071 2734 3119 tamen
2767 3078 2867 3119 nec
2897 3064 3036 3135 ignis
3068 3079 3241 3135 usque
3287 3066 3355 3119 ad
3383 3065 3544 3137 pedes
3579 3065 3813 3131 dicitur,

2218 3171 2320 3214 nec
2364 3156 2616 3226 splendor
2641 3156 2827 3211 electri
2876 3171 3044 3230 usque
3073 3157 3140 3211 ad
3184 3166 3369 3229 caput,
3401 3158 3495 3213 sed
3525 3157 3815 3223 deorsum,

2219 3255 2273 3303 et
2292 3262 2530 3311 sursum,
2562 3256 2738 3303 uttam
2778 3248 2831 3302 in
2878 3247 3273 3318 peccatoribus,
3303 3264 3465 3320 quam
3504 3250 3555 3304 in
3602 3255 3819 3306 sanctis

519 3339 607 3392 cio
619 3334 837 3406 indicas
855 3335 1105 3399 alterum.
1125 3336 1355 3404 ιθίρευιη
1373 3335 1732 3399 condemnas;
1757 3332 1947 3387 eadem
1971 3333 2115 3387 enim
2145 3326 2188 3388 Ο
2219 3354 2321 3409 pro
2345 3340 2657 3395 diversitate
2680 3340 3020 3405 meritorum,
3046 3339 3184 3395 alius
3209 3354 3383 3411 usque
3405 3340 3472 3395 ad
3493 3340 3621 3394 illud
3663 3350 3726 3395 et
3754 3342 3823 3395 it-

519 3428 765 3501 opcraris
786 3441 907 3497 qua:
925 3424 1155 3494 judicas.
1170 3446 1188 3477 ι
1214 3445 1232 3477 ι
1256 3425 1321 3479 Ει
1343 3426 1518 3480 scient
1537 3425 1661 3494 quia
1677 3440 1777 3495 ego
1799 3422 2113 3478 Dominus.»

521 3515 630 3572 Iste
662 3515 962 3570 versiculus
995 3513 1309 3584 frequenter
1346 3515 1400 3569 in
1440 3516 1544 3569 hoc
1586 3515 1845 3584 propheta
1877 3514 2119 3585 ponitur,

523 3606 667 3676 quod
693 3606 953 3677 supplicia
979 3614 1141 3674 atque
1161 3605 1437 3661 cruciatus
1463 3614 1721 3674 sequatur
1742 3603 1969 3659 scientia
1998 3604 2117 3671 Dei,

525 3705 767 3767 utquem
792 3710 899 3750 non
925 3695 1298 3767 intelligebant
1328 3708 1425 3765 per
1453 3694 1736 3762 beneﬁcia,
1757 3708 1856 3769 per
1878 3702 2118 3750 tormen-

527 3799 577 3842 ta
622 3795 971 3859 cognoscant.

1114 3894 1343 3956 CAPUT
1384 3898 1515 3957 Vill.

536 3990 675 4046 Visio
716 3991 1076 4061 similitudinis
1118 3990 1250 4057 Dei;
1300 3992 1363 4045 de
1403 3992 1591 4060 effosso
1621 3990 1840 4061 pariete,
1886 3990 1951 4061 de
1988 3991 2116 4046 viris

591 4060 919 4116 thuributuut
963 4061 1281 4125 tenentibus,
1308 4071 1355 4115 et
1393 4061 1463 4114 ad
1488 4060 1660 4119 ortum
1689 4060 1818 4115 solis
1842 4060 2118 4114 adoranti-

591 4132 708 4197 bus,
734 4131 798 4188 de
827 4130 1213 4202 applicantibus
1238 4147 1445 4187 ramum
1478 4130 1546 4187 ad
1567 4129 1724 4185 nares
1756 4146 1879 4191 suas

596 4262 623 4296 τ
654 4244 721 4298 Et
743 4242 946 4299 factum
980 4250 1067 4299 est
1093 4243 1148 4298 in
1179 4258 1324 4299 anno
1346 4250 1525 4309 sexto,
1554 4243 1609 4298 in
1641 4251 1798 4299 sexto
1830 4256 2037 4309 mense,
2063 4242 2114 4299 in

528 4355 546 4388 ι
571 4335 758 4403 quinta
777 4333 1004 4400 mensis,
1032 4348 1135 4406 ego
1157 4334 1412 4391 sedebam
1434 4334 1493 4391 in
1523 4333 1684 4389 domo
1704 4346 1844 4412 mea,
1874 4343 1929 4388 et
1957 4348 2116 4389 senes

526 4446 546 4477 ι
569 4424 707 4480 Juda
722 4423 1180 4485 sedebantcoram
1195 4439 1302 4491 me,
1316 4444 1336 4479 ι
1355 4422 1746 4497 ete.(Hteron.)
1762 4422 1957 4489 Quinto
1970 4439 2115 4481 anno

520 4516 1025 4587 transmigrationis
1057 4513 1354 4582 Jechoniaa,
1404 4518 1599 4587 quarto
1656 4530 1866 4583 mense,
1924 4518 2113 4587 quinta

520 4608 744 4672 mensis,
760 4608 1094 4678 superiorem
1118 4607 1380 4662 visionem
1404 4608 1604 4669 factam
1615 4607 1681 4661 ad
1696 4608 2014 4678 prophetam
2038 4608 2113 4663 le-

2226 3430 2316 3484 lud
2358 3430 2681 3493 membrum,
2722 3428 2860 3483 alius
2890 3444 3060 3498 usque
3090 3429 3157 3483 ad
3186 3428 3278 3487 illa
3302 3438 3355 3484 et
3377 3429 3466 3483 illa
3500 3431 3814 3498 perveniat.

2222 3520 2290 3575 Et
2324 3520 2593 3590 quomodo
2634 3519 2724 3587 qui
2756 3518 3136 3573 sanctitudinis
3168 3515 3557 3587 perfectionem
3597 3527 3817 3583 tenent,

2222 3613 2291 3668 ad
2324 3613 2584 3671 verticem
2628 3626 2797 3681 usque
2836 3610 3179 3680 perveniunt,
3230 3611 3311 3665 sic
3345 3611 3435 3680 qui
3473 3611 3525 3664 in
3554 3622 3821 3680 peccato-

2223 3719 2342 3760 rum
2362 3704 2630 3775 profundo
2661 3712 2809 3769 sunt,
2835 3703 3048 3774 plantas
3077 3704 3357 3775 igneorum
3394 3705 3587 3765 pedum
3620 3711 3819 3758 tenere

2221 3793 2477 3851 credendi
2504 3802 2648 3849 sunt.
3402 3781 3411 3789 ’

2297 3903 2315 3935 ι
2355 3884 2421 3938 Et
2459 3884 2655 3938 emissa
2693 3883 2990 3946 similitudo
3018 3897 3208 3938 manus
3238 3882 3596 3953 apprehendit
3633 3899 3724 3938 me
3756 3885 3815 3937 in

2230 3993 2250 4026 ι
2286 3974 2537 4030 eiucinuo
2564 3974 2758 4048 capitis
2782 3974 2907 4029 mei.
2952 3994 2970 4027 ι
3016 3974 3084 4028 Et
3134 3974 3219 4028 hic
3266 3972 3563 4027 similitudo
3611 3989 3818 4029 manus

2225 4081 2332 4120 non
2362 4066 2475 4130 ipsa
2507 4081 2698 4121 manus
2721 4063 3049 4129 extenditur,
3088 4079 3265 4133 neque
3306 4061 3448 4118 enim
3477 4064 3529 4117 in
3558 4063 3670 4117 Deo
3704 4064 3815 4118 ali-

2217 4154 2344 4226 quid
2379 4152 2660 4223 corporale
2680 4161 2785 4217 cst,
2808 4154 3126 4222 videturque
3162 4168 3371 4218 manus,
3410 4156 3472 4207 ut
3500 4152 3815 4207 membrum

2223 4242 2444 4297 humani
2481 4243 2725 4313 corporis
2763 4252 2925 4313 atque
2961 4244 3203 4299 consueti
3236 4256 3579 4321 nequaquam
3603 4252 3819 4298 terreat

2219 4351 2342 4395 eum
2364 4336 2455 4406 qui
2482 4333 2776 4391 assumitur
2796 4345 2957 4405 atque
2977 4335 3473 4405 comprehenditur.
3500 4332 3557 4392 Si
3579 4334 3726 4389 enim
3754 4335 3815 4390 in

2215 4429 2454 4494 colubri,
2495 4428 2579 4482 vel
2612 4430 2663 4482 in
2700 4428 2939 4497 qualibet
2977 4428 3082 4481 alia
3116 4426 3413 4482 bestiarum
3450 4425 3818 4489 similitudine

2217 4518 2481 4593 tetigisset
2505 4520 2822 4589 prophetam
2843 4558 2857 4583 ,
2886 4516 2999 4588 ipsa
3028 4516 3407 4572 dissimilitudo
3435 4516 3815 4571 membrorum

2219 4613 2500 4668 terruisset
2522 4620 2878 4679 assumptum.
2900 4609 3137 4679 Parsque
3154 4607 3628 4680 comprehenditur
3642 4607 3819 4676 capit.

517 4699 717 4769 gimus.
759 4696 885 4752 [lare
920 4706 1101 4751 autem
1136 4713 1298 4768 quam
1340 4713 1483 4753 nunc
1523 4712 1794 4763 exponere
1827 4698 2105 4763 volmnus,

2223 4705 2409 4770 lorum,
2424 4704 2549 4773 quia
2569 4710 2731 4758 totius
2752 4701 3233 4772 apprehensionem
3249 4695 3441 4768 Capitis
3456 4698 3817 4753 humanatna-

517 4798 841 4848 sextoanno
854 4788 1094 4858 ejusdem
1116 4789 1280 4858 regis,
1296 4796 1451 4853 serto
1467 4802 1668 4853 mense,
1690 4788 1881 4859 quinta
1904 4789 2108 4845 mensis

515 4878 671 4955 facta
686 4888 1049 4944 memoratur;
1073 4894 1137 4933 ex
1166 4892 1273 4948 qno
1299 4881 1641 4957 perspicuum
1662 4889 1747 4935 est
1766 4891 1883 4951 post
1908 4896 2108 4937 annum

518 4982 577 5029 et
600 4975 735 5031 duos
759 4989 975 5031 menses
996 4974 1113 5028 haec
1136 4974 1275 5028 facta
1296 4989 1417 5043 qure
1437 4975 1639 5045 scripta
1666 4985 1812 5040 sunt,
1841 4986 1895 5031 et
1923 4977 2006 5032 vel
2030 4977 2109 5031 in-

520 5064 829 5124 termissam
867 5076 963 5133 per
997 5077 1197 5119 annum
1229 5072 1285 5119 et
1312 5064 1449 5119 duos
1488 5079 1701 5122 menses
1744 5066 2104 5136 prophetiam,

519 5153 603 5207 vel
639 5165 739 5223 per
769 5162 912 5207 totos
932 5153 1343 5222 quatuordecim
1374 5169 1588 5211 menses
1616 5164 1769 5226 gesta
1797 5172 1917 5225 qua:
1945 5172 2105 5226 supe-

517 5244 637 5307 rior
683 5258 862 5299 sermo
910 5244 1166 5299 contexit.
1217 5242 1384 5300 Sexto
1431 5254 1609 5301 autem
1654 5261 1817 5309 anno,
1864 5256 1918 5300 et
1955 5255 2109 5301 sexto

523 5348 726 5397 mense,
750 5342 805 5387 et
830 5334 1014 5402 quinta
1045 5334 1132 5389 die
1161 5334 1385 5398 mensis,
1411 5336 1501 5403 qui
1529 5336 1734 5390 numeri
1758 5336 1823 5389 ad
1849 5326 2107 5390 fabricatu

523 5422 1093 5490 ntundi‘referuntur,
1152 5425 1218 5479 ad
1267 5441 1496 5481 caracos
1535 5442 1725 5481 sensus
1760 5428 1849 5498 qui
1898 5436 2107 5480 terrena

524 5513 884 5583 (:mispiciunt,
927 5522 981 5569 et
1023 5515 1248 5570 necdum
1273 5517 1515 5572 caelestia
1544 5518 1999 5588 contemplautur,
2030 5516 2109 5571 fa-

526 5616 665 5655 rium
687 5605 1027 5675 prophetiam
1072 5621 1178 5661 non
1216 5606 1524 5673 mirabitur,
1551 5608 1642 5677 qui
1670 5598 2110 5678 atl'presbytcros

484 5740 497 5755 ,
524 5697 657 5749 ὶιιτζη
681 5712 984 5753 sermonem
1013 5698 1171 5768 dirigi
1201 5698 1548 5754 intellexerit.
1583 5700 1624 5753 E
1656 5699 1854 5769 quibus
1894 5708 2109 5769 septua-

526 5788 671 5839 sQuIa
702 5788 955 5843 tenebant
988 5788 1255 5843 tlturilutla
1285 5797 1335 5844 et
1364 5790 1546 5859 Viginti
1571 5790 1810 5858 quinque
1832 5790 1883 5842 in
1910 5790 2109 5859 templo

529 5904 550 5927 .~
583 5879 823 5936 iurabant
852 5880 1038 5948 solem,
1082 5883 1409 5951 sedebatquc
1449 5883 1708 5951 progifxeta
1745 5881 1796 5933 in
1821 5879 1981 5935 domo
2010 5897 2106 5937 sua

2216 4803 2335 4849 tura
2357 4810 2463 4848 non
2490 4794 2736 4849 sustinet.
2759 4785 2865 4846 Pro
2890 4809 2908 4847 ‹
2937 4790 3193 4846 Cincinno
3218 4810 3238 4843 ι
3271 4779 3620 4867 εἰνρωιιείηιει
3644 4793 3815 4863 κράσ-

2214 4884 2384 4945 πιδον,
2413 4884 2466 4938 id
2492 4883 2577 4937 est
2604 4901 2621 4933 ‹
2646 4880 2943 4946 fimbriato,
2976 4900 2993 4933 ι
3022 4880 3361 4950 interpretati
3383 4886 3527 4934 sunt.
3558 4877 3813 4947 Quorum

2214 4979 2445 5034 alterum
2477 4976 2530 5031 in
2563 4977 2791 5047 capillis,
2823 4976 3051 5049 alterum
3087 4977 3138 5031 in
3171 4976 3412 5032 vestibus
3440 4976 3612 5045 accipi
3641 4976 3810 5031 solet.

2291 5088 2308 5119 ‹
2348 5067 2414 5121 Et
2443 5066 2674 5122 elevavit
2696 5082 2782 5121 me
2803 5067 3027 5136 spiritus
3057 5067 3199 5121 inter
3226 5076 3426 5121 terram
3447 5074 3503 5122 et
3519 5065 3745 5123 cmlum.
3781 5088 3803 5119 ι

2212 5159 2456 5214 Primum
2506 5158 2856 5215 similitudine
2898 5173 3090 5224 manus
3118 5159 3566 5229 apprehenditur,
3609 5170 3808 5231 postea

2212 5251 2451 5306 elevatur
2479 5266 2509 5304 a
2536 5251 2749 5321 spiritu,
2794 5251 2884 5319 qui
2910 5250 3132 5328 spiritus
3176 5266 3282 5306 non
3318 5266 3443 5306 eum
3497 5252 3682 5307 statim
3736 5256 3810 5306 at

2213 5338 2408 5396 cadum
2443 5340 2605 5405 levat,
2637 5341 2730 5395 sed
2762 5340 3134 5407 interlterram
3161 5349 3217 5396 et
3242 5340 3462 5407 coelum,
3495 5350 3553 5396 ut
3587 5352 3804 5397 terma

2213 5429 2431 5487 interim
2476 5429 2859 5500 derelinquens
2892 5429 3109 5486 festinet
3135 5434 3202 5487 ad
3241 5422 3460 5487 omium.
3490 5430 3808 5487 Possumus

2213 5526 2391 5573 autem
2420 5528 2473 5573 et
2505 5520 2608 5575 huc
2634 5520 2836 5589 dicere,
2872 5520 3013 5590 quod
3042 5529 3263 5593 propter
3291 5523 3433 5577 bona
3474 5537 3637 5593 opem
3677 5539 3807 5592 pre-

2213 5610 2370 5679 pheta
2394 5612 2745 5668 similitudine
2770 5628 2962 5667 manus
2984 5613 3076 5668 Dei
3103 5614 3475 5685 apprehensus
3496 5614 3589 5677 sit,
3612 5621 3667 5668 et
3686 5629 3806 5683 pro-

2211 5710 2332 5769 pter
2369 5704 2652 5758 scientiam
2679 5720 2859 5758 rcrum
2889 5704 3212 5773 spiritalium
3240 5702 3480 5759 eievetur
3510 5718 3540 5758 a
3582 5702 3800 5773 spiritu.

2289 5813 2304 5841 ι
2337 5794 2397 5848 Et
2428 5795 2651 5848 adduxit
2675 5810 2758 5848 me
2787 5796 2837 5848 in
2864 5793 3164 5851 Jerusalem
3206 5795 3259 5847 in
3287 5795 3496 5854 visione
3521 5792 3616 5856 Dei
3644 5791 3804 5862 juxta

2219 5906 2234 5935 ι
2257 5887 2452 5939 ostium
2480 5886 2725 5949 interius,
2755 5888 2896 5954 quod
2922 5886 3246 5956 respiciebat
3270 5884 3335 5938 ad
3360 5882 3803 5953 aquilonemmbi
