3948 6350
222 444 317 495 (ill

1186 437 1539 494 COMMENT.
1577 435 1642 490 IN
1682 433 2132 489 EZECIIIELEM.
2175 463 2242 473 -—
2281 432 2408 486 LIB.
2456 432 2514 484 V.

3392 430 3496 487 (ἷξὲ

230 577 246 608 ι
272 568 391 617 erat
411 564 669 611 statutum
692 555 892 609 idolum
916 554 1096 608 zeliad
1113 554 1508 622 provocandam
1524 550 1816 607 aemulatio~
1842 554 1890 612 Α
1917 547 2061 603 boris
2099 547 2413 619 accingere;
2452 556 2784 608 transmeare
2827 549 3019 614 maria,
3075 549 3227 605 adire
3274 550 3496 620 judicia.

228 668 245 698 ι
270 661 415 701 nem.
433 646 497 699 Et
514 659 645 699 ecce
658 643 727 698 ibi
743 643 911 713 gloria
932 643 1026 701 Dei
1042 641 1226 705 lsrael,
1242 642 1535 696 secundum
1548 641 1809 707 visionem

229 758 246 789 ι
275 751 438 806 quam
461 736 698 789 videram
728 734 779 789 in
814 747 1023 801 campo.
1056 750 1073 797 ι
1102 731 1327 797 Quando
1348 730 1505 790 dixit,
1536 747 1555 780 ί
1590 728 1813 787 adduxit

224 843 310 882 me
375 828 427 880 in
474 823 794 887 Jerusalem,
836 823 886 877 in
917 823 1127 877 visione
1155 822 1270 886 Dei,
1308 841 1326 873 ι
1357 820 1592 876 ostendit
1621 834 1678 875 se
1706 834 1822 881 non.

224 916 276 970 in
329 930 582 984 corpore,
633 915 727 969 sed
784 915 834 967 in
887 914 1079 982 spiritu
1113 928 1235 967 esse
1264 910 1605 970 translatum.
1650 908 1811 966 Juxta

224 1005 677 1074 quam.visi0nem
706 1019 996 1073 possumus
1023 1013 1077 1058 et
1105 1003 1291 1066 caelos,
1319 1012 1376 1059 et
1402 1002 1814 1072 profundamu-

225 1097 409 1159 ris,et
436 1093 642 1149 inferna
676 1095 1013 1164 conspicere,
1042 1092 1170 1147 dum
1207 1095 1445 1147 rationes
1479 1086 1826 1164 singulorum.

224 1186 553 1257 cogitatione
582 1184 1029 1255 complectimur.
1072 1184 1313 1239 Primum
1357 1192 1537 1241 autem
1570 1190 1717 1239 venit
1749 1182 1815 1238 ad

226 1275 572 1337 vestibulum,
598 1264 741 1343 quod
774 1274 995 1343 respicit
1017 1274 1083 1328 ad
1101 1274 1429 1343 aquilonem,
1452 1282 1511 1331 ut
1540 1273 1613 1328 ibi
1639 1273 1815 1328 videat

226 1379 463 1425 statuam
502 1368 629 1423 idoli
668 1367 790 1431 zeli,
843 1367 909 1420 ad
956 1366 1355 1437 provocandam
1395 1365 1822 1430 mmulationem,

226 1470 284 1515 nt
307 1461 506 1516 de'illo
537 1460 655 1515 ideo
683 1460 851 1531 possit
878 1460 944 1513 ad
970 1460 1231 1519 interiora
1258 1467 1564 1530 penetrare,
1597 1467 1651 1514 et
1693 1473 1813 1514 cer-

228 1568 359 1614 nere
384 1552 731 1623 reliquaqua:
756 1560 945 1622 postea
987 1551 1388 1609 describuntur.
1420 1550 1685 1615 ,Statuam
1719 1565 1818 1603 au-

230 1656 338 1705 tem
368 1640 643 1700 idoli‘llaal
672 1645 723 1698 in
750 1644 951 1712 templo
972 1643 1068 1699 Dei
1081 1645 1326 1714 .positam
1352 1641 1823 1702 narsat'ltistoria.

230 1736 570 1807 Pulcltreque
617 1735 925 1807 appellatur.
959 1734 1161 1791 idolum
1197 1734 1319 1800 zeli,
1353 1733 1478 1803 quia
1508 1732 1573 1787 ad
1605 1732 1825 1789 tumula—

234 1828 439 1884 tanem
459 1838 514 1887 et
538 1829 713 1888 zelum
742 1826 1029 1886 Dominum
1056 1824 1502 1899 provocat,juxta
1521 1824 1658 1889 illud
1675 1824 1825 1897 quod

1913 639 2129 708 pulsare
2153 638 2518 707 principatus,
2548 637 2750 707 palatia
2785 640 3110 710 irrumpere,
3150 638 3498 713 iurgantibus

1915 730 2232 800 populorum
2278 730 2465 787 cuneis
2498 730 2792 796 interesse,
2826 739 2881 787 et
2911 739 3122 787 terrena
3164 732 3498 803 patrimonia

1918 821 2184 876 laboriosa
2218 821 2596 876 observatione
2618 821 2927 879 defendere.
2962 823 3167 892 Quibus
3190 825 3238 880 si
3266 823 3499 880 fortasse

1918 911 2285 980 dicatur,_Cur
2313 913 2415 976 ista
2448 928 2544 970 vos
2565 914 2746 984 agitis,
2770 915 2859 985 qui
2888 915 3137 981 sarmtlum
3168 916 3501 987 reliquistis?

1917 1005 2248 1074 respondent
2287 1003 2427 1063 illico
2459 1004 2621 1062 Deum
2656 1018 2713 1058 se
2747 1014 3005 1069 metuere,
3033 1019 3087 1081 et
3122 1005 3324 1062 idcirco
3351 1015 3502 1062 tanto

1918 1095 2100 1149 studio
2128 1093 2483 1150 defendendis
2504 1095 2844 1169 patrimoniis
2876 1095 3148 1152 insudare.

1995 1205 2013 1237 ι
2062 1185 2127 1242 Et
2164 1186 2300 1241 dixit
2327 1186 2393 1241 ad
2422 1201 2507 1241 me
2536 1204 2548 1238 :
2582 1185 2681 1240 Fili
2726 1182 2992 1253 hominis,
3027 1187 3144 1243 leva
3173 1187 3358 1244 oculos
3384 1198 3505 1244 tuos

1926 1297 1943 1329 ι
1990 1278 2056 1334 ad
2079 1278 2223 1332 viam
2250 1276 2537 1346 aquilonis.
2573 1278 2639 1332 Et
2667 1277 2833 1333 levavi
2862 1280 3048 1335 oculos
3072 1295 3219 1337 meos
3255 1280 3323 1334 ad
3359 1280 3501 1335 viam

1927 1388 1953 1428 ι,
1991 1368 2279 1438 aquilonis.
2298 1367 2364 1422 Et
2388 1382 2515 1423 ecce
2542 1368 2610 1428 ab
2626 1368 2877 1437 aquilone
2900 1380 3068 1438 porta:
3092 1370 3279 1425 altaris
3302 1370 3504 1425 idolum

1927 1479 1946 1511 ‹
1991 1457 2089 1515 zeli
2121 1459 2175 1513 in
2200 1460 2317 1535 ipso
2343 1458 2584 1513 introitu.
2623 1478 2641 1511 ι
2672 1457 2870 1531 (Iliam)
2900 1458 3065 1523 Dixit,
3098 1460 3290 1529 inquit,
3322 1460 3387 1515 ad
3422 1476 3508 1516 mc

1924 1548 2006 1603 vel
2035 1548 2206 1620 gloria
2250 1548 2341 1601 Dei
2372 1563 2535 1619 quam
2566 1548 2617 1602 in
2656 1560 2848 1617 campo
2878 1548 3139 1613 videram,
3167 1548 3249 1603 vel
3288 1549 3509 1618 spiritus

1925 1640 2016 1711 qui
2045 1654 2135 1699 me
2158 1640 2300 1696 inter
2326 1638 2522 1697 caelum
2568 1638 2770 1695 levavit
2789 1652 2863 1694 ac
2890 1646 3112 1693 terram.
3168 1638 3511 1709 Locutusque

1925 1742 2010 1789 est
2034 1714 2165 1788 mihi
2216 1740 2502 1803 postquam
2553 1747 2639 1789 me
2683 1730 2958 1794 transtulit
3006 1731 3058 1785 iu
3111 1730 3513 1795 Jerusalem,“

1930 1822 2058 1881 fecit
2083 1823 2168 1877 vel
2192 1823 2381 1877 urbem
2412 1821 2495 1877 vel
2523 1821 2778 1891 textsplum
2807 1822 3011 1880 videre.
3042 1822 3109 1875 Et
3144 1821 3430 1891 imperavit
3456 1830 3514 1876 ut

235 1918 286 1973 i’n
314 1912 734 1979 Deuterouomio
757 1916 955 1975 dicitur
980 1934 1000 1970 ε
1030 1936 1047 1968 ι
1077 1917 1181 1987 ipsi
1204 1930 1289 1970 me
1309 1926 1738 1986 provocaverunt
1759 1916 1825 1971 ad
1855 1928 1902 1990 Β
1932 1915 2162 1969 levarem
2185 1914 2463 1971 oculos'ad
2503 1915 2643 1969 viam
2692 1914 2978 1984 aquilonis.
3023 1912 3098 1968 lbi
3143 1915 3287 1968 enim
3333 1922 3513 1971 statua

236 2010 411 2067 zelum
456 2011 508 2063 in
556 2024 619 2063 eo
655 2010 744 2078 qui
775 2022 889 2061 non.
915 2016 1056 2062 erat.
1080 2006 1239 2063 Deus.
1272 2006 1336 2060 Et
1373 2020 1474 2077 ego
1522 2006 1831 2077 provocabo

236 2116 331 2156 eos
358 2102 425 2154 ad
459 2100 633 2154 zelum
668 2101 720 2153 in
752 2107 909 2170 gente
951 2113 1073 2169 qua:
1099 2114 1205 2153 non
1252 2108 1337 2153 est
1365 2097 1545 2169 (Deut.
1574 2097 1766 2169 uim).
1806 2116 1825 2150 ι

249 2212 265 2243 ι
306 2192 539 2255 Emissa,
585 2191 778 2261 inquit,
818 2189 1112 2261 similitudo
1138 2190 1710 2263 manusapprchcndit
1746 2205 1833 2246 me

245 2286 297 2339 in
330 2285 587 2341 ciminno
610 2284 801 2353 capitis
831 2284 956 2338 mei.
985 2283 1049 2337 Et
1072 2283 1302 2347 elevavit
1330 2297 1414 2338 me
1443 2284 1665 2357 spiritus
1693 2283 1835 2338 inter

240 2386 445 2431 terram
480 2366 778 2443 etcmlum,
813 2386 868 2431 et
894 2377 1123 2437 adduxit
1146 2378 1199 2431 in
1230 2375 1529 2447 Jerusalem
1555 2376 1607 2431 in
1628 2376 1836 2434 visione

240 2458 338 2522 Dei
360 2467 515 2538 juxta
546 2478 743 2523 ostium
786 2467 1014 2522 interius
1040 2467 1182 2537 quod
1226 2465 1557 2541 respiciebat
1586 2466 1653 2520 ad
1676 2466 1837 2535 'aquir

240 2559 443 2621 loztem,
487 2558 576 2612 ubi
608 2564 1009 2617 eratstatutum
1037 2557 1235 2613 idolum
1274 2546 1397 2621 zeli,
1437 2557 1504 2617 ad
1530 2571 1839 2626 provocans

241 2648 365 2705 dum
423 2646 843 2703 :emulationem.
908 2667 926 2699 ι
990 2644 1216 2719 (Greg.,
1281 2646 1372 2709 lib.
1434 2662 1561 2700 xxxx
1617 2645 1835 2713 Moral.,

243 2757 360 2810 cap.
406 2738 536 2810 '59.)
593 2738 732 2805 Quid
786 2749 871 2795 est
914 2739 1059 2807 enim
1121 2739 1405 2795 cincinnus
1463 2739 1679 2811 capitis,
1735 2738 1841 2799 nisi

245 2829 487 2888 collecta:
534 2830 889 2901 cogitationes
942 2830 1163 2894 mentis,
1218 2838 1279 2883 ut
1329 2844 1434 2883 non
1486 2844 1691 2903 sparsa:
1741 2828 1840 2884 de—

249 2917 443 2982 fluant,
498 2918 594 2974 sed
637 2933 734 2988 per
783 2918 1129 2989 disciplinam
1156 2918 1470 2973 constrictze
1509 2902 1843 2975 subsistant?

249 3008 441 3064 Manus
503 3024 633 3082 ergo
696 3011 927 3080 desuper
988 3010 1243 3075 mittitur,
1313 3020 1368 3065 et
1433 3010 1692 3082 propheta
1747 3026 1844 3082 per

249 3102 564 3158 cinciunum
610 3102 805 3172 capitis
850 3102 1113 3167 elevatur,
1156 3102 1281 3171 quia
1313 3118 1434 3158 cum
1466 3113 1649 3157 nostra
1690 3116 1843 3158 mens

249 3203 370 3250 Sese
426 3208 523 3261 per
573 3193 871 3248 custodiam
928 3191 1152 3262 colligit,
1208 3194 1288 3247 vis
1340 3208 1572 3262 superna
1626 3204 1839 3253 sursum

1933 2002 2058 2058 Baal
2089 2003 2259 2073 posita
2302 2012 2451 2075 serat,
2500 2018 2663 2075 quam
2712 2013 2868 2057 vocat
2915 2003 3115 2057 idolum
3152 2000 3253 2059 zeli
3303 2005 3356 2059 in
3400 2006 3517 2077 ipso

1933 2100 2101 2162 portae
2122 2093 2362 2151 introitu.
2386 2092 2488 2160 Qui
2519 2101 2698 2155 autem
2740 2093 2939 2154 idolum
2982 2093 3083 2149 zeli
3105 2093 3219 2151 sive
3245 2094 3519 2165 possiden—

1935 2185 2005 2239 tis
2051 2185 2119 2239 ad
2167 2184 2393 2256 gloriam
2440 2184 2533 2240 Dei
2562 2184 2649 2240 vel
2674 2184 2739 2240 ad
2768 2186 3013 2255 spiritum
3042 2182 3315 2252 referunt,
3354 2186 3517 2257 impie

1934 2276 2160 2340 faciunt,
2184 2291 2468 2349 personam
2497 2276 2621 2331 idoli
2650 2276 2744 2331 Dei
2776 2277 3056 2348 majestate
3081 2285 3371 2334 mutantes.

2014 2385 2031 2418 ι
2074 2367 2147 2423 Et
2182 2360 2319 2430 dixit
2346 2368 2414 2422 ad
2442 2382 2530 2427 me
2560 2385 2572 2421 :
2602 2366 2700 2421 Fili
2746 2368 3000 2433 hominis,
3022 2375 3252 2448 putasne
3281 2368 3433 2423 vides
3463 2377 3518 2421 tu

1945 2480 1962 2514 ι
2007 2462 2135 2532 quid
2152 2461 2241 2516 isti
2256 2460 2476 2527 faciant,
2492 2462 2922 2518 abominationes
2942 2477 3167 2536 magnas
3177 2478 3312 2533 quas
3329 2463 3521 2519 domus

1945 2573 1965 2610 ‹
2007 2553 2173 2609 israel
2199 2552 2329 2609 facit
2351 2554 2461 2619 hic,
2488 2564 2543 2611 et
2566 2563 2626 2608 ut
2647 2554 2833 2625 procul
2869 2538 3116 2611 recedam
3148 2570 3177 2609 a
3212 2557 3522 2611 sanctuario

1946 2664 1965 2703 ι
2010 2645 2163 2703 meo?
2196 2645 2263 2701 Et
2289 2645 2469 2702 adhuc
2495 2660 2811 2710 conversus,
2843 2646 3065 2702 videbis
3094 2646 3524 2706 abominatiunes

1948 2733 2263 2806 Limajores.
2305 2754 2323 2787 ι
2357 2734 2436 2790 Ne
2463 2750 2567 2800 me,
2600 2736 2800 2807 inquit,
2831 2746 2986 2805 putes
3030 2734 3222 2805 injuste
3268 2734 3522 2808 templum

1944 2828 2197 2887 deserere
2255 2837 2310 2885 et
2362 2829 2780 2884 subvertendam
2844 2830 3153 2901 relinquere
3207 2832 3520 2896 civitatem,

1943 2918 2124 2988 aspice
2144 2930 2265 2994 quae
2287 2917 2341 2973 in
2367 2918 2569 2989 templo
2588 2918 2813 2975 faciunt.
2841 2920 3084 2991 Cumque
3117 2921 3202 2978 illa
3231 2939 3526 2994 conspexe-

1946 3008 2039 3073 ris,
2072 2992 2179 3062 non
2205 3016 2361 3078 putes
2390 3008 2553 3064 finem
2593 3024 2714 3066 esse
2759 3010 3045 3077 scelerum,
3092 3015 3268 3070 adhuc
3319 2992 3523 3083 majora

1946 3085 2269 3168 conspicies.
2301 3098 2454 3166 Quod
2480 3099 2696 3170 quidem
2722 3109 2978 3171 potesret
2999 3102 3066 3157 de
3090 3113 3274 3159 nostra
3298 3104 3521 3167 Jerusa-

1948 3186 2054 3249 lem
2090 3196 2384 3259 nostroque
2408 3190 2607 3260 templo
2637 3189 3118 3261 intelligi,‘quando
3142 3194 3195 3247 in
3214 3196 3521 3266 exemplum

252 3298 351 3337 nos
399 3284 467 3337 ab
525 3282 725 3337 infimis
790 3282 973 3337 trahit.
1046 3281 1191 3337 Bene
1258 3298 1388 3337 vero
1440 3284 1588 3337 inter
1640 3293 1837 3337 terram
1868 3296 1913 3357 ε
1944 3279 2201 3350 Ophniet
2224 3279 2457 3340 Phinees
2489 3279 2753 3345 idolorum
2793 3282 2997 3339 scelera
3034 3294 3322 3355 operamur
3354 3288 3407 3344 in
3438 3297 3521 3343 ta.

248 3383 304 3431 et
354 3374 551 3428 caelum
603 3373 872 3428 sublatum
902 3388 970 3429 .se
1014 3375 1227 3437 asserit,
1270 3374 1395 3442 quia
1442 3374 1675 3443 quilibet,
1718 3390 1841 3429 san-

250 3452 457 3524 etusin
488 3481 651 3520 carne
700 3466 915 3525 mortali
958 3466 1188 3536 positus,
1229 3465 1384 3537 plene
1413 3465 1628 3542 quidem
1665 3467 1842 3520 adhuc

250 3559 318 3611 ad
345 3572 579 3626 superna
606 3574 712 3613 non
742 3545 1007 3629 pervenit,
1034 3559 1127 3614 sed
1147 3558 1259 3627 jam
1290 3567 1468 3616 tamen
1508 3560 1610 3617 ima
1646 3558 1842 3623 dereli-

250 3652 394 3721 quit.
426 3647 479 3702 in
503 3649 713 3703 visione
741 3664 869 3704 vero
897 3646 989 3704 Dei
1022 3649 1076 3703 in
1105 3647 1403 3704 Jerusalem
1430 3650 1666 3714 ducitur,
1699 3650 1841 3721 quod

248 3739 505 3799 videlicet
542 3738 914 3809 unusquisque
955 3734 1252 3809 proﬁciens
1288 3754 1384 3808 per
1415 3740 1700 3794 charitatis
1747 3754 1839 3795 ze-

251 3827 361 3884 lum
394 3828 566 3897 qualis
596 3828 789 3882 debeat
829 3842 951 3883 esse
989 3828 1229 3883 Ecclesia
1252 3829 1669 3900 contemplatur.
1695 3828 1842 3885 Bene

251 3938 473 3994 quoque
498 3923 736 3987 additur,
758 3923 887 3993 quia
920 3941 938 3973 ι
966 3920 1122 3991 juxta
1164 3921 1619 3980 ostiuminterius
1650 3922 1843 3979 ductus

252 4025 357 4083 est,
386 4014 537 4084 quod
568 4014 890 4084 respiciebat
913 4014 979 4067 ad
1002 4013 1327 4081 aquilonem.
1361 4011 1549 4083 ιηρυίιι
1586 4012 1841 4074 nimirum

252 4114 430 4169 sancti
462 4113 558 4167 viri
586 4112 715 4166 dum
747 4127 844 4182 per
872 4112 1073 4167 aditum
1098 4112 1330 4169 interna:
1368 4110 1843 4182 contemplationis

253 4204 543 4275 aspiciunt,
592 4203 710 4273 plus
732 4217 897 4272 prava
921 4202 1062 4257 intra
1091 4201 1386 4262 Ecclesium
1406 4201 1536 4258 fieri
1561 4218 1722 4274 quam
1756 4218 1841 4266 re-

255 4308 341 4351 cta
370 4296 801 4367 deprehendunt,
825 4304 880 4350 et
899 4296 1056 4365 quasi
1081 4296 1133 4356 in
1163 4288 1433 4365 aQuilonis
1456 4302 1608 4365 parte
1631 4295 1841 4359 oculos,

256 4388 307 4441 il
344 4397 452 4450 est,
478 4387 544 4439 ad
579 4386 710 4440 solis
729 4385 1004 4440 sinistram
1026 4384 1264 4446 flectunt,
1298 4385 1423 4454 quia
1458 4392 1648 4439 contra
1678 4383 1841 4444 vitio-

258 4494 376 4532 rum
404 4478 605 4548 l‘rigora
634 4476 919 4535 charitatis
944 4491 1001 4531 se
1032 4475 1265 4531 stimulis
1306 4476 1628 4531 accendunt.
1661 4474 1761 4532 Ubi
1788 4486 1842 4530 et

1943 3370 2236 3429 l)ernaeulo
2264 3370 2389 3436 Dei,
2416 3378 2471 3426 et
2496 3372 2829 3429 fornicamur
2848 3390 2969 3429 eum
3002 3375 3087 3431 his
3114 3378 3205 3447 qui
3235 3393 3294 3435 se
3317 3378 3521 3443 militia:

1940 3472 1998 3520 et
2016 3463 2318 3518 ministerio
2333 3459 2425 3519 Dei
2444 3465 2704 3523 voverint.
2722 3464 2789 3521 Et
2806 3464 3191 3524 sacrificiorum
3206 3471 3322 3541 ejus
3339 3472 3528 3543 primi+

1945 3555 2050 3609 tiva
2067 3555 2630 3626 decerpimus,da’ntes
2644 3556 2695 3612 in
2718 3573 2873 3613 usum
2894 3559 3150 3615 clientum
3170 3570 3332 3632 atque
3351 3547 3523 3618 famu-

1943 3644 2137 3713 lorum,
2159 3654 2215 3700 et
2242 3644 2423 3701 omnia
2452 3646 2587 3702 lucri
2616 3662 2777 3703 causa
2803 3647 3049 3706 facimus.
3075 3650 3170 3707 Sin
3196 3661 3374 3708 autem
3406 3655 3525 3721 haec

1944 3748 2073 3792 tam~
2095 3752 2287 3810 magna
2320 3748 2448 3794 sunt
2478 3755 2599 3810 qua:
2620 3740 3117 3814 videmus,,quanto
3144 3746 3347 3817 majora
3377 3748 3528 3807 aestio

1945 3831 2138 3884 manda
2165 3839 2317 3895 sunt,
2350 3847 2470 3902 quae
2498 3832 2787 3889 humanam
2820 3830 3079 3908 eliugiunt
3104 3838 3521 3908 conscientiaml

2022 3942 2039 3975 ‹
2084 3924 2150 3978 Et
2177 3924 2479 3981 introduxit
2496 3939 2585 3980 me
2609 3926 2677 3981 ad
2705 3926 2901 3982 ostium
2928 3928 3076 3995 atrii,
3102 3937 3158 3985 et
3181 3929 3287 3985 vidi
3312 3939 3368 3985 et
3395 3943 3524 3987 ecce

1953 4032 1969 4064 ι
2014 4013 2253 4086 foramen
2280 4030 2446 4069 unum
2473 4014 2526 4070 in
2558 4017 2782 4087 pariete.
2814 4017 2881 4072 Et
2908 4017 3043 4074 dixit
3064 4015 3132 4075 ad
3161 4034 3279 4077 me:
3303 4019 3403 4079 Fili
3432 4022 3528 4076 hoc

1951 4102 1969 4156 ά
2014 4094 2195 4170 minis,
2219 4105 2340 4161 fode
2358 4105 2638 4176 parietem.
2658 4106 2858 4164 Etcum
2873 4104 3230 4181 perfodisSem
3241 4112 3523 4179 parietem,

1951 4218 1969 4251 ι
2017 4201 2264 4269 apparuit
2292 4200 2493 4257 ostium
2519 4212 2708 4258 unum.
2741 4204 2809 4261 Et
2835 4205 2969 4259 dixit
2999 4205 3065 4260 ad
3096 4221 3213 4263 me:
3243 4206 3527 4275 ingredere

1951 4310 1971 4343 ς
2013 4300 2069 4346 et
2102 4292 2221 4347 vide
2250 4292 2680 4350 abominationes
2709 4295 2973 4373 pessimus
2998 4311 3135 4367 quas
3181 4281 3271 4353 isti
3314 4277 3526 4353 faciunt

1951 4400 1969 4443 ι
2017 4382 2121 4445 hic,
2167 4401 2186 4435 ι
2216 4393 2320 4437 etc.
2354 4382 2469 4438 ll'oe
2498 4385 2641 4453 quod
2668 4385 2916 4441 transtuli
2944 4406 2957 4442 :
2995 4406 3015 4439 ‹
3052 4387 3119 4443 Et
3148 4384 3251 4442 vidi
3286 4396 3344 4450 et
3394 4405 3523 4445 cere

1948 4472 2187 4546 foramen
2248 4490 2416 4529 unum
2461 4476 2514 4530 in
2559 4477 2783 4548 pariete,
2824 4484 2861 4533 ι
2912 4479 2966 4539 in
3012 4480 3362 4553 Septuaginta
3413 4497 3521 4540 non

258 4577 415 4623 recte
434 4567 807 4637 subjungitur:
833 4586 850 4623 ι
875 4563 1007 4634 Quia
1024 4566 1620 4629 etilliccratstatutum
1642 4566 1843 4626 idolum
1946 4563 2197 4617 habetur.
2228 4560 2295 4618 Et
2323 4564 2449 4634 quia
2470 4567 2650 4620 omnia
2673 4566 2826 4636 quasi
2868 4568 2918 4622 in
2947 4568 3179 4642 imagine
3206 4571 3525 4641 picturaque

258 4660 357 4713 zeli
376 4660 440 4714 ad
460 4658 855 4729 provocandam
879 4656 1295 4715 aemulationem.
1320 4676 1339 4711 ι
1361 4655 1667 4716 Dumenim
1699 4657 1837 4715 intra
1874 4642 1921 4706 Ι)
1950 4642 2531 4724 ῃιοιιεῑτιιιιιυτ,ῗιιιιιιιιι
2579 4657 2635 4711 in
2681 4658 2886 4727 pariete
2925 4656 3169 4714 foramen
3216 4659 3415 4718 vidisse
3463 4676 3523 4723 se

258 4752 555 4807 Ecclesium
582 4758 829 4804 sanctam
856 4763 885 4801 a
919 4747 1194 4811 nonnullis
1221 4748 1400 4816 specie
1440 4748 1553 4804 sola
1581 4747 1842 4806 ﬁdelibus

259 4843 503 4912 rapinas,
546 4848 601 4894 et
645 4839 773 4893 vitia
802 4838 1099 4908 perpetrari
1132 4837 1513 4904 considerant,
1533 4838 1663 4919 quid
1697 4838 1841 4893 aliud

259 4947 421 5001 quam
447 4931 499 4984 in
523 4928 831 4989 Jerusalem
852 4928 1054 4982 idolum
1082 4927 1307 4982 vident?
1328 4927 1483 4997 Quod
1511 4928 1713 4991 idolum
1740 4927 1840 4983 zeli

259 5023 478 5087 dicitur,
528 5021 652 5090 quia
693 5035 788 5090 per
822 5019 923 5073 lioc
946 5026 1139 5083 contra
1168 5033 1268 5074 nos
1289 5017 1567 5079 iemulntio
1609 5018 1840 5089 superna

259 5123 609 5184 provocatur,
654 5124 712 5166 et
742 5119 893 5165 tanto
927 5109 1226 5164 districtius
1270 5109 1651 5178 delinquentes
1697 5108 1841 5172 ferit,

260 5208 464 5275 quanto
478 5218 575 5257 nos
589 5203 807 5256 cltarius
822 5200 1149 5269 Redemptor
1160 5210 1323 5252 amat.
1342 5199 1646 5270 tlypocrita:
1660 5199 1841 5271 igitur,

260 5296 384 5365 Quia
427 5294 781 5363 cogitationes
815 5293 1009 5346 mentis
1032 5278 1145 5345 non
1175 5289 1455 5364 colligunt,
1491 5305 1587 5360 per
1634 5290 1841 5345 cincin-

263 5406 389 5449 num
421 5390 615 5461 capitis
647 5390 868 5444 minimc
903 5397 1172 5450 tenentur,
1204 5398 1259 5443 et
1286 5387 1378 5456 qui
1428 5382 1523 5441 Sua
1574 5383 1841 5467 nesciunt,

262 5479 687 5543 commissorum
726 5480 827 5534 sibi
888 5480 1103 5550 quando
1157 5478 1352 5535 delicta
1402 5474 1845 5547 deprehendunt?

265 5568 327 5624 lli
358 5572 545 5641 itaque
568 5572 779 5640 torpent
806 5587 833 5627 τι
865 5571 1195 5634 cmlcstibus,
1241 5569 1305 5623 ad
1336 5584 1457 5639 quae
1485 5568 1714 5639 ﬂagrare
1748 5566 1841 5623 de-

264 5659 518 5724 buerunt,
546 5656 854 5733 et‘ﬂagra‘nt
893 5663 1127 5717 terrenis
1178 5664 1339 5723 rebus
1371 5660 1550 5725 anxie,
1589 5675 1616 5713 a
1654 5660 1847 5729 quibus

266 5753 607 5810 laudabiliter
635 5757 979 5825 torpuisscnt.
1013 5756 1314 5826 Postposita
1341 5754 1537 5824 quippe
1562 5768 1690 5807 cura
1718 5752 1849 5805 lilio-

272 5858 410 5909 tum.
438 5860 578 5917 sa‘pe
600 5861 692 5899 eos
712 5846 894 5900 videas
927 5860 982 5901 sc
1009 5856 1194 5901 contra
1226 5844 1463 5915 pericula
1496 5844 1740 5898 immensi
1765 5842 1844 5895 la-

1944 4747 2093 4813 dicit,
2111 4744 2399 4826 juberique
2435 4744 2539 4803 sibi
2584 4739 2643 4803 ut
2683 4742 2816 4803 illud
2862 4741 3147 4819 perfodiat,
3190 4759 3245 4816 et
3294 4749 3530 4824 amplius

1946 4838 2130 4905 faciat,
2159 4853 2267 4907 quo
2317 4837 2570 4893 videlicet
2618 4848 2805 4909 aperto
2846 4834 3131 4904 foramine,
3164 4840 3324 4896 latius
3352 4842 3528 4911 possit

1944 4932 2148 4986 intrare
2174 4940 2230 4986 et
2252 4930 2607 5001 videre,rqu:e
2628 4929 2762 4986 foris
2791 4931 2975 4987 videre
3004 4933 3211 5001 positus
3238 4948 3342 4988 non
3372 4941 3527 5002 pote—

1944 5029 2047 5075 rat.
2079 5019 2181 5076 Per
2206 5019 2351 5090 quod
2390 5021 2693 5077 ostenditur
2726 5027 2837 5076 tam
2870 5022 2926 5076 in
2966 5022 3233 5089 ecclesiis,
3262 5039 3425 5101 quam
3468 5025 3527 5087 in

1946 5110 2172 5181 singulis
2200 5112 2359 5166 nobis
2388 5126 2485 5182 per
2509 5124 2675 5181 panva
2708 5111 2846 5179 vitia
2877 5111 3080 5180 majora
3115 5108 3443 5180 monstrari,
3471 5124 3528 5176 et

1945 5200 2224 5270 quasiper
2258 5191 2500 5269 quaedam
2542 5199 2805 5255 foramina
2845 5201 2911 5255 ad
2945 5201 3375 5263 aliominationes
3406 5219 3526 5259 ma-

1946 5291 2118 5345 ximas
2146 5290 2436 5362 perveniri.
2470 5308 2489 5342 ι
2514 5280 2615 5355 ἘΣ
2638 5289 2910 5348 fruetibus
2935 5291 3079 5347 enim
3122 5292 3287 5348 arbor
3326 5309 3526 5367 cogno-y

1946 5382 2115 5436 scitur
2162 5381 2375 5453 (Matth.
2406 5380 2541 5453 xu);
2597 5397 2663 5437 ex
2706 5382 3053 5462 abundantia
3083 5384 3226 5450 enim
3258 5385 3435 5440 cordis
3463 5400 3527 5441 os

1946 5476 2183 5546 loquitur
2206 5474 2368 5547 (Luc.
2396 5472 2493 5546 vt).
2527 5494 2545 5527 ι
2575 5474 2679 5531 Pro
2705 5475 2861 5546 signo.
2885 5483 3011 5529 sunt
3040 5464 3311 5534 interioris
3354 5475 3527 5531 homi-

1948 5570 2034 5623 nis
2051 5570 2221 5635 verba
2235 5560 2589 5639 erumpentia.
2618 5568 2896 5636 Quomodo
2909 5558 3269 5639 libidinosum,
3285 5569 3410 5639 quia
3427 5576 3523 5627 sua

1951 5661 2141 5716 callide
2170 5660 2308 5716 celat
2357 5660 2509 5724 vitia,
2539 5660 2809 5715 interdum
2863 5659 3035 5729 turpis
3080 5675 3261 5715 sermo
3303 5660 3509 5719 demoti

1950 5759 2102 5805 strat.
2136 5750 2199 5805 Et
2228 5750 2511 5803 avaritiam
2546 5749 2797 5804 latentem
2832 5749 3158 5804 intrinsecus
3185 5748 3417 5820 parvula:
3448 5750 3527 5808 rei

1954 5840 2148 5912 cupido
2180 5839 2467 5909 signiﬁcat.
2496 5840 2785 5893 Minoribus
2818 5842 2960 5891 nutu
2992 5842 3195 5911 nntlora
3227 5848 3531 5909 monstrum
