3948 6340
471 355 574 412 625

474 566 719 630 scientia,
747 569 873 620 dum
921 567 1193 622 luxuriosa
1252 577 1308 622 et
1357 566 1555 623 lasciva
1599 574 1752 623 mens
1801 567 1946 623 lucet
1985 567 2055 623 'ln

471 657 631 716 facie,
669 665 724 711 et
759 666 970 712 secreta
1016 657 1215 721 cordis,
1249 667 1397 713 motu
1425 659 1679 728 corporis
1717 666 1772 713 et
1817 657 2056 728 gestibus

471 748 800 802 indicantur.

548 845 567 876 σ
610 826 673 883 Et
715 827 988 898 ingressus
1017 829 1144 895 vidi,
1172 837 1233 883 et
1263 843 1390 893 ecce
1432 830 1609 885 omnis
1648 829 1940 885 similitudo
1975 845 2057 884 re-

477 935 496 966 ι
540 918 748 986 ptilium
780 927 835 972 et
862 921 1176 975 animalium
1205 921 1622 986 abominatio,et
1644 923 1893 978 universa
1914 922 2055 978 idola

475 1028 492 1059 ι
538 1010 730 1064 domus
755 1010 921 1066 Israel
950 1013 1160 1083 depicta
1191 1024 1349 1068 erant
1383 1015 1436 1076 in
1465 1015 1670 1085 pariete
1719 1017 1772 1071 in
1823 1016 2054 1072 circuitu
2136 1027 2138 1029 ’

471 1117 489 1148 ι
538 1115 636 1168 per
674 1110 864 1155 totum.
905 1121 923 1153 ι
953 1101 1067 1156 Non
1097 1102 1272 1158 solum
1301 1113 1493 1161 autem.
1509 1105 1709 1166 idolum
1740 1107 1843 1162 zeli
1874 1108 2055 1162 stabat

470 1189 527 1246 in
564 1191 788 1245 introitu
809 1194 1276 1262 portaaquilonis,
1311 1198 1487 1251 sed-et
1503 1212 1696 1252 omnes
1722 1197 1905 1268 templi
1933 1214 2059 1269 par—
2143 1208 2146 1210 ‘

471 1291 554 1335 tes
605 1282 838 1340 diversis
892 1284 1156 1339 idolorum
1205 1286 1530 1358 imaginibus
1587 1277 1966 1360 pingebantur,
1999 1296 2058 1344 ut

470 1372 622 1426 nulla
641 1382 796 1428 esset
813 1375 986 1430 bestia
1014 1392 1177 1445 quam
1223 1393 1330 1433 non
1377 1379 1602 1450 parietis
1647 1381 1859 1450 pictura
1905 1395 2056 1434 mon-

467 1471 682 1516 straret.
709 1462 823 1518 Hoc
855 1465 906 1519 in
929 1465 1166 1522 delubris
1190 1467 1476 1533 idolorum,
1501 1467 1748 1538 fanisque
1772 1468 2054 1540 gentilium

468 1556 574 1622 hue
607 1571 776 1626 usque
800 1558 1212 1628 perspiciamus,
1246 1559 1387 1627 quod
1415 1559 1595 1614 omnia
1624 1573 1822 1630 genera
1852 1559 2057 1616 bestia-

476 1660 595 1699 rum
627 1645 819 1701 adoret
844 1646 1007 1703 stulta
1037 1647 1244 1720 religio.
1276 1648 1427 1704 Unde
1442 1657 1497 1703 et
1522 1646 1779 1720 Virgilius
1805 1660 1830 1690 ι
1863 1667 1876 1704 :

534 1738 964 1798 Omuigenumqua
987 1738 1101 1800 (ait)
1120 1739 1266 1788 deum
1292 1748 1523 1800 monstra,
1551 1747 1602 1789 et
1623 1739 1823 1790 latrator
1846 1738 2048 1803 Anubis,

444 1821 624 1890 quasi
661 1835 766 1874 non
797 1820 966 1882 etilla
990 1821 1098 1877 sint
1123 1833 1364 1876 monstra
1396 1837 1513 1891 qua:
1539 1821 1750 1888 laudat,

532 1920 711 1976 Contra
725 1918 1022 1981 Neptunum,
1049 1927 1101 1969 et
1123 1918 1390 1978 Venerem,
1413 1929 1681 1982 contraque
1704 1921 1992 1971 Mlnervam.

467 2000 764 2067 Possumus
783 2009 838 2060 et
859 2001 912 2056 in
935 2001 1138 2056 nostris
1156 2002 1369 2072 templis
1392 2002 1529 2058 idola
1554 2011 1859 2059 monstrare
1880 2005 2056 2074 parie-

461 2096 614 2156 tibus
643 2095 873 2165 depicta,
897 2094 1114 2166 quando
1135 2095 1388 2166 munibus
1416 2097 1562 2151 vitiis
1611 2097 1978 2168 subiacentes,
2001 2107 2057 2155 et

465 2186 737 2258 pingimus
761 2186 812 2241 iu
845 2187 1009 2245 corde
1034 2195 1222 2241 nostro
1263 2195 1605 2256 peccatorum
1645 2189 2054 2258 conscientiam,

459 2273 842 2348 imaginesque
866 2277 1130 2333 diversas.
1158 2278 1230 2332 De
1251 2279 1446 2348 quibus
1477 2279 1528 2332 in
1554 2279 1784 2336 Psalmis
1814 2281 2012 2338 dicitur
2039 2302 2053 2338 :

472 2386 490 2417 ι
538 2367 785 2430 Domine,
815 2366 868 2420 in
900 2366 1120 2445 civitate
1159 2376 1247 2422 tua
1297 2367 1587 2437 imaginem
1635 2369 1874 2438 ipsorum
1900 2369 2058 2428 dissi-

465 2456 621 2528 pabis
660 2453 835 2528 (I’aal.
864 2457 1056 2529 um).
1092 2476 1111 2510 ι
1156 2457 1225 2513 Et
1269 2458 1322 2512 iu
1368 2459 1474 2515 alio
1514 2459 1678 2522 loco:
1717 2478 1736 2514 t
1773 2461 2058 2520 Verumta-

468 2563 592 2602 men
626 2547 677 2603 in
711 2548 945 2619 imagine
975 2549 1314 2618 perambulat
1353 2549 1515 2607 homo
1545 2549 1718 2622 (Paul.
1751 2552 2002 2626 xxxvm).
2032 2573 2051 2608 ι

442 2638 622 2710 _Quod
675 2638 880 2694 scilicet
936 2637 1116 2706 nullus
1181 2639 1458 2699 hominum
1513 2640 1602 2706 sit,
1660 2641 2057 2714 quivallquam

468 2728 759 2802 imaginem
825 2743 931 2784 non
983 2729 1204 2795 habeat,
1233 2731 1349 2785 sive
1402 2732 1729 2799 sanctitatis,
1783 2733 1898 2790 sive
1937 2749 2060 2804 pec»

456 2819 594 2887 (cati.
655 2817 1016 2885 Quamobrem
1068 2817 1290 2876 furiosis
1351 2821 1552 2877 dicitur
1602 2830 1657 2878 et
1701 2823 1977 2879 iracundis
2039 2843 2053 2882 :

464 2929 495 2969 »ε
531 2909 707 2969 Furor
762 2908 870 2963 illis
910 2907 1065 2978 juxta
1109 2910 1517 2968 similitudinem
1564 2915 1864 2984 serpentis,
1916 2916 2060 2972 sicut

469 2985 672 3072 aspidis
725 2996 925 3064 surdae,
955 3006 1010 3054 et
1041 2999 1346 3054 obturantis
1382 3017 1543 3066 aurea
1588 3018 1738 3070 suas,
1783 3020 1903 3075 qute
1948 3021 2056 3062 non

463 3088 721 3159 exaudiet
749 3101 934 3143 vocem
962 3087 1355 3165 incantantium
1400 3089 1574 3162 (Psal.
1615 3091 1768 3166 tvn).
1814 3113 1835 3146 i
1890 3093 1956 3149 Et
1987 3093 2057 3151 de

468 3177 778 3254 hominibus
805 3191 1036 3251 nequam
1089 3196 1104 3232 ε

467 3269 706 3342 ostendit
745 3269 897 3329 vobis
927 3270 1112 3344 fugere
1146 3278 1428 3326 aventura
1470 3272 1592 3326 ira?
1637 3293 1656 3326 ι
1689 3263 1904 3346 (Matth.
1946 3274 2053 3347 ut.)

469 3360 536 3432 Et
573 3361 639 3414 de
686 3360 1065 3431 versipellibus
1107 3376 1171 3417 ac
1220 3361 1582 3418 fraudulentis
1620 3381 1642 3418 τ
1699 3384 1718 3416 ι
1773 3365 2056 3432 lte,dicite

472 3449 616 3521 vulpi
665 3451 792 3506 huic
841 3450 994 3523 (Luc.
1052 3451 1192 3525 ιω).
1231 3472 1247 3505 ι
1288 3453 1366 3507 Ac
1404 3455 1470 3510 de
1524 3457 1858 3513 amatoribus
1897 3457 2054 3514 femi—

469 3556 660 3596 narum
694 3560 708 3594 :
746 3559 764 3592 ‹
803 3540 940 3611 Equi
989 3541 1323 3612 insanientes
1375 3545 1426 3598 in
1475 3544 1704 3602 feminas
1752 3547 1877 3603 facti
1932 3559 2058 3604 sunt

471 3626 624 3696 mihi,
655 3633 1027 3704 unusquisque
1048 3635 1116 3689 ad
1147 3650 1370 3690 uxorem
1401 3638 1635 3707 proximi
1662 3639 1746 3693 sui
1780 3639 2059 3696 hinniebat

473 3719 606 3793 (Jer.
637 3721 710 3794 v).
753 3743 771 3775 ι
810 3725 885 3778 De
915 3724 1086 3781 brutis
1117 3740 1331 3796 quoque
1355 3731 1427 3782 ac
1479 3729 1800 3786 vecordibus
1832 3749 1844 3785 :
1886 3750 1904 3783 ‹
1953 3732 2058 3787 Νο-

469 3812 563 3868 lite
614 3806 730 3886 lieri
772 3813 912 3868 sicut
960 3830 1132 3884 equus
1180 3824 1235 3870 et
1269 3816 1467 3882 mulus,
1491 3818 1687 3888 quibus
1728 3833 1835 3874 non
1867 3830 1951 3876 est
1975 3821 2058 3875 in-

468 3902 716 3958 tellectus
764 3901 947 3976 (I’sal.
1001 3904 1169 3977 xxxi).
1230 3926 1248 3959 ι
1305 3905 1522 3979 (Grcg.,
1552 3909 1747 3964 Mora].
1779 3910 1871 3971 lib.
1905 3928 2054 3977 xxvt,

467 4013 515 4048 c.
586 3995 682 4070 6.)
736 3996 849 4052 Viri
919 4008 1098 4054 autem
1167 4003 1436 4059 veraciter
1502 4005 1709 4070 sancti,
1771 4021 1894 4061 cum
1962 4007 2058 4062 fla-

467 4087 654 4158 gellari
702 4092 1005 4160 quempiam
1059 4106 1162 4163 pro
1189 4097 1342 4172 culpa
1383 4105 1732 4165 cognoscunt,
1765 4098 1866 4160 etsi
1913 4113 2057 4169 qure-

470 4181 594 4232 dam
620 4176 737 4248 ejus
777 4181 1078 4237 inordinata
1127 4183 1446 4252 corripiunt,
1475 4184 1542 4239 ad
1583 4187 1825 4254 quaedam
1875 4196 2055 4243 tamen

471 4268 703 4324 dolentia
739 4272 1156 4339 compatiuntur.
1191 4272 1254 4331 Et
1282 4274 1361 4328 sic
1401 4274 1580 4331 sciunt
1632 4277 1891 4342 tumentia
1935 4293 2058 4347 pre-

459 4341 640 4433 mere,
671 4367 729 4412 ut
764 4361 935 4415 sciant
964 4361 1126 4415 etiam
1175 4371 1400 4417 cruenta
1433 4363 1635 4430 fovere,
1667 4375 1946 4435 quatenus
2002 4368 2053 4422 in

473 4449 553 4503 eis
578 4451 704 4504 dum
736 4451 869 4504 dura
895 4451 1196 4516 emolliunt,
1225 4453 1439 4530 infirma
1468 4455 1895 4510 roborentur.At
1927 4472 2055 4526 coq-

473 4553 553 4594 tra
571 4552 884 4612 arrogantes
910 4543 1011 4598 viri
1028 4544 1151 4614 quia
1171 4545 1457 4601 charitatis
1470 4547 1681 4602 viscera
1703 4565 1808 4604 non
1833 4548 2054 4615 habent,
2083 4545 2136 4604 D

473 4649 578 4686 non
611 4633 783 4687 solum
824 4650 928 4688 non
966 4633 1388 4704 compatiuntur.
1434 4639 1598 4693 etiam
1623 4640 1786 4709 justis
1834 4641 2059 4698 dolami-

472 4727 593 4789 Lus,
625 4727 719 4782 sed
745 4741 839 4782 eos
872 4727 1092 4799 insuper
1123 4731 1223 4784 sub
1265 4732 1446 4799 specie
1472 4729 1634 4804 justas
1675 4732 2058 4802 increpatiouis

472 4815 738 4889 afﬂigunt.
775 4815 870 4868 Vel
911 4819 952 4871 si
987 4834 1088 4886 qua
1125 4821 1175 4874 in
1209 4822 1288 4873 eis
1317 4829 1438 4875 sunt
1461 4837 1625 4890 parva
1662 4822 1796 4876 mala
1830 4840 2060 4894 exagge-

475 4918 615 4967 rant,
656 4907 739 4961 vel
767 4923 829 4960 ea
870 4924 990 4976 qua:
1015 4924 1140 4963 vere
1169 4910 1304 4964 bona
1340 4922 1486 4974 sunt,
1522 4911 1659 4966 male
1690 4915 1828 4981 apul
1869 4929 1927 4967 se
1974 4915 2057 4968 in-

475 4997 818 5066 terpretanda
877 5007 1231 5052 commutant.
1276 4999 1534 5064 Quamvis
1583 5002 1746 5055 etiam
1785 5003 1920 5057 casti
1965 5005 2061 5058 do-

474 5095 653 5142 ctores
680 5101 822 5158 saepe
854 5103 1184 5158 exaggerare
1209 5089 1421 5144 soleant
1455 5092 1879 5162 delinquentium
1911 5095 2059 5160 vitia,

474 5185 607 5230 etex
627 5178 948 5246 quibusdam
972 5179 1138 5249 signis
1161 5179 1389 5251 publicis
1404 5181 1610 5238 occulta
1636 5183 1912 5249 rimari,ut
1940 5199 2061 5252 pos-

474 5268 584 5322 sint
604 5285 669 5322 ex
693 5269 933 5340 minimis
954 5273 1156 5338 majora
1185 5286 1532 5343 cognoscere.
1554 5274 1704 5331 Unde
1720 5277 1787 5331 ad
1810 5276 2060 5332 Ezechiel

475 5359 672 5430 dicitur
704 5376 716 5411 :
754 5378 769 5408 ι
805 5359 906 5412 Fili
965 5362 1217 5425 hominis,
1253 5363 1377 5419 fode
1426 5366 1708 5436 parietem.
1749 5386 1767 5419 ι
1805 5367 1904 5423 Ubi
1937 5384 2057 5423 mox

469 5449 714 5508 subdidit
745 5493 756 5503 .
796 5472 813 5502 ‹
854 5451 920 5505 Et
949 5467 1069 5507 cum
1103 5455 1460 5524 perfodissem
1493 5460 1776 5529 parietem,
1809 5461 2060 5531 apparuit

474 5540 674 5593 ostium
706 5557 892 5610 unum.
923 5543 987 5597 Et
1018 5545 1154 5599 dixit
1181 5547 1247 5601 ad
1305 5564 1392 5603 me
1438 5567 1450 5601 :
1502 5549 1791 5620 Ingredere
1833 5560 1887 5604 et
1938 5553 2059 5606 vide

471 5632 907 5707 _-;ibominatioues
946 5639 1213 5706 pessimas
1255 5655 1392 5709 quas
1442 5624 1528 5695 isti
1579 5643 1784 5698 faciunt
1834 5644 1940 5697 hic.
1991 5643 2057 5696 Et

1105 361 1165 416 Β.
1211 363 1458 418 ΡΛΒΑΝΙ
1502 364 2080 422 MAURI‘ARCUI’EP.
2120 365 2428 424 MOGUNT‘.
2472 358 2758 423 OPERUM
2793 367 2973 425 PARS
3014 367 3076 423 ll.

474 484 580 536 tur,
611 475 866 542 vuituquc
894 485 944 530 et
985 475 1156 531 oculis
1184 475 1512 530 dissimulari
1561 492 1665 531 non
1703 486 1878 547 potest
1923 483 2054 532 co'n-
2085 485 2130 541 Α
2162 477 2438 548 ingressus
2489 476 2595 530 vidi
2645 494 2658 531 :

1169 3195 1187 3228 ‹
1230 3175 1523 3248 Generatio
1569 3181 1898 3252 viperarum,
1932 3184 2055 3254 quis
2082 3198 2126 3258 ο

3633 372 3768 432 σει-

2718 486 2774 530 et
2822 493 2948 532 ecce
2994 477 3168 532 omnis
3221 463 3518 535 similitudo
3574 485 3746 553 repti-

2158 565 2288 619 limn
2337 562 2391 620 et
2436 567 2747 621 animalium
2795 569 3145 636 abominatio,
3201 581 3254 626 et
3298 587 3425 627 ecce
3484 575 3744 632 universa

2159 655 2302 711 idola
2330 655 2522 712 domus
2554 656 2717 712 Israel
2749 658 2959 728 depicta
2987 669 3141 716 erant
3175 662 3226 716 in
3288 659 3513 733 pariete.
3568 685 3584 716 ι
3639 666 3751 723 Per

2159 747 2499 805 Ezechielcm
2526 747 2720 820 quippe
2753 755 3166 822 prmpositorum
3215 771 3442 824 persona
3471 758 3743 824 signatur.

2159 856 2277 912 per
2303 843 2568 913 parietem
2611 844 2808 897 duritia
2851 845 3207 900 subditorum.
3253 848 3318 902 Et
3356 849 3482 919 quid
3513 861 3596 904 est
3656 865 3726 920 pa

2161 932 2350 988 rietem
2384 931 2600 998 fodere,
2629 937 2730 988 nisi
2777 938 2984 1006 asperis
3019 940 3450 1008 corrcptionibus
3486 944 3742 996 duritian-

2161 1026 2339 1081 cordis
2399 1027 2642 1096 aperire?
2699 1027 2869 1095 Quem
2923 1045 3045 1085 cum
3100 1031 3442 1101 pet-fudisset,
3496 1049 3698 1105 appart:

2159 1108 2378 1173 Ostium.
2411 1119 2545 1186 Quia
2580 1135 2700 1174 cum
2732 1121 2912 1177 cordis
2952 1123 3170 1189 duritia,
3202 1126 3286 1180 vel
3318 1127 3575 1183 studiosis
3623 1146 3722 1198 per

2159 1212 2613 1275 cunctationibus,
2638 1213 2720 1268 vel
2746 1215 2972 1270 maturis
2997 1219 3431 1288 correptionihus
3458 1221 3727 1279 scinditur

2159 1301 2314 1370 quasi
2338 1301 2582 1370 qucedam
2606 1302 2771 1372 janua
2801 1307 3127 1374 ostenditur,
3156 1322 3222 1362 ex
3251 1325 3355 1379 qua
3388 1298 3567 1368 omnia
3596 1314 3648 1367 in

2159 1391 2250 1461 qui
2296 1393 2632 1462 corripitur,
2679 1397 3067 1464 cogitationum
3123 1384 3380 1455 interiora
3437 1402 3726 1462 videantur

2161 1479 2312 1538 Unde
2359 1489 2414 1537 et
2454 1485 2590 1540 bene
2621 1484 2730 1542 illic
2757 1487 3040 1563 sequitur:
3077 1507 3095 1541 ‹
3131 1489 3198 1544 Et
3224 1491 3360 1546 dixit
3384 1489 3459 1550 ad
3485 1508 3574 1552 me
3609 1513 3624 1548 :
3655 1493 3717 1550 In

2157 1573 2384 1642 gradere
2429 1581 2491 1629 et
2543 1575 2666 1629 vide
2709 1575 3141 1642 ab‘ominationes
3167 1581 3429 1651 pessimas
3463 1598 3602 1654 quas
3653 1585 3727 1640 ist

2158 1661 2366 1719 faciunt
2425 1665 2531 1721 hic.
2581 1685 2599 1718 ι
2636 1665 2804 1735 Quasi
2856 1668 3274 1740 lngreditur,ut
3312 1675 3753 1734 abominationes

2159 1742 2405 1824 aspiciat,
2455 1755 2548 1826 qui
2604 1755 2866 1814 discussis
2922 1758 3246 1830 quibusdam
3288 1766 3456 1837 signis
3505 1770 3740 1825 exterius

2159 1846 2544 1916 apparentibus
2570 1888 2586 1913 ,
2641 1849 2716 1904 ita
2776 1852 2940 1910 corda
2991 1853 3330 1912 subditorum
3368 1871 3657 1929 penetrat,
3693 1873 3752 1918 ut

2158 1944 2352 1989 cuncta
2381 1935 2432 1991 ei
2463 1951 2582 2006 quae
2610 1936 2794 1994 illicita
2821 1942 3148 2012 cogitantur,
3179 1946 3542 2019 innotescant.
3590 1951 3750 2008 Unde

2157 2034 2213 2082 et
2237 2027 2472 2084 subdidit
2505 2048 2518 2083 :
2557 2049 2576 2082 ι
2613 2030 2679 2087 Et
2708 2024 2984 2110 ingressus
3030 2037 3136 2091 vidi
3157 2078 3170 2100 ,
3211 2046 3267 2093 et
3298 2055 3427 2095 ecce
3455 2043 3630 2098 omnis
3669 2045 3747 2099 si-

2158 2121 2407 2178 militudo
2473 2125 2748 2195 reptilium
2797 2138 2852 2182 et
2900 2129 3255 2195 animalium,
3309 2133 3662 2190 ahominatio.
3725 2158 3746 2189 ι

2158 2214 2213 2269 ln
2245 2213 2527 2285 reptilihus
2557 2216 2908 2288 cogitationes
2933 2222 3156 2276 omnino
3178 2233 3407 2280 terrena:
3426 2226 3748 2298 signantur;

2158 2297 2212 2359 in
2242 2300 2565 2363 animalibus
2587 2323 2714 2363 vero
2733 2307 2847 2378 jam
2875 2310 3090 2383 quidem
3117 2297 3508 2385 aliquantulum
3535 2335 3564 2372 a
3598 2328 3751 2375 terra

2157 2408 2452 2466 suspensae,
2484 2398 2583 2455 sed
2610 2401 2786 2456 adhuc
2833 2409 3062 2459 terrente
3099 2405 3364 2464 mercedis
3398 2412 3617 2480 praemia
3661 2427 3754 2468 re-

2159 2490 2454 2560 quirentes.
2490 2484 2625 2546 Nam
2660 2494 2873 2565 reptilia
2900 2502 3011 2550 toto
3041 2513 3107 2551 ex
3135 2511 3361 2569 corpore
3387 2509 3541 2558 terra:
3571 2503 3750 2560 inhae-

2159 2590 2300 2648 rent,
2323 2585 2573 2640 animalia
2614 2594 2795 2642 autem
2837 2598 3019 2644 ventre
3058 2605 3088 2644 a
3130 2598 3273 2648 terra
3303 2608 3564 2665 suspensa
3593 2607 3749 2663 sunt,

2157 2671 2396 2749 appetitu
2427 2684 2602 2731 tamen
2636 2675 2772 2750 gulae
2799 2679 2865 2735 ad
2895 2689 3094 2736 terram
3123 2698 3337 2754 seraper
3366 2685 3696 2742 inclinantur
3734 2707 3747 2742 :

2158 2766 2372 2834 reptilia
2427 2766 2608 2838 itaque
2639 2768 2777 2824 intra
2814 2771 3073 2838 parietem
3117 2785 3263 2840 sunt,
3287 2778 3503 2846 quando
3533 2781 3750 2850 cogita-

2159 2859 2331 2913 tiones
2354 2859 2641 2914 volvnntur
2672 2861 2725 2916 in
2759 2872 2956 2924 mente,
2988 2879 3108 2933 qnze
3137 2880 3164 2919 a
3198 2868 3427 2922 terrenis
3456 2869 3749 2928 desideriis

2157 2966 2431 3022 nunquam
2460 2954 2726 3013 levantur.
2761 2953 3026 3013 Animalia
3067 2973 3280 3028 quoque
3309 2971 3437 3016 sunt
3474 2963 3612 3018 intra
3639 2981 3750 3036 pa-

2159 3041 2368 3108 rietem,
2397 3045 2612 3114 quando
2641 3052 2694 3099 et
2730 3045 2774 3100 si
2804 3061 2908 3115 qua
2928 3046 3041 3115 jam
3064 3050 3235 3119 justa,
3283 3053 3327 3106 si
3367 3069 3473 3124 qua
3514 3055 3752 3113 honesta

2159 3136 2498 3206 cogitantur,
2546 3137 2860 3206 appetendis
2910 3147 3092 3197 tamen
3145 3141 3310 3198 lucris
3357 3146 3753 3216 temporalibus

2159 3227 2562 3303 honoribusque
2592 3235 2924 3304 deserviunt,
2954 3248 3008 3294 et
3053 3255 3151 3310 per
3200 3243 3486 3313 semetipsa
3521 3247 3750 3315 quidem

2153 3319 2266 3388 jam
2299 3321 2453 3390 quasi
2494 3340 2522 3377 a
2553 3333 2696 3379 terra
2725 3343 2986 3399 suspensa
3019 3341 3164 3397 sunt,
3189 3334 3281 3388 sed
3306 3335 3482 3389 adhuc
3503 3350 3602 3404 per
3626 3353 3753 3391 am-

2156 3411 2350 3476 bitum,
2375 3414 2529 3482 quasi
2564 3431 2660 3484 per
2702 3417 2837 3487 gula:
2867 3421 3189 3477 desiderium
3216 3438 3334 3479 sese
3368 3428 3433 3480 ad
3463 3426 3569 3481 ima
3615 3430 3752 3483 sub—

2159 3503 2396 3557 mittunt.
2419 3503 2569 3560 Unde
2584 3515 2650 3560 -et
2671 3507 2807 3564 bene
2836 3511 3082 3567 subditur
3111 3532 3122 3566 :
3168 3533 3184 3564 ε
3219 3514 3288 3573 Ει
3317 3517 3564 3572 universa
3601 3520 3749 3574 idola

2159 3594 2348 3650 domus
2385 3597 2550 3653 lsrael
2606 3599 2816 3669 depicta
2867 3613 3021 3658 erant
3060 3605 3111 3660 in
3153 3607 3380 3676 pariete.
3410 3630 3427 3660 ι
3465 3608 3747 3682 Scriptum

2159 3686 2356 3756 quippe
2388 3697 2473 3742 est
2506 3706 2518 3742 :
2555 3709 2571 3740 ι
2609 3689 2677 3744 Ει
2706 3691 2950 3757 avaritia,
2985 3711 3105 3764 quze
3146 3703 3228 3752 est
3259 3698 3524 3752 idolorum
3566 3705 3749 3756 servi-

2161 3784 2247 3844 tus
2294 3774 2519 3845 (Colosa.
2557 3778 2660 3852 HI).
2700 3799 2718 3831 ι
2758 3781 2922 3836 Recte
2965 3798 3096 3854 ergo
3128 3794 3250 3855 post
3287 3788 3538 3843 animalia
3599 3791 3748 3847 idola

2159 3867 2577 3934 describuntur,
2631 3872 2755 3940 quia
2802 3873 2901 3927 etsi
2951 3875 3174 3929 honesta
3232 3879 3442 3934 actione
3499 3883 3752 3938 nonnulli

2158 3956 2309 4022 quasi
2345 3973 2372 4009 a
2403 3966 2543 4012 terra
2572 3973 2628 4013 se
2658 3960 2891 4032 erigunt,
2918 3963 3210 4019 ambitione
3240 3975 3417 4022 tamen
3452 3968 3748 4025 inhenesta

2160 4062 2219 4100 se
2280 4050 2480 4118 ctipsos
2499 4050 2564 4104 ad
2586 4060 2784 4106 terram
2808 4053 3104 4127 deponunt.
3136 4056 3282 4114 Bene
3311 4071 3491 4115 autem
3521 4066 3747 4131 dicitur,

2163 4155 2183 4188 t
2229 4139 2438 4210 depicta
2474 4152 2650 4204 erant,
2681 4162 2696 4193 ι
2741 4144 2864 4213 quia
2899 4146 3026 4201 dum
3066 4149 3390 4205 exteriorum
3434 4159 3612 4208 rerum
3650 4171 3753 4211 ex-

2161 4230 2425 4286 trinsecus
2453 4234 2659 4300 species
2690 4237 3062 4302 attrahuntur,
3091 4241 3246 4309 quasi
3280 4243 3332 4296 in
3360 4245 3523 4299 corth
3555 4245 3751 4315 depin-

2158 4321 2320 4390 gitur,
2354 4324 2612 4392 quidquid
2653 4325 2788 4381 lictis
2820 4329 3141 4400 imaginibus
3165 4333 3512 4389 deliberando
3537 4340 3750 4408 cogita-

2161 4417 2264 4462 tur.
2309 4410 2610 4468 Notandum
2656 4417 2837 4486 itaque
2881 4428 2981 4486 est,
3031 4421 3155 4490 quia
3198 4424 3348 4491 prius
3399 4427 3637 4482 foramen
3691 4432 3748 4485 in

2162 4499 2387 4566 pariete,
2413 4517 2476 4558 ac
2506 4499 2696 4560 deinde
2724 4507 2920 4562 ostium
2953 4513 3226 4576 cernitur,
3257 4523 3311 4568 et
3349 4523 3475 4570 tunc
3525 4518 3748 4573 demum

2162 4589 2372 4645 occulta
2431 4593 2761 4649 abominatio
2813 4600 3250 4669 demonstratur,
3298 4606 3426 4675 quia
3487 4609 3748 4666 nimirum

2163 4685 2586 4759 uniuscujusque
2616 4705 2830 4760 pet-cata
2859 4697 3006 4764 prius
3033 4698 3185 4764 signa
3208 4697 3530 4763 forinsecus.
3549 4703 3750 4759 deinde

2155 4778 2322 4849 jauua
2353 4792 2552 4851 aperta:
2581 4787 2883 4859 iniquitatis
2912 4794 3232 4847 ostenditur.
3267 4792 3332 4850 Et
3374 4805 3500 4851 tunc
3527 4795 3747 4852 demum

2163 4888 2322 4928 omne
2353 4877 2549 4935 malum
2575 4879 2714 4946 quod
2739 4879 2884 4935 intus
2911 4883 3040 4938 latet
3071 4885 3351 4954 aperitur:
3387 4886 3592 4944 idcirco
3613 4902 3750 4959 ergo

2163 4967 2325 5020 etiam
2351 4967 2601 5024 doctores
2633 4973 2870 5042 graviter
2893 4974 3069 5030 solent
3097 4977 3303 5033 utinuta
3362 4978 3656 5045 discutere,
3683 4989 3750 5035 ut

2165 5058 2233 5110 ab
2269 5062 2526 5116 extremis
2553 5065 2912 5124 exterioribus
2939 5069 3006 5122 ad
3036 5069 3250 5126 occulta
3291 5072 3499 5139 possint
3537 5073 3748 5141 majora

2163 5151 2462 5216 pervenire,
2509 5155 2671 5210 verba
2717 5171 2922 5226 aspera:
2972 5160 3355 5232 increpationis
3403 5174 3650 5228 movent,
3684 5175 3787 5220 ut

2164 5244 2345 5313 spinas
2387 5247 2678 5303 mortifera:
2713 5251 3052 5321 cogitationis
3071 5255 3366 5310 eradicent.
3400 5257 3464 5312 Et
3485 5257 3600 5311 hazc
3619 5272 3748 5311 cum

2164 5346 2363 5405 agunt,
2432 5341 2713 5397 charitatis
2769 5359 2952 5397 amore
3016 5346 3256 5417 sapiunt,
3308 5363 3413 5402 non
3469 5348 3750 5402 inﬂatione

2167 5429 2414 5485 elationis
2454 5432 2836 5488 intumescunt.
2873 5434 3007 5490 Mori
3052 5439 3195 5492 enim
3242 5452 3341 5509 pro
3391 5439 3522 5507 ipsis
3571 5440 3750 5510 parati

2166 5536 2311 5588 sunt,
2343 5539 2478 5592 quos
2504 5526 2657 5593 quasi
2685 5541 2854 5596 usque
2884 5528 2951 5582 ad
2996 5539 3223 5584 mortem
3275 5531 3562 5585 saevientes
3609 5528 3750 5584 ami-

2165 5621 2315 5682 guut.
2347 5612 2575 5669 Servant
2600 5614 2651 5668 in
2695 5617 3020 5686 cogita'ione
3061 5619 3201 5689 quod
3242 5619 3472 5694 diligunt
3529 5630 3751 5676 sumunt

530 5742 555 5769 ³
633 5747 823 5803 Πιιεῖά.
877 5751 964 5807 liii.
1020 5769 1151 5817 \‘lll,
1203 5755 1255 5806 in
1305 5754 1668 5824 descriptiunc
1714 5757 1882 5826 θίξιννυί
1937 5756 2154 5824 ,ᾄῖιιξυῑικ
