3948 6336
436 374 540 431 (5‘27

442 505 578 564 quas

445 556 566 638 nias
585 578 724 634 filius
744 574 989 645 Saphan,
1012 577 1259 625 tenentes
1278 561 1555 622 tburibula
1568 556 1626 616 in
1642 556 1913 619 manibus,
1934 568 2022 607 se-

444 675 623 733 cundo
653 643 887 729 dicitur:
932 684 950 719 ι
986 663 1178 719 Adhuc
1225 671 1519 719 conversus
1566 649 1773 707 videbis
1818 643 2026 702 abomi-

446 768 696 825 nationes
721 758 954 828 majores
983 756 1087 811 his.
1125 773 1143 806 ι
1174 751 1304 821 Quae
1343 758 1426 805 est
1466 753 1645 802 autem
1681 740 1853 811 major
1899 735 2030 789 abo-

449 966 567 1023 qua:
592 917 838 1018 sequitur
868 962 881 997 :
916 960 934 994 ι
966 939 1107 995 Ecce
1134 938 1187 993 in
1228 934 1367 991 ostio
1410 922 1593 998 temin
1626 919 1842 982 Domini
1890 917 2033 972 inter

449 1005 774 1098 vestibulum
821 1040 878 1089 et
927 1030 1139 1093 altare,
1208 1025 1362 1097 quasi
1408 1017 1603 1089 viginti
1647 1012 1889 1084 quinque
1928 1005 2033 1061 viri

637 1127 901 1183 habentes
929 1127 1117 1177 contra
1146 1094 1403 1184 templum
1431 1101 1666 1171 Domini,
1695 1104 1751 1157 et
1776 1096 1941 1154 facies
1965 1094 2035 1150 ad

452 1226 750 1287 orientem,
777 1227 834 1279 et
875 1214 1171 1272 adorabant
1216 1206 1283 1263 ad
1326 1210 1509 1260 ortum
1544 1196 1695 1260 solis,
1730 1211 1749 1245 ο
1781 1206 1847 1247 eo
1871 1186 2034 1258 quod,

453 1322 766 1385 contempto
783 1308 1036 1370 Domino,
1059 1302 1112 1359 id
1141 1308 1227 1357 est
1253 1299 1518 1357 creatore,
1532 1288 1825 1345 adorarent
1844 1279 2036 1341 solem,

454 1412 509 1468 id
530 1371 849 1466 est'Domini
890 1406 1233 1458 creaturam,
1259 1386 1607 1462 prmeipiente
1652 1380 1772 1450 ipso
1813 1371 2041 1431 Domino

454 1462 815 1575 per‘Moysen,
841 1489 984 1563 quod
1028 1495 1368 1556 nequaquam
1412 1476 1467 1532 in
1507 1484 1714 1529 morem
1761 1462 2040 1538 gentilium

460 1553 969 1651 contra‘oricniem
1015 1553 1187 1637 Deum
1231 1574 1459 1629 adorare
1512 1564 1797 1625 deberent,
1844 1555 1939 1612 sed
1987 1553 2042 1608 in

460 1694 784 1759 quacunque
828 1682 983 1746 parte
1015 1670 1205 1727 fuisset
1253 1663 1435 1727 nobis,
1475 1658 1593 1715 sive
1639 1653 1710 1709 ‘ad
1757 1648 2044 1709 orientem,

1394 1754 1406 1759 ‘
1588 1745 1657 1759 "'
1835 1738 1941 1759 A2-.-
1979 1733 2044 1759 Α..

462 1733 775 1759 Ὶ““⁷*”Ί⁷“
831 1733 847 1746 ι

461 1780 575 1835 sive
636 1773 704 1829 ad
748 1767 1127 1827 occidentem,
1176 1758 1290 1815 sive
1341 1754 1410 1809 ad
1467 1745 1772 1808 meridiem,
1830 1738 1945 1795 sive
1979 1733 2047 1788 ad

1086 361 1147 418 Β.
1189 352 1440 413 ΠΑΒᾹΝῙ
1477 350 1699 408 MAUPJ
1733 344 2051 403 ARCHIEP.
2097 336 2405 397 MOGUNT.
2441 334 2728 393 OPERUM
2766 331 3041 390 l‘Ai‘tS‘ﬂ.

630 485 926 541 adorabant
986 478 1326 550 septuaginta
1377 468 1686 545 presbyteri
1750 473 1808 522 et
1869 462 2025 519 cho-
2052 471 2098 531 Α
2128 458 2277 512 ciens
2309 454 2530 519 omium,
2555 461 2610 509 et
2636 451 2828 517 solem,
2857 459 2913 505 et
2943 450 3145 513 lunam,
3176 454 3231 500 et
3262 453 3409 499 astra
3438 440 3716 509 fulgentia,

2125 549 2403 606 osculatus
2422 549 2495 605 sit
2514 561 2731 603 manum
2749 560 2922 609 suam,
2939 543 2991 597 id
3006 535 3405 601 estadoraverit
3418 541 3718 588 creaturas.

3614 318 3717 376 623

2204 660 2225 695 ς
2268 640 2409 711 Ergo
2430 646 2487 695 et
2513 652 2612 708 ego
2638 636 2831 692 faciam
2862 634 2917 688 in
2945 631 3129 686 furore
3153 647 3167 683 :
3195 642 3299 682 non
3325 630 3516 695 parcet
3536 619 3724 675 oculus

2136 751 2154 783 α
2188 745 2348 786 meus
2367 745 2469 786 nec
2498 727 2817 783 miserebor.
2851 723 3059 779 Etcum
3086 715 3445 775 clamaverint
3472 711 3543 767 ad
3566 722 3728 764 aures

2140 843 2157 876 ι
2197 834 2346 878 meas
2374 835 2509 876 voce
2530 834 2749 891 magna,
2774 832 2883 872 non
2909 796 3209 871 exaudiam.
3243 827 3356 867 eos.
3391 829 3410 861 ι
3463 806 3573 862 Pro
3618 804 3724 866 his,

2134 914 2230 980 ait,
2261 910 2514 967 omnibus
2540 925 2661 980 quas
2689 908 2956 972 fecerunt,
2971 914 3025 961 et
3038 919 3145 975 ego
3160 902 3354 958 faciam
3378 901 3431 955 in
3455 897 3659 961 furore,
3673 902 3732 950 et

2135 1016 2243 1059 non
2265 1008 2452 1073 parcet
2469 1000 2657 1080 oculus
2679 1012 2852 1061 meus,
2872 1011 2973 1051 nec
2994 993 3314 1050 miserebor.
3336 988 3492 1058 Quod
3514 986 3735 1043 audien-

2137 1104 2220 1151 tes
2260 1088 2476 1161 veteres
2499 1077 2763 1155 haaretici,
2803 1077 3732 1156 creaturem._calumnianturIQuasi

2136 1184 2417 1241 crudelem
2439 1180 2955 1252 essangiiinarium,
3002 1191 3100 1231 nec
3136 1176 3379 1245 cogitant
3429 1161 3736 1249 apostolum

2140 1274 2507 1345 Paulum-qui
2539 1282 2687 1328 certe
2714 1271 2840 1326 boni
2873 1270 2987 1333 Dei,
3018 1276 3077 1321 ut
3106 1243 3434 1337 ipsi‘voiunt,
3459 1243 3735 1331 apostolus

2143 1376 2246 1432 est,
2274 1365 2513 1421 scribere
2540 1363 2607 1417 ad
2635 1359 2983 1439 corinthios:
3015 1376 3033 1408 ι
3064 1355 3121 1410 Si
3146 1367 3345 1409 venero
3372 1343 3609 1428 rursum,
3631 1361 3738 1401 non

2143 1420 2363 1529 parcam
2393 1452 2440 1525 (1
2450 1452 2479 1506 Ι
2499 1450 2624 1506 Cor.
2656 1436 2802 1521 xiii),
2832 1466 2849 1498 ι
2872 1458 2931 1501 ιιι
2957 1440 3108 1516 virga
3130 1443 3391 1513 corripiat
3417 1420 3737 1507 delinquen-

2148 1555 2252 1610 tes,
2278 1552 2334 1600 et
2360 1549 2608 1599 errantes
2639 1540 2877 1594 retrahat
2907 1536 2975 1591 ad
3019 1514 3270 1591 salutem.
3318 1531 3419 1597 Qui
3450 1514 3737 1582 enimnon

2148 1634 2456 1705 intelligunt
2516 1632 2657 1702 quid-
2707 1629 2813 1686 sibi
2868 1620 3061 1699 prosit,
3109 1631 3163 1679 et
3208 1631 3369 1677 orent
3418 1619 3735 1688 frequenter

2153 1726 2447 1790 contraria,
2474 1724 2691 1794 expedit
2719 1721 2796 1777 eis
2822 1728 2882 1775 ut
2913 1733 3016 1772 non
3055 1714 3415 1771 exaudiantur
3435 1726 3466 1764 a
3492 1708 3738 1764 Domino.

462 1797 575 1835 εινθ
636 1797 704 1829 au
748 1797 1085 1826 υυυιυςιιιιυιιι
1111 1801 1127 1827 ,
1176 1797 1290 1815 συν
1341 1797 1410 1809 ..υ-
1468 1797 1709 1805 ._-_-_--,
1758 1797 1770 1808 ,

462 1864 885 1940 septentrionem
931 1856 1221 1912 adorarent
1271 1853 1460 1928 contra
1518 1836 1798 1909 templum,
1846 1829 1938 1885 ubi
1991 1827 2044 1880 in
2076 1809 2120 1869 Β
2153 1818 2305 1876 Unde
2321 1815 2448 1872 etin
2474 1813 2719 1870 oratione
2737 1808 3015 1865 Dominica
3030 1800 3481 1861 dicimusziFiat
3497 1797 3744 1851 voluntas

1362 1933 1393 1940 “
1501 1933 1513 1940 ·
1788 1925 1802 1940 “
1839 1923 1863 1940 ι
1882 1930 1999 1940 -----
2031 1935 2043 1940 -
2149 1917 2239 1940 m'n
2290 1926 2307 1940 ι
2333 1920 2438 1940 mm
2461 1905 2711 1940 νηθιηιιαα
2737 1909 2921 1940 ηηειι-ςι
2972 1892 3626 1940 ηιιειλεριιιιειιιρροηςυρνίῐ.
3652 1887 3744 1940 sed

464 1966 657 2019 sancto
710 1959 1019 2011 sanctorum
1084 1942 1330 2000 habitare
1360 1923 1625 1992 Dominus
1665 1923 2043 1982 credebatur:

669 2047 889 2120 quidem
947 2048 1003 2097 et
1066 2031 1342 2092 Danielem
1403 2028 1458 2081 in
1521 2018 1793 2091 Babylone
1850 2012 2049 2067 fecisse

467 2108 704 2218 legimus.
749 2137 925 2212 (Dan.
979 2130 1103 2199 γι),
1160 2124 1250 2195 qui
1304 2117 1509 2190 apertis
1562 2108 1818 2180 fenestris
1868 2115 2051 2159 cuina-

1076 2214 1081 2218 .
1193 2217 1197 2218 ν
1481 2215 1489 2218 Α
1612 2213 1650 2218 ,Α
1756 2199 1860 2218 ,ψ
1913 2192 2051 2218 ΝΜ,

469 2192 576 2296 ωἾί
618 2234 701 2292 sui
744 2192 1006 2286 adorabat
1046 2192 1337 2275 Dominum
1368 2215 1561 2267 contra
1611 2199 1866 2286 templum
1908 2192 2054 2265 quod

468 2326 669 2386 eratin
714 2315 1053 2378 Jerusalem;
1084 2310 1188 2365 hoc
1226 2304 1381 2374 juxta
1408 2299 1647 2355 litteram
1681 2278 1847 2346 fuisse
1891 2283 2056 2369 sacri-

472 2365 588 2386 u'll.
619 2365 669 2380 III
715 2365 796 2377 'v-
813 2365 1015 2373 —-v‘v'-v—
1042 2365 1053 2378 ,
1226 2365 1244 2374 -

472 2416 595 2489 legii
624 2424 783 2468 nemo
806 2404 1036 2463 dubitat.
1068 2392 1377 2474 Secundum
1401 2398 1679 2457 anagogen
1709 2392 1899 2435 omnes
1946 2365 2057 2429 haz-

1216 2483 1246 2489 “
1373 2480 1420 2489 -·
1510 2484 1520 2489 -
1574 2475 1588 2487 ο
1612 2473 1626 2489 ι
1666 2470 1709 2489 ι-
1734 2466 1835 2489 -Λε
1874 2464 2030 2489 _:-..:-

470 2464 671 2565 retices
694 2501 909 2573 pejores
927 2506 1048 2549 esse
1062 2471 1355 2561 prioribus,
1370 2480 1424 2535 id
1444 2484 1551 2543 est,
1574 2470 1718 2529 idolo
1734 2466 1855 2533 zeli,
1874 2464 2060 2536 pictis-

475 2615 582 2671 que
635 2559 931 2666 in.pariete
975 2559 1163 2659 ﬁguris
1221 2567 1601 2635 animantium,
1650 2567 1863 2638 planctu
1919 2559 2061 2615 Ado-

1293 2669 1304 2671 -
1974 2648 2059 2671 ιη-

763 2698 881 2755 quze
906 2648 1209 2760 idololatria
1226 2669 1578 2738 voluptasque
1599 2662 1954 2715 monstratur,
1974 2648 2063 2704 ille

477 2746 847 2851 scire'poterit
871 2772 963 2843 qui
1010 2746 1339 2825 intellexerit
1361 2755 1700 2829 prophetam,
1732 2747 2008 2828 dicentem
2045 2758 2058 2793 :

485 2898 502 2929 ι
548 2876 627 2930 Tu
648 2822 832 2927 autem
856 2822 1018 2943 ojdisti
1037 2822 1380 2927 disciplinam
1402 2822 1757 2916 et—projecisti
1787 2822 2065 2895 scrinones

480 2958 641 3023 Ineos'
683 2966 808 3031 post
860 2964 913 3011 te
968 2930 1142 3024 (Ριαι.
1176 2924 1453 3031 —'xt.ts)._‘a
1506 2934 1574 2995 Et
1625 2932 1681 2987 in
1728 2927 1836 2984 alio
1885 2924 2006 3031 loc?
2048 2938 2061 2975 :

492 3075 509 3107 ι
549 3005 840 3109 Venerunt
882 3005 1070 3100 contra
1111 3051 1197 3092 me
1225 3005 1500 3102 scapulam
1541 3022 1883 3079 recedentem
1920 3005 2064 3088 (Ier.

484 3144 579 3217 ιι).
623 3163 641 3194 ι
671 3141 753 3194 An
792 3137 1106 3206 ignoramus
1134 3100 1469 3181 Marcionem,
1487 3121 1545 3169 et
1586 3115 1813 3167 cmtcros
1852 3100 2069 3159 haereti-

1152 3215 1180 3217 ᾉ
1440 3215 1446 3217 ‘
1679 3209 1691 3217 -
1709 3215 1722 3217 —
1738 3203 1877 3217 ρ--ΔΑ
1901 3194 2033 3217 Π-ι...

484 3194 597 3299 cols,
630 3231 719 3301 qui
738 3194 903 3285 Vetus
923 3220 1127 3276 laniant
1141 3215 1549 3271 Testamentum
1570 3203 1881 3287 contempto
1896 3194 2069 3250 Crea—

487 3284 703 3387 tore,id
734 3313 980 3384 estjusto
1005 3310 1133 3373 Deo,
1166 3303 1333 3359 alium
1362 3284 1649 3368 quemdam
1676 3286 2073 3345 bonumrbeum

486 3415 665 3473 colere
698 3419 753 3467 et
782 3407 1043 3468 adorare,
1087 3412 1246 3470 quem
1290 3391 1358 3448 de
1405 3402 1506 3445 suo
1556 3383 1719 3440 corde
1744 3379 2072 3438 finxerunt,

487 3517 783 3574 omnesque
838 3467 1313 3558 nostritemporis
1360 3476 1603 3536 haeretici
1641 3474 1732 3543 qui
1778 3469 1876 3525 Dei
1908 3467 2074 3522 filium

490 3600 786 3675 praedicant
826 3598 1160 3658 creaturam,
1184 3588 1238 3635 et
1270 3582 1450 3632 tamen
1480 3569 1708 3625 adorant
1734 3577 1856 3619 eum
1889 3559 2079 3615 relicto

1519 3662 1530 3675 '
1590 3659 1694 3675 ιη-
1753 3653 1849 3675 ἔκ-ἒ
1881 3647 2058 3675 ..λ-..τιμε

492 3647 790 3752 divinitatis
814 3679 1012 3751 templo
1056 3655 1112 3731 et
1134 3678 1257 3743 past
1279 3678 1486 3749 tergum
1519 3659 1725 3721 habito,
1753 3653 1852 3724 ipsi
1878 3647 2083 3706 confes-

494 3786 646 3842 sione
672 3791 768 3835 sua
800 3778 1104 3829 creaturam
1132 3742 1360 3817 adorare
1388 3748 1445 3810 Se
1473 3746 1697 3814 dicunt?
1746 3743 1855 3798 Nos
1903 3742 2080 3794 autem

496 3879 579 3933 sic
605 3860 897 3926 adoramus
924 3858 1094 3916 solem
1132 3849 1378 3922 iustitiae,
1404 3852 1464 3897 ut
1492 3840 1664 3897 Deum
1705 3835 1991 3889 adoremus
2029 3828 2083 3881 in

715 3918 937 4016 veteris
970 3918 1330 4007 Testamenti,
1360 3937 1452 3994 ubi
1476 3935 1563 3989 lex
1588 3940 1643 3985 et
1676 3927 1971 4000 prophetae,
1994 3918 2084 3974 ubi

498 4052 782 4115 cherubim
803 4055 859 4104 et
883 4036 1321 4117 propitiatorium
1348 4038 1452 4087 est:

885 4103 953 4194 ad
976 4103 1061 4190 me
1089 4150 1102 4185 :
1135 4130 1295 4185 Certe
1314 4120 1515 4184 vidisti,
1558 4115 1633 4171 illi
1658 4109 1894 4169 hominis
1940 4103 2088 4159 Nun-

507 4263 525 4296 c
561 4238 690 4311 quid
719 4235 835 4289 leve
858 4236 941 4286 est
966 4226 1071 4280 hoc
1099 4216 1279 4276 doiuui
1308 4212 1443 4268 Juda
1463 4250 1478 4275 ,
1501 4214 1563 4262 ut
1605 4204 1847 4266 facerent
1884 4193 2091 4251 aboiui-

511 4356 530 4391 ι
574 4290 822 4391 nationes
851 4327 985 4381 istas
1007 4331 1142 4389 quas
1190 4313 1439 4391 fecerunt
1486 4303 1597 4369 hic,
1656 4298 1778 4371 quia
1823 4290 2093 4362 replentcs

510 4451 530 4483 ι
566 4438 768 4485 terram
788 4416 1073 4488 iniquitate
1101 4388 1349 4464 conversi
1379 4405 1505 4454 sunt
1535 4396 1600 4448 ad
1621 4387 1945 4445 irritanduin
1971 4378 2094 4436 me?

513 4541 530 4574 ι
572 4518 639 4575 Ει
659 4528 785 4571 ecce
812 4473 1083 4580 applicant
1111 4510 1319 4553 ramum
1350 4491 1416 4546 ad
1442 4500 1602 4543 nares
1626 4496 1773 4542 suas,
1808 4499 1826 4530 ι
1861 4486 1964 4532 etc.
1994 4473 2096 4528 Pro

2149 1917 2269 1973 tua,
2289 1926 2307 1959 ›
2333 1920 2440 1962 non
2461 1905 2712 1960 voluntas
2737 1909 2947 1965 nostra,
2972 1892 3627 1970 quaeerrareconsuevit,
3652 1887 3748 1944 sed

2151 2001 2401 2056 voluntas
2431 1994 2543 2062 tua,
2563 2003 2682 2067 mite
2713 1994 2892 2050 futura
2923 1987 3563 2063 cognoscit.-Magnmque
3586 1984 3748 2036 inter-

2153 2093 2278 2149 dum
2301 2089 2577 2146 fclicltatis
2596 2096 2698 2152 est,
2719 2086 2783 2140 ad
2806 2096 3043 2155 pmens
3065 2077 3493 2136 misericordiam
3517 2088 3621 2128 non
3639 2086 3749 2126 me-

2154 2185 2283 2240 reri.
2308 2182 2378 2239 Et
2397 2181 2520 2238 istis
2543 2177 2835 2251 igitur'qui
2865 2184 2993 2230 sunt
3018 2174 3088 2229 de
3109 2172 3272 2227 domo
3296 2167 3455 2233 Juda,
3486 2174 3541 2220 et
3563 2180 3593 2218 a
3624 2177 3751 2218 eon-

2156 2276 2391 2333 fessione
2416 2271 2670 2329 Ecclesia:
2694 2273 3058 2332 recesserunt,
3102 2279 3210 2319 non
3249 2262 3437 2332 parcet
3470 2256 3745 2311 Dominus.

2157 2368 2401 2436 Cumque
2427 2361 2787 2420 clamaverint
2814 2373 2947 2414 voce
2975 2371 3168 2425 magna
3189 2395 3203 2421 ,
3235 2355 3304 2409 de
3352 2367 3458 2422 qua
3493 2348 3751 2404 Dominus

2158 2459 2329 2514 dixit:
2363 2474 2381 2509 ‹
2415 2454 2633 2511 Clamor
2657 2466 2846 2507 eorum
2872 2448 3122 2521 pervenit
3144 2446 3209 2501 ad
3237 2460 3355 2509 me,
3391 2463 3410 2497 ι
3440 2452 3618 2497 tamen
3648 2438 3747 2495 Do.-

2158 2550 2341 2607 minus
2367 2562 2473 2603 non
2512 2542 2910 2605 exaudiet-eos,
2947 2547 3004 2594 ut
3042 2536 3212 2592 smalis
3254 2533 3429 2590 coacti
3456 2529 3754 2600 intelligant

2161 2638 2293 2710 quid
2321 2634 2567 2692 fecerint.

2761 2718 2989 2777 CAP-UT
3050 2716 3119 2773 lX

2164 2840 2243 2896 De
2262 2855 2354 2894 sea:
2391 2837 2513 2892 uiris
2555 2829 2726 2887 missis
2757 2832 2824 2884 (id
2858 2829 3197 2895 vastationem
3228 2824 3435 2896 populi;
3468 2824 3532 2877 de
3567 2822 3674 2877 viro
3699 2820 3763 2875 li-

2506 2907 2618 2959 neis
2648 2902 2853 2965 induto,
2880 2915 2999 2954 cum
3022 2896 3418 2951 atramentario.

2230 3042 2260 3077 4
2290 3023 2359 3079 Et
2383 3021 2640 3077 clamavit
2676 3019 2729 3073 in
2769 3016 2991 3071 auribus
3040 3012 3175 3067 meis
3222 3024 3355 3066 voce
3404 3021 3599 3079 magna
3624 3049 3639 3073 ,
3684 3005 3765 3061 di-

2170 3133 2194 3169 ι
2224 3129 2392 3171 cens‘:
2423 3109 3005 3182 Appropinquavcrunt
3028 3103 3362 3157 visitationes
3393 3098 3564 3162 urbis,
3599 3115 3618 3148 ι
3654 3103 3761 3152 etc.

2095 3167 2141 3230 Ο
2175 3207 2282 3263 Pro
2310 3167 2774 3261 visita-tionibus}
2800 3199 3057 3253 ultionem
3103 3216 3120 3249 ι
3156 3191 3768 3265 δεριυθεῒηιδὶηηεω-

2174 3298 2373 3359 lerunt.
2426 3312 2444 3348 ι
2490 3294 2618 3349 Mihi
2672 3293 2817 3348 enim
2864 3290 3123 3354 vindicta,
3161 3286 3259 3359 ego
3290 3284 3606 3348 retribuam,
3641 3278 3771 3337 dicit

2176 3391 2437 3446 Dominds
2467 3382 2640 3458 (Rom.
2675 3382 2793 3454 xu).
2836 3404 2853 3435 ι
2880 3380 3176 3448 Omnisque
3220 3377 3353 3431 ultio
3389 3374 3626 3429 visitatio
3664 3381 3771 3435 est,

2180 3480 2332 3553 quasi
2364 3472 2697 3550 a‘grotanti's,
2724 3473 2879 3543 quasi
2911 3469 3161 3526 habentis
3194 3466 3438 3529 inlinera,
3470 3462 3625 3534 quasi
3663 3476 3774 3516 me—

2181 3575 2328 3629 dicas
2362 3567 2730 3640 exspectantis
2764 3571 2996 3631 manus,
3021 3562 3174 3632 juxm
3206 3557 3335 3613 illud
3368 3556 3511 3625 quod
3538 3553 3664 3608 aiilri
3696 3553 3775 3615 di-

2182 3663 2332 3720 ctum
2357 3665 2479 3715 est:
2516 3676 2533 3708 ‹
2570 3655 2816 3712 Visitabo
2842 3654 2898 3707 i-n
2942 3653 3093 3722 virga
3138 3648 3449 3717 iniquitates
3480 3659 3689 3706 eorum,
3724 3646 3778 3697 et

2180 3757 2237 3811 in
2282 3752 2503 3823 flagellis
2562 3756 2785 3820 peccata
2840 3755 3048 3804 eorum.
3104 3736 3526 3795 Misericordiam
3595 3742 3777 3787 autem

2186 3846 2359 3903 meam
2389 3861 2494 3901 non
2519 3841 2762 3897 auferam
2788 3839 2855 3893 ab
2878 3832 3144 3907 eis(Psal.
3172 3827 3453 3899 Lxxxvm).
3480 3827 3777 3893 Recteque,

2188 3950 2246 3993 ut
2291 3951 2455 4006 supra
2484 3932 2739 3993 diximus,
2776 3925 3010 3981 visitatio
3043 3923 3129 3977 vel
3168 3920 3301 3976 ultio
3348 3915 3782 3987 appmpinquare

2188 4029 2388 4088 dicitur
2409 4025 2722 4096 captivitate
2742 4018 2939 4084 vicina.
2968 4035 2985 4068 ‹
3018 4016 3087 4071 Ει
3110 4012 3476 4082 unusjqui-que
3504 4016 3599 4061 vas
3622 4006 3787 4060 inter-

2187 4120 2438 4179 fectionis
2476 4092 2650 4172 habet
2697 4114 2749 4168 in
2790 4123 2951 4166 manu
2981 4123 3097 4164 sua.
3131 4125 3149 4158 ι
3196 4092 3310 4158 Non
3358 4100 3515 4164 dixit,
3560 4116 3578 4148 ‹
3614 4097 3784 4150 habe—

2191 4217 2304 4279 bat,
2359 4231 2377 4263 ι
2425 4217 2485 4263 ut
2530 4203 2879 4274 Septuaginta
2934 4195 3369 4255 transtulerunt,
3423 4202 3598 4259 neque
3640 4186 3787 4241 enim

2196 4312 2383 4362 narrat
2409 4299 2705 4372 prmterita,
2754 4294 2846 4349 sed
2895 4290 3204 4362 praesentia,
3256 4285 3537 4351 futuraque
3564 4278 3788 4345 demoti,-

2197 4402 2352 4451 strat.
2404 4364 2507 4458 Qui
2546 4388 2709 4458 igitur
2754 4382 2924 4439 malos
2972 4378 3205 4450 percutit
3250 4376 3303 4429 in
3356 4388 3420 4428 eo
3470 4368 3610 4440 quod
3657 4364 3787 4421 mali

2126 4512 2175 4571 ι)
2200 4492 2345 4548 sunt,
2368 4456 2616 4536 et'habet
2644 4483 2777 4529 vasa
2817 4467 3229 4531 interfectionis,
3259 4473 3319 4519 ut
3358 4461 3571 4517 occidat
3616 4456 3790 4528 pessi-

508 4627 574 4667 eo
600 4605 743 4679 quod
776 4561 1170 4657 nos-diximus:
1206 4605 1223 4639 ι
1257 4581 1326 4640 Et
1352 4592 1481 4636 ecce
1514 4574 1615 4647 ipsi
1644 4574 1786 4627 sicut
1828 4565 2069 4637 applican

2207 4590 2345 4640 mos,
2372 4571 2727 4628 minister‘est
2749 4561 2982 4618 Domini.

510 4658 721 4759 radium
748 4693 815 4748 ad
844 4699 1004 4744 nares
1047 4693 1193 4744 suas,
1234 4696 1252 4727 ο
1288 4669 1637 4742 Septuaginta
1682 4658 2095 4718 transtulerunt,

518 4812 535 4845 ι
572 4798 626 4844 et
652 4798 779 4843 ecce
801 4778 901 4850 ipsi
931 4774 1073 4831 sicut
1096 4759 1516 4825 subsannantes,
1556 4777 1573 4808 ι
1608 4754 1807 4825 quibus
1832 4750 1898 4804 de
1925 4746 2099 4800 Theo-

514 4878 731 4937 dotionc
767 4836 1008 4926 additum
1049 4869 1135 4917 est
1168 4873 1182 4913 :
1234 4876 1253 4909 ‹
1287 4852 1597 4915 Extendunt
1627 4857 1857 4906 ramum,
1890 4861 1908 4893 ι
1942 4845 2004 4893 ut
2030 4836 2102 4891 sit

517 4982 687 5032 totum
717 4964 939 5039 pariter,
976 4979 993 5012 ι
1020 4957 1082 5011 Et
1111 4967 1238 5010 ecce
1263 4948 1363 5020 ipsi
1390 4943 1688 5001 extendunt
1713 4949 1923 4992 ramum
1942 4930 2097 5002 quasi

519 5027 933 5124 subsannantes.
990 5070 1007 5102 ι
1066 5043 1348 5115 Significat
1394 5045 1574 5098 autem
1624 5028 1815 5101 viginti
1863 5027 2102 5096 quinque

518 5162 687 5223 viros,
712 5155 805 5225 qui
828 5153 882 5206 in
909 5146 1175 5219 quadrum
1202 5137 1368 5196 solida
1389 5132 1620 5193 statione
1647 5123 1855 5181 fundati
1887 5126 2032 5183 sunt,
2052 5125 2105 5171 et

522 5269 552 5308 a
579 5252 814 5323 quinque
836 5241 1082 5300 sensibus
1108 5250 1206 5307 per
1228 5228 1518 5303 quinquies
1559 5223 1795 5293 quinque
1831 5214 2104 5288 quadran—

524 5304 891 5414 guiifig‘uram
920 5304 1180 5386 efficiunt.
1228 5320 1345 5375 Non
1393 5315 1564 5373 solum
1602 5308 1861 5379 templum
1908 5304 2109 5358 habere

527 5401 649 5503 post
676 5401 881 5497 tergum
903 5462 916 5483 ,
959 5420 1053 5477 sed
1081 5418 1252 5472 instar
1285 5408 1549 5467 idolorum
1581 5401 1851 5473 applicare
1900 5406 2107 5450 ramum

531 5524 597 5577 ad
626 5533 784 5573 nares
809 5528 965 5579 suas,
998 5510 1141 5566 haud
1191 5504 1410 5561 dubium
1448 5498 1577 5570 quin
1621 5493 1946 5565 palmarum,
1977 5500 2111 5555 quas

534 5623 708 5682 grzcco
746 5617 995 5662 sermone
1019 5600 1143 5657 baia
1194 5600 1420 5657 vocant,
1450 5598 1511 5643 ut
1558 5601 1655 5658 per
1686 5584 1788 5639 hoc
1830 5593 1927 5633 eos
1972 5574 2111 5631 idola

539 5668 768 5757 adorare
792 5697 834 5753 si
842 5693 1077 5768 gnificct.
1099 5688 1338 5757 Denique
1351 5689 1405 5739 et
1420 5678 1521 5735 Job
1537 5679 1683 5732 inter
1696 5680 1920 5729 cmteras
1932 5668 2110 5721 virtu-

541 5802 623 5851 tes
652 5792 815 5848 etiam
841 5753 943 5845 hoc
970 5781 1226 5839 habuisse
1248 5753 1307 5832 se
1332 5771 1477 5835 dicit,
1494 5765 1637 5838 quod
1662 5776 1937 5831 nunquam
1967 5753 2111 5824 aspi-

2281 4685 2298 4717 ‹
2332 4664 2404 4719 Et
2432 4675 2564 4716 ecce
2596 4668 2691 4713 sex
2734 4653 2836 4709 viri
2874 4648 3164 4706 veniebant
3191 4647 3256 4701 de
3296 4644 3382 4697 via
3413 4650 3582 4710 porue
3626 4650 3790 4707 supe-

2209 4779 2226 4809 ‹
2264 4756 2422 4813 rioris
2447 4767 2567 4824 qua:
2593 4746 2811 4818 respicit
2842 4745 2907 4799 ad
2930 4740 3257 4812 aquilonem.
3279 4735 3345 4789 Et
3368 4726 3793 4797 uniuscujusque

2210 4869 2227 4901 ‹
2266 4862 2361 4901 vas
2402 4842 2654 4917 interitus
2698 4837 2750 4891 in
2795 4848 2958 4889 manu
3006 4824 3267 4899 ejus.Vir
3305 4830 3517 4895 quoque
3559 4832 3701 4871 unus
3739 4816 3791 4871 in

2211 4960 2229 4991 ‹
2270 4914 2447 4995 medio
2482 4944 2671 4987 eorum
2726 4924 2953 4981 vestitus
3008 4918 3185 4973 lineis.
3233 4910 3302 4970 Et
3344 4906 3792 4966 atramentarinm

2211 5047 2229 5079 ‹
2266 5021 2548 5093 scriptoris
2578 5017 2643 5072 ad
2671 5028 2829 5071 renes
2855 5011 2992 5082 ejus.
3026 5000 3360 5076 lngressiitue
3389 5004 3516 5054 sunt
3543 5004 3594 5048 et
3626 5001 3791 5049 stete-

2214 5137 2231 5168 ι
2270 5077 2394 5170 ιύηί
2416 5108 2585 5187 [juxta
2617 5106 2786 5161 altare
2827 5077 3057 5157 aeneum.
3099 5093 3168 5150 Et
3190 5092 3359 5165 gloria
3392 5077 3792 5143 Domini‘lsrael

2215 5227 2232 5259 ι
2269 5174 2546 5271 assumpta
2586 5205 2672 5253 est
2699 5196 2765 5251 de
2804 5190 3025 5251 cherub,
3057 5201 3176 5257 qua:
3218 5182 3340 5239 erat
3379 5193 3543 5249 super
3567 5190 3693 5230 eum
3734 5174 3795 5227 ad

2218 5320 2235 5353 ι
2272 5299 2437 5353 limen
2456 5269 2684 5347 idomus.
2723 5286 2795 5340 Et
2828 5281 3041 5337 vocavit
3085 5279 3262 5331 virum
3295 5272 3384 5343 qui
3428 5269 3647 5325 indutus
3685 5270 3795 5321 erat

2221 5409 2239 5441 ι
2272 5389 2470 5446 lineis,
2523 5391 2572 5437 et
2634 5372 3081 5433 atramentarium
3134 5364 3412 5435 seriptoris
3468 5359 3702 5414 habebat
3748 5356 3796 5407 in

2222 5500 2240 5531 ι
2278 5443 2473 5533 lumbis
2497 5474 2633 5543 ejus.
2668 5490 2685 5521 ι
2725 5466 2928 5537 (Creg.,
2958 5462 3177 5515 κωπίω
3208 5453 3423 5514 March,
3452 5470 3497 5504 ι.
3528 5450 3639 5503 ξω
3664 5443 3797 5511 Quid

2217 5579 2447 5636 namque
2473 5562 2615 5616 aliud
2648 5561 2700 5613 in
2729 5572 2819 5611 sex
2846 5554 2978 5607 viris
3016 5546 3375 5608 venientibus,
3408 5540 3512 5595 nisi
3535 5553 3643 5591 sex
3677 5542 3799 5592 mta-

2220 5666 2301 5711 tes
2341 5626 2562 5707 humani
2605 5642 2818 5714 generis
2847 5634 3229 5709 designantur?
3275 5629 3377 5697 Qui
3424 5628 3491 5682 de
3518 5626 3605 5677 via
3638 5633 3798 5692 porta:

2217 5743 2510 5815 superioris
2541 5738 2782 5800 veniunt,
2820 5732 2943 5801 quia
2975 5745 3003 5782 a
3027 5725 3335 5783 conditione
3363 5716 3629 5791 paradisi,
3670 5714 3799 5767 sicut
