3948 6378
180 287 292 342 629

1119 273 1469 332 COMMENT.
1513 275 1577 330 1N
1620 274 2067 330 EZECIHELEM.
2098 306 2162 315 —-
2200 275 2325 329 LIB.
2370 273 2429 329 ν.

3337 276 3441 331 om

180 397 253 451 ab
316 398 557 468 ingressu
600 392 784 447 mundi
839 404 868 443 a
918 387 1286 458 superioribus
1332 387 1766 455 generationibus
1798 393 1840 447 A
1870 387 2061 441 domus
2104 398 2264 455 atque
2304 388 2570 442 vestibuli.
2596 387 2746 455 Quod
2785 403 3121 456 nequaquam
3152 398 3289 443 tectu
3318 405 3439 458 pre-

183 487 525 544 evolvuntur.
565 483 694 552 Quae
724 489 877 552 porta
917 480 985 534 ad
1012 479 1314 549 aquilonem
1366 478 1601 547 respicit,
1642 478 1766 546 quia

180 580 433 635 videlicet
458 592 608 631 mens
636 573 855 630 humani
891 571 1105 641 generis
1129 571 1275 626 vitiis
1305 578 1510 639 aperta,
1543 569 1647 623 nisi
1672 584 1766 624 ca-

183 671 354 726 lorem
403 666 686 724 charitatis
720 667 997 725 deserens,
1042 670 1315 731 torporem
1367 660 1564 715 mentis
1607 673 1768 729 appe-

185 771 343 828 teret,
372 763 439 816 ad
482 762 623 816 hanc
661 756 1004 813 mortalitatis
1045 755 1379 809 latitudinem
1410 769 1517 809 non
1544 753 1762 808 exisset.

189 872 205 903 ι
237 854 308 907 Et
328 849 746 920 uniuscujusque
767 863 863 903 vas
885 847 1135 902 interitus
1156 862 1207 899 in
1234 859 1394 901 manu
1418 843 1551 912 ejus.
1586 865 1603 898 ι
1630 844 1764 912 Quia

181 955 515 1011 unaqumque
566 938 841 1010 generatio
892 936 1117 1008 singulis
1167 936 1470 1005 quibusque
1517 936 1764 989 uitalibus

179 1031 412 1095 evoluta,
439 1040 567 1085 ante
606 1029 981 1098 Redemptoris
1010 1028 1299 1082 adventum
1346 1026 1399 1080 in
1439 1041 1535 1081 sua
1575 1024 1765 1096 opera-

181 1124 329 1177 tione
370 1122 589 1185 habuit,
639 1120 782 1174 unde
834 1133 1050 1189 ptenam
1104 1117 1465 1174 damnationis
1515 1114 1761 1185 sumpsit.

184 1232 198 1263 ι
235 1212 329 1266 Vir
349 1226 568 1282 quoque
599 1226 735 1269 unus
771 1210 823 1264 in
854 1210 1030 1265 medio
1059 1224 1247 1265 eorum
1276 1208 1505 1263 vestitus
1528 1207 1703 1261 lineis.
1738 1227 1757 1259 ι

174 1305 313 1372 Quia
352 1303 680 1372 Redemptor
725 1311 907 1357 noster
935 1302 1097 1356 etiam
1125 1302 1193 1355 de
1232 1300 1546 1355 sacerdotali
1599 1301 1760 1364 tribu,

167 1393 325 1460 juxta
356 1409 575 1448 carnem
603 1402 853 1462 parentes
879 1393 1078 1447 habere
1108 1393 1361 1464 dignatus
1392 1400 1493 1445 est.
1514 1380 1763 1445 'Vestitus

172 1484 333 1539 lineis
374 1485 560 1541 venire
612 1484 943 1554 perhibetur,
986 1484 1070 1538 vel
1120 1494 1268 1538 certe
1315 1484 1439 1553 quia
1488 1483 1653 1537 linmn
1697 1483 1763 1537 de

173 1586 490 1631 terraznon
533 1585 713 1631 autem
763 1576 903 1630 sicut
946 1576 1077 1631 lana-
1115 1576 1181 1630 de
1226 1575 1558 1645 corruptibili
1599 1590 1763 1630 carne

170 1668 439 1729 nascitur,
489 1668 613 1736 quia
667 1667 1040 1721 indumentum
1101 1665 1183 1720 sui
1219 1667 1461 1734 corporis
1524 1679 1591 1719 ex
1655 1675 1762 1720 ma-

1870 480 2053 548 mitur,
2098 479 2191 532 sed
2225 479 2368 533 aeris
2407 477 2600 532 fruitur
2642 477 2906 542 libertate,
2947 493 3067 547 qua:
3114 478 3224 547 ipsa
3274 479 3441 546 gloria

1869 567 2076 624 Domini
2107 570 2280 623 virum
2315 569 2549 638 quierat
2588 570 2640 623 in
2681 569 2862 623 habitu
2897 570 3188 639 pontiﬁcis,
3225 589 3243 620 ι
3278 562 3441 625 habe-

1868 658 2061 727 batque
2093 658 2535 713 atramentarium
2582 659 2634 712 in
2670 658 2864 713 lumbis
2905 659 3035 723 suis,
3066 678 3086 711 ι
3131 660 3361 724 vocavit,
3390 672 3443 714 et

1867 748 2000 802 dixit
2028 764 2147 818 qua:
2177 746 2454 818 Scriptura
2483 757 2726 803 testatur.
2763 748 2989 815 Quidam
3016 766 3107 805 sex
3138 750 3306 815 viros,
3347 765 3441 804 sex

1867 837 2290 913 interpretantur
2336 835 2582 908 angelos,
2631 837 2719 905 qui
2766 836 2859 890 Dei
2893 846 3117 905 pareant
3161 838 3437 899 voluntati,

1866 928 2149 998 ipsumque
2187 944 2351 983 unum
2388 929 2478 997 qui
2509 928 2739 983 habebat
2780 928 3147 984 indumentum
3175 929 3442 1000 pontificis

1867 1017 2198 1074 Salvatorem
2238 1019 2561 1089 intelligunt,
2592 1018 2746 1088 juxta
2792 1019 2845 1074 id
2871 1020 3014 1090 quod
3055 1022 3305 1077 sacerdos
3333 1034 3438 1088 est,

1863 1117 1918 1178 et
1956 1109 2132 1178 magni
2171 1109 2380 1164 consilii
2425 1110 2646 1180 angelus
2669 1110 2696 1163 ’:
2734 1110 2973 1180 illudque
3015 1111 3156 1181 quod
3204 1113 3434 1167 dicitur:

1869 1217 1889 1250 ι
1923 1200 2000 1253 Tu
2040 1215 2099 1254 es
2128 1200 2377 1255 sacerdos
2414 1203 2707 1256 secundmn
2758 1202 3002 1257 ordinem
3051 1203 3438 1259 Melchisedech

1864 1282 2042 1360 (Paul.
2074 1292 2206 1358 eux).
2243 1312 2261 1343 ι
2288 1290 2481 1367 nam
2506 1301 2685 1346 autem
2713 1294 2854 1363 quod
2885 1284 3233 1365 Septuaginta
3271 1307 3441 1347 traus-

1865 1380 2121 1443 tulerunt,
2146 1396 2249 1434 una
2280 1390 2402 1435 octo
2424 1382 2649 1437 vestium
2679 1392 2761 1437 est
2788 1384 3077 1452 pontificis,
3106 1402 3225 1455 qua:
3254 1387 3442 1442 Latine

1862 1468 2057 1522 dicitur
2080 1468 2286 1535 talaris,
2312 1477 2364 1523 et
2393 1486 2455 1525 ex
2488 1486 2551 1525 eo
2580 1471 2719 1539 quod
2747 1473 2811 1525 ad
2835 1473 2999 1541 pedes
3028 1490 3195 1542 usque
3221 1476 3442 1530 descen-

1862 1559 1974 1623 dat,
2027 1562 2128 1615 hoc
2177 1562 2365 1615 sortita
2412 1562 2727 1617 vocabulum
2775 1571 2876 1616 cst.
2923 1562 3057 1619 Cum
3103 1567 3169 1618 ab
3222 1564 3442 1619 llcbraso

1861 1660 2155 1716 quaererem
2197 1649 2326 1717 quid
2370 1648 2717 1719 signiﬁcaret,
2767 1652 3041 1721 respondit
3082 1654 3211 1707 mihi
3254 1654 3441 1708 Cnrco

174 1767 254 1810 tre
296 1757 526 1826 virgine,
559 1766 866 1811 narrantem
908 1772 973 1811 ex
1004 1758 1346 1827 corruptione
1367 1756 1752 1813 commistionis

1862 1754 2112 1793 sermone
2128 1740 2381 1809 appellari
2400 1740 2721 1815 καλαμάρψν,
2741 1744 2807 1797 ab
2830 1760 2894 1799 eo
2908 1747 3051 1812 quod
3070 1745 3121 1797 in
3143 1744 3230 1798 illo
3247 1745 3437 1799 calami

170 1848 358 1901 sumit.
408 1847 659 1902 Profecto
701 1848 765 1902 ad
813 1863 910 1901 nos
956 1848 1185 1901 vestitus
1228 1848 1383 1901 lineis
1423 1848 1586 1901 venit.
1626 1864 1644 1896 ι
1695 1836 1769 1901 Et'

169 1939 619 1993 atramentarium
660 1939 941 2007 scriptoris
967 1938 1033 1993 ad
1064 1952 1216 1993 renes
1237 1937 1371 2006 ejus.
1412 1957 1430 1989 ι
1462 1938 1517 1991 In
1546 1934 1760 1991 renibus

169 2030 439 2098 posterior
478 2045 603 2100 pars
651 2032 895 2098 corporis
939 2039 1039 2084 est.
1090 2030 1306 2103 Et‘quia
1347 2030 1460 2115 ipse
1501 2028 1761 2083 Dominus

168 2134 265 2187 pro
290 2120 448 2177 nobis
482 2131 728 2175 mortuus
752 2130 854 2187 est,
886 2122 1185 2177 resurrexit
1211 2129 1265 2175 et
1290 2120 1529 2175 ascendit
1560 2120 1613 2174 in
1646 2133 1759 2174 caa—

170 2210 297 2273 lum,
328 2222 459 2265 tunc
481 2210 882 2267 Testamentum
910 2212 1115 2268 Novum
1132 2226 1236 2283 per
1250 2211 1527 2283 apostolos
1563 2211 1757 2266 scribi-

172 2312 273 2356 tur.
306 2303 404 2355 Vir
431 2302 531 2357 iste
571 2305 1020 2358 atramentarium
1063 2304 1121 2358 in
1162 2303 1378 2359 renibus
1418 2301 1624 2355 habuit.
1650 2299 1756 2367 Qui

167 2393 309 2447 enim
345 2394 668 2464 scripturam
700 2393 1031 2449 Testamenti
1076 2390 1211 2449 Novi
1248 2403 1529 2463 postquam
1558 2391 1758 2446 diseas-

169 2482 253 2545 sit,
282 2484 545 2547 condidit,
588 2485 1034 2538 atramentarium
1057 2485 1215 2554 quasi
1253 2498 1283 2537 a
1327 2495 1476 2553 tergo
1500 2483 1752 2553 portavit.

168 2571 279 2626 lloc
308 2588 439 2645 ergo
470 2576 915 2630 atramentarium
943 2577 1059 2630 viro
1086 2575 1463 2630 lineisvestito
1492 2576 1757 2629 inhterere

1864 1830 2256 1884 recondantur:
2288 1846 2385 1885 nos
2424 1832 2893 1897 atramentarium,
2918 1849 2980 1888 ex
3022 1850 3085 1888 co
3122 1836 3263 1903 quod
3294 1847 3439 1889 atra-

1862 1928 2101 1976 mentum
2120 1913 2328 1975 habeat
2366 1922 2613 1975 dicimus.
2652 1922 2799 1976 Multi
2837 1924 3225 1999 significantius
3259 1925 3441 1980 thecas

1858 2023 2069 2079 vocant,
2100 2016 2165 2069 ab
2196 2031 2261 2070 eo
2290 2016 2430 2084 quod
2474 2017 2649 2071 .thecze
2675 2017 2784 2072 sint
2823 2018 3171 2073 scribentium
3205 2019 3439 2073 calamo—

1859 2124 1997 2161 rum.
2024 2107 2099 2161 De
2129 2118 2360 2177 quatuor
2386 2108 2685 2172 cherubim,
2733 2125 2872 2165 unus
2916 2110 3122 2167 cherub
3158 2111 3387 2178 mittitur
3410 2126 3439 2164 a

1857 2201 2026 2272 gloria
2062 2201 2353 2255 Dominicze
2398 2202 2716 2271 majestatis,
2773 2201 3046 2257 locuturus
3083 2204 3149 2257 ad
3189 2218 3309 2257 eum
3350 2202 3441 2271 qui

1859 2290 2125 2360 pontiﬁcis
2172 2292 2507 2348 vestimentis
2562 2292 2777 2345 indutus
2824 2300 2962 2346 erat.
3014 2292 3079 2346 Et
3134 2307 3439 2361 quanquam

1857 2373 2098 2449 plerique
2143 2383 2210 2436 τὰ
2253 2381 2538 2456 χερουϐεὶμ
2582 2380 2811 2435 neutrali
2863 2396 3062 2453 genere
3112 2397 3441 2449 numeroque

1857 2475 2049 2545 plurali
2075 2475 2177 2530 dici
2220 2486 2424 2545 putent,
2456 2490 2554 2530 uos
2591 2476 2729 2530 scire
2766 2475 3021 2529 debemus
3048 2474 3303 2544 singulari
3337 2491 3438 2528 nu-

1859 2584 2005 2622 mero
2018 2582 2138 2622 esse
2153 2568 2353 2622 cherub
2366 2569 2578 2639 generis
2594 2567 2890 2629 masculini,
2908 2576 2965 2621 et
2986 2566 3173 2643 plurali
3200 2565 3437 2634 ejusdem

168 2665 494 2727 considerat,
544 2664 634 2733 qui
667 2665 833 2719 dicit;
875 2685 893 2717 ι
919 2665 995 2721 Et
1026 2664 1218 2720 librum
1266 2665 1471 2720 scribat
1515 2663 1629 2734 ipse
1661 2664 1753 2733 qui
1848 2658 2069 2728 generis
2109 2660 2406 2719 cherubim.
2457 2676 2565 2713 non
2608 2675 2713 2728 quo
2753 2674 2915 2719 sexus
2956 2659 3011 2712 in
3051 2659 3311 2714 minis'.ris
3341 2657 3438 2712 Dei

167 2753 368 2821 iudicat
394 2748 539 2823 (Job.
569 2754 738 2824 xxxi).
782 2773 800 2805 ι
831 2754 935 2809 Sed
977 2770 1095 2819 cur,
1123 2756 1278 2809 beate
1316 2753 1437 2819 Job,
1478 2755 1544 2808 ab
1573 2768 1637 2808 eo
1663 2755 1753 2823 qui

167 2842 323 2912 iudex
356 2853 462 2907 est,
501 2844 694 2899 librum
718 2846 881 2901 scribi
909 2842 1216 2901 desideras?
1245 2854 1303 2899 ut
1337 2845 1601 2913 sequitur,
1638 2863 1658 2896 ‹
1697 2856 1757 2900 ut

170 2934 217 2985 in
262 2934 490 2987 humero
526 2950 645 2988 meo
686 2946 895 3004 portem
924 2931 1088 2989 'illum
1119 2944 1177 2990 et
1208 2936 1535 2990 circumdem
1580 2935 1750 2998 illum,

167 3023 317 3091 quasi
358 3038 615 3077 coronam
666 3026 795 3078 mihi
850 3023 1060 3094 (Ibid).
1125 3024 1395 3078 r-Librum
1449 3027 1647 3094 quippe
1699 3026 1750 3078 in

1857 2750 1944 2811 sit,
1974 2750 2069 2803 sed
2094 2764 2198 2818 quo
2226 2748 2813 2819 unumquodquejuxta
2843 2749 3035 2817 lingua:
3059 2762 3166 2804 sum.
3199 2749 3438 2818 proprie-

1859 2848 2023 2893 tatem
2079 2841 2305 2895 ditersis
2333 2841 2629 2911 appelletur
2650 2842 2958 2912 generibus,
2982 2841 3152 2913 angeli
3181 2851 3441 2896 vocantur

1858 2945 2083 2984 numero
2108 2930 2322 2999 plurali,
2352 2930 2635 2985 malachim
2669 2940 2723 2984 et
2763 2930 3063 2996 cherubim,
3090 2939 3144 2985 et
3167 2930 3437 2999 seraphin]

1856 3021 2093 3091 ejusdem
2122 3023 2333 3093 generis
2360 3031 2414 3076 et
2443 3022 2672 3077 numeri.
2702 3021 3142 3085 Por’ro‘sabaoth,
3180 3020 3320 3090 quod
3353 3021 3435 3075 in-

171 3118 393 3172 numero
437 3126 653 3187 portare
699 3128 782 3173 est
837 3120 1173 3189 scripturam
1215 3135 1426 3175 sacram
1478 3122 1750 3191 operando
1781 3089 1822 3150 (ἶ
1847 3122 2187 3183 terpretatur
2211 3113 2527 3166 militiarum
2557 3112 2669 3167 sive
2696 3112 3030 3166 exercituum
3076 3120 3237 3180 atque
3272 3110 3439 3167 virtu-

169 3206 443 3273 perﬁcere.
486 3207 550 3261 Et
591 3210 880 3262 nosanduzn
910 3224 1069 3278 quam
1099 3209 1343 3263 ordinate
1383 3209 1746 3264 describitur:

169 3304 221 3348 et
257 3296 404 3363 prius
459 3298 510 3349 in
556 3298 801 3352 humero
830 3299 1058 3367 portari,
1120 3308 1175 3353 et
1221 3294 1561 3369 postmodum
1612 3301 1751 3355 sicut

169 3399 361 3445 corona
400 3387 747 3453 circumdari,
779 3390 906 3459 quia
937 3389 1185 3444 videlicet
1207 3391 1346 3445 sacri
1373 3390 1570 3460 eloquii
1602 3402 1753 3445 man-

170 3474 310 3538 data,
328 3478 373 3531 si
398 3479 558 3532 modo
580 3487 867 3547 portantur
891 3480 945 3533 in
966 3495 1151 3550 opere,
1168 3490 1289 3550 post
1313 3481 1465 3535 nobis
1494 3496 1750 3536 coronam

174 3566 404 3619 victoriae
417 3566 675 3622 exhibent
690 3567 741 3621 in
760 3568 1134 3623 retributione.
1154 3568 1354 3643 (Ηὶεν.)
1370 3572 1450 3626 Ad
1475 3573 1750 3627 hominum

175 3652 330 3723 igitur
366 3664 591 3725 peccata
622 3656 867 3721 delenda,
906 3657 995 3725 qui
1023 3658 1074 3711 in
1102 3666 1254 3711 sexta
1277 3659 1362 3713 die
1382 3658 1753 3717 fabricationis

173 3744 349 3796 mundi
382 3742 507 3798 facti
540 3755 683 3811 sunt,
717 3747 940 3800 veniunt
970 3762 1064 3800 sex
1087 3747 1207 3811 viri,
1236 3756 1289 3802 et
1319 3748 1650 3803 descendunt
1684 3752 1749 3806 de

174 3843 318 3899 porta
358 3836 647 3903 superiori,
688 3836 821 3900 sive,
852 3838 913 3889 ut
948 3836 1296 3909 Septuaginta
1336 3840 1747 3907 transtulerunt,

186 3937 203 3969 ι
228 3922 439 3976 exrcisa
477 3920 541 3974 ad
581 3919 915 3989 aquilonem.
962 3939 980 3972 ι
1033 3919 1749 3990 Ethabebatunusquisque

182 4012 410 4064 securim
437 4011 489 4064 in
510 4012 782 4076 manibus,
806 4012 872 4066 de
903 4027 1008 4079 qua
1026 4012 1264 4067 Joannes
1290 4014 1571 4083 loquitur:
1603 4014 1746 4068 «Jam

184 4105 320 4154 enim
334 4104 545 4157 securis
559 4105 623 4157 ad
638 4100 850 4159 radices
868 4105 1128 4159 arborum
1150 4107 1321 4175 posita
1336 4121 1438 4160 esu
1457 4106 1647 4161 Omnis
1663 4124 1752 4162 ar-

187 4194 276 4247 bor
303 4211 424 4263 quae
451 4212 556 4248 non
589 4197 718 4251 facit
752 4196 990 4251 fructum
1038 4199 1239 4253 bonum
1276 4200 1581 4261 excidatur,
1608 4210 1664 4254 et
1690 4198 1745 4254 in

189 4288 353 4349 ‘quem
378 4287 622 4342 mittetur
640 4290 846 4358 (Matth.
864 4289 963 4359 ιιι).
980 4308 999 4342 ι
1021 4290 1255 4360 Eratque
1276 4293 1325 4345 iu
1350 4292 1527 4345 medio
1546 4309 1636 4348 sex
1665 4310 1682 4341 ι
1698 4292 1745 4346 i-

197 4396 357 4432 '-rum
377 4396 536 4443 unus,
559 4380 611 4434 id
629 4390 713 4435 est
737 4378 1317 4451 septimushiuzhabitu
1339 4384 1627 4453 pontillcis,
1652 4400 1745 4438 ve-

211 4470 334 4525 titus
370 4471 533 4527 lineis
553 4473 907 4527 indumentis.
942 4474 1007 4529 Et
1032 4474 1270 4529 habebat
1292 4478 1743 4532 atramentarium

195 4576 237 4614 to
280 4577 366 4621 nu.
384 4571 461 4618 ris
479 4564 545 4618 ad
566 4580 723 4621 renes
738 4581 884 4623 suos.
908 4582 1017 4637 quo
1032 4567 1211 4622 omnia
1229 4578 1445 4636 peccata
1471 4567 1746 4623 describe-

189 4664 280 4720 ret,
297 4668 349 4711 et
368 4666 683 4712 sanctorum
708 4673 736 4712 a
760 4662 1141 4727 peccatoribus
1162 4676 1462 4716 'numerum
1485 4678 1744 4733 segrega-

188 4758 281 4807 ret,
303 4750 414 4802 sive
438 4766 625 4804 zonam
644 4753 1016 4820 sapphirinam
1039 4754 1243 4807 coloris
1264 4756 1503 4824 sapphiri
1522 4756 1736 4824 lapidis,

186 4837 266 4903 qui
286 4838 334 4890 in
356 4844 696 4896 ornamentis
714 4853 796 4897 est
822 4846 1083 4915 principis
1099 4847 1461 4901 sacerdotum.
1487 4866 1505 4900 ι
1532 4848 1742 4917 Ingres-

188 4930 334 4996 siqun
357 4946 477 4989 sunl
501 4951 592 4989 sex
615 4937 735 4997 viri,
760 4946 816 4989 et
837 4938 1270 5005 steteruntjnxta
1287 4939 1456 4992 altare
1473 4954 1704 4993 teueum.
1723 4957 1743 4991 ι

184 5017 284 5073 Duo
320 5024 462 5077 enim
498 5034 653 5079 erant
687 5025 901 5091 altaria,
930 5042 1092 5080 unum
1128 5027 1493 5096 thymiamatis
1523 5042 1742 5079 aureum

183 5109 512 5176 intrinsecus,
539 5123 595 5169 et
632 5115 858 5169 alterum
900 5101 1023 5169 ante
1056 5117 1309 5184 templum
1353 5132 1559 5170 aeneum
1595 5115 1743 5169 holo-

184 5211 497 5256 caustorutn.
538 5202 695 5257 Juxta
727 5204 896 5259 altare
917 5213 1100 5258 autem
1130 5215 1273 5259 stare
1299 5206 1549 5259 dicuntur
1572 5206 1744 5275 parati

183 5290 242 5341 ad
262 5291 494 5359 jubentis
534 5294 839 5363 imperium,
880 5305 937 5349 ut
972 5296 1335 5365 cujuscunque
1376 5296 1626 5361 viderint,
1676 5296 1742 5351 ibi

186 5397 281 5437 non
306 5402 424 5443 esse
445 5394 663 5457 peccata
686 5388 927 5454 dimissa,
958 5390 1237 5444 sententite
1260 5390 1466 5443 Domini
1498 5398 1553 5443 et
1576 5391 1745 5443 inter-

186 5467 386 5529 fectioni
418 5492 541 5531 eum
586 5477 867 5546 subjacere
912 5487 1257 5548 cognoscant.
1305 5478 1485 5534 Gloria
1534 5494 1746 5548 quoque

191 5558 383 5619 Domini
430 5566 591 5622 Israel
653 5565 939 5631 ascendit,
997 5568 1108 5622 sive
1162 5578 1431 5638 assumpta
1504 5577 1625 5633 est,
1680 5570 1746 5623 de

188 5665 285 5705 uno
313 5656 531 5724 cherub,
567 5665 620 5713 et
643 5657 737 5711 ivit
763 5656 830 5711 ad
861 5656 1043 5719 limen,
1080 5660 1191 5713 sive
1218 5661 1283 5715 ad
1307 5660 1589 5715 subdivum
1620 5662 1739 5715 atrii

1856 3212 1985 3264 tum,
2019 3204 2499 3273 dicuntur'genere
2545 3201 2822 3266 feminino,
2859 3217 3083 3258 numero
3126 3200 3340 3271 plurali.
3386 3210 3441 3260 et

1854 3295 2107 3348 desinunt
2147 3295 2200 3346 in
2230 3292 2833 3363 'extremain‘syllabam
2873 3292 2979 3346 oth.
3016 3293 3121 3359 Qui
3146 3301 3323 3346 autem
3347 3308 3439 3347 vo-

1856 3387 1970 3442 lunt
2014 3387 2113 3443 sub
2160 3380 2648 3457 figurai‘poutiﬁeis
2700 3386 2921 3456 intelligi
2969 3385 3320 3451 Salvatorem,
3370 3387 3435 3445 de

1852 3476 2175 3547 Apocalypsi
2191 3477 2412 3532 Joannis
2431 3485 2654 3532 utuntur
2675 3476 2937 3546 exemplo.
2962 3475 3019 3530 In
3043 3491 3147 3545 qua
3172 3475 3430 3543 scriptum

1858 3578 1973 3624 est:
2012 3587 2028 3618 ι
2066 3568 2130 3621 Et
2151 3568 2389 3622 converti
2415 3568 2521 3631 me,
2551 3575 2609 3621 et
2632 3566 2740 3621 vidi
2762 3580 2947 3620 vocem
2974 3580 3092 3634 qua:
3118 3565 3436 3633 loquebatur

1854 3673 2061 3712 mecum
2095 3675 2106 3708 :
2133 3667 2188 3710 et
2226 3650 2519 3710 conversus
2548 3656 2729 3725 aspexi
2758 3663 2962 3725 septem
2991 3654 3314 3710 candelabra
3342 3670 3435 3707 au-

1853 3764 1962 3811 rea,
1998 3757 2052 3802 et
2084 3748 2136 3801 in
2181 3747 2355 3801 medio
2393 3746 2838 3801 candelabrorum
2872 3744 3099 3798 similem
3152 3744 3285 3798 Filio
3318 3745 3432 3798 ‘ho-

1853 3838 2012 3894 minis
2038 3830 2221 3911 (Ap'oci
2252 3839 2289 3908 ι)
3455 3904 3458 3913 ἢ

1928 3949 1945 3980 ι
1979 3930 2046 3983 Et
2070 3930 2203 3982 dixit
2244 3927 2500 3982 Dominus
2534 3928 2602 3982 ad
2648 3942 2809 3982 eum:
2840 3927 3029 3981 Transi
3077 3942 3173 3996 per
3203 3927 3432 3981 mediam

1858 4038 1873 4068 ι
1914 4020 2184 4074 civitatem
2216 4020 2269 4072 in
2302 4018 2477 4072 medio
2524 4016 2843 4073 Jerusalem.
2872 4016 2937 4070 Et
2966 4017 3113 4085 signa
3162 4016 3311 4070 Thau
3339 4032 3431 4070 su-

1857 4132 1873 4163 I
1912 4127 2007 4181 per
2036 4110 2238 4166 frontes
2267 4110 2506 4165 virorum
2547 4110 2872 4181 gementium
2914 4118 2967 4163 et
3014 4108 3305 4163 dolentium
3338 4124 3431 4162 su-

1856 4220 1872 4252 ι
1916 4218 2011 4270 per
2046 4202 2254 4256 cunctis
2286 4201 2774 4257 abominationibus
2818 4215 2938 4269 qua:
2985 4199 3119 4252 fiunt
3167 4200 3217 4252 in
3260 4200 3431 4254 medio

1856 4311 1871 4341 ι
1912 4293 2045 4361 ejus.
2084 4292 2150 4346 Et
2180 4292 2283 4346 illis
2312 4292 2447 4345 dixit
2485 4291 2735 4346 audiente
2763 4306 2850 4346 me
2876 4309 2887 4342 :
2916 4290 3161 4343 Transite
3186 4305 3282 4359 per
3302 4290 3433 4344 civi-

1855 4404 1872 4429 ε
1913 4396 2075 4439 tatem
2136 4393 2423 4454 sequentes
2467 4399 2608 4447 eum,
2658 4390 2711 4438 et
2751 4381 3030 4452 percutite.
3082 4380 3194 4435 Non
3242 4391 3432 4450 parcat

1856 4495 1871 4524 ι
1911 4476 2099 4530 oculos
2129 4484 2325 4540 vester,
2358 4490 2533 4544 neque
2562 4474 2971 4530 misereamini..
2998 4471 3216 4536 Senem,
3252 4473 3431 4527 adole-

1856 4584 1873 4616 (
1914 4566 2213 4620 scentulum
2237 4575 2292 4620 et
2318 4566 2602 4635 virginem,
2632 4564 2915 4634 parvulum
2940 4572 2993 4617 et
3034 4562 3307 4625 mulieres,
3355 4563 3432 4615 in-

1856 4675 1873 4707 ‹
1920 4658 2142 4711 tet-licito
2170 4671 2338 4726 usque
2380 4656 2445 4710 ad
2494 4654 2937 4708 internecionem.
2989 4652 3212 4707 Omnem
3251 4660 3427 4703 autem

1854 4770 1869 4798 ι
1909 4764 2067 4817 super
2091 4764 2251 4817 quem
2282 4747 2525 4800 videritis
2548 4745 2722 4808 Thau,
2751 4759 2820 4798 ne
2847 4742 3127 4807 occidatis,
3157 4751 3210 4795 et
3246 4758 3273 4793 a
3308 4759 3429 4794 san-

1854 4858 1871 4889 ‹
1911 4838 2117 4891 ctuario
2139 4851 2260 4892 meo
2281 4836 2522 4903 incipite,
2550 4855 2565 4885 ι
2598 4843 2703 4889 etc.
2740 4834 3059 4901 Prtecipitur
3080 4832 3127 4885 ei
3157 4832 3245 4899 qui
3271 4831 3428 4884 indu-

1848 4941 1931 4983 tus
1973 4939 2090 4983 erat
2124 4928 2260 4981 linea
2291 4934 2437 4981 veste
2464 4926 2576 4979 sive
2624 4924 2796 4984 talari,
2825 4932 2879 4978 et
2920 4920 3305 4976 sacerdotalem
3330 4920 3428 4975 ha-

1844 5020 2016 5073 bitum
2038 5018 2625 5088 pra:ferebat,utponat
2646 5016 2853 5085 signum
2878 5027 3041 5082 super
3061 5010 3263 5066 frontes
3285 5011 3427 5064 viro-

1848 5127 1965 5164 rum
1981 5110 2306 5181 gementium
2331 5118 2387 5162 et
2410 5107 2701 5163 dolentium
2730 5120 2891 5175 super
2912 5104 3120 5159 eunetis
3149 5101 3427 5156 abomina—

1850 5202 2082 5255 tionibus
2131 5216 2249 5268 qua:
2295 5198 2431 5252 fiunt
2471 5198 2523 5251 in
2552 5197 2727 5250 medio
2768 5194 3091 5251 Jerusalem.
3138 5192 3243 5245 Pro
3274 5192 3423 5260 signo

1855 5294 1995 5361 quod
2034 5290 2403 5359 Septuaginta,
2434 5288 2621 5357 Aquila
2652 5298 2713 5342 et
2730 5286 3107 5358 Symmachus,
3135 5282 3423 5337 transtule-

1854 5397 2001 5453 runt,
2030 5388 2322 5442 Theodotio
2350 5387 2522 5456 ipsum
2567 5385 2883 5440 Hebraicum
2907 5383 3083 5453 posuit
3111 5382 3283 5443 Thau,
3308 5396 3425 5447 quae
3496 5396 3505 5403 π

1853 5488 2093 5533 extrema
2141 5486 2224 5532 est
2253 5476 2391 5545 apud
2434 5475 2689 5531 Hebraeos
2717 5475 2901 5545 viginti
2939 5482 2993 5528 et
3020 5474 3244 5527 duarum
3285 5470 3429 5524 litte-

1852 5582 2055 5631 rarum,
2085 5578 2144 5619 ut
2169 5564 2374 5635 perfect
2410 5580 2461 5617 m
2492 5566 2549 5639 in
2578 5566 2709 5619 viris
2750 5562 3083 5635 gementibus
3109 5570 3163 5616 et
3202 5561 3429 5616 dolenti—

1852 5657 1951 5712 bus
1976 5657 2254 5713 scientiam
2298 5657 2708 5711 demonstraret.
2761 5656 2904 5723 Sive,
2933 5665 2991 5709 ut
3023 5654 3227 5709 Hebrad
3271 5662 3423 5706 autu—
