3948 6354
497 296 591 349 631

1131 290 1190 343 Β.
1234 287 1488 343 RABAM
1525 286 1744 343 MAURI
1783 284 2101 341 ARCHIEP.
2142 285 2453 343 MOGUNT.
2495 286 2779 344 OPERUM
2816 285 2993 342 PARS
3029 286 3092 341 ll.

3664 278 3777 337 632

496 406 804 473 mant.quia
828 405 911 459 lex
943 402 1082 473 apud
1110 417 1204 459 cos
1234 402 1533 476 appellatur
1557 404 1727 467 illam,
1750 417 1870 470 qua:
1897 402 1996 455 hac
2030 402 2080 454 in
2111 405 2156 461 Α
2192 420 2211 453 ι
2241 400 2376 455 ciem
2421 415 2621 462 meam,
2662 409 2716 454 et
2747 398 2987 454 clamans
3031 399 3118 453 aio
3148 420 3158 447 :
3183 397 3317 461 lien,
3351 398 3576 452 Domine
3606 397 3773 459 Deus.

495 500 759 572 principio
791 496 1022 551 nominis
1044 499 1123 549 sui
1158 495 1339 551 littera
1368 496 1640 551 scribitur.
1675 493 1750 548 illi
1792 496 1891 549 hoc
1920 510 2075 549 ncce-

496 608 623 664 pcre
665 587 1018 660 signaculum,
1045 588 1136 664 qui
1180 586 1312 658 legis
1347 584 1613 661 prmcepta
1654 586 2077 655 compleverant.

496 658 562 738 Et
577 691 632 736 ut
646 658 909 737 adnostra
926 658 1226 743 veniamus,
1251 678 1488 748 antiquis
1505 658 1848 733 Hebraeorum
1865 676 2076 743 litteris,

495 775 691 845 quibus
738 789 911 844 usque
954 774 1109 829 hodie
1161 782 1384 827 utuntur
1430 772 1790 836 Samaritani,
1837 780 2080 829 extrema

495 864 646 919 Titan
695 864 875 919 littera
918 864 1098 920 crucis
1150 865 1310 919 habet
1357 862 1806 928 similitudinem,
1851 865 1974 933 qua:
2027 861 2079 918 ln

494 955 926 1011 Christianorum
960 954 1228 1009 frontibus
1273 953 1529 1024 pingitur,
1563 954 1618 1007 ’et
1648 945 1913 1021 frequenti
1967 948 2082 1006 ina-

495 1062 596 1101 nus
644 1047 998 1118 inscriptione
1040 1044 1303 1117 signatur.
1340 1038 1477 1099 Sniit
1521 1046 1611 1113 qui
1659 1033 1851 1115 putent
1902 1060 1965 1099 ex
2016 1053 2082 1099 eo

494 1136 635 1203 quod
663 1136 958 1190 secundum
984 1133 1305 1190 Hebraicum
1335 1133 1674 1200 alphabetum
1704 1124 1805 1188 ista
1837 1140 2079 1189 extrema

496 1225 565 1280 sit
613 1224 815 1290 littera,
852 1224 1210 1280 demonstrari
1251 1225 1301 1278 in
1350 1223 1692 1278 multitudine
1739 1225 2080 1293 peccantium

496 1315 753 1386 reliquias
793 1320 1077 1387 supereSse
1103 1324 1446 1374 sanctorum.
1478 1315 1766 1369 Gemcntcs
1796 1315 1958 1384 igitur
1984 1317 2079 1369 do-

496 1406 775 1477 lentesquc
802 1406 1100 1471 salvantur,
1134 1403 1224 1474 qui
1257 1404 1360 1459 non
1390 1403 1561 1459 solum
1608 1403 1763 1459 malls
1796 1418 1916 1458 'nun
1962 1420 2085 1459 con-

495 1506 782 1553 senserunt
820 1495 1096 1567 operibus,
1126 1496 1220 1551 sed
1263 1503 1316 1549 et
1345 1494 1515 1548 aliena
1551 1493 1806 1563 planxere
1839 1498 2081 1562 peccata,

495 1589 792 1645 secundum
833 1588 976 1659 quod
1014 1596 1067 1644 et
1111 1586 1323 1643 Samuel
1366 1585 1574 1657 planxit
1612 1580 1787 1657 "super
1829 1583 1993 1654 Sani,
2029 1596 2082 1641 et

495 1678 768 1750 apostolus
789 1677 985 1734 Paulus
1012 1676 1063 1749 (1
1095 1677 1218 1732 Cor.
1244 1678 1299 1748 v)
1326 1691 1487 1747 super
1515 1676 1600 1730 his
1628 1676 1721 1746 qui
1750 1682 1871 1747 post
1892 1691 2082 1746 pecca-

2189 512 2207 545 σ
2242 507 2440 564 ergone
2463 492 2740 562 disperdas
2772 506 2959 546 omnes
2995 491 3245 559 reliquias
3273 490 3457 554 lsrael,
3488 488 3778 545 effundens

2186 603 2205 635 ‹
2238 583 2472 638 furorem
2523 591 2672 637 tuutn
2717 598 2879 651 super
2904 579 3224 636 Jerusalem.
3257 600 3276 632 ι
3302 577 3526 635 Cunctis
3558 578 3651 649 qui
3692 580 3775 633 si-

2181 673 2467 745 gnaculum
2491 688 2598 727 non
2629 673 2894 726 habebant
2918 672 3063 726 czede
3089 669 3397 740 prostratis,
3425 670 3630 723 corruit
3652 685 3780 740 pro-

2179 765 2342 834 pheta
2375 763 2427 817 in
2459 760 2650 817 faciem
2673 776 2826 815 suam
2850 764 2947 830 prb
2972 758 3375 815 interfectorum
3401 759 3778 825 multitudine,

2182 855 2386 909 nullum
2434 861 2629 923 prmter
2666 863 2728 907 se
2774 851 3042 907 arbitrans
3090 851 3434 906 remansisse.
3464 849 3613 917 Quod
3644 850 3778 919 quia

2181 946 2463 1001 videbatur
2488 955 2607 998 esse
2630 941 3049 1001 contnariumei'
3069 941 3377 1013 sent‘entire,
3395 956 3506 1010 qua
3532 941 3776 1012 jusscrat

2181 1038 2801 1107 Dominus-Signatarum
2827 1035 3086 1091 frontium
3110 1035 3254 1093 viros
3289 1031 3393 1088 noin
3410 1048 3543 1089 esse
3567 1035 3780 1113 caeden-

2181 1129 2297 1193 dos,
2329 1136 2614 1199 propterea
2664 1128 2716 1181 in
2764 1125 2977 1197 vulgata
3019 1125 3255 1180 editione
3284 1125 3627 1194 protractum
3662 1126 3777 1181 est.

2181 1219 2305 1274 Nos
2328 1226 2505 1273 autem
2538 1226 2827 1288 sequentes
2876 1216 3195 1271 llebraicam
3244 1217 3551 1279 veritatem,
3591 1214 3753 1284 posui

2182 1317 2323 1372 mus,
2350 1327 2371 1359 ι
2410 1308 2647 1363 remansi
2674 1323 2795 1378 ego.
2832 1326 2849 1358 ι
2878 1306 3293 1375 Notandumque
3314 1307 3454 1375 quod
3492 1322 3598 1360 non
3621 1306 3780 1362 dixe.

2182 1400 2255 1454 rit
2284 1420 2302 1451 ι
2332 1399 2509 1465 solus;
2543 1421 2559 1452 ι
2597 1400 2741 1469 quod
2764 1399 2809 1454 si
2836 1399 3079 1464 dixisset,
3109 1398 3391 1473 videbatur
3412 1413 3532 1454 esse
3557 1407 3754 1453 contra

2183 1489 2361 1551 rium.
2411 1490 2576 1553 sed,t
2616 1486 2849 1545 remansi
2889 1503 3066 1560 egon
3106 1496 3165 1543 ut
3207 1488 3601 1554 subaudiatur,
3649 1492 3782 1542 eum

2181 1583 2390 1638 ceteris
2419 1576 2508 1651 q'tii
2538 1581 2744 1639 frontes
2770 1582 3011 1638 habuere
3046 1583 3304 1653 signatas.
3331 1582 3401 1638 Ut
3431 1582 3770 1636 antem‘seia~

2182 1688 2303 1727 mus
2329 1672 2619 1743 figuraliter
2639 1674 2742 1728 hdc
2760 1667 2986 1738 dietum,
3017 1692 3035 1724 ι
3061 1671 3296 1726 remansi
3320 1672 3548 1741 cgo,vin
3568 1670 3783 1741 Regum

494 1747 608 1823 tum
657 1784 763 1824 non
793 1776 962 1838 agunt
989 1747 1382 1843 ptunitentiam.
1414 1766 1565 1821 Unde
1593 1764 1648 1822 et
1677 1767 1788 1836 ipse
1818 1754 2034 1821 dice'bat
2064 1783 2075 1820 :
2114 1747 2155 1805 Β
2184 1764 2453 1819 volumine
2480 1803 2494 1829 ,
2538 1764 2759 1834 quando
2823 1764 2970 1819 Elias
3034 1763 3285 1835 loquitur
3313 1762 3394 1818 'nd
3443 1763 3737 1818 Dominum
3768 1780 3781 1816 :

500 1880 519 1912 ι
556 1859 657 1927 Qui
688 1874 873 1914 sumus
900 1860 952 1913 in
990 1856 1369 1922 tabernaculo,
1401 1856 1806 1924 ingemiscimus
1829 1856 1924 1927 (II
1955 1855 2077 1910 Car.

495 1950 561 2020 v)
582 1966 596 2014 ;
620 1969 640 2001 ι
676 1957 731 2004 et
771 1948 896 2003 alibi
929 1967 981 2001 τι
1003 1945 1247 2003 Tristitia
1269 1950 1351 2002 est
1377 1947 1505 2001 mibi
1529 1950 1742 2017 magna,
1774 1955 1829 2001 et
1850 1946 2082 2002 incessa-

492 2036 619 2098 Jilis
648 2038 801 2094 dolor
824 2039 1003 2095 cordis
1037 2039 1140 2095 mei
1171 2037 1380 2110 (lbid.)'.
1422 2059 1440 2091 ι
1475 2028 1795 2109 Praecipilur
1822 2054 1915 2095 sex
1953 2036 2082 2095 viris

496 2136 552 2182 ut
580 2136 779 2198 praeter
799 2143 892 2183 eos
920 2128 1009 2198 qui
1033 2135 1258 2198 possunt
1284 2125 1469 2182 dicere
1484 2127 1551 2180 ἔτ
1583 2124 1868 2198 Signatum
1889 2138 1973 2184 est
1994 2144 2080 2184 su-

494 2236 592 2290 per
618 2235 715 2275 nos
736 2220 915 2275 lumen
940 2220 1118 2275 vultus
1148 2217 1675 2294 tui,Domine(Psal.
1698 2220 1796 2295 tv),
1822 2241 1841 2274 ι
1862 2231 2083 2278 cunctos

496 2310 845 2376 interficiant,
893 2326 999 2365 non
1030 2310 1144 2366 seni
1171 2302 1418 2382 parcant,
1450 2322 1554 2365 non
1584 2308 1792 2380 juveni,
1832 2328 1937 2365 non
1969 2311 2081 2365 vir-

497 2401 625 2474 gini,
653 2417 757 2457 non
785 2401 1029 2471 parvulo,
1057 2417 1161 2455 non
1202 2383 1784 2457 mulierixiiecundum
1830 2400 2084 2473 mysticos

498 2493 802 2547 intellectus
829 2507 988 2548 senes
1009 2499 1136 2546 sunt
1160 2492 1213 2545 in
1242 2482 1506 2557 Ecclesia,
1531 2494 1596 2547 dc
1617 2492 1814 2562 quibus
1838 2491 2039 2550 dicitur
2067 2510 2078 2548 :

504 2602 523 2635 ι
551 2581 682 2639 Cani
705 2583 939 2637 hominis
958 2581 1244 2653 prudentia
1266 2580 1379 2650 ejus
1395 2581 1544 2653 (Sap.
1564 2584 1659 2652 tv).
1677 2602 1694 2634 ι
1713 2581 1970 2649 Juvenes',
1992 2585 2084 2654 qui

498 2683 621 2729 sunt
652 2674 719 2728 ad
760 2672 883 2729 fidei
911 2672 1048 2728 bella
1079 2673 1492 2743 promptissimi.
1530 2665 1904 2743 Virgines,qui
1933 2676 2087 2745 pudi-

499 2764 681 2820 citiam
710 2769 819 2818 tota
856 2770 1036 2817 mente
1065 2770 1405 2817 conservant.
1434 2760 1670 2826 Parvuli,
1706 2764 1796 2833 qui
1820 2764 1957 2819 laete
1983 2776 2087 2835 po-

501 2862 683 2910 tantur
724 2854 983 2919 infantiae,
1018 2861 1074 2909 et
1116 2854 1343 2907 necdum
1378 2850 1697 2926 'percipiunt
1732 2856 1961 2911 solidum
2006 2856 2086 2911 ci-

498 2944 645 3001 bum.
672 2944 942 3009 Mulieres,
968 2959 1089 3015 qua:
1118 2944 1408 3015 fragilitate
1429 2937 1589 3001 sexus
1617 2931 1813 3002 anima:
1848 2947 2089 3004 imbecil-

501 3036 705 3091 litatem
724 3044 1023 3102 testantur;
1057 3036 1253 3105 quibus
1295 3037 1572 3091 uanel‘sis-
1593 3053 1711 3091 .non
1751 3039 2010 3108 parcitur,
2042 3040 2085 3095 si
2118 3091 2157 3108 η

500 3129 705 3199 absque
750 3127 949 3183 Christi
996 3126 1273 3199 signaculo
1317 3128 1517 3198 aliquid
1550 3143 1624 3183 se
1671 3128 1807 3184 esse‘
1836 3132 2081 3185 credunt.

502 3218 761 3288 Quodque
780 3218 1024 3293 sequitur
1051 3234 1066 3270 :
1091 3234 1117 3291 ,ι
1153 3216 1221 3271 Et
1248 3232 1278 3270 a
1307 3218 1621 3272 sanetuaﬁo.
1640 3219 2026 3289 meo'ineipite,
2061 3240 2079 3274 ι

500 3310 635 3376 sive,
685 3316 747 3363 ut
776 3296 1131 3379 Septuaginta
1182 3306 1591 3369 transtulerunt,
1625 3308 1648 3359 ’ὁ
1688 3315 1742 3360 et
1804 3323 1833 3362 a
1883 3309 2088 3364 sanctis

500 3400 639 3455 meis
667 3398 914 3469 incipite,
942 3417 960 3450 ι
991 3397 1077 3451 vel
1107 3396 1416 3452 sacerdotes
1460 3396 1757 3467 signiﬁcat,
1781 3398 1871 3466 qui
1900 3413 2086 3454 versa-

501 3490 699 3547 bantur
742 3490 796 3547 in
844 3486 1067 3560 templo,
1094 3496 1148 3543 et
1188 3488 1280 3559 qui
1326 3489 1541 3543 fuerant
1584 3488 1639 3544 in
1682 3489 1891 3560 populis
1924 3504 2085 3546 causa

501 3580 707 3654 peccati
735 3622 749 3646 ,
776 3580 934 3652 primi
968 3594 1217 3636 meruere
1254 3579 1515 3650 supplicia
1543 3620 1556 3645 ,
1590 3589 1798 3651 tempus
1822 3572 1908 3637 est
1944 3583 2087 3637 enim

500 3685 559 3729 ut
588 3673 808 3744 incipiat
828 3671 1091 3743 judicium
1123 3687 1151 3724 a
1184 3672 1342 3726 domo
1368 3671 1481 3725 Dei.

582 3785 599 3815 ι
629 3766 925 3836 Coeperunt
952 3778 1081 3835 ergo
1110 3780 1139 3818 a
1170 3762 1299 3818 viris
1334 3763 1756 3834 senioribus'qui
1780 3772 1939 3826 erant
1964 3773 2090 3819 ante

507 3871 527 3905 ι
560 3854 751 3909 faciem
783 3854 991 3907 domus.
1026 3852 1093 3907 Et
1117 3850 1253 3908 dixit
1298 3851 1364 3907 ad
1413 3866 1543 3906 eos:
1576 3850 1951 3909 Contaminate
1995 3856 2091 3909 do-

508 3962 527 3996 ι
566 3958 735 4008 mum,
758 3951 814 3998 et
835 3941 1049 4013 implete
1077 3942 1215 3995 atria
1241 3940 1562 3997 interfectis.
1598 3959 1617 3991 ι
1645 3940 1749 3995 Pro
1774 3942 1946 4005 atriis,
1971 3958 2090 4013 qua:

504 4034 765 4090 liebraiee
786 4034 1041 4095 dicuntur
1062 4031 1294 4095 meram,
1318 4030 1668 4101 Septuaginta
1700 4044 1929 4101 posuere
1955 4034 2087 4086 vias.

504 4126 835 4183 Occiduntur
866 4132 1046 4178 autem
1076 4122 1177 4177 viri
1205 4123 1471 4189 seniores,
1510 4123 1578 4177 de
1605 4124 1801 4193 quibus
1831 4138 1993 4194 supra
2016 4123 2092 4179 leo

504 4222 700 4291 gimus,
728 4217 871 4288 quod
916 4217 1175 4272 baberent
1208 4215 1502 4281 thuribula,
1541 4227 1597 4269 et
1631 4215 1906 4271 adolerent
1936 4215 2092 4271 idolis

506 4312 805 4367 incensum.
836 4308 948 4364 Nec
990 4316 1076 4363 est
1117 4306 1223 4360 ulla
1254 4306 1435 4376 templi
1466 4305 1676 4376 religio,
1708 4306 1855 4375 quia,
1885 4305 2091 4363 offenso

2187 1844 2445 1909 «'Altaria
2478 1863 2567 1909 tua
2596 1849 2840 1910 dem‘biiti
2878 1851 3026 1918 Sunt,
3069 1862 3125 1909 et
3151 1847 3651 1925 egosrdictuss'um
3683 1869 3779 1909 so-

2180 1943 2282 2010 lus,
2315 1955 2368 2000 et
2412 1948 2663 2014 quaerunt
2707 1944 2947 1999 animam
2988 1959 3165 1999 meant
3213 1944 3451 1999 auferre‘
3478 1942 3602 2016 (III
3649 1943 3783 2012 Reg.

2181 2036 2351 2106 ιιι),›
2380 2033 2552 2096 solum
2577 2038 2774 2107 posuit,
2800 2037 2927 2107 quia
2955 2024 3284 2091 remansisse
3312 2035 3447 2090 alios
3470 2036 3783 2111 nesciebat.

2182 2126 2410 2195 Quidam
2437 2136 2627 2196 putant
2648 2136 2701 2181 et
2725 2142 2789 2181 ex
2813 2126 3045 2197 persona
3076 2125 3311 2191 Domini,
3333 2126 3385 2180 in
3409 2124 3569 2195 cujus
3592 2134 3786 2197 typum

2180 2218 2465 2288 prazce‘ssit
2487 2216 2932 2287 Ezechiel,posse
2968 2216 3074 2273 hoc
3103 2216 3329 2287 intelligi
3362 2217 3427 2270 de
3458 2218 3661 2289 popqu
3690 2216 3790 2272 ,τας

2185 2306 2442 2371 (imorum,
2476 2306 2688 2374 quando
2702 2308 2900 2361 omnes
2930 2304 3357 2369 declinaverunt,
3376 2306 3535 2362 simul
3566 2306 3791 2361 inutiles

2182 2394 2494 2449 factisnnt.
2534 2394 2601 2448 Et
2634 2394 2901 2464 Propheta
2943 2403 3209 2449 testatur:
3252 2414 3268 2445 ι
3303 2394 3525 2451 Salvum
3564 2412 3651 2451 me
3676 2395 3787 2461 fac,

2182 2475 2428 2549 nomine,
2460 2486 2715 2554 quoniam
2744 2482 2941 2539 defecit
2984 2493 3204 2540 sanctus
3233 2484 3407 2556 (Paul.
3443 2485 3544 2557 ιι).
3576 2506 3594 2536 ι
3626 2484 3791 2541 Solus

2184 2576 2616 2633 enim'inventus
2641 2584 2727 2632 est
2758 2575 3018 2632 Dominus
3052 2594 3070 2627 ι
3104 2577 3194 2645 qui
3242 2585 3525 2648 peccatum
3554 2593 3663 2632 non
3700 2575 3783 2633 fe-

2184 2664 2279 2731 cit,
2305 2681 2480 2736 neque
2508 2667 2757 2722 iuventtis
2776 2675 2860 2721 est
2889 2666 3045 2722 dolus
3071 2667 3123 2722 in
3156 2684 3252 2724 ore
3277 2667 3395 2736 ejus
3418 2667 3469 2739 (l
3492 2667 3633 2723 Petr.
3660 2668 3781 2741 ιι).›

2187 2758 2338 2827 Quod
2365 2768 2547 2814 autem
2576 2755 2779 2822 intulit,
2812 2752 2834 2809 λι
2871 2758 3154 2815 effundens
3175 2759 3421 2815 furorem
3446 2760 3597 2816 tuum
3624 2756 3790 2831 super

2186 2850 2507 2914 Jerusalem,
2546 2859 2568 2905 ς
2601 2850 2827 2905 verbum
2869 2850 3163 2907 ‘efi‘usionis
3203 2858 3497 2922 poenarum
3544 2852 3788 2909 ostendit

2188 2944 2724 3014 magnitudinem.‘ut
2751 2941 2877 2996 alibi
2907 2938 3181 3011 legimus:
3217 2960 3236 2995 ι
3271 2942 3451 3011 Eii‘usa
3477 2952 3561 2998 est
3591 2944 3787 3014 despe-

2188 3032 2296 3089 ct‘io
2316 3046 2478 3103 super
2505 3032 2778 3103 principes
2799 3028 2972 3104 (Psaf.
3007 3028 3151 3103 cvi);
3184 3048 3203 3086 ι
3238 3034 3550 3088 etiterum:
3590 3053 3609 3085 ι
3645 3032 3787 3090 Pene

2189 3123 2342 3178 effusi
2365 3132 2485 3185 sunt
2511 3132 2732 3194 gresSus
2764 3122 2870 3178 mei
2891 3120 3077 3191 '(I’sal.
3104 3123 3368 3196 animo
3400 3118 3457 3178 et
3492 3124 3555 3179 in
3587 3118 3785 3183 bonam

2188 3221 2430 3283 partem:
2461 3231 2482 3264 ι
2518 3203 2770 3267 Charitas
2788 3208 2884 3267 Dei
2914 3212 3083 3273 efftfsa
3105 3218 3187 3270 est
3217 3215 3272 3267 in
3299 3214 3556 3269 cbrdibus
3581 3216 3785 3271 nostris

2189 3304 2368 3373 (Rom.
2391 3301 2476 3375 v);
2496 3304 2520 3355 “›
2551 3310 2644 3357 et:
2667 3321 2685 3354 ι
2706 3300 2889 3365 Effusa
2912 3312 2996 3357 est
3016 3304 3191 3375 gratia
3218 3304 3274 3358 in
3304 3303 3459 3360 labiis
3483 3306 3590 3361 tuis
3609 3302 3784 3377 (Psal.

2190 3408 2315 3448 xuv
2338 3392 2360 3465 ᾔ
2380 3409 2393 3456 ;
2417 3412 2435 3444 ι
2464 3403 2519 3447 et
2549 3388 2603 3446 in
2625 3391 2958 3446 contrarium
2990 3410 3003 3446 :
3036 3410 3057 3444 ι
3096 3390 3321 3448 Eﬂ‘unde
3356 3392 3598 3449 furorem
3632 3403 3781 3450 tuum

2188 3498 2353 3553 super
2380 3490 2567 3553 gentes
2587 3492 2714 3551 quae
2762 3486 2817 3534 te
2848 3490 2955 3536 non
2987 3482 3390 3549 intellexerunt,
3419 3491 3476 3538 et
3516 3499 3682 3553 super
3706 3494 3788 3539 re-

2188 3591 2293 3646 gia
2323 3590 2444 3645 qua:
2476 3582 2669 3630 nomen
2700 3583 2851 3630 tuum
2881 3590 2986 3630 non
3027 3570 3415 3641 invocaverunt
3446 3574 3582 3648 (Jer.
3633 3577 3721 3648 x);
3761 3597 3779 3629 ι

2188 3677 2287 3723 et:
2324 3684 2342 3717 ι
2378 3664 2612 3721 'Elfunde
2649 3663 2934 3729 frameam,
2983 3674 3037 3720 et
3075 3665 3338 3721 cauclude
3386 3666 3650 3721 adversus
3686 3682 3785 3722 eos

2190 3758 2284 3827 qui
2316 3762 2715 3827 persequuntur
2744 3771 2830 3811 me
2860 3754 3032 3828 (Psal.
3060 3755 3267 3827 xxvtv).
3295 3775 3314 3808 ι

2270 3867 2288 3899 ι
2321 3849 2386 3901 Et
2414 3848 2549 3903 dixit
2577 3847 2837 3902 Dominus
2861 3846 2931 3901 ad
2952 3861 3036 3900 me
3067 3860 3079 3899 :
3114 3846 3375 3916 iniquitas
3402 3845 3783 3901 domuslsraei

2198 3958 2217 3991 ι
2254 3939 2522 3995 etdomus
2551 3937 2687 3993 .luda
2735 3952 2927 4006 magna
2978 3945 3059 3992 est
3098 3937 3261 3991 nimis
3287 3935 3461 3999 valde,
3484 3938 3555 3989 et
3581 3936 3783 4005 repleta

2199 4051 2217 4083 ι
2250 4040 2337 4086 est
2369 4036 2508 4086 terra
2550 4031 2922 4101 sanguiniims.
2964 4030 3031 4082 Et
3060 4028 3252 4082 civitas
3283 4028 3483 4098 repleta
3516 4037 3603 4082 est
3638 4043 3790 4082 aver-

2200 4144 2218 4177 ι
2253 4121 2425 4180 sione.
2456 4114 2719 4178 Dixerunt
2742 4122 2885 4178 enim
2915 4142 2926 4175 :
2954 4121 3253 4190 Dereliquit‘
3273 4120 3532 4175 Dominus
3561 4128 3784 4185 terram,

2198 4238 2217 4270 ‹
2252 4227 2306 4273 et
2332 4215 2587 4273 Dominus
2614 4230 2719 4269 non
2746 4216 2906 4269 videt.
2933 4201 3108 4285 igitur
3145 4216 3201 4269 'et
3248 4228 3400 4267 meus
3448 4229 3553 4267 non
3596 4222 3787 4281 parect

2200 4307 2445 4362 «oculus
2487 4298 2664 4375 neque
2690 4304 3025 4368 miserebor,
3084 4304 3197 4358 vias
3243 4318 3429 4358 eorum
3472 4319 3655 4373 “super
3696 4319 3788 4358 ea—

507 4402 1019 4467 Deo,contaminata
1041 4408 1165 4456 sunt
1186 4399 1385 4464 nuntia,
1411 4409 1469 4453 ut
1491 4400 1630 4455 unde
1642 4408 1944 4470 peccatum,
1968 4399 2090 4453 inde
2120 4434 2169 4493 Β
2203 4418 2221 4450 ς
2254 4407 2350 4469 put
2399 4412 2597 4453 eorum
2643 4384 2885 4463 reddam,
2919 4415 2939 4448 ι
2968 4404 3073 4452 etc.
3120 4396 3323 4451 Videris
3366 4393 3627 4450 Dominus
3660 4410 3789 4465 pro-

498 4493 758 4563 judicium
806 4492 896 4545 sit.
945 4487 1202 4560 Atriaque
1249 4490 1606 4547 cadaveribus
1648 4490 1989 4559 complentur
2035 4490 2087 4543 in

505 4581 799 4650 templo,et
827 4594 932 4635 non
961 4579 1081 4645 viae,
1112 4588 1231 4649 quae
1255 4579 1440 4648 utiqde
1466 4564 1595 4634 foris
1621 4592 1796 4645 erant,
1834 4580 1935 4635 nisi
1977 4579 2086 4634 for-

503 4673 645 4729 sitan
672 4670 787 4726 vias
812 4669 1110 4741 intelligere
1137 4676 1424 4739 pOssumus
1448 4670 1659 4740 plateas
1694 4670 1949 4734 civitatis.
1980 4669 2088 4725 Nec

505 4764 705 4819 audere
742 4768 993 4833 poterant
1030 4760 1206 4832 angeli
1242 4760 1610 4817 contaminare
1650 4763 1911 4831 templum
1958 4778 2087 4817 san-

505 4852 675 4924 guine
697 4862 1050 4913 mortuorum,
1084 4851 1135 4903 in
1159 4864 1264 4917 quo
1290 4850 1631 4921 priusgio'ria
1667 4851 1764 4906 Dei
1789 4850 2085 4915 habitabat,

508 4944 610 4998 nisi
642 4944 745 4998 hoc
772 4941 1043 4997 credentis
1069 4940 1252 5011 gloria:
1286 4939 1544 5011 Dominus
1572 4943 1932 5014 prmeepisset.
1950 4941 2086 5003 Om-

507 5036 595 5091 nis
636 5036 724 5105 qni
768 5038 991 5106 peccato
1028 5041 1274 5087 mortuus
1300 5031 1759 5091 es'taeo'ntaminat
1782 5030 1923 5087 atria
1953 5040 2090 5087 tem-

508 5129 603 5199 pli.
632 5138 685 5182 et
712 5126 865 5181 urbis
892 5124 1101 5179 Domini
1130 5124 1266 5188 vias,
1315 5123 1369 5176 in
1413 5122 1611 5191 quibus
1639 5122 1789 5185 vivit,
1820 5122 1911 5192 qui
1953 5137 2083 5177 cum

509 5220 724 5274 Christo
761 5232 1069 5287 resurgens,
1101 5228 1343 5272 mortuus
1370 5229 1490 5271 esse
1524 5208 1751 5270 desistit.

587 5330 604 5357 ι
644 5308 708 5362 Ει
737 5307 940 5377 egressi
971 5314 1115 5368 sunt,
1156 5298 1605 5375 etpercuiiebont
1650 5319 1743 5359 eos
1790 5306 1879 5374 qui
1920 5314 2086 5359 erant

516 5420 537 5449 σ
566 5399 621 5452 in
653 5398 891 5452 civitate.
920 5412 942 5448 ι
970 5396 1117 5461 Sive,
1168 5404 1228 5449 ut
1280 5395 1367 5449 alii
1407 5392 1815 5458 transtulerunt,
1848 5414 1865 5445 ι
1888 5400 2090 5463 pereu-

513 5488 717 5542 tiebant
744 5486 1039 5550 civitatem,
1074 5504 1092 5537 t
1125 5500 1222 5555 pro
1248 5484 1333 5539 bis
1357 5485 1447 5554 qui
1475 5494 1634 5539 erant
1657 5484 1712 5538 in
1738 5482 1890 5546 urbe,
1920 5483 2090 5552 ipsam

521 5578 705 5631 urbnm
736 5575 1083 5647 appellantes.

595 5685 615 5717 ι
647 5666 713 5721 Et
739 5666 881 5723 csdc
902 5665 1172 5736 comllcta
1198 5662 1436 5718 remansi
1467 5677 1585 5733 ego,
1616 5662 1804 5733 ruique
1830 5656 2094 5732 super?»

2194 4492 2410 4561 phetam
2447 4505 2603 4543 suum
2628 4488 2757 4543 flere
2787 4498 2891 4559 pro
2910 4488 3129 4559 populo,
3158 4498 3217 4561 et
3250 4488 3507 4544 admirari
3539 4488 3785 4560 indigna-

2192 4582 2354 4636 tionis
2383 4581 2828 4649 magnitudinem,
2861 4579 3254 4635 re‘dditrcausas
3284 4582 3397 4633 'nbn
3432 4578 3491 4633 ut
3527 4579 3612 4633 ille
3638 4590 3787 4650 puta'

2189 4671 2303 4735 bat,
2338 4670 2517 4739 injusti
2550 4670 2635 4726 vei
2671 4670 2980 4725 excedentis
3004 4670 3221 4726 modum
3243 4668 3515 4740 supplicii,
3550 4672 3641 4725 sed
3663 4675 3781 4726 ‘me—

2190 4763 2309 4816 ritte
2341 4762 2609 4833 iustaeqne
2659 4756 2970 4816 sententiae."
2995 4761 3267 4831 iniquitas
3296 4761 3544 4831 ,inquit,
3597 4762 3779 4816 decem

2192 4853 2437 4908 tribuum
2462 4852 2628 4907 Israel
2655 4860 2710 4906 et
2731 4851 2962 4905 duarum
2995 4842 3233 4906 tribuum
3252 4849 3424 4914 'Juda‘,
3458 4852 3649 4922 magna
3678 4859 3778 4915 est,

2188 4954 2244 4997 et
2288 4954 2398 5005 non
2441 4942 2615 4998 solum
2663 4957 2877 5013 magna,
2928 4943 3021 4998 sed
3071 4958 3260 5019 magna
3307 4943 3487 4997 nimis.
3534 4941 3644 4998 Nec
3680 4944 3780 4998 hoc

2187 5032 2388 5087 dixisse
2433 5029 2649 5095 sufficit,
2688 5033 2782 5087 sed
2818 5032 3016 5101 repetit
3045 5032 3218 5095 valde,
3261 5042 3321 5086 ut
3366 5048 3463 5102 pro
3513 5021 3779 5104 magnitu-

2187 5122 2310 5176 dine
2347 5118 2649 5191 iniquitatis
2684 5120 2995 5190 magnitudo
3035 5120 3281 5190 SUpplicii
3312 5120 3399 5175 sit.
3451 5121 3527 5175 Ex
3561 5137 3667 5191 quo
3701 5124 3779 5177 di-

2187 5210 2390 5267 scimus
2420 5228 2527 5269 non
2560 5221 2619 5265 ut
2642 5208 2743 5280 plet
2762 5212 2883 5279 ique
2912 5211 3201 5273 aestimant,
3230 5219 3285 5263 et
3307 5211 3541 5264 maxime
3584 5209 3774 5280 Stoici,

2192 5303 2339 5372 paria
2383 5317 2502 5356 esse
2533 5310 2774 5371 peccata,
2804 5302 2894 5355 sed
2932 5302 3012 5354 vel
3046 5312 3253 5370 magna
3274 5300 3357 5356 vel
3386 5310 3579 5370 parva,
3602 5311 3653 5356 et
3679 5318 3777 5372 pra

2190 5392 2843 5462 qualitatemensuraque
2879 5390 3216 5460 peccantium
3258 5390 3625 5444 diversitatem
3657 5406 3779 5447 esse

2183 5482 2375 5551 'judicii
2414 5483 2704 5552 punientis.
2742 5501 2759 5532 ι
2790 5481 3010 5550 Repleta
3054 5490 3143 5536 est
3198 5491 3362 5542 terra.
3404 5481 3600 5549 inquit,
3648 5498 3767 5537 san-

2197 5572 2469 5642 gttiniltus,
2504 5592 2519 5622 ι
2552 5572 2683 5634 sive,
2707 5579 2766 5623 ut
2793 5569 3141 5639 Septuaginta
3177 5570 3589 5633 transtulerunt,
3625 5588 3646 5620 ι
3680 5581 3775 5641 po-

2190 5662 2335 5734 pulis
2364 5681 2374 5717 :
2412 5682 2431 5713 ›
2470 5681 2488 5713 ‹
2528 5662 2594 5716 Et
2621 5661 2813 5716 civitas
2848 5658 3054 5732 repleta.
3079 5667 3159 5714 est
3196 5659 3531 5714 aversione.»
3558 5661 3683 5727 Aut,
3718 5668 3774 5713 ut
