  <div class='ocr_page' id='page_1' title='image "/cluster/home/n/w/nwhite01/storage/ocr_20150623/110/uva.x000827066/324.png"; bbox 0 0 3948 6348; ppageno 0'>
   <div class='ocr_carea' id='block_1_1' title="bbox 206 295 314 351">
    <p class='ocr_par' dir='ltr' id='par_1_1' title="bbox 206 295 314 351">
     <span class='ocr_line' id='line_1_1' title="bbox 206 295 314 351; baseline 0 0"><span class='ocrx_word' id='word_1_1' title='bbox 206 295 314 351; x_wconf 74' lang='grc' dir='ltr'><strong>ῶὸ</strong></span> 
     </span>
    </p>
   </div>
   <div class='ocr_carea' id='block_1_2' title="bbox 1168 291 2511 362">
    <p class='ocr_par' dir='ltr' id='par_1_2' title="bbox 1168 291 2511 362">
     <span class='ocr_line' id='line_1_2' title="bbox 1168 291 2511 362; baseline 0.004 -6"><span class='ocrx_word' id='word_1_2' title='bbox 1168 291 1522 357; x_wconf 75' lang='grc' dir='ltr'><strong>ΕΟΜΜΕΝΤ.</strong></span> <span class='ocrx_word' id='word_1_3' title='bbox 1561 300 1632 355; x_wconf 81' lang='lat' dir='ltr'><strong>IN</strong></span> <span class='ocrx_word' id='word_1_4' title='bbox 1670 300 2125 359; x_wconf 80' lang='lat' dir='ltr'><strong>EZECHIELEM.</strong></span> <span class='ocrx_word' id='word_1_5' title='bbox 2167 336 2237 346; x_wconf 89' lang='lat'><strong><em>—</em></strong></span> <span class='ocrx_word' id='word_1_6' title='bbox 2274 304 2401 361; x_wconf 79' lang='lat' dir='ltr'><strong>LIB.</strong></span> <span class='ocrx_word' id='word_1_7' title='bbox 2443 307 2511 362; x_wconf 67' lang='grc' dir='ltr'><strong>Υ.</strong></span> 
     </span>
    </p>
   </div>
   <div class='ocr_carea' id='block_1_3' title="bbox 3368 310 3473 366">
    <p class='ocr_par' dir='ltr' id='par_1_3' title="bbox 3368 310 3473 366">
     <span class='ocr_line' id='line_1_3' title="bbox 3368 310 3473 366; baseline 0.019 -2"><span class='ocrx_word' id='word_1_8' title='bbox 3368 310 3473 366; x_wconf 65' lang='lat'><strong>65‘</strong></span> 
     </span>
    </p>
   </div>
   <div class='ocr_carea' id='block_1_4' title="bbox 204 400 3471 491">
    <p class='ocr_par' dir='ltr' id='par_1_4' title="bbox 204 400 3471 491">
     <span class='ocr_line' id='line_1_4' title="bbox 204 400 3471 491; baseline 0.005 -31"><span class='ocrx_word' id='word_1_9' title='bbox 204 407 437 479; x_wconf 72' lang='lat' dir='ltr'><strong>Vulgata</strong></span> <span class='ocrx_word' id='word_1_10' title='bbox 473 410 633 466; x_wconf 89' lang='lat' dir='ltr'><strong>habet</strong></span> <span class='ocrx_word' id='word_1_11' title='bbox 676 412 861 477; x_wconf 80' lang='lat' dir='ltr'><strong>editio,</strong></span> <span class='ocrx_word' id='word_1_12' title='bbox 898 430 914 462; x_wconf 79' lang='grc' dir='ltr'>ι</span> <span class='ocrx_word' id='word_1_13' title='bbox 952 412 1234 482; x_wconf 91' lang='lat' dir='ltr'><strong>iniquitate</strong></span> <span class='ocrx_word' id='word_1_14' title='bbox 1279 421 1333 468; x_wconf 93' lang='lat' dir='ltr'><strong>et</strong></span> <span class='ocrx_word' id='word_1_15' title='bbox 1362 412 1731 479; x_wconf 86' lang='lat' dir='ltr'><strong>immunditia;</strong></span> <span class='ocrx_word' id='word_1_16' title='bbox 1768 434 1787 468; x_wconf 73' lang='grc' dir='ltr'><strong><em>ι</em></strong></span> <span class='ocrx_word' id='word_1_17' title='bbox 1822 419 1870 477; x_wconf 77' lang='grc' dir='ltr'><strong>Α</strong></span> <span class='ocrx_word' id='word_1_18' title='bbox 1900 423 2205 485; x_wconf 82' lang='lat' dir='ltr'><strong>terrogatus</strong></span> <span class='ocrx_word' id='word_1_19' title='bbox 2235 426 2491 487; x_wconf 78' lang='lat' dir='ltr'><strong>exoptat:</strong></span> <span class='ocrx_word' id='word_1_20' title='bbox 2528 438 2546 469; x_wconf 74' lang='grc' dir='ltr'><strong><em>ι</em></strong></span> <span class='ocrx_word' id='word_1_21' title='bbox 2581 407 2719 485; x_wconf 75' lang='lat' dir='ltr'><strong>Quid</strong></span> <span class='ocrx_word' id='word_1_22' title='bbox 2757 419 2915 474; x_wconf 77' lang='lat' dir='ltr'><strong>detur</strong></span> <span class='ocrx_word' id='word_1_23' title='bbox 2948 421 3037 473; x_wconf 87' lang='lat' dir='ltr'><strong>tibi</strong></span> <span class='ocrx_word' id='word_1_24' title='bbox 3073 431 3167 474; x_wconf 89' lang='lat' dir='ltr'><strong>aut</strong></span> <span class='ocrx_word' id='word_1_25' title='bbox 3206 400 3330 490; x_wconf 88' lang='lat' dir='ltr'><strong>quid</strong></span> <span class='ocrx_word' id='word_1_26' title='bbox 3378 437 3471 491; x_wconf 83' lang='lat' dir='ltr'><strong>ap—</strong></span> 
     </span>
    </p>
   </div>
   <div class='ocr_carea' id='block_1_5' title="bbox 201 501 1793 574">
    <p class='ocr_par' dir='ltr' id='par_1_5' title="bbox 201 501 1793 574">
     <span class='ocr_line' id='line_1_5' title="bbox 201 501 1793 574; baseline 0.004 -22"><span class='ocrx_word' id='word_1_27' title='bbox 201 514 315 553; x_wconf 85' lang='lat' dir='ltr'><strong>non</strong></span> <span class='ocrx_word' id='word_1_28' title='bbox 342 501 585 555; x_wconf 86' lang='lat' dir='ltr'><strong>modicus</strong></span> <span class='ocrx_word' id='word_1_29' title='bbox 611 503 830 573; x_wconf 80' lang='lat' dir='ltr'><strong>sanguis</strong></span> <span class='ocrx_word' id='word_1_30' title='bbox 852 502 1053 558; x_wconf 79' lang='lat' dir='ltr'><strong>effusus</strong></span> <span class='ocrx_word' id='word_1_31' title='bbox 1083 512 1182 566; x_wconf 91' lang='lat' dir='ltr'><strong>est,</strong></span> <span class='ocrx_word' id='word_1_32' title='bbox 1211 505 1303 559; x_wconf 87' lang='lat' dir='ltr'><strong>sed</strong></span> <span class='ocrx_word' id='word_1_33' title='bbox 1339 504 1404 558; x_wconf 87' lang='lat' dir='ltr'><strong>de</strong></span> <span class='ocrx_word' id='word_1_34' title='bbox 1432 513 1585 574; x_wconf 89' lang='lat' dir='ltr'><strong>porta</strong></span> <span class='ocrx_word' id='word_1_35' title='bbox 1623 519 1793 571; x_wconf 89' lang='lat' dir='ltr'><strong>usque</strong></span> 
     </span>
    </p>
   </div>
   <div class='ocr_carea' id='block_1_6' title="bbox 201 590 1787 661">
    <p class='ocr_par' dir='ltr' id='par_1_6' title="bbox 201 590 1787 661">
     <span class='ocr_line' id='line_1_6' title="bbox 201 590 1787 661; baseline 0.002 -16"><span class='ocrx_word' id='word_1_36' title='bbox 201 590 298 645; x_wconf 65' lang='lat' dir='ltr'><strong>ad‘</strong></span> <span class='ocrx_word' id='word_1_37' title='bbox 322 600 555 661; x_wconf 84' lang='lat' dir='ltr'><strong>portam.</strong></span> <span class='ocrx_word' id='word_1_38' title='bbox 578 601 634 648; x_wconf 89' lang='lat' dir='ltr'><strong>et</strong></span> <span class='ocrx_word' id='word_1_39' title='bbox 659 594 834 649; x_wconf 90' lang='lat' dir='ltr'><strong>omnis</strong></span> <span class='ocrx_word' id='word_1_40' title='bbox 862 595 1056 649; x_wconf 80' lang='lat' dir='ltr'><strong>civitas</strong></span> <span class='ocrx_word' id='word_1_41' title='bbox 1098 594 1383 649; x_wconf 76' lang='lat' dir='ltr'><strong>declinavit</strong></span> <span class='ocrx_word' id='word_1_42' title='bbox 1424 610 1452 648; x_wconf 90' lang='lat' dir='ltr'><strong>a</strong></span> <span class='ocrx_word' id='word_1_43' title='bbox 1490 595 1634 649; x_wconf 89' lang='lat' dir='ltr'><strong>cultu</strong></span> <span class='ocrx_word' id='word_1_44' title='bbox 1675 594 1787 649; x_wconf 90' lang='lat' dir='ltr'><strong>Dei.</strong></span> 
     </span>
    </p>
   </div>
   <div class='ocr_carea' id='block_1_7' title="bbox 201 679 1794 751">
    <p class='ocr_par' dir='ltr' id='par_1_7' title="bbox 201 679 1794 751">
     <span class='ocr_line' id='line_1_7' title="bbox 201 679 1794 751; baseline 0.002 -17"><span class='ocrx_word' id='word_1_45' title='bbox 201 679 276 734; x_wconf 82' lang='lat' dir='ltr'><strong>Et</strong></span> <span class='ocrx_word' id='word_1_46' title='bbox 303 696 402 751; x_wconf 88' lang='lat' dir='ltr'><strong>pro</strong></span> <span class='ocrx_word' id='word_1_47' title='bbox 427 695 490 735; x_wconf 90' lang='lat' dir='ltr'><strong>eo</strong></span> <span class='ocrx_word' id='word_1_48' title='bbox 518 681 675 750; x_wconf 87' lang='lat' dir='ltr'><strong>plena</strong></span> <span class='ocrx_word' id='word_1_49' title='bbox 704 690 781 736; x_wconf 89' lang='lat' dir='ltr'><strong>est</strong></span> <span class='ocrx_word' id='word_1_50' title='bbox 813 682 1179 746; x_wconf 86' lang='lat' dir='ltr'><strong>immunditia,</strong></span> <span class='ocrx_word' id='word_1_51' title='bbox 1206 682 1518 737; x_wconf 63' lang='lat' dir='ltr'><strong>idololatria:</strong></span> <span class='ocrx_word' id='word_1_52' title='bbox 1546 684 1794 738; x_wconf 81' lang='lat' dir='ltr'><strong>videlicet</strong></span> 
     </span>
    </p>
   </div>
   <div class='ocr_carea' id='block_1_8' title="bbox 202 772 1789 838">
    <p class='ocr_par' dir='ltr' id='par_1_8' title="bbox 202 772 1789 838">
     <span class='ocr_line' id='line_1_8' title="bbox 202 772 1789 838; baseline -0.001 -11"><span class='ocrx_word' id='word_1_53' title='bbox 202 773 477 833; x_wconf 72' lang='lat' dir='ltr'><strong>sordibus.</strong></span> <span class='ocrx_word' id='word_1_54' title='bbox 514 772 688 828; x_wconf 88' lang='lat' dir='ltr'><strong>Causa</strong></span> <span class='ocrx_word' id='word_1_55' title='bbox 730 783 911 828; x_wconf 89' lang='lat' dir='ltr'><strong>autem</strong></span> <span class='ocrx_word' id='word_1_56' title='bbox 966 780 1235 827; x_wconf 86' lang='lat' dir='ltr'><strong>tantorum</strong></span> <span class='ocrx_word' id='word_1_57' title='bbox 1273 774 1537 829; x_wconf 83' lang='lat' dir='ltr'><strong>scelerum</strong></span> <span class='ocrx_word' id='word_1_58' title='bbox 1572 774 1658 827; x_wconf 88' lang='lat' dir='ltr'><strong>illa</strong></span> <span class='ocrx_word' id='word_1_59' title='bbox 1687 782 1789 838; x_wconf 91' lang='lat' dir='ltr'><strong>est,</strong></span> 
     </span>
    </p>
   </div>
   <div class='ocr_carea' id='block_1_9' title="bbox 200 858 1793 935">
    <p class='ocr_par' dir='ltr' id='par_1_9' title="bbox 200 858 1793 935">
     <span class='ocr_line' id='line_1_9' title="bbox 200 858 1793 935; baseline 0.001 -17"><span class='ocrx_word' id='word_1_60' title='bbox 200 865 351 934; x_wconf 89' lang='lat' dir='ltr'><strong>quod</strong></span> <span class='ocrx_word' id='word_1_61' title='bbox 388 872 712 934; x_wconf 86' lang='lat' dir='ltr'><strong>putaverunt</strong></span> <span class='ocrx_word' id='word_1_62' title='bbox 741 858 1142 935; x_wconf 74' lang='lat' dir='ltr'><strong>providentiam</strong></span> <span class='ocrx_word' id='word_1_63' title='bbox 1180 868 1305 933; x_wconf 77' lang='lat' dir='ltr'><strong>noq&#39;</strong></span> <span class='ocrx_word' id='word_1_64' title='bbox 1332 882 1450 919; x_wconf 85' lang='lat' dir='ltr'><strong>esse</strong></span> <span class='ocrx_word' id='word_1_65' title='bbox 1484 880 1645 935; x_wconf 83' lang='lat' dir='ltr'><strong>super</strong></span> <span class='ocrx_word' id='word_1_66' title='bbox 1689 876 1793 920; x_wconf 81' lang='lat' dir='ltr'><strong>ter—</strong></span> 
     </span>
    </p>
   </div>
   <div class='ocr_carea' id='block_1_10' title="bbox 201 941 1791 1025">
    <p class='ocr_par' dir='ltr' id='par_1_10' title="bbox 201 941 1791 1025">
     <span class='ocr_line' id='line_1_10' title="bbox 201 941 1791 1025; baseline 0 -16"><span class='ocrx_word' id='word_1_67' title='bbox 201 971 349 1018; x_wconf 86' lang='lat' dir='ltr'><strong>ram,</strong></span> <span class='ocrx_word' id='word_1_68' title='bbox 389 972 488 1010; x_wconf 91' lang='lat' dir='ltr'><strong>nec</strong></span> <span class='ocrx_word' id='word_1_69' title='bbox 526 956 692 1009; x_wconf 88' lang='lat' dir='ltr'><strong>Deum</strong></span> <span class='ocrx_word' id='word_1_70' title='bbox 734 969 925 1008; x_wconf 87' lang='lat' dir='ltr'><strong>curare</strong></span> <span class='ocrx_word' id='word_1_71' title='bbox 964 954 1229 1008; x_wconf 82' lang='lat' dir='ltr'><strong>mortalia.</strong></span> <span class='ocrx_word' id='word_1_72' title='bbox 1275 941 1431 1010; x_wconf 49' lang='lat' dir='ltr'><strong>iuxta</strong></span> <span class='ocrx_word' id='word_1_73' title='bbox 1478 956 1603 1009; x_wconf 83' lang='lat' dir='ltr'><strong>illud</strong></span> <span class='ocrx_word' id='word_1_74' title='bbox 1650 956 1791 1025; x_wconf 79' lang='lat' dir='ltr'><strong>quod</strong></span> 
     </span>
    </p>
   </div>
   <div class='ocr_carea' id='block_1_11' title="bbox 200 1047 635 1117">
    <p class='ocr_par' dir='ltr' id='par_1_11' title="bbox 200 1047 635 1117">
     <span class='ocr_line' id='line_1_11' title="bbox 200 1047 635 1117; baseline -0.007 -15"><span class='ocrx_word' id='word_1_75' title='bbox 200 1047 336 1102; x_wconf 77' lang='lat' dir='ltr'><strong>alibi</strong></span> <span class='ocrx_word' id='word_1_76' title='bbox 368 1047 594 1117; x_wconf 76' lang='lat' dir='ltr'><strong>legimus</strong></span> <span class='ocrx_word' id='word_1_77' title='bbox 622 1064 635 1099; x_wconf 86' lang='lat'><strong>:</strong></span> 
     </span>
    </p>
   </div>
   <div class='ocr_carea' id='block_1_12' title="bbox 364 1155 1548 1268">
    <p class='ocr_par' dir='ltr' id='par_1_12' title="bbox 364 1155 1548 1268">
     <span class='ocr_line' id='line_1_12' title="bbox 364 1155 1548 1268; baseline 0 -65"><span class='ocrx_word' id='word_1_78' title='bbox 364 1157 560 1268; x_wconf 57' lang='grc' dir='ltr'><strong>ἓεοὶἶίεῗι</strong></span> <span class='ocrx_word' id='word_1_79' title='bbox 586 1158 625 1203; x_wconf 80' lang='lat' dir='ltr'><strong>is</strong></span> <span class='ocrx_word' id='word_1_80' title='bbox 644 1157 841 1219; x_wconf 80' lang='lat' dir='ltr'><strong>superis</strong></span> <span class='ocrx_word' id='word_1_81' title='bbox 860 1155 996 1205; x_wconf 78' lang='lat' dir='ltr'><strong>labor</strong></span> <span class='ocrx_word' id='word_1_82' title='bbox 1022 1159 1119 1217; x_wconf 89' lang='lat' dir='ltr'><strong>est,</strong></span> <span class='ocrx_word' id='word_1_83' title='bbox 1142 1167 1198 1204; x_wconf 85' lang='lat' dir='ltr'><strong>ea</strong></span> <span class='ocrx_word' id='word_1_84' title='bbox 1219 1167 1333 1205; x_wconf 88' lang='lat' dir='ltr'><strong>cura</strong></span> <span class='ocrx_word' id='word_1_85' title='bbox 1356 1155 1548 1217; x_wconf 80' lang='lat' dir='ltr'><strong>quietos</strong></span> 
     </span>
     <span class='ocr_line' id='line_1_13' title="bbox 433 1222 863 1268; baseline 0.007 -4"><span class='ocrx_word' id='word_1_86' title='bbox 433 1222 442 1264; x_wconf 85' lang='lat' dir='ltr'><strong>i</strong></span> <span class='ocrx_word' id='word_1_87' title='bbox 468 1232 508 1266; x_wconf 81' lang='lat' dir='ltr'><strong>te</strong></span> <span class='ocrx_word' id='word_1_88' title='bbox 531 1227 643 1268; x_wconf 64' lang='grc' dir='ltr'>ιιι.-</span> <span class='ocrx_word' id='word_1_89' title='bbox 860 1228 863 1229; x_wconf 66' lang='grc'><strong><em>⁷</em></strong></span> 
     </span>
    </p>
   </div>
   <div class='ocr_carea' id='block_1_13' title="bbox 433 1222 863 1275">
    <p class='ocr_par' dir='ltr' id='par_1_13' title="bbox 433 1222 863 1275">
     <span class='ocr_line' id='line_1_14' title="bbox 433 1222 863 1275; baseline 0.007 -11"><span class='ocrx_word' id='word_1_90' title='bbox 433 1222 646 1275; x_wconf 60' lang='grc' dir='ltr'><strong>ἰιιοίιθῐη,</strong></span> <span class='ocrx_word' id='word_1_91' title='bbox 860 1228 863 1229; x_wconf 66' lang='grc'><strong><em>⁷</em></strong></span> 
     </span>
    </p>
   </div>
   <div class='ocr_carea' id='block_1_14' title="bbox 200 1318 1791 1391">
    <p class='ocr_par' dir='ltr' id='par_1_14' title="bbox 200 1318 1791 1391">
     <span class='ocr_line' id='line_1_15' title="bbox 200 1318 1791 1391; baseline -0.001 -18"><span class='ocrx_word' id='word_1_92' title='bbox 200 1321 345 1388; x_wconf 84' lang='lat' dir='ltr'><strong>Quia</strong></span> <span class='ocrx_word' id='word_1_93' title='bbox 388 1321 552 1391; x_wconf 81' lang='lat' dir='ltr'><strong>igitur</strong></span> <span class='ocrx_word' id='word_1_94' title='bbox 598 1319 669 1374; x_wconf 91' lang='lat' dir='ltr'><strong>illi</strong></span> <span class='ocrx_word' id='word_1_95' title='bbox 716 1319 798 1373; x_wconf 86' lang='lat' dir='ltr'><strong>vel</strong></span> <span class='ocrx_word' id='word_1_96' title='bbox 836 1328 1161 1390; x_wconf 91' lang='lat' dir='ltr'><strong>putaverunt</strong></span> <span class='ocrx_word' id='word_1_97' title='bbox 1197 1335 1302 1374; x_wconf 90' lang='lat' dir='ltr'><strong>non</strong></span> <span class='ocrx_word' id='word_1_98' title='bbox 1342 1333 1461 1375; x_wconf 89' lang='lat' dir='ltr'><strong>esse</strong></span> <span class='ocrx_word' id='word_1_99' title='bbox 1503 1318 1791 1387; x_wconf 76' lang='lat' dir='ltr'><strong>providen-</strong></span> 
     </span>
    </p>
   </div>
   <div class='ocr_carea' id='block_1_15' title="bbox 201 1407 1793 1479">
    <p class='ocr_par' dir='ltr' id='par_1_15' title="bbox 201 1407 1793 1479">
     <span class='ocr_line' id='line_1_16' title="bbox 201 1407 1793 1479; baseline -0.002 -17"><span class='ocrx_word' id='word_1_100' title='bbox 201 1412 367 1474; x_wconf 78' lang='lat' dir='ltr'><strong>tiam,</strong></span> <span class='ocrx_word' id='word_1_101' title='bbox 406 1409 489 1464; x_wconf 86' lang='lat' dir='ltr'><strong>vel</strong></span> <span class='ocrx_word' id='word_1_102' title='bbox 518 1425 637 1479; x_wconf 74' lang='lat' dir='ltr'><strong>qua:</strong></span> <span class='ocrx_word' id='word_1_103' title='bbox 669 1418 794 1463; x_wconf 88' lang='lat' dir='ltr'><strong>ante</strong></span> <span class='ocrx_word' id='word_1_104' title='bbox 831 1408 1010 1462; x_wconf 84' lang='lat' dir='ltr'><strong>fuerat</strong></span> <span class='ocrx_word' id='word_1_105' title='bbox 1048 1409 1100 1461; x_wconf 91' lang='lat' dir='ltr'><strong>in</strong></span> <span class='ocrx_word' id='word_1_106' title='bbox 1144 1407 1371 1477; x_wconf 89' lang='lat' dir='ltr'><strong>populis,</strong></span> <span class='ocrx_word' id='word_1_107' title='bbox 1415 1408 1516 1462; x_wconf 91' lang='lat' dir='ltr'><strong>hoc</strong></span> <span class='ocrx_word' id='word_1_108' title='bbox 1554 1415 1793 1476; x_wconf 87' lang='lat' dir='ltr'><strong>tempore</strong></span> 
     </span>
    </p>
   </div>
   <div class='ocr_carea' id='block_1_16' title="bbox 204 1498 1795 1570">
    <p class='ocr_par' dir='ltr' id='par_1_16' title="bbox 204 1498 1795 1570">
     <span class='ocr_line' id='line_1_17' title="bbox 204 1498 1795 1570; baseline -0.002 -16"><span class='ocrx_word' id='word_1_109' title='bbox 204 1514 367 1554; x_wconf 84' lang='lat' dir='ltr'><strong>suum</strong></span> <span class='ocrx_word' id='word_1_110' title='bbox 389 1498 643 1570; x_wconf 82' lang='lat' dir='ltr'><strong>pupulum</strong></span> <span class='ocrx_word' id='word_1_111' title='bbox 662 1499 967 1567; x_wconf 79' lang='lat' dir='ltr'><strong>reliquisse,</strong></span> <span class='ocrx_word' id='word_1_112' title='bbox 982 1506 1266 1568; x_wconf 81' lang='lat' dir='ltr'><strong>propterea</strong></span> <span class='ocrx_word' id='word_1_113' title='bbox 1294 1507 1347 1553; x_wconf 86' lang='lat' dir='ltr'><strong>et</strong></span> <span class='ocrx_word' id='word_1_114' title='bbox 1369 1498 1461 1554; x_wconf 89' lang='lat' dir='ltr'><strong>Dei</strong></span> <span class='ocrx_word' id='word_1_115' title='bbox 1487 1514 1589 1552; x_wconf 88' lang='lat' dir='ltr'><strong>non</strong></span> <span class='ocrx_word' id='word_1_116' title='bbox 1612 1506 1795 1568; x_wconf 87' lang='lat' dir='ltr'><strong>parcet</strong></span> 
     </span>
    </p>
   </div>
   <div class='ocr_carea' id='block_1_17' title="bbox 202 1575 1794 1656">
    <p class='ocr_par' dir='ltr' id='par_1_17' title="bbox 202 1575 1794 1656">
     <span class='ocr_line' id='line_1_18' title="bbox 202 1575 1794 1656; baseline -0.001 -15"><span class='ocrx_word' id='word_1_117' title='bbox 202 1586 418 1650; x_wconf 85' lang='lat' dir='ltr'><strong>oculus,</strong></span> <span class='ocrx_word' id='word_1_118' title='bbox 440 1602 537 1642; x_wconf 91' lang='lat' dir='ltr'><strong>nec</strong></span> <span class='ocrx_word' id='word_1_119' title='bbox 559 1575 927 1651; x_wconf 82' lang='lat' dir='ltr'><strong>miserebitur,</strong></span> <span class='ocrx_word' id='word_1_120' title='bbox 952 1594 1012 1639; x_wconf 88' lang='lat' dir='ltr'><strong>ut</strong></span> <span class='ocrx_word' id='word_1_121' title='bbox 1032 1593 1221 1640; x_wconf 87' lang='lat' dir='ltr'><strong>contra</strong></span> <span class='ocrx_word' id='word_1_122' title='bbox 1247 1586 1375 1641; x_wconf 88' lang='lat' dir='ltr'><strong>vitia</strong></span> <span class='ocrx_word' id='word_1_123' title='bbox 1407 1587 1653 1651; x_wconf 80' lang='lat' dir='ltr'><strong>saeviens,</strong></span> <span class='ocrx_word' id='word_1_124' title='bbox 1682 1586 1794 1656; x_wconf 88' lang='lat' dir='ltr'><strong>pla-</strong></span> 
     </span>
    </p>
   </div>
   <div class='ocr_carea' id='block_1_18' title="bbox 200 1676 1791 1747">
    <p class='ocr_par' dir='ltr' id='par_1_18' title="bbox 200 1676 1791 1747">
     <span class='ocr_line' id='line_1_19' title="bbox 200 1676 1791 1747; baseline -0.002 -14"><span class='ocrx_word' id='word_1_125' title='bbox 200 1676 402 1734; x_wconf 83' lang='lat' dir='ltr'><strong>cabilis</strong></span> <span class='ocrx_word' id='word_1_126' title='bbox 441 1686 513 1733; x_wconf 73' lang='lat' dir='ltr'><strong>snt</strong></span> <span class='ocrx_word' id='word_1_127' title='bbox 552 1677 872 1742; x_wconf 75' lang='lat' dir='ltr'><strong>virtutibus,</strong></span> <span class='ocrx_word' id='word_1_128' title='bbox 904 1677 1123 1746; x_wconf 85' lang='lat' dir='ltr'><strong>viasque</strong></span> <span class='ocrx_word' id='word_1_129' title='bbox 1160 1692 1346 1731; x_wconf 88' lang='lat' dir='ltr'><strong>eorum</strong></span> <span class='ocrx_word' id='word_1_130' title='bbox 1383 1686 1544 1747; x_wconf 90' lang='lat' dir='ltr'><strong>atque</strong></span> <span class='ocrx_word' id='word_1_131' title='bbox 1571 1688 1791 1747; x_wconf 85' lang='lat' dir='ltr'><strong>peccata</strong></span> 
     </span>
    </p>
   </div>
   <div class='ocr_carea' id='block_1_19' title="bbox 1894 509 3469 584">
    <p class='ocr_par' dir='ltr' id='par_1_19' title="bbox 1894 509 3469 584">
     <span class='ocr_line' id='line_1_20' title="bbox 1894 509 3469 584; baseline 0.005 -22"><span class='ocrx_word' id='word_1_132' title='bbox 1894 517 2126 578; x_wconf 88' lang='lat' dir='ltr'><strong>ponatur</strong></span> <span class='ocrx_word' id='word_1_133' title='bbox 2172 509 2264 563; x_wconf 86' lang='lat' dir='ltr'><strong>tibi</strong></span> <span class='ocrx_word' id='word_1_134' title='bbox 2304 512 2371 565; x_wconf 90' lang='lat' dir='ltr'><strong>ad</strong></span> <span class='ocrx_word' id='word_1_135' title='bbox 2410 511 2645 581; x_wconf 84' lang='lat' dir='ltr'><strong>linguam</strong></span> <span class='ocrx_word' id='word_1_136' title='bbox 2676 512 2954 566; x_wconf 81' lang='lat' dir='ltr'><strong>dolosam?</strong></span> <span class='ocrx_word' id='word_1_137' title='bbox 2981 512 3198 584; x_wconf 72' lang='lat' dir='ltr'><strong>Sagitta:</strong></span> <span class='ocrx_word' id='word_1_138' title='bbox 3234 514 3469 583; x_wconf 89' lang='lat' dir='ltr'><strong>potentis</strong></span> 
     </span>
    </p>
   </div>
   <div class='ocr_carea' id='block_1_20' title="bbox 1894 601 3465 673">
    <p class='ocr_par' dir='ltr' id='par_1_20' title="bbox 1894 601 3465 673">
     <span class='ocr_line' id='line_1_21' title="bbox 1894 601 3465 673; baseline 0.004 -22"><span class='ocrx_word' id='word_1_139' title='bbox 1894 607 2065 652; x_wconf 64' lang='lat' dir='ltr'><strong>acutae</strong></span> <span class='ocrx_word' id='word_1_140' title='bbox 2100 615 2221 655; x_wconf 87' lang='lat' dir='ltr'><strong>cum</strong></span> <span class='ocrx_word' id='word_1_141' title='bbox 2261 601 2582 656; x_wconf 76' lang='lat' dir='ltr'><strong>carboaihus</strong></span> <span class='ocrx_word' id='word_1_142' title='bbox 2619 601 2955 656; x_wconf 87' lang='lat' dir='ltr'><strong>desolatoriis</strong></span> <span class='ocrx_word' id='word_1_143' title='bbox 3010 602 3181 673; x_wconf 70' lang='lat' dir='ltr'><strong>(Paul.</strong></span> <span class='ocrx_word' id='word_1_144' title='bbox 3225 605 3393 672; x_wconf 71' lang='lat' dir='ltr'><strong>CXIX).</strong></span> <span class='ocrx_word' id='word_1_145' title='bbox 3446 626 3465 658; x_wconf 74' lang='grc' dir='ltr'><strong><em>ι</em></strong></span> 
     </span>
    </p>
   </div>
   <div class='ocr_carea' id='block_1_21' title="bbox 1894 686 3471 760">
    <p class='ocr_par' dir='ltr' id='par_1_21' title="bbox 1894 686 3471 760">
     <span class='ocr_line' id='line_1_22' title="bbox 1894 686 3471 760; baseline 0.006 -19"><span class='ocrx_word' id='word_1_146' title='bbox 1894 686 2165 757; x_wconf 78' lang='lat' dir='ltr'><strong>Multaque</strong></span> <span class='ocrx_word' id='word_1_147' title='bbox 2204 688 2500 743; x_wconf 87' lang='lat' dir='ltr'><strong>istiusmodi</strong></span> <span class='ocrx_word' id='word_1_148' title='bbox 2553 690 2604 743; x_wconf 89' lang='lat' dir='ltr'><strong>in</strong></span> <span class='ocrx_word' id='word_1_149' title='bbox 2643 689 2937 760; x_wconf 89' lang='lat' dir='ltr'><strong>Scripturis</strong></span> <span class='ocrx_word' id='word_1_150' title='bbox 2990 695 3191 750; x_wconf 84' lang='lat' dir='ltr'><strong>sanctis</strong></span> <span class='ocrx_word' id='word_1_151' title='bbox 3233 694 3471 751; x_wconf 86' lang='lat' dir='ltr'><strong>invenire</strong></span> 
     </span>
    </p>
   </div>
   <div class='ocr_carea' id='block_1_22' title="bbox 1893 778 3469 850">
    <p class='ocr_par' dir='ltr' id='par_1_22' title="bbox 1893 778 3469 850">
     <span class='ocr_line' id='line_1_23' title="bbox 1893 778 3469 850; baseline 0.006 -18"><span class='ocrx_word' id='word_1_152' title='bbox 1893 778 2213 847; x_wconf 78' lang='lat' dir='ltr'><strong>poterimus,</strong></span> <span class='ocrx_word' id='word_1_153' title='bbox 2240 780 2307 834; x_wconf 91' lang='lat' dir='ltr'><strong>de</strong></span> <span class='ocrx_word' id='word_1_154' title='bbox 2352 781 2789 850; x_wconf 69' lang='lat' dir='ltr'><strong>quibuS&#39;crebro</strong></span> <span class='ocrx_word' id='word_1_155' title='bbox 2830 784 3078 839; x_wconf 85' lang='lat' dir='ltr'><strong>diximus.</strong></span> <span class='ocrx_word' id='word_1_156' title='bbox 3114 785 3224 841; x_wconf 83' lang='lat' dir='ltr'><strong>Hoc</strong></span> <span class='ocrx_word' id='word_1_157' title='bbox 3264 794 3469 841; x_wconf 87' lang='lat' dir='ltr'><strong>tantum</strong></span> 
     </span>
    </p>
   </div>
   <div class='ocr_carea' id='block_1_23' title="bbox 1894 869 3471 943">
    <p class='ocr_par' dir='ltr' id='par_1_23' title="bbox 1894 869 3471 943">
     <span class='ocr_line' id='line_1_24' title="bbox 1894 869 3471 943; baseline 0.004 -22"><span class='ocrx_word' id='word_1_158' title='bbox 1894 869 2187 923; x_wconf 89' lang='lat' dir='ltr'><strong>notandum</strong></span> <span class='ocrx_word' id='word_1_159' title='bbox 2230 878 2312 924; x_wconf 88' lang='lat' dir='ltr'><strong>est</strong></span> <span class='ocrx_word' id='word_1_160' title='bbox 2351 870 2492 940; x_wconf 86' lang='lat' dir='ltr'><strong>quod</strong></span> <span class='ocrx_word' id='word_1_161' title='bbox 2542 872 2594 925; x_wconf 86' lang='lat' dir='ltr'><strong>in</strong></span> <span class='ocrx_word' id='word_1_162' title='bbox 2635 872 2806 937; x_wconf 82' lang='lat' dir='ltr'><strong>Isaia,</strong></span> <span class='ocrx_word' id='word_1_163' title='bbox 2856 876 2947 943; x_wconf 88' lang='lat' dir='ltr'><strong>qui</strong></span> <span class='ocrx_word' id='word_1_164' title='bbox 2997 884 3200 929; x_wconf 90' lang='lat' dir='ltr'><strong>tantum</strong></span> <span class='ocrx_word' id='word_1_165' title='bbox 3251 875 3303 929; x_wconf 87' lang='lat' dir='ltr'><strong>in</strong></span> <span class='ocrx_word' id='word_1_166' title='bbox 3351 891 3471 930; x_wconf 88' lang='lat' dir='ltr'><strong>ser-</strong></span> 
     </span>
    </p>
   </div>
   <div class='ocr_carea' id='block_1_24' title="bbox 1894 958 3470 1027">
    <p class='ocr_par' dir='ltr' id='par_1_24' title="bbox 1894 958 3470 1027">
     <span class='ocr_line' id='line_1_25' title="bbox 1894 958 3470 1027; baseline 0.003 -15"><span class='ocrx_word' id='word_1_167' title='bbox 1894 974 2054 1017; x_wconf 84' lang='lat' dir='ltr'><strong>mone</strong></span> <span class='ocrx_word' id='word_1_168' title='bbox 2082 971 2424 1027; x_wconf 80' lang='lat' dir='ltr'><strong>peccaverat,</strong></span> <span class='ocrx_word' id='word_1_169' title='bbox 2449 970 2499 1015; x_wconf 88' lang='lat' dir='ltr'><strong>et</strong></span> <span class='ocrx_word' id='word_1_170' title='bbox 2530 958 2803 1017; x_wconf 86' lang='lat' dir='ltr'><strong>immunda</strong></span> <span class='ocrx_word' id='word_1_171' title='bbox 2836 963 2970 1018; x_wconf 82' lang='lat' dir='ltr'><strong>labia</strong></span> <span class='ocrx_word' id='word_1_172' title='bbox 3002 965 3199 1019; x_wconf 90' lang='lat' dir='ltr'><strong>habere</strong></span> <span class='ocrx_word' id='word_1_173' title='bbox 3222 980 3280 1019; x_wconf 91' lang='lat' dir='ltr'><strong>se</strong></span> <span class='ocrx_word' id='word_1_174' title='bbox 3317 966 3470 1019; x_wconf 80' lang='lat' dir='ltr'><strong>dixe-</strong></span> 
     </span>
    </p>
   </div>
   <div class='ocr_carea' id='block_1_25' title="bbox 1894 1036 3471 1125">
    <p class='ocr_par' dir='ltr' id='par_1_25' title="bbox 1894 1036 3471 1125">
     <span class='ocr_line' id='line_1_26' title="bbox 1894 1036 3471 1125; baseline 0.003 -21"><span class='ocrx_word' id='word_1_175' title='bbox 1894 1036 1999 1114; x_wconf 75' lang='lat' dir='ltr'><strong>rat,</strong></span> <span class='ocrx_word' id='word_1_176' title='bbox 2035 1050 2101 1105; x_wconf 90' lang='lat' dir='ltr'><strong>ad</strong></span> <span class='ocrx_word' id='word_1_177' title='bbox 2130 1052 2647 1120; x_wconf 70' lang='lat' dir='ltr'><strong>purgandunrunus</strong></span> <span class='ocrx_word' id='word_1_178' title='bbox 2671 1054 2872 1123; x_wconf 81' lang='lat' dir='ltr'><strong>forcipe</strong></span> <span class='ocrx_word' id='word_1_179' title='bbox 2920 1057 3082 1108; x_wconf 87' lang='lat' dir='ltr'><strong>carho</strong></span> <span class='ocrx_word' id='word_1_180' title='bbox 3121 1057 3471 1125; x_wconf 86' lang='lat' dir='ltr'><strong>comprehen-</strong></span> 
     </span>
    </p>
   </div>
   <div class='ocr_carea' id='block_1_26' title="bbox 1895 1139 3472 1213">
    <p class='ocr_par' dir='ltr' id='par_1_26' title="bbox 1895 1139 3472 1213">
     <span class='ocr_line' id='line_1_27' title="bbox 1895 1139 3472 1213; baseline 0.001 -17"><span class='ocrx_word' id='word_1_181' title='bbox 1895 1140 2040 1196; x_wconf 88' lang='lat' dir='ltr'><strong>ditur</strong></span> <span class='ocrx_word' id='word_1_182' title='bbox 2076 1140 2103 1210; x_wconf 76' lang='lat'><strong>&#39;(</strong></span> <span class='ocrx_word' id='word_1_183' title='bbox 2122 1139 2228 1194; x_wconf 79' lang='lat' dir='ltr'><strong>Isa.</strong></span> <span class='ocrx_word' id='word_1_184' title='bbox 2270 1142 2390 1212; x_wconf 75' lang='lat' dir='ltr'><strong>vi);</strong></span> <span class='ocrx_word' id='word_1_185' title='bbox 2444 1143 2532 1197; x_wconf 87' lang='lat' dir='ltr'><strong>hic</strong></span> <span class='ocrx_word' id='word_1_186' title='bbox 2577 1159 2703 1198; x_wconf 82' lang='lat' dir='ltr'><strong>vero</strong></span> <span class='ocrx_word' id='word_1_187' title='bbox 2747 1144 2876 1212; x_wconf 82' lang='lat' dir='ltr'><strong>quia</strong></span> <span class='ocrx_word' id='word_1_188' title='bbox 2921 1152 3038 1198; x_wconf 89' lang='lat' dir='ltr'><strong>erat</strong></span> <span class='ocrx_word' id='word_1_189' title='bbox 3082 1144 3275 1200; x_wconf 79' lang='lat' dir='ltr'><strong>Civitas</strong></span> <span class='ocrx_word' id='word_1_190' title='bbox 3313 1146 3472 1213; x_wconf 86' lang='lat' dir='ltr'><strong>plena</strong></span> 
     </span>
    </p>
   </div>
   <div class='ocr_carea' id='block_1_27' title="bbox 1898 1232 3473 1304">
    <p class='ocr_par' dir='ltr' id='par_1_27' title="bbox 1898 1232 3473 1304">
     <span class='ocr_line' id='line_1_28' title="bbox 1898 1232 3473 1304; baseline 0.003 -18"><span class='ocrx_word' id='word_1_191' title='bbox 1898 1232 2183 1303; x_wconf 84' lang='lat' dir='ltr'><strong>iniquitate</strong></span> <span class='ocrx_word' id='word_1_192' title='bbox 2218 1242 2272 1287; x_wconf 90' lang='lat' dir='ltr'><strong>et</strong></span> <span class='ocrx_word' id='word_1_193' title='bbox 2296 1243 2415 1302; x_wconf 77' lang='lat' dir='ltr'><strong>post</strong></span> <span class='ocrx_word' id='word_1_194' title='bbox 2442 1234 2698 1303; x_wconf 83' lang='lat' dir='ltr'><strong>supplicia</strong></span> <span class='ocrx_word' id='word_1_195' title='bbox 2728 1236 3083 1300; x_wconf 73' lang='lat' dir='ltr'><strong>cadaveribus</strong></span> <span class='ocrx_word' id='word_1_196' title='bbox 3115 1246 3473 1304; x_wconf 87' lang='lat' dir='ltr'><strong>mortuorum,</strong></span> 
     </span>
    </p>
   </div>
   <div class='ocr_carea' id='block_1_28' title="bbox 1890 1321 3467 1394">
    <p class='ocr_par' dir='ltr' id='par_1_28' title="bbox 1890 1321 3467 1394">
     <span class='ocr_line' id='line_1_29' title="bbox 1890 1321 3467 1394; baseline 0.006 -21"><span class='ocrx_word' id='word_1_197' title='bbox 1890 1321 2074 1391; x_wconf 84' lang='lat' dir='ltr'><strong>plures</strong></span> <span class='ocrx_word' id='word_1_198' title='bbox 2102 1331 2452 1377; x_wconf 87' lang='lat' dir='ltr'><strong>assumuntur</strong></span> <span class='ocrx_word' id='word_1_199' title='bbox 2482 1325 2742 1378; x_wconf 75' lang='lat' dir='ltr'><strong>carbones</strong></span> <span class='ocrx_word' id='word_1_200' title='bbox 2770 1326 2925 1394; x_wconf 85' lang='lat' dir='ltr'><strong>ignis,</strong></span> <span class='ocrx_word' id='word_1_201' title='bbox 2945 1334 2999 1378; x_wconf 92' lang='lat' dir='ltr'><strong>et</strong></span> <span class='ocrx_word' id='word_1_202' title='bbox 3020 1342 3127 1380; x_wconf 87' lang='lat' dir='ltr'><strong>non</strong></span> <span class='ocrx_word' id='word_1_203' title='bbox 3159 1343 3261 1381; x_wconf 89' lang='lat' dir='ltr'><strong>una</strong></span> <span class='ocrx_word' id='word_1_204' title='bbox 3287 1343 3467 1391; x_wconf 87' lang='lat' dir='ltr'><strong>manu,</strong></span> 
     </span>
    </p>
   </div>
   <div class='ocr_carea' id='block_1_29' title="bbox 1897 1412 3204 1483">
    <p class='ocr_par' dir='ltr' id='par_1_29' title="bbox 1897 1412 3204 1483">
     <span class='ocr_line' id='line_1_30' title="bbox 1897 1412 3204 1483; baseline 0.002 -15"><span class='ocrx_word' id='word_1_205' title='bbox 1897 1412 1993 1468; x_wconf 90' lang='lat' dir='ltr'><strong>sed</strong></span> <span class='ocrx_word' id='word_1_206' title='bbox 2026 1412 2308 1481; x_wconf 75' lang='lat' dir='ltr'><strong>ambabds,</strong></span> <span class='ocrx_word' id='word_1_207' title='bbox 2337 1418 2396 1466; x_wconf 75' lang='grc' dir='ltr'><strong>ιη</strong></span> <span class='ocrx_word' id='word_1_208' title='bbox 2418 1413 2595 1475; x_wconf 72' lang='lat' dir='ltr'><strong>munis</strong></span> <span class='ocrx_word' id='word_1_209' title='bbox 2620 1424 2876 1483; x_wconf 81' lang='lat' dir='ltr'><strong>purgetur</strong></span> <span class='ocrx_word' id='word_1_210' title='bbox 2900 1413 3204 1471; x_wconf 70' lang='lat' dir='ltr'><strong>Jerusalem</strong></span> 
     </span>
    </p>
   </div>
   <div class='ocr_carea' id='block_1_30' title="bbox 1970 1490 3473 1576">
    <p class='ocr_par' dir='ltr' id='par_1_30' title="bbox 1970 1490 3473 1576">
     <span class='ocr_line' id='line_1_31' title="bbox 1970 1490 3473 1576; baseline 0.005 -23"><span class='ocrx_word' id='word_1_211' title='bbox 1970 1521 1987 1552; x_wconf 77' lang='grc' dir='ltr'>ι</span> <span class='ocrx_word' id='word_1_212' title='bbox 2026 1490 2416 1573; x_wconf 74' lang='lat' dir='ltr'><strong>Ingressusque</strong></span> <span class='ocrx_word' id='word_1_213' title='bbox 2442 1512 2525 1557; x_wconf 83' lang='lat' dir='ltr'><strong>est</strong></span> <span class='ocrx_word' id='word_1_214' title='bbox 2576 1504 2627 1557; x_wconf 90' lang='lat' dir='ltr'><strong>in</strong></span> <span class='ocrx_word' id='word_1_215' title='bbox 2672 1514 2962 1576; x_wconf 84' lang='lat' dir='ltr'><strong>conspectu</strong></span> <span class='ocrx_word' id='word_1_216' title='bbox 3016 1522 3153 1560; x_wconf 85' lang='lat' dir='ltr'><strong>meo.</strong></span> <span class='ocrx_word' id='word_1_217' title='bbox 3176 1506 3473 1564; x_wconf 82' lang='lat' dir='ltr'><strong>‘Cherubim</strong></span> 
     </span>
    </p>
   </div>
   <div class='ocr_carea' id='block_1_31' title="bbox 1902 1580 3478 1667">
    <p class='ocr_par' dir='ltr' id='par_1_31' title="bbox 1902 1580 3478 1667">
     <span class='ocr_line' id='line_1_32' title="bbox 1902 1580 3478 1667; baseline 0.006 -24"><span class='ocrx_word' id='word_1_218' title='bbox 1902 1608 1918 1641; x_wconf 72' lang='grc' dir='ltr'>ι</span> <span class='ocrx_word' id='word_1_219' title='bbox 1959 1598 2136 1645; x_wconf 87' lang='lat' dir='ltr'><strong>autem</strong></span> <span class='ocrx_word' id='word_1_220' title='bbox 2180 1586 2397 1646; x_wconf 86' lang='lat' dir='ltr'><strong>stabant</strong></span> <span class='ocrx_word' id='word_1_221' title='bbox 2423 1607 2453 1645; x_wconf 86' lang='lat' dir='ltr'><strong>a</strong></span> <span class='ocrx_word' id='word_1_222' title='bbox 2497 1580 2705 1648; x_wconf 73' lang='lat' dir='ltr'><strong>dextris</strong></span> <span class='ocrx_word' id='word_1_223' title='bbox 2739 1592 2931 1650; x_wconf 85' lang='lat' dir='ltr'><strong>domus</strong></span> <span class='ocrx_word' id='word_1_224' title='bbox 2957 1605 3077 1651; x_wconf 87' lang='lat' dir='ltr'><strong>cum</strong></span> <span class='ocrx_word' id='word_1_225' title='bbox 3109 1597 3478 1667; x_wconf 64' lang='lat' dir='ltr'><strong>ingrederetur</strong></span> 
     </span>
    </p>
   </div>
   <div class='ocr_carea' id='block_1_32' title="bbox 1903 1678 3475 1750">
    <p class='ocr_par' dir='ltr' id='par_1_32' title="bbox 1903 1678 3475 1750">
     <span class='ocr_line' id='line_1_33' title="bbox 1903 1678 3475 1750; baseline 0.01 -23"><span class='ocrx_word' id='word_1_226' title='bbox 1903 1697 1919 1727; x_wconf 74' lang='grc' dir='ltr'>ι</span> <span class='ocrx_word' id='word_1_227' title='bbox 1958 1678 2059 1743; x_wconf 86' lang='lat' dir='ltr'><strong>vir,</strong></span> <span class='ocrx_word' id='word_1_228' title='bbox 2092 1686 2146 1733; x_wconf 90' lang='lat' dir='ltr'><strong>et</strong></span> <span class='ocrx_word' id='word_1_229' title='bbox 2172 1680 2342 1734; x_wconf 85' lang='lat' dir='ltr'><strong>nubes</strong></span> <span class='ocrx_word' id='word_1_230' title='bbox 2370 1680 2609 1750; x_wconf 80' lang='lat' dir='ltr'><strong>implevit</strong></span> <span class='ocrx_word' id='word_1_231' title='bbox 2643 1680 2838 1737; x_wconf 67' lang='lat' dir='ltr'><strong>atritmi</strong></span> <span class='ocrx_word' id='word_1_232' title='bbox 2878 1685 3126 1740; x_wconf 84' lang='lat' dir='ltr'><strong>interius.</strong></span> <span class='ocrx_word' id='word_1_233' title='bbox 3156 1684 3223 1740; x_wconf 78' lang='lat' dir='ltr'><strong>Et</strong></span> <span class='ocrx_word' id='word_1_234' title='bbox 3268 1687 3475 1742; x_wconf 81' lang='lat' dir='ltr'><strong>elevata</strong></span> 
     </span>
    </p>
   </div>
   <div class='ocr_carea' id='block_1_33' title="bbox 199 1768 3473 1846">
    <p class='ocr_par' dir='ltr' id='par_1_33' title="bbox 199 1768 3473 1846">
     <span class='ocr_line' id='line_1_34' title="bbox 199 1768 3473 1846; baseline 0.002 -20"><span class='ocrx_word' id='word_1_235' title='bbox 199 1772 403 1827; x_wconf 80' lang='lat' dir='ltr'><strong>reddat</strong></span> <span class='ocrx_word' id='word_1_236' title='bbox 430 1784 592 1840; x_wconf 89' lang='lat' dir='ltr'><strong>super</strong></span> <span class='ocrx_word' id='word_1_237' title='bbox 619 1769 792 1838; x_wconf 86' lang='lat' dir='ltr'><strong>capita</strong></span> <span class='ocrx_word' id='word_1_238' title='bbox 823 1785 1032 1833; x_wconf 84' lang='lat' dir='ltr'><strong>ecrum,</strong></span> <span class='ocrx_word' id='word_1_239' title='bbox 1059 1770 1141 1823; x_wconf 87' lang='lat' dir='ltr'><strong>vel</strong></span> <span class='ocrx_word' id='word_1_240' title='bbox 1168 1784 1328 1840; x_wconf 87' lang='lat' dir='ltr'><strong>super</strong></span> <span class='ocrx_word' id='word_1_241' title='bbox 1355 1769 1648 1840; x_wconf 87' lang='lat' dir='ltr'><strong>principale</strong></span> <span class='ocrx_word' id='word_1_242' title='bbox 1672 1781 1793 1827; x_wconf 85' lang='lat' dir='ltr'><strong>cor-</strong></span> <span class='ocrx_word' id='word_1_243' title='bbox 1822 1789 1866 1846; x_wconf 75' lang='grc' dir='ltr'>Β</span> <span class='ocrx_word' id='word_1_244' title='bbox 1904 1786 1919 1817; x_wconf 70' lang='grc' dir='ltr'><strong><em>ι</em></strong></span> <span class='ocrx_word' id='word_1_245' title='bbox 1955 1776 2037 1823; x_wconf 87' lang='lat' dir='ltr'><strong>est</strong></span> <span class='ocrx_word' id='word_1_246' title='bbox 2060 1768 2229 1838; x_wconf 88' lang='lat' dir='ltr'><strong>gloria</strong></span> <span class='ocrx_word' id='word_1_247' title='bbox 2253 1768 2464 1833; x_wconf 86' lang='lat' dir='ltr'><strong>Domini</strong></span> <span class='ocrx_word' id='word_1_248' title='bbox 2493 1772 2723 1841; x_wconf 83' lang='lat' dir='ltr'><strong>dc5uper</strong></span> <span class='ocrx_word' id='word_1_249' title='bbox 2745 1774 2948 1829; x_wconf 82' lang='lat' dir='ltr'><strong>cherub</strong></span> <span class='ocrx_word' id='word_1_250' title='bbox 2979 1776 3044 1830; x_wconf 86' lang='lat' dir='ltr'><strong>ad</strong></span> <span class='ocrx_word' id='word_1_251' title='bbox 3065 1775 3227 1831; x_wconf 81' lang='lat' dir='ltr'><strong>limen</strong></span> <span class='ocrx_word' id='word_1_252' title='bbox 3251 1777 3473 1837; x_wconf 74' lang='lat' dir='ltr'><strong>donius:</strong></span> 
     </span>
    </p>
   </div>
   <div class='ocr_carea' id='block_1_34' title="bbox 200 1854 1790 1932">
    <p class='ocr_par' dir='ltr' id='par_1_34' title="bbox 200 1854 1790 1932">
     <span class='ocr_line' id='line_1_35' title="bbox 200 1854 1790 1932; baseline -0.004 -14"><span class='ocrx_word' id='word_1_253' title='bbox 200 1863 311 1924; x_wconf 85' lang='lat' dir='ltr'><strong>dis,</strong></span> <span class='ocrx_word' id='word_1_254' title='bbox 346 1854 428 1917; x_wconf 86' lang='lat' dir='ltr'><strong>vel</strong></span> <span class='ocrx_word' id='word_1_255' title='bbox 451 1876 611 1932; x_wconf 87' lang='lat' dir='ltr'><strong>super</strong></span> <span class='ocrx_word' id='word_1_256' title='bbox 638 1861 909 1931; x_wconf 86' lang='lat' dir='ltr'><strong>principes</strong></span> <span class='ocrx_word' id='word_1_257' title='bbox 936 1860 1136 1931; x_wconf 80' lang='lat' dir='ltr'><strong>pepuli,</strong></span> <span class='ocrx_word' id='word_1_258' title='bbox 1168 1859 1321 1929; x_wconf 75' lang='lat' dir='ltr'><strong>juxta</strong></span> <span class='ocrx_word' id='word_1_259' title='bbox 1345 1859 1790 1931; x_wconf 76' lang='lat' dir='ltr'><strong>Numerorum&#39;li-</strong></span> 
     </span>
    </p>
   </div>
   <div class='ocr_carea' id='block_1_35' title="bbox 199 1954 1791 2025">
    <p class='ocr_par' dir='ltr' id='par_1_35' title="bbox 199 1954 1791 2025">
     <span class='ocr_line' id='line_1_36' title="bbox 199 1954 1791 2025; baseline -0.003 -14"><span class='ocrx_word' id='word_1_260' title='bbox 199 1956 366 2011; x_wconf 85' lang='lat' dir='ltr'><strong>brum</strong></span> <span class='ocrx_word' id='word_1_261' title='bbox 390 1958 442 2010; x_wconf 90' lang='lat' dir='ltr'><strong>in</strong></span> <span class='ocrx_word' id='word_1_262' title='bbox 459 1971 565 2025; x_wconf 90' lang='lat' dir='ltr'><strong>quo</strong></span> <span class='ocrx_word' id='word_1_263' title='bbox 578 1955 753 2025; x_wconf 85' lang='lat' dir='ltr'><strong>capita</strong></span> <span class='ocrx_word' id='word_1_264' title='bbox 770 1954 1083 2025; x_wconf 64' lang='lat' dir='ltr'><strong>populorum</strong></span> <span class='ocrx_word' id='word_1_265' title='bbox 1097 1954 1370 2024; x_wconf 87' lang='lat' dir='ltr'><strong>principes</strong></span> <span class='ocrx_word' id='word_1_266' title='bbox 1384 1968 1504 2010; x_wconf 88' lang='lat' dir='ltr'><strong>esse</strong></span> <span class='ocrx_word' id='word_1_267' title='bbox 1520 1954 1791 2009; x_wconf 84' lang='lat' dir='ltr'><strong>dicuntur.</strong></span> 
     </span>
    </p>
   </div>
   <div class='ocr_carea' id='block_1_36' title="bbox 286 2032 1795 2117">
    <p class='ocr_par' dir='ltr' id='par_1_36' title="bbox 286 2032 1795 2117">
     <span class='ocr_line' id='line_1_37' title="bbox 286 2032 1795 2117; baseline 0.001 -20"><span class='ocrx_word' id='word_1_268' title='bbox 286 2066 304 2097; x_wconf 79' lang='grc' dir='ltr'>ι</span> <span class='ocrx_word' id='word_1_269' title='bbox 343 2032 407 2101; x_wconf 79' lang='lat' dir='ltr'><strong>Et</strong></span> <span class='ocrx_word' id='word_1_270' title='bbox 435 2062 562 2102; x_wconf 88' lang='lat' dir='ltr'><strong>ecce</strong></span> <span class='ocrx_word' id='word_1_271' title='bbox 589 2047 670 2100; x_wconf 81' lang='lat' dir='ltr'><strong>vir</strong></span> <span class='ocrx_word' id='word_1_272' title='bbox 699 2048 788 2117; x_wconf 90' lang='lat' dir='ltr'><strong>qui</strong></span> <span class='ocrx_word' id='word_1_273' title='bbox 832 2046 1050 2100; x_wconf 88' lang='lat' dir='ltr'><strong>indutus</strong></span> <span class='ocrx_word' id='word_1_274' title='bbox 1093 2056 1209 2102; x_wconf 91' lang='lat' dir='ltr'><strong>erat</strong></span> <span class='ocrx_word' id='word_1_275' title='bbox 1241 2046 1413 2109; x_wconf 82' lang='lat' dir='ltr'><strong>lineis,</strong></span> <span class='ocrx_word' id='word_1_276' title='bbox 1441 2046 1531 2117; x_wconf 88' lang='lat' dir='ltr'><strong>qui</strong></span> <span class='ocrx_word' id='word_1_277' title='bbox 1554 2046 1795 2101; x_wconf 84' lang='lat' dir='ltr'><strong>habebat</strong></span> 
     </span>
    </p>
   </div>
   <div class='ocr_carea' id='block_1_37' title="bbox 208 2128 1788 2206">
    <p class='ocr_par' dir='ltr' id='par_1_37' title="bbox 208 2128 1788 2206">
     <span class='ocr_line' id='line_1_38' title="bbox 208 2128 1788 2206; baseline 0 -17"><span class='ocrx_word' id='word_1_278' title='bbox 208 2156 231 2189; x_wconf 74' lang='grc' dir='ltr'>ι</span> <span class='ocrx_word' id='word_1_279' title='bbox 272 2139 715 2191; x_wconf 77' lang='lat' dir='ltr'><strong>ntramentarium</strong></span> <span class='ocrx_word' id='word_1_280' title='bbox 763 2138 815 2191; x_wconf 90' lang='lat' dir='ltr'><strong>in</strong></span> <span class='ocrx_word' id='word_1_281' title='bbox 858 2137 1053 2191; x_wconf 90' lang='lat' dir='ltr'><strong>lumbis</strong></span> <span class='ocrx_word' id='word_1_282' title='bbox 1080 2134 1213 2201; x_wconf 88' lang='lat' dir='ltr'><strong>suis,</strong></span> <span class='ocrx_word' id='word_1_283' title='bbox 1248 2128 1521 2206; x_wconf 83' lang='lat' dir='ltr'><strong>respondit</strong></span> <span class='ocrx_word' id='word_1_284' title='bbox 1567 2136 1788 2191; x_wconf 85' lang='lat' dir='ltr'><strong>dicens:</strong></span> 
     </span>
    </p>
   </div>
   <div class='ocr_carea' id='block_1_38' title="bbox 208 2224 1795 2299">
    <p class='ocr_par' dir='ltr' id='par_1_38' title="bbox 208 2224 1795 2299">
     <span class='ocr_line' id='line_1_39' title="bbox 208 2224 1795 2299; baseline -0.001 -18"><span class='ocrx_word' id='word_1_285' title='bbox 208 2247 232 2281; x_wconf 67' lang='grc' dir='ltr'><em>ς</em></span> <span class='ocrx_word' id='word_1_286' title='bbox 290 2224 414 2284; x_wconf 81' lang='lat' dir='ltr'><strong>Feci</strong></span> <span class='ocrx_word' id='word_1_287' title='bbox 466 2231 607 2283; x_wconf 90' lang='lat' dir='ltr'><strong>sicut</strong></span> <span class='ocrx_word' id='word_1_288' title='bbox 660 2228 959 2298; x_wconf 75' lang='lat' dir='ltr'><strong>praecepisti</strong></span> <span class='ocrx_word' id='word_1_289' title='bbox 984 2230 1147 2283; x_wconf 83' lang='lat' dir='ltr'><strong>mihi.</strong></span> <span class='ocrx_word' id='word_1_290' title='bbox 1186 2248 1203 2281; x_wconf 71' lang='grc' dir='ltr'><strong><em>ι</em></strong></span> <span class='ocrx_word' id='word_1_291' title='bbox 1238 2226 1628 2299; x_wconf 83' lang='lat' dir='ltr'><strong>Septuaginta:</strong></span> <span class='ocrx_word' id='word_1_292' title='bbox 1665 2248 1682 2280; x_wconf 75' lang='grc' dir='ltr'><strong>ι</strong></span> <span class='ocrx_word' id='word_1_293' title='bbox 1730 2227 1795 2281; x_wconf 83' lang='lat' dir='ltr'><strong>Et</strong></span> 
     </span>
    </p>
   </div>
   <div class='ocr_carea' id='block_1_39' title="bbox 203 2305 1789 2389">
    <p class='ocr_par' dir='ltr' id='par_1_39' title="bbox 203 2305 1789 2389">
     <span class='ocr_line' id='line_1_40' title="bbox 203 2305 1789 2389; baseline -0.003 -14"><span class='ocrx_word' id='word_1_294' title='bbox 203 2334 340 2375; x_wconf 85' lang='lat' dir='ltr'><strong>ecce</strong></span> <span class='ocrx_word' id='word_1_295' title='bbox 362 2320 443 2373; x_wconf 89' lang='lat' dir='ltr'><strong>vir</strong></span> <span class='ocrx_word' id='word_1_296' title='bbox 466 2305 557 2389; x_wconf 86' lang='lat' dir='ltr'><strong>qui</strong></span> <span class='ocrx_word' id='word_1_297' title='bbox 592 2320 810 2377; x_wconf 80' lang='lat' dir='ltr'><strong>indutus</strong></span> <span class='ocrx_word' id='word_1_298' title='bbox 841 2330 958 2373; x_wconf 89' lang='lat' dir='ltr'><strong>erat</strong></span> <span class='ocrx_word' id='word_1_299' title='bbox 988 2314 1275 2389; x_wconf 79' lang='lat' dir='ltr'><strong>pedere,id</strong></span> <span class='ocrx_word' id='word_1_300' title='bbox 1298 2327 1403 2379; x_wconf 84' lang='lat' dir='ltr'><strong>est,</strong></span> <span class='ocrx_word' id='word_1_301' title='bbox 1430 2328 1579 2372; x_wconf 88' lang='lat' dir='ltr'><strong>veste</strong></span> <span class='ocrx_word' id='word_1_302' title='bbox 1613 2316 1789 2377; x_wconf 82' lang='lat' dir='ltr'><strong>talari,</strong></span> 
     </span>
    </p>
   </div>
   <div class='ocr_carea' id='block_1_40' title="bbox 201 2404 1791 2477">
    <p class='ocr_par' dir='ltr' id='par_1_40' title="bbox 201 2404 1791 2477">
     <span class='ocr_line' id='line_1_41' title="bbox 201 2404 1791 2477; baseline -0.002 -12"><span class='ocrx_word' id='word_1_303' title='bbox 201 2420 261 2465; x_wconf 82' lang='lat' dir='ltr'><strong>et</strong></span> <span class='ocrx_word' id='word_1_304' title='bbox 288 2407 564 2465; x_wconf 74' lang='lat' dir='ltr'><strong>accinctus</strong></span> <span class='ocrx_word' id='word_1_305' title='bbox 597 2426 729 2469; x_wconf 84' lang='lat' dir='ltr'><strong>zona</strong></span> <span class='ocrx_word' id='word_1_306' title='bbox 760 2409 969 2464; x_wconf 87' lang='lat' dir='ltr'><strong>lumbos</strong></span> <span class='ocrx_word' id='word_1_307' title='bbox 992 2416 1139 2464; x_wconf 65' lang='lat' dir='ltr'><strong>‘suos.</strong></span> <span class='ocrx_word' id='word_1_308' title='bbox 1175 2410 1240 2463; x_wconf 84' lang='lat' dir='ltr'><strong>Et</strong></span> <span class='ocrx_word' id='word_1_309' title='bbox 1262 2409 1533 2477; x_wconf 77' lang='lat' dir='ltr'><strong>respondit</strong></span> <span class='ocrx_word' id='word_1_310' title='bbox 1570 2404 1791 2463; x_wconf 81' lang='lat' dir='ltr'><strong>verbum</strong></span> 
     </span>
    </p>
   </div>
   <div class='ocr_carea' id='block_1_41' title="bbox 203 2490 1791 2568">
    <p class='ocr_par' dir='ltr' id='par_1_41' title="bbox 203 2490 1791 2568">
     <span class='ocr_line' id='line_1_42' title="bbox 203 2490 1791 2568; baseline -0.001 -15"><span class='ocrx_word' id='word_1_311' title='bbox 203 2500 397 2554; x_wconf 85' lang='lat' dir='ltr'><strong>dicens</strong></span> <span class='ocrx_word' id='word_1_312' title='bbox 426 2499 589 2553; x_wconf 76' lang='lat' dir='ltr'><strong>:Fe‘ci</strong></span> <span class='ocrx_word' id='word_1_313' title='bbox 631 2500 772 2564; x_wconf 87' lang='lat' dir='ltr'><strong>sicut</strong></span> <span class='ocrx_word' id='word_1_314' title='bbox 799 2500 1059 2565; x_wconf 82' lang='lat' dir='ltr'><strong>mandasti</strong></span> <span class='ocrx_word' id='word_1_315' title='bbox 1089 2490 1243 2553; x_wconf 85' lang='lat' dir='ltr'><strong>mihi.</strong></span> <span class='ocrx_word' id='word_1_316' title='bbox 1271 2520 1289 2551; x_wconf 75' lang='grc' dir='ltr'><strong><em>ι</em></strong></span> <span class='ocrx_word' id='word_1_317' title='bbox 1316 2490 1444 2568; x_wconf 71' lang='lat' dir='ltr'><strong>ipse</strong></span> <span class='ocrx_word' id='word_1_318' title='bbox 1470 2497 1549 2553; x_wconf 78' lang='lat' dir='ltr'><strong>est</strong></span> <span class='ocrx_word' id='word_1_319' title='bbox 1572 2499 1671 2563; x_wconf 82' lang='lat' dir='ltr'><strong>vir,</strong></span> <span class='ocrx_word' id='word_1_320' title='bbox 1705 2498 1791 2552; x_wconf 90' lang='lat' dir='ltr'><strong>cui</strong></span> 
     </span>
    </p>
   </div>
   <div class='ocr_carea' id='block_1_42' title="bbox 193 2584 1792 2672">
    <p class='ocr_par' dir='ltr' id='par_1_42' title="bbox 193 2584 1792 2672">
     <span class='ocr_line' id='line_1_43' title="bbox 193 2584 1792 2672; baseline -0.002 -28"><span class='ocrx_word' id='word_1_321' title='bbox 193 2590 422 2672; x_wconf 37' lang='lat' dir='ltr'><strong>iussum,</strong></span> <span class='ocrx_word' id='word_1_322' title='bbox 453 2600 535 2671; x_wconf 85' lang='lat' dir='ltr'><strong>est</strong></span> <span class='ocrx_word' id='word_1_323' title='bbox 582 2591 815 2644; x_wconf 87' lang='lat' dir='ltr'><strong>transire</strong></span> <span class='ocrx_word' id='word_1_324' title='bbox 862 2599 958 2660; x_wconf 85' lang='lat' dir='ltr'><strong>per</strong></span> <span class='ocrx_word' id='word_1_325' title='bbox 1000 2584 1323 2655; x_wconf 79' lang='lat' dir='ltr'><strong>Jerusalem,</strong></span> <span class='ocrx_word' id='word_1_326' title='bbox 1371 2598 1425 2643; x_wconf 86' lang='lat' dir='ltr'><strong>et</strong></span> <span class='ocrx_word' id='word_1_327' title='bbox 1472 2602 1671 2657; x_wconf 81' lang='lat' dir='ltr'><strong>ponere</strong></span> <span class='ocrx_word' id='word_1_328' title='bbox 1715 2588 1792 2642; x_wconf 90' lang='lat' dir='ltr'><strong>si-</strong></span> 
     </span>
    </p>
   </div>
   <div class='ocr_carea' id='block_1_43' title="bbox 204 2667 1790 2763">
    <p class='ocr_par' dir='ltr' id='par_1_43' title="bbox 204 2667 1790 2763">
     <span class='ocr_line' id='line_1_44' title="bbox 204 2667 1790 2763; baseline -0.001 -28"><span class='ocrx_word' id='word_1_329' title='bbox 204 2695 373 2749; x_wconf 88' lang='lat' dir='ltr'><strong>gnum</strong></span> <span class='ocrx_word' id='word_1_330' title='bbox 516 2667 791 2736; x_wconf 85' lang='lat' dir='ltr'><strong>frontibus</strong></span> <span class='ocrx_word' id='word_1_331' title='bbox 824 2682 1071 2757; x_wconf 52' lang='lat' dir='ltr'><strong>virorum</strong></span> <span class='ocrx_word' id='word_1_332' title='bbox 1095 2714 1104 2763; x_wconf 9' lang='lat'><strong>7-</strong></span> <span class='ocrx_word' id='word_1_333' title='bbox 1129 2681 1457 2763; x_wconf 74' lang='lat' dir='ltr'><strong>gementium</strong></span> <span class='ocrx_word' id='word_1_334' title='bbox 1513 2689 1566 2735; x_wconf 92' lang='lat' dir='ltr'><strong>et</strong></span> <span class='ocrx_word' id='word_1_335' title='bbox 1605 2679 1790 2745; x_wconf 78' lang='lat' dir='ltr'><strong>dolen-</strong></span> 
     </span>
    </p>
   </div>
   <div class='ocr_carea' id='block_1_44' title="bbox 206 2760 1793 2849">
    <p class='ocr_par' dir='ltr' id='par_1_44' title="bbox 206 2760 1793 2849">
     <span class='ocr_line' id='line_1_45' title="bbox 206 2760 1793 2849; baseline -0.002 -21"><span class='ocrx_word' id='word_1_336' title='bbox 206 2760 545 2847; x_wconf 71' lang='lat' dir='ltr'><strong>tiumsuper</strong></span> <span class='ocrx_word' id='word_1_337' title='bbox 587 2760 800 2849; x_wconf 84' lang='lat' dir='ltr'><strong>cunctis</strong></span> <span class='ocrx_word' id='word_1_338' title='bbox 838 2760 1216 2846; x_wconf 78' lang='lat' dir='ltr'><strong>iniquitatibus</strong></span> <span class='ocrx_word' id='word_1_339' title='bbox 1256 2772 1465 2828; x_wconf 74' lang='lat' dir='ltr'><strong>eorum.</strong></span> <span class='ocrx_word' id='word_1_340' title='bbox 1500 2773 1793 2843; x_wconf 75' lang='lat' dir='ltr'><strong>Dicitergo</strong></span> 
     </span>
    </p>
   </div>
   <div class='ocr_carea' id='block_1_45' title="bbox 204 2850 1789 2938">
    <p class='ocr_par' dir='ltr' id='par_1_45' title="bbox 204 2850 1789 2938">
     <span class='ocr_line' id='line_1_46' title="bbox 204 2850 1789 2938; baseline -0.003 -18"><span class='ocrx_word' id='word_1_341' title='bbox 204 2882 268 2920; x_wconf 87' lang='lat' dir='ltr'><strong>se</strong></span> <span class='ocrx_word' id='word_1_342' title='bbox 320 2865 537 2919; x_wconf 78' lang='lat' dir='ltr'><strong>Domini</strong></span> <span class='ocrx_word' id='word_1_343' title='bbox 574 2860 835 2935; x_wconf 79' lang='lat' dir='ltr'><strong>pnecepta</strong></span> <span class='ocrx_word' id='word_1_344' title='bbox 881 2859 1199 2936; x_wconf 83' lang='lat' dir='ltr'><strong>complesse,</strong></span> <span class='ocrx_word' id='word_1_345' title='bbox 1226 2854 1311 2920; x_wconf 35' lang='lat' dir='ltr'><strong>set</strong></span> <span class='ocrx_word' id='word_1_346' title='bbox 1341 2850 1619 2938; x_wconf 83' lang='lat' dir='ltr'><strong>signaculo</strong></span> <span class='ocrx_word' id='word_1_347' title='bbox 1661 2864 1789 2919; x_wconf 82' lang='lat' dir='ltr'><strong>thau</strong></span> 
     </span>
    </p>
   </div>
   <div class='ocr_carea' id='block_1_46' title="bbox 205 2938 1790 3025">
    <p class='ocr_par' dir='ltr' id='par_1_46' title="bbox 205 2938 1790 3025">
     <span class='ocr_line' id='line_1_47' title="bbox 205 2938 1790 3025; baseline -0.002 -16"><span class='ocrx_word' id='word_1_348' title='bbox 205 2956 403 3011; x_wconf 75' lang='lat' dir='ltr'><strong>littera:</strong></span> <span class='ocrx_word' id='word_1_349' title='bbox 446 2956 649 3011; x_wconf 76' lang='lat' dir='ltr'><strong>frontes</strong></span> <span class='ocrx_word' id='word_1_350' title='bbox 682 2969 925 3010; x_wconf 87' lang='lat' dir='ltr'><strong>armasse</strong></span> <span class='ocrx_word' id='word_1_351' title='bbox 966 2938 1281 3025; x_wconf 78' lang='lat' dir='ltr'><strong>lugentium.</strong></span> <span class='ocrx_word' id='word_1_352' title='bbox 1332 2952 1441 3008; x_wconf 81' lang='lat' dir='ltr'><strong>Sex</strong></span> <span class='ocrx_word' id='word_1_353' title='bbox 1482 2963 1662 3009; x_wconf 87' lang='lat' dir='ltr'><strong>autem</strong></span> <span class='ocrx_word' id='word_1_354' title='bbox 1690 2952 1790 3006; x_wconf 89' lang='lat' dir='ltr'><strong>viri</strong></span> 
     </span>
    </p>
   </div>
   <div class='ocr_carea' id='block_1_47' title="bbox 205 3042 1792 3116">
    <p class='ocr_par' dir='ltr' id='par_1_47' title="bbox 205 3042 1792 3116">
     <span class='ocr_line' id='line_1_48' title="bbox 205 3042 1792 3116; baseline -0.002 -18"><span class='ocrx_word' id='word_1_355' title='bbox 205 3047 404 3115; x_wconf 80' lang='lat' dir='ltr'><strong>quibus</strong></span> <span class='ocrx_word' id='word_1_356' title='bbox 430 3053 759 3116; x_wconf 73' lang='lat' dir='ltr'><strong>prteceperat</strong></span> <span class='ocrx_word' id='word_1_357' title='bbox 802 3045 1060 3099; x_wconf 87' lang='lat' dir='ltr'><strong>Dominus</strong></span> <span class='ocrx_word' id='word_1_358' title='bbox 1096 3044 1325 3099; x_wconf 88' lang='lat' dir='ltr'><strong>dicens:</strong></span> <span class='ocrx_word' id='word_1_359' title='bbox 1360 3060 1380 3093; x_wconf 76' lang='grc' dir='ltr'>ι</span> <span class='ocrx_word' id='word_1_360' title='bbox 1414 3042 1660 3097; x_wconf 86' lang='lat' dir='ltr'><strong>Transite</strong></span> <span class='ocrx_word' id='word_1_361' title='bbox 1697 3056 1792 3111; x_wconf 88' lang='lat' dir='ltr'><strong>per</strong></span> 
     </span>
    </p>
   </div>
   <div class='ocr_carea' id='block_1_48' title="bbox 1900 1858 3479 1939">
    <p class='ocr_par' dir='ltr' id='par_1_48' title="bbox 1900 1858 3479 1939">
     <span class='ocr_line' id='line_1_49' title="bbox 1900 1858 3479 1939; baseline 0.01 -30"><span class='ocrx_word' id='word_1_362' title='bbox 1900 1876 1919 1908; x_wconf 72' lang='grc' dir='ltr'><strong><em>ι</em></strong></span> <span class='ocrx_word' id='word_1_363' title='bbox 1952 1866 2013 1919; x_wconf 83' lang='lat' dir='ltr'><strong>et</strong></span> <span class='ocrx_word' id='word_1_364' title='bbox 2038 1858 2239 1929; x_wconf 69' lang='lat' dir='ltr'><strong>repleta</strong></span> <span class='ocrx_word' id='word_1_365' title='bbox 2282 1867 2365 1915; x_wconf 87' lang='lat' dir='ltr'><strong>est</strong></span> <span class='ocrx_word' id='word_1_366' title='bbox 2394 1860 2583 1917; x_wconf 81' lang='lat' dir='ltr'><strong>domus</strong></span> <span class='ocrx_word' id='word_1_367' title='bbox 2612 1864 2772 1931; x_wconf 66' lang='lat' dir='ltr'><strong>ur&#39;.e,</strong></span> <span class='ocrx_word' id='word_1_368' title='bbox 2815 1872 2853 1918; x_wconf 67' lang='lat' dir='ltr'><strong>ll</strong></span> <span class='ocrx_word' id='word_1_369' title='bbox 2877 1860 3073 1923; x_wconf 70' lang='lat' dir='ltr'><strong>atrium</strong></span> <span class='ocrx_word' id='word_1_370' title='bbox 3111 1868 3369 1937; x_wconf 72' lang='lat' dir='ltr'><strong>repletum</strong></span> <span class='ocrx_word' id='word_1_371' title='bbox 3391 1880 3479 1939; x_wconf 87' lang='lat' dir='ltr'><strong>est</strong></span> 
     </span>
    </p>
   </div>
   <div class='ocr_carea' id='block_1_49' title="bbox 1900 1948 3480 2027">
    <p class='ocr_par' dir='ltr' id='par_1_49' title="bbox 1900 1948 3480 2027">
     <span class='ocr_line' id='line_1_50' title="bbox 1900 1948 3480 2027; baseline 0.011 -28"><span class='ocrx_word' id='word_1_372' title='bbox 1900 1966 1917 1999; x_wconf 78' lang='grc' dir='ltr'>ι</span> <span class='ocrx_word' id='word_1_373' title='bbox 1956 1948 2241 2020; x_wconf 83' lang='lat' dir='ltr'><strong>splendore</strong></span> <span class='ocrx_word' id='word_1_374' title='bbox 2268 1952 2449 2027; x_wconf 63' lang='lat' dir='ltr'><strong>gloriae</strong></span> <span class='ocrx_word' id='word_1_375' title='bbox 2477 1952 2709 2023; x_wconf 85' lang='lat' dir='ltr'><strong>Domini.</strong></span> <span class='ocrx_word' id='word_1_376' title='bbox 2740 1956 2802 2011; x_wconf 86' lang='lat' dir='ltr'><strong>Et</strong></span> <span class='ocrx_word' id='word_1_377' title='bbox 2823 1958 3034 2026; x_wconf 77' lang='lat' dir='ltr'><strong>sonitus</strong></span> <span class='ocrx_word' id='word_1_378' title='bbox 3062 1968 3269 2014; x_wconf 68' lang='lat' dir='ltr'><strong>aratum</strong></span> <span class='ocrx_word' id='word_1_379' title='bbox 3292 1958 3480 2016; x_wconf 84' lang='lat' dir='ltr'><strong>cheru-</strong></span> 
     </span>
    </p>
   </div>
   <div class='ocr_carea' id='block_1_50' title="bbox 1900 2034 3476 2122">
    <p class='ocr_par' dir='ltr' id='par_1_50' title="bbox 1900 2034 3476 2122">
     <span class='ocr_line' id='line_1_51' title="bbox 1900 2034 3476 2122; baseline 0.009 -29"><span class='ocrx_word' id='word_1_380' title='bbox 1900 2057 1919 2091; x_wconf 76' lang='grc' dir='ltr'>ι</span> <span class='ocrx_word' id='word_1_381' title='bbox 1953 2041 2064 2099; x_wconf 86' lang='lat' dir='ltr'><strong>bim</strong></span> <span class='ocrx_word' id='word_1_382' title='bbox 2111 2043 2644 2115; x_wconf 79' lang='lat' dir='ltr'><strong>audiebatur&#39;usque</strong></span> <span class='ocrx_word' id='word_1_383' title='bbox 2689 2049 2753 2100; x_wconf 89' lang='lat' dir='ltr'><strong>ad</strong></span> <span class='ocrx_word' id='word_1_384' title='bbox 2791 2038 2988 2103; x_wconf 77' lang='lat' dir='ltr'><strong>atrium</strong></span> <span class='ocrx_word' id='word_1_385' title='bbox 3030 2050 3284 2117; x_wconf 80' lang='lat' dir='ltr'><strong>exterius,</strong></span> <span class='ocrx_word' id='word_1_386' title='bbox 3321 2034 3476 2122; x_wconf 89' lang='lat' dir='ltr'><strong>quasi</strong></span> 
     </span>
    </p>
   </div>
   <div class='ocr_carea' id='block_1_51' title="bbox 1899 2131 3473 2216">
    <p class='ocr_par' dir='ltr' id='par_1_51' title="bbox 1899 2131 3473 2216">
     <span class='ocr_line' id='line_1_52' title="bbox 1899 2131 3473 2216; baseline 0.011 -35"><span class='ocrx_word' id='word_1_387' title='bbox 1899 2148 1918 2181; x_wconf 71' lang='grc' dir='ltr'>ι</span> <span class='ocrx_word' id='word_1_388' title='bbox 1959 2144 2059 2183; x_wconf 70' lang='lat' dir='ltr'><strong>vox</strong></span> <span class='ocrx_word' id='word_1_389' title='bbox 2088 2131 2178 2185; x_wconf 87' lang='lat' dir='ltr'><strong>Dei</strong></span> <span class='ocrx_word' id='word_1_390' title='bbox 2201 2133 2583 2202; x_wconf 87' lang='lat' dir='ltr'><strong>omnipotentis</strong></span> <span class='ocrx_word' id='word_1_391' title='bbox 2608 2136 2897 2216; x_wconf 68' lang='lat' dir='ltr'><strong>loquentis.</strong></span> <span class='ocrx_word' id='word_1_392' title='bbox 2924 2139 3165 2210; x_wconf 85' lang='lat' dir='ltr'><strong>Cumque</strong></span> <span class='ocrx_word' id='word_1_393' title='bbox 3188 2144 3473 2213; x_wconf 76' lang='lat' dir='ltr'><strong>prmccpis-</strong></span> 
     </span>
    </p>
   </div>
   <div class='ocr_carea' id='block_1_52' title="bbox 1900 2222 3476 2294">
    <p class='ocr_par' dir='ltr' id='par_1_52' title="bbox 1900 2222 3476 2294">
     <span class='ocr_line' id='line_1_53' title="bbox 1900 2222 3476 2294; baseline 0.01 -20"><span class='ocrx_word' id='word_1_394' title='bbox 1900 2240 1917 2273; x_wconf 73' lang='grc' dir='ltr'>ι</span> <span class='ocrx_word' id='word_1_395' title='bbox 1954 2230 2034 2276; x_wconf 84' lang='lat' dir='ltr'><strong>set</strong></span> <span class='ocrx_word' id='word_1_396' title='bbox 2079 2222 2195 2277; x_wconf 90' lang='lat' dir='ltr'><strong>viro</strong></span> <span class='ocrx_word' id='word_1_397' title='bbox 2246 2223 2337 2291; x_wconf 88' lang='lat' dir='ltr'><strong>qui</strong></span> <span class='ocrx_word' id='word_1_398' title='bbox 2376 2225 2604 2280; x_wconf 84' lang='lat' dir='ltr'><strong>indutus</strong></span> <span class='ocrx_word' id='word_1_399' title='bbox 2655 2238 2773 2281; x_wconf 89' lang='lat' dir='ltr'><strong>erat</strong></span> <span class='ocrx_word' id='word_1_400' title='bbox 2822 2228 2998 2294; x_wconf 88' lang='lat' dir='ltr'><strong>lineis,</strong></span> <span class='ocrx_word' id='word_1_401' title='bbox 3038 2230 3225 2287; x_wconf 88' lang='lat' dir='ltr'><strong>dicens</strong></span> <span class='ocrx_word' id='word_1_402' title='bbox 3263 2249 3276 2285; x_wconf 89' lang='lat'><strong>:</strong></span> <span class='ocrx_word' id='word_1_403' title='bbox 3312 2232 3476 2289; x_wconf 84' lang='lat' dir='ltr'><strong>Sume</strong></span> 
     </span>
    </p>
   </div>
   <div class='ocr_carea' id='block_1_53' title="bbox 1901 2313 3475 2389">
    <p class='ocr_par' dir='ltr' id='par_1_53' title="bbox 1901 2313 3475 2389">
     <span class='ocr_line' id='line_1_54' title="bbox 1901 2313 3475 2389; baseline 0.009 -23"><span class='ocrx_word' id='word_1_404' title='bbox 1901 2313 2133 2385; x_wconf 72' lang='lat' dir='ltr'><strong>«ignem</strong></span> <span class='ocrx_word' id='word_1_405' title='bbox 2182 2316 2463 2379; x_wconf 53' lang='lat' dir='ltr'><strong>de‘medio</strong></span> <span class='ocrx_word' id='word_1_406' title='bbox 2514 2326 2775 2384; x_wconf 89' lang='lat' dir='ltr'><strong>rotarum,</strong></span> <span class='ocrx_word' id='word_1_407' title='bbox 2826 2336 2945 2389; x_wconf 79' lang='lat' dir='ltr'><strong>qua:</strong></span> <span class='ocrx_word' id='word_1_408' title='bbox 2983 2332 3108 2376; x_wconf 84' lang='lat' dir='ltr'><strong>sunt</strong></span> <span class='ocrx_word' id='word_1_409' title='bbox 3154 2323 3296 2379; x_wconf 86' lang='lat' dir='ltr'><strong>inter</strong></span> <span class='ocrx_word' id='word_1_410' title='bbox 3344 2325 3475 2380; x_wconf 79' lang='lat' dir='ltr'><strong>rhe-</strong></span> 
     </span>
    </p>
   </div>
   <div class='ocr_carea' id='block_1_54' title="bbox 1900 2406 3478 2480">
    <p class='ocr_par' dir='ltr' id='par_1_54' title="bbox 1900 2406 3478 2480">
     <span class='ocr_line' id='line_1_55' title="bbox 1900 2406 3478 2480; baseline 0.009 -23"><span class='ocrx_word' id='word_1_411' title='bbox 1900 2422 1918 2455; x_wconf 72' lang='lat' dir='ltr'><strong>c</strong></span> <span class='ocrx_word' id='word_1_412' title='bbox 1958 2406 2131 2459; x_wconf 88' lang='lat' dir='ltr'><strong>rubim</strong></span> <span class='ocrx_word' id='word_1_413' title='bbox 2162 2422 2173 2471; x_wconf 92' lang='lat'>;</span> <span class='ocrx_word' id='word_1_414' title='bbox 2208 2406 2484 2477; x_wconf 89' lang='lat' dir='ltr'><strong>ingressus</strong></span> <span class='ocrx_word' id='word_1_415' title='bbox 2518 2407 2604 2463; x_wconf 90' lang='lat' dir='ltr'><strong>ille</strong></span> <span class='ocrx_word' id='word_1_416' title='bbox 2650 2410 2801 2465; x_wconf 88' lang='lat' dir='ltr'><strong>stetit</strong></span> <span class='ocrx_word' id='word_1_417' title='bbox 2840 2410 2995 2479; x_wconf 71' lang='lat' dir='ltr'><strong>juxta</strong></span> <span class='ocrx_word' id='word_1_418' title='bbox 3032 2422 3204 2468; x_wconf 89' lang='lat' dir='ltr'><strong>rotam</strong></span> <span class='ocrx_word' id='word_1_419' title='bbox 3233 2454 3246 2480; x_wconf 92' lang='lat'><strong>,</strong></span> <span class='ocrx_word' id='word_1_420' title='bbox 3278 2425 3350 2470; x_wconf 85' lang='lat' dir='ltr'><strong>et</strong></span> <span class='ocrx_word' id='word_1_421' title='bbox 3382 2432 3478 2471; x_wconf 78' lang='lat' dir='ltr'><strong>ex-</strong></span> 
     </span>
    </p>
   </div>
   <div class='ocr_carea' id='block_1_55' title="bbox 1899 2497 3475 2563">
    <p class='ocr_par' dir='ltr' id='par_1_55' title="bbox 1899 2497 3475 2563">
     <span class='ocr_line' id='line_1_56' title="bbox 1899 2497 3475 2563; baseline 0.01 -16"><span class='ocrx_word' id='word_1_422' title='bbox 1899 2514 1919 2547; x_wconf 75' lang='grc' dir='ltr'><strong><em>ο</em></strong></span> <span class='ocrx_word' id='word_1_423' title='bbox 1955 2497 2125 2552; x_wconf 77' lang='lat' dir='ltr'><strong>tendit</strong></span> <span class='ocrx_word' id='word_1_424' title='bbox 2171 2498 2374 2553; x_wconf 84' lang='lat' dir='ltr'><strong>cherub</strong></span> <span class='ocrx_word' id='word_1_425' title='bbox 2443 2514 2659 2554; x_wconf 88' lang='lat' dir='ltr'><strong>manum</strong></span> <span class='ocrx_word' id='word_1_426' title='bbox 2711 2502 2776 2556; x_wconf 91' lang='lat' dir='ltr'><strong>de</strong></span> <span class='ocrx_word' id='word_1_427' title='bbox 2836 2505 3015 2557; x_wconf 79' lang='lat' dir='ltr'><strong>medio</strong></span> <span class='ocrx_word' id='word_1_428' title='bbox 3065 2505 3344 2561; x_wconf 86' lang='lat' dir='ltr'><strong>cherubim</strong></span> <span class='ocrx_word' id='word_1_429' title='bbox 3408 2509 3475 2563; x_wconf 82' lang='lat' dir='ltr'><strong>ad</strong></span> 
     </span>
    </p>
   </div>
   <div class='ocr_carea' id='block_1_56' title="bbox 1899 2584 3476 2669">
    <p class='ocr_par' dir='ltr' id='par_1_56' title="bbox 1899 2584 3476 2669">
     <span class='ocr_line' id='line_1_57' title="bbox 1899 2584 3476 2669; baseline 0.01 -31"><span class='ocrx_word' id='word_1_430' title='bbox 1899 2606 1919 2638; x_wconf 73' lang='grc' dir='ltr'>ί</span> <span class='ocrx_word' id='word_1_431' title='bbox 1954 2584 2154 2663; x_wconf 76' lang='lat' dir='ltr'><strong>igsem,</strong></span> <span class='ocrx_word' id='word_1_432' title='bbox 2197 2589 2287 2656; x_wconf 89' lang='lat' dir='ltr'><strong>qui</strong></span> <span class='ocrx_word' id='word_1_433' title='bbox 2332 2597 2451 2643; x_wconf 89' lang='lat' dir='ltr'><strong>erat</strong></span> <span class='ocrx_word' id='word_1_434' title='bbox 2493 2590 2634 2645; x_wconf 90' lang='lat' dir='ltr'><strong>inter</strong></span> <span class='ocrx_word' id='word_1_435' title='bbox 2677 2591 2976 2659; x_wconf 84' lang='lat' dir='ltr'><strong>cherubim,</strong></span> <span class='ocrx_word' id='word_1_436' title='bbox 3011 2604 3064 2649; x_wconf 90' lang='lat' dir='ltr'><strong>et</strong></span> <span class='ocrx_word' id='word_1_437' title='bbox 3108 2598 3391 2669; x_wconf 82' lang='lat' dir='ltr'><strong>assumpsit</strong></span> <span class='ocrx_word' id='word_1_438' title='bbox 3423 2609 3476 2653; x_wconf 91' lang='lat' dir='ltr'><strong>ct</strong></span> 
     </span>
    </p>
   </div>
   <div class='ocr_carea' id='block_1_57' title="bbox 1901 2678 3474 2755">
    <p class='ocr_par' dir='ltr' id='par_1_57' title="bbox 1901 2678 3474 2755">
     <span class='ocr_line' id='line_1_58' title="bbox 1901 2678 3474 2755; baseline 0.008 -24"><span class='ocrx_word' id='word_1_439' title='bbox 1901 2699 1921 2731; x_wconf 75' lang='grc' dir='ltr'>ι</span> <span class='ocrx_word' id='word_1_440' title='bbox 1954 2678 2182 2736; x_wconf 78' lang='lat' dir='ltr'><strong>deditio</strong></span> <span class='ocrx_word' id='word_1_441' title='bbox 2211 2696 2371 2735; x_wconf 89' lang='lat' dir='ltr'><strong>manu</strong></span> <span class='ocrx_word' id='word_1_442' title='bbox 2430 2679 2548 2748; x_wconf 88' lang='lat' dir='ltr'><strong>ejus</strong></span> <span class='ocrx_word' id='word_1_443' title='bbox 2586 2683 2677 2752; x_wconf 88' lang='lat' dir='ltr'><strong>qui</strong></span> <span class='ocrx_word' id='word_1_444' title='bbox 2726 2682 2943 2739; x_wconf 83' lang='lat' dir='ltr'><strong>indutus</strong></span> <span class='ocrx_word' id='word_1_445' title='bbox 2989 2696 3106 2739; x_wconf 82' lang='lat' dir='ltr'><strong>erat</strong></span> <span class='ocrx_word' id='word_1_446' title='bbox 3158 2686 3333 2742; x_wconf 87' lang='lat' dir='ltr'><strong>lineis.</strong></span> <span class='ocrx_word' id='word_1_447' title='bbox 3374 2688 3474 2755; x_wconf 86' lang='lat' dir='ltr'><strong>Qui</strong></span> 
     </span>
    </p>
   </div>
   <div class='ocr_carea' id='block_1_58' title="bbox 1902 2770 3477 2843">
    <p class='ocr_par' dir='ltr' id='par_1_58' title="bbox 1902 2770 3477 2843">
     <span class='ocr_line' id='line_1_59' title="bbox 1902 2770 3477 2843; baseline 0.007 -22"><span class='ocrx_word' id='word_1_448' title='bbox 1902 2788 1918 2821; x_wconf 75' lang='grc' dir='ltr'><strong>ε</strong></span> <span class='ocrx_word' id='word_1_449' title='bbox 1952 2770 2222 2839; x_wconf 85' lang='lat' dir='ltr'><strong>accipiens</strong></span> <span class='ocrx_word' id='word_1_450' title='bbox 2247 2784 2499 2842; x_wconf 87' lang='lat' dir='ltr'><strong>egressus</strong></span> <span class='ocrx_word' id='word_1_451' title='bbox 2523 2780 2625 2837; x_wconf 89' lang='lat' dir='ltr'><strong>est,</strong></span> <span class='ocrx_word' id='word_1_452' title='bbox 2667 2782 2720 2827; x_wconf 89' lang='lat' dir='ltr'><strong>et</strong></span> <span class='ocrx_word' id='word_1_453' title='bbox 2746 2775 2994 2843; x_wconf 79' lang='lat' dir='ltr'><strong>apparuit</strong></span> <span class='ocrx_word' id='word_1_454' title='bbox 3018 2776 3070 2829; x_wconf 86' lang='lat' dir='ltr'><strong>in</strong></span> <span class='ocrx_word' id='word_1_455' title='bbox 3098 2777 3375 2832; x_wconf 87' lang='lat' dir='ltr'><strong>cherubim</strong></span> <span class='ocrx_word' id='word_1_456' title='bbox 3406 2779 3477 2832; x_wconf 84' lang='lat' dir='ltr'><strong>si-</strong></span> 
     </span>
    </p>
   </div>
   <div class='ocr_carea' id='block_1_59' title="bbox 1900 2858 3471 2938">
    <p class='ocr_par' dir='ltr' id='par_1_59' title="bbox 1900 2858 3471 2938">
     <span class='ocr_line' id='line_1_60' title="bbox 1900 2858 3471 2938; baseline 0.006 -24"><span class='ocrx_word' id='word_1_457' title='bbox 1900 2880 1919 2913; x_wconf 74' lang='grc' dir='ltr'><em>ι</em></span> <span class='ocrx_word' id='word_1_458' title='bbox 1956 2862 2199 2918; x_wconf 78' lang='lat' dir='ltr'><strong>m‘ilitudo</strong></span> <span class='ocrx_word' id='word_1_459' title='bbox 2234 2877 2425 2919; x_wconf 85' lang='lat' dir='ltr'><strong>manus</strong></span> <span class='ocrx_word' id='word_1_460' title='bbox 2468 2864 2702 2921; x_wconf 84' lang='lat' dir='ltr'><strong>hominis</strong></span> <span class='ocrx_word' id='word_1_461' title='bbox 2749 2858 2939 2922; x_wconf 84' lang='lat' dir='ltr'><strong>subtus</strong></span> <span class='ocrx_word' id='word_1_462' title='bbox 2964 2883 3169 2938; x_wconf 83' lang='lat' dir='ltr'><strong>pennas</strong></span> <span class='ocrx_word' id='word_1_463' title='bbox 3209 2885 3423 2928; x_wconf 71' lang='lat' dir='ltr'><strong>eorum.</strong></span> <span class='ocrx_word' id='word_1_464' title='bbox 3454 2890 3471 2923; x_wconf 74' lang='grc' dir='ltr'><strong><em>ι</em></strong></span> 
     </span>
    </p>
   </div>
   <div class='ocr_carea' id='block_1_60' title="bbox 1898 2948 3477 3029">
    <p class='ocr_par' dir='ltr' id='par_1_60' title="bbox 1898 2948 3477 3029">
     <span class='ocr_line' id='line_1_61' title="bbox 1898 2948 3477 3029; baseline 0.006 -20"><span class='ocrx_word' id='word_1_465' title='bbox 1898 2948 2124 3009; x_wconf 80' lang='lat' dir='ltr'><strong>Vidente</strong></span> <span class='ocrx_word' id='word_1_466' title='bbox 2160 2955 2421 3026; x_wconf 87' lang='lat' dir='ltr'><strong>propheta</strong></span> <span class='ocrx_word' id='word_1_467' title='bbox 2478 2956 2775 3029; x_wconf 86' lang='lat' dir='ltr'><strong>ingreditur</strong></span> <span class='ocrx_word' id='word_1_468' title='bbox 2829 2960 2929 3014; x_wconf 89' lang='lat' dir='ltr'><strong>vir-</strong></span> <span class='ocrx_word' id='word_1_469' title='bbox 2954 2962 3045 3029; x_wconf 89' lang='lat' dir='ltr'><strong>qui</strong></span> <span class='ocrx_word' id='word_1_470' title='bbox 3093 2955 3311 3018; x_wconf 84' lang='lat' dir='ltr'><strong>indutus</strong></span> <span class='ocrx_word' id='word_1_471' title='bbox 3360 2974 3477 3018; x_wconf 88' lang='lat' dir='ltr'><strong>erat</strong></span> 
     </span>
    </p>
   </div>
   <div class='ocr_carea' id='block_1_61' title="bbox 1898 3042 3477 3118">
    <p class='ocr_par' dir='ltr' id='par_1_61' title="bbox 1898 3042 3477 3118">
     <span class='ocr_line' id='line_1_62' title="bbox 1898 3042 3477 3118; baseline 0.008 -21"><span class='ocrx_word' id='word_1_472' title='bbox 1898 3042 2051 3098; x_wconf 82' lang='lat' dir='ltr'><strong>talari</strong></span> <span class='ocrx_word' id='word_1_473' title='bbox 2080 3054 2227 3099; x_wconf 86' lang='lat' dir='ltr'><strong>veste</strong></span> <span class='ocrx_word' id='word_1_474' title='bbox 2254 3045 2336 3100; x_wconf 90' lang='lat' dir='ltr'><strong>vel</strong></span> <span class='ocrx_word' id='word_1_475' title='bbox 2362 3044 2501 3101; x_wconf 89' lang='lat' dir='ltr'><strong>linea</strong></span> <span class='ocrx_word' id='word_1_476' title='bbox 2538 3064 2551 3099; x_wconf 89' lang='lat'><strong>:</strong></span> <span class='ocrx_word' id='word_1_477' title='bbox 2592 3047 2890 3118; x_wconf 81' lang='lat' dir='ltr'><strong>ingreditur</strong></span> <span class='ocrx_word' id='word_1_478' title='bbox 2909 3060 3106 3113; x_wconf 86' lang='lat' dir='ltr'><strong>autem,</strong></span> <span class='ocrx_word' id='word_1_479' title='bbox 3144 3060 3203 3105; x_wconf 87' lang='lat' dir='ltr'><strong>ut</strong></span> <span class='ocrx_word' id='word_1_480' title='bbox 3240 3055 3477 3109; x_wconf 84' lang='lat' dir='ltr'><strong>secundo</strong></span> 
     </span>
    </p>
   </div>
   <div class='ocr_carea' id='block_1_62' title="bbox 207 3124 3477 3217">
    <p class='ocr_par' dir='ltr' id='par_1_62' title="bbox 207 3124 3477 3217">
     <span class='ocr_line' id='line_1_63' title="bbox 207 3124 3477 3217; baseline 0.002 -26"><span class='ocrx_word' id='word_1_481' title='bbox 207 3136 484 3191; x_wconf 87' lang='lat' dir='ltr'><strong>civitatem</strong></span> <span class='ocrx_word' id='word_1_482' title='bbox 532 3143 1005 3205; x_wconf 86' lang='lat' dir='ltr'><strong>sequentes-eum,</strong></span> <span class='ocrx_word' id='word_1_483' title='bbox 1051 3141 1106 3188; x_wconf 90' lang='lat' dir='ltr'><strong>et</strong></span> <span class='ocrx_word' id='word_1_484' title='bbox 1152 3127 1442 3203; x_wconf 85' lang='lat' dir='ltr'><strong>per&#39;cutite,</strong></span> <span class='ocrx_word' id='word_1_485' title='bbox 1485 3124 1791 3201; x_wconf 68' lang='lat' dir='ltr'><strong>nimiusque</strong></span> <span class='ocrx_word' id='word_1_486' title='bbox 1820 3127 1862 3187; x_wconf 91' lang='lat' dir='ltr'>C</span> <span class='ocrx_word' id='word_1_487' title='bbox 1896 3131 2114 3199; x_wconf 89' lang='lat' dir='ltr'><strong>dicitur,</strong></span> <span class='ocrx_word' id='word_1_488' title='bbox 2146 3134 2199 3187; x_wconf 84' lang='lat' dir='ltr'><strong>in</strong></span> <span class='ocrx_word' id='word_1_489' title='bbox 2229 3133 2405 3189; x_wconf 90' lang='lat' dir='ltr'><strong>medio</strong></span> <span class='ocrx_word' id='word_1_490' title='bbox 2433 3144 2698 3203; x_wconf 88' lang='lat' dir='ltr'><strong>rotarum,</strong></span> <span class='ocrx_word' id='word_1_491' title='bbox 2738 3152 2859 3207; x_wconf 69' lang='lat' dir='ltr'><strong>quae</strong></span> <span class='ocrx_word' id='word_1_492' title='bbox 2899 3148 3024 3194; x_wconf 86' lang='lat' dir='ltr'><strong>sunt</strong></span> <span class='ocrx_word' id='word_1_493' title='bbox 3063 3142 3250 3197; x_wconf 86' lang='lat' dir='ltr'><strong>subter</strong></span> <span class='ocrx_word' id='word_1_494' title='bbox 3284 3144 3477 3217; x_wconf 75' lang='lat' dir='ltr'><strong>cheru-</strong></span> 
     </span>
    </p>
   </div>
   <div class='ocr_carea' id='block_1_63' title="bbox 209 3216 1793 3295">
    <p class='ocr_par' dir='ltr' id='par_1_63' title="bbox 209 3216 1793 3295">
     <span class='ocr_line' id='line_1_64' title="bbox 209 3216 1793 3295; baseline -0.001 -16"><span class='ocrx_word' id='word_1_495' title='bbox 209 3224 574 3280; x_wconf 88' lang='lat' dir='ltr'><strong>misereamini</strong></span> <span class='ocrx_word' id='word_1_496' title='bbox 600 3216 768 3295; x_wconf 88' lang='lat' dir='ltr'><strong>usque</strong></span> <span class='ocrx_word' id='word_1_497' title='bbox 794 3224 862 3280; x_wconf 91' lang='lat' dir='ltr'><strong>ad</strong></span> <span class='ocrx_word' id='word_1_498' title='bbox 884 3224 1326 3289; x_wconf 86' lang='lat' dir='ltr'><strong>internecionem,</strong></span> <span class='ocrx_word' id='word_1_499' title='bbox 1348 3243 1364 3275; x_wconf 78' lang='grc' dir='ltr'><strong><em>ι</em></strong></span> <span class='ocrx_word' id='word_1_500' title='bbox 1394 3219 1527 3278; x_wconf 89' lang='lat' dir='ltr'><strong>nihil</strong></span> <span class='ocrx_word' id='word_1_501' title='bbox 1573 3222 1677 3279; x_wconf 85' lang='lat' dir='ltr'><strong>tale</strong></span> <span class='ocrx_word' id='word_1_502' title='bbox 1709 3236 1793 3277; x_wconf 53' lang='lat' dir='ltr'><strong>ret-</strong></span> 
     </span>
    </p>
   </div>
   <div class='ocr_carea' id='block_1_64' title="bbox 200 3314 1791 3387">
    <p class='ocr_par' dir='ltr' id='par_1_64' title="bbox 200 3314 1791 3387">
     <span class='ocr_line' id='line_1_65' title="bbox 200 3314 1791 3387; baseline 0 -16"><span class='ocrx_word' id='word_1_503' title='bbox 200 3316 494 3382; x_wconf 75' lang='lat' dir='ltr'><strong>nuntiant;</strong></span> <span class='ocrx_word' id='word_1_504' title='bbox 520 3332 693 3387; x_wconf 88' lang='lat' dir='ltr'><strong>neque</strong></span> <span class='ocrx_word' id='word_1_505' title='bbox 718 3316 860 3372; x_wconf 90' lang='lat' dir='ltr'><strong>enim</strong></span> <span class='ocrx_word' id='word_1_506' title='bbox 885 3316 1103 3383; x_wconf 66' lang='lat' dir='ltr'><strong>laetitiae,</strong></span> <span class='ocrx_word' id='word_1_507' title='bbox 1119 3316 1213 3371; x_wconf 88' lang='lat' dir='ltr'><strong>sed</strong></span> <span class='ocrx_word' id='word_1_508' title='bbox 1228 3316 1480 3370; x_wconf 72' lang='lat' dir='ltr'><strong>mteroris</strong></span> <span class='ocrx_word' id='word_1_509' title='bbox 1500 3314 1791 3386; x_wconf 82' lang='lat' dir='ltr'><strong>implevere</strong></span> 
     </span>
    </p>
   </div>
   <div class='ocr_carea' id='block_1_65' title="bbox 210 3406 1784 3477">
    <p class='ocr_par' dir='ltr' id='par_1_65' title="bbox 210 3406 1784 3477">
     <span class='ocr_line' id='line_1_66' title="bbox 210 3406 1784 3477; baseline -0.002 -16"><span class='ocrx_word' id='word_1_510' title='bbox 210 3407 558 3473; x_wconf 77' lang='lat' dir='ltr'><strong>sententiam,</strong></span> <span class='ocrx_word' id='word_1_511' title='bbox 578 3421 698 3477; x_wconf 74' lang='lat' dir='ltr'><strong>qua:</strong></span> <span class='ocrx_word' id='word_1_512' title='bbox 718 3421 824 3461; x_wconf 87' lang='lat' dir='ltr'><strong>non</strong></span> <span class='ocrx_word' id='word_1_513' title='bbox 846 3421 1115 3471; x_wconf 89' lang='lat' dir='ltr'><strong>sermone,</strong></span> <span class='ocrx_word' id='word_1_514' title='bbox 1141 3406 1235 3461; x_wconf 88' lang='lat' dir='ltr'><strong>sed</strong></span> <span class='ocrx_word' id='word_1_515' title='bbox 1251 3420 1415 3476; x_wconf 89' lang='lat' dir='ltr'><strong>opere</strong></span> <span class='ocrx_word' id='word_1_516' title='bbox 1436 3414 1784 3461; x_wconf 87' lang='lat' dir='ltr'><strong>monstratur.</strong></span> 
     </span>
    </p>
   </div>
   <div class='ocr_carea' id='block_1_66' title="bbox 839 3495 1159 3553">
    <p class='ocr_par' dir='ltr' id='par_1_66' title="bbox 839 3495 1159 3553">
     <span class='ocr_line' id='line_1_67' title="bbox 839 3495 1159 3553; baseline -0.016 0"><span class='ocrx_word' id='word_1_517' title='bbox 839 3496 1065 3553; x_wconf 87' lang='lat' dir='ltr'><strong>CAPUT</strong></span> <span class='ocrx_word' id='word_1_518' title='bbox 1090 3495 1159 3550; x_wconf 80' lang='grc' dir='ltr'><strong>Χ.</strong></span> 
     </span>
    </p>
   </div>
   <div class='ocr_carea' id='block_1_67' title="bbox 204 3583 1789 3656">
    <p class='ocr_par' dir='ltr' id='par_1_67' title="bbox 204 3583 1789 3656">
     <span class='ocr_line' id='line_1_68' title="bbox 204 3583 1789 3656; baseline -0.006 -10"><span class='ocrx_word' id='word_1_519' title='bbox 204 3590 289 3647; x_wconf 77' lang='lat' dir='ltr'><strong>De</strong></span> <span class='ocrx_word' id='word_1_520' title='bbox 322 3586 428 3644; x_wconf 71' lang='lat' dir='ltr'><strong>tiro</strong></span> <span class='ocrx_word' id='word_1_521' title='bbox 478 3589 567 3656; x_wconf 86' lang='lat' dir='ltr'><strong>qui</strong></span> <span class='ocrx_word' id='word_1_522' title='bbox 610 3588 803 3656; x_wconf 75' lang='lat' dir='ltr'><strong>accepit</strong></span> <span class='ocrx_word' id='word_1_523' title='bbox 840 3586 1084 3656; x_wconf 61' lang='lat' dir='ltr'><strong>carbones</strong></span> <span class='ocrx_word' id='word_1_524' title='bbox 1114 3583 1178 3639; x_wconf 84' lang='lat' dir='ltr'><strong>de</strong></span> <span class='ocrx_word' id='word_1_525' title='bbox 1218 3584 1385 3639; x_wconf 84' lang='lat' dir='ltr'><strong>medio</strong></span> <span class='ocrx_word' id='word_1_526' title='bbox 1430 3593 1663 3639; x_wconf 78' lang='lat' dir='ltr'><strong>rotarum</strong></span> <span class='ocrx_word' id='word_1_527' title='bbox 1697 3593 1789 3638; x_wconf 76' lang='lat' dir='ltr'><strong>:et</strong></span> 
     </span>
    </p>
   </div>
   <div class='ocr_carea' id='block_1_68' title="bbox 404 3649 1588 3727">
    <p class='ocr_par' dir='ltr' id='par_1_68' title="bbox 404 3649 1588 3727">
     <span class='ocr_line' id='line_1_69' title="bbox 404 3649 1588 3727; baseline -0.006 -15"><span class='ocrx_word' id='word_1_528' title='bbox 404 3649 665 3712; x_wconf 73' lang='lat' dir='ltr'><strong>cherubim</strong></span> <span class='ocrx_word' id='word_1_529' title='bbox 694 3649 739 3710; x_wconf 76' lang='lat' dir='ltr'><strong>et</strong></span> <span class='ocrx_word' id='word_1_530' title='bbox 766 3649 996 3727; x_wconf 74' lang='lat' dir='ltr'><strong>repetitio</strong></span> <span class='ocrx_word' id='word_1_531' title='bbox 1021 3656 1231 3709; x_wconf 72' lang='lat' dir='ltr'><strong>visionis</strong></span> <span class='ocrx_word' id='word_1_532' title='bbox 1258 3665 1302 3708; x_wconf 81' lang='lat' dir='ltr'><strong>et</strong></span> <span class='ocrx_word' id='word_1_533' title='bbox 1336 3664 1588 3708; x_wconf 82' lang='lat' dir='ltr'><strong>rotarum.</strong></span> 
     </span>
    </p>
   </div>
   <div class='ocr_carea' id='block_1_69' title="bbox 291 3768 1789 3838">
    <p class='ocr_par' dir='ltr' id='par_1_69' title="bbox 291 3768 1789 3838">
     <span class='ocr_line' id='line_1_70' title="bbox 291 3768 1789 3838; baseline -0.005 -15"><span class='ocrx_word' id='word_1_534' title='bbox 291 3792 310 3823; x_wconf 78' lang='grc' dir='ltr'>ι</span> <span class='ocrx_word' id='word_1_535' title='bbox 346 3772 408 3825; x_wconf 84' lang='lat' dir='ltr'><strong>Et</strong></span> <span class='ocrx_word' id='word_1_536' title='bbox 432 3772 555 3835; x_wconf 83' lang='lat' dir='ltr'><strong>vidi,</strong></span> <span class='ocrx_word' id='word_1_537' title='bbox 579 3778 630 3825; x_wconf 90' lang='lat' dir='ltr'><strong>et</strong></span> <span class='ocrx_word' id='word_1_538' title='bbox 644 3786 771 3826; x_wconf 89' lang='lat' dir='ltr'><strong>ecce</strong></span> <span class='ocrx_word' id='word_1_539' title='bbox 793 3772 843 3824; x_wconf 93' lang='lat' dir='ltr'><strong>in</strong></span> <span class='ocrx_word' id='word_1_540' title='bbox 869 3770 1206 3824; x_wconf 83' lang='lat' dir='ltr'><strong>firmamento</strong></span> <span class='ocrx_word' id='word_1_541' title='bbox 1229 3768 1371 3838; x_wconf 89' lang='lat' dir='ltr'><strong>quod</strong></span> <span class='ocrx_word' id='word_1_542' title='bbox 1394 3775 1509 3827; x_wconf 82' lang='lat' dir='ltr'><strong>erat</strong></span> <span class='ocrx_word' id='word_1_543' title='bbox 1529 3779 1688 3834; x_wconf 89' lang='lat' dir='ltr'><strong>super</strong></span> <span class='ocrx_word' id='word_1_544' title='bbox 1707 3777 1789 3818; x_wconf 80' lang='lat' dir='ltr'><strong>ca-</strong></span> 
     </span>
    </p>
   </div>
   <div class='ocr_carea' id='block_1_70' title="bbox 210 3854 1786 3934">
    <p class='ocr_par' dir='ltr' id='par_1_70' title="bbox 210 3854 1786 3934">
     <span class='ocr_line' id='line_1_71' title="bbox 210 3854 1786 3934; baseline -0.006 -18"><span class='ocrx_word' id='word_1_545' title='bbox 210 3884 230 3916; x_wconf 73' lang='grc' dir='ltr'>ι</span> <span class='ocrx_word' id='word_1_546' title='bbox 271 3873 365 3934; x_wconf 89' lang='lat' dir='ltr'><strong>put</strong></span> <span class='ocrx_word' id='word_1_547' title='bbox 384 3862 656 3918; x_wconf 85' lang='lat' dir='ltr'><strong>cherubim</strong></span> <span class='ocrx_word' id='word_1_548' title='bbox 674 3862 825 3932; x_wconf 89' lang='lat' dir='ltr'><strong>quasi</strong></span> <span class='ocrx_word' id='word_1_549' title='bbox 840 3861 976 3929; x_wconf 87' lang='lat' dir='ltr'><strong>lapis</strong></span> <span class='ocrx_word' id='word_1_550' title='bbox 992 3859 1296 3931; x_wconf 87' lang='lat' dir='ltr'><strong>sapphirus,</strong></span> <span class='ocrx_word' id='word_1_551' title='bbox 1315 3857 1467 3932; x_wconf 75' lang='lat' dir='ltr'><strong>qpasi</strong></span> <span class='ocrx_word' id='word_1_552' title='bbox 1491 3856 1696 3926; x_wconf 81' lang='lat' dir='ltr'><strong>species</strong></span> <span class='ocrx_word' id='word_1_553' title='bbox 1715 3854 1786 3908; x_wconf 90' lang='lat' dir='ltr'><strong>si-</strong></span> 
     </span>
    </p>
   </div>
   <div class='ocr_carea' id='block_1_71' title="bbox 210 3938 1787 4021">
    <p class='ocr_par' dir='ltr' id='par_1_71' title="bbox 210 3938 1787 4021">
     <span class='ocr_line' id='line_1_72' title="bbox 210 3938 1787 4021; baseline -0.005 -15"><span class='ocrx_word' id='word_1_554' title='bbox 210 3975 229 4006; x_wconf 72' lang='lat' dir='ltr'><strong>c</strong></span> <span class='ocrx_word' id='word_1_555' title='bbox 265 3954 587 4007; x_wconf 84' lang='lat' dir='ltr'><strong>militudiuis</strong></span> <span class='ocrx_word' id='word_1_556' title='bbox 609 3953 724 4007; x_wconf 89' lang='lat' dir='ltr'><strong>solii</strong></span> <span class='ocrx_word' id='word_1_557' title='bbox 751 3938 998 4021; x_wconf 86' lang='lat' dir='ltr'><strong>apparuit</strong></span> <span class='ocrx_word' id='word_1_558' title='bbox 1018 3964 1179 4019; x_wconf 89' lang='lat' dir='ltr'><strong>super</strong></span> <span class='ocrx_word' id='word_1_559' title='bbox 1205 3963 1344 4003; x_wconf 86' lang='lat' dir='ltr'><strong>eam.</strong></span> <span class='ocrx_word' id='word_1_560' title='bbox 1370 3939 1436 4000; x_wconf 81' lang='lat' dir='ltr'><strong>Et</strong></span> <span class='ocrx_word' id='word_1_561' title='bbox 1457 3946 1591 4000; x_wconf 80' lang='lat' dir='ltr'><strong>dixit</strong></span> <span class='ocrx_word' id='word_1_562' title='bbox 1614 3944 1679 3999; x_wconf 91' lang='lat' dir='ltr'><strong>ad</strong></span> <span class='ocrx_word' id='word_1_563' title='bbox 1707 3945 1787 3998; x_wconf 80' lang='lat' dir='ltr'><strong>vi~</strong></span> 
     </span>
    </p>
   </div>
   <div class='ocr_carea' id='block_1_72' title="bbox 209 4032 1786 4109">
    <p class='ocr_par' dir='ltr' id='par_1_72' title="bbox 209 4032 1786 4109">
     <span class='ocr_line' id='line_1_73' title="bbox 209 4032 1786 4109; baseline -0.006 -16"><span class='ocrx_word' id='word_1_564' title='bbox 209 4061 228 4093; x_wconf 75' lang='grc' dir='ltr'>ι</span> <span class='ocrx_word' id='word_1_565' title='bbox 270 4055 387 4095; x_wconf 87' lang='lat' dir='ltr'><strong>rum</strong></span> <span class='ocrx_word' id='word_1_566' title='bbox 437 4041 527 4109; x_wconf 87' lang='lat' dir='ltr'><strong>qui</strong></span> <span class='ocrx_word' id='word_1_567' title='bbox 556 4040 773 4094; x_wconf 87' lang='lat' dir='ltr'><strong>indutus</strong></span> <span class='ocrx_word' id='word_1_568' title='bbox 811 4045 930 4093; x_wconf 87' lang='lat' dir='ltr'><strong>erat</strong></span> <span class='ocrx_word' id='word_1_569' title='bbox 967 4037 1142 4092; x_wconf 88' lang='lat' dir='ltr'><strong>lineis.</strong></span> <span class='ocrx_word' id='word_1_570' title='bbox 1174 4036 1242 4089; x_wconf 85' lang='lat' dir='ltr'><strong>Et</strong></span> <span class='ocrx_word' id='word_1_571' title='bbox 1277 4034 1387 4089; x_wconf 89' lang='lat' dir='ltr'><strong>ait:</strong></span> <span class='ocrx_word' id='word_1_572' title='bbox 1417 4032 1700 4103; x_wconf 86' lang='lat' dir='ltr'><strong>ingredere</strong></span> <span class='ocrx_word' id='word_1_573' title='bbox 1734 4032 1786 4085; x_wconf 90' lang='lat' dir='ltr'><strong>in</strong></span> 
     </span>
    </p>
   </div>
   <div class='ocr_carea' id='block_1_73' title="bbox 208 4124 1790 4200">
    <p class='ocr_par' dir='ltr' id='par_1_73' title="bbox 208 4124 1790 4200">
     <span class='ocr_line' id='line_1_74' title="bbox 208 4124 1790 4200; baseline -0.004 -15"><span class='ocrx_word' id='word_1_574' title='bbox 208 4152 229 4185; x_wconf 73' lang='grc' dir='ltr'><strong>ς</strong></span> <span class='ocrx_word' id='word_1_575' title='bbox 268 4133 452 4187; x_wconf 84' lang='lat' dir='ltr'><strong>medio</strong></span> <span class='ocrx_word' id='word_1_576' title='bbox 492 4140 735 4186; x_wconf 77' lang='lat' dir='ltr'><strong>rotarum</strong></span> <span class='ocrx_word' id='word_1_577' title='bbox 778 4146 898 4200; x_wconf 65' lang='lat' dir='ltr'><strong>quae</strong></span> <span class='ocrx_word' id='word_1_578' title='bbox 945 4138 1073 4185; x_wconf 89' lang='lat' dir='ltr'><strong>sunt</strong></span> <span class='ocrx_word' id='word_1_579' title='bbox 1123 4129 1314 4183; x_wconf 88' lang='lat' dir='ltr'><strong>subtus</strong></span> <span class='ocrx_word' id='word_1_580' title='bbox 1341 4124 1677 4188; x_wconf 81' lang='lat' dir='ltr'><strong>cherubim,</strong></span> <span class='ocrx_word' id='word_1_581' title='bbox 1734 4134 1790 4180; x_wconf 91' lang='lat' dir='ltr'><strong>et</strong></span> 
     </span>
    </p>
   </div>
   <div class='ocr_carea' id='block_1_74' title="bbox 207 4217 1789 4292">
    <p class='ocr_par' dir='ltr' id='par_1_74' title="bbox 207 4217 1789 4292">
     <span class='ocr_line' id='line_1_75' title="bbox 207 4217 1789 4292; baseline -0.004 -16"><span class='ocrx_word' id='word_1_582' title='bbox 207 4246 227 4276; x_wconf 73' lang='grc' dir='ltr'>ι</span> <span class='ocrx_word' id='word_1_583' title='bbox 272 4224 432 4292; x_wconf 74' lang='lat' dir='ltr'><strong>imple</strong></span> <span class='ocrx_word' id='word_1_584' title='bbox 492 4237 681 4276; x_wconf 87' lang='lat' dir='ltr'><strong>manus</strong></span> <span class='ocrx_word' id='word_1_585' title='bbox 732 4230 848 4275; x_wconf 85' lang='lat' dir='ltr'><strong>tuas</strong></span> <span class='ocrx_word' id='word_1_586' title='bbox 891 4221 1078 4291; x_wconf 86' lang='lat' dir='ltr'><strong>prunis</strong></span> <span class='ocrx_word' id='word_1_587' title='bbox 1129 4219 1284 4290; x_wconf 81' lang='lat' dir='ltr'><strong>ignis,</strong></span> <span class='ocrx_word' id='word_1_588' title='bbox 1325 4234 1446 4290; x_wconf 68' lang='lat' dir='ltr'><strong>quae</strong></span> <span class='ocrx_word' id='word_1_589' title='bbox 1487 4225 1612 4273; x_wconf 75' lang='lat' dir='ltr'><strong>sunt</strong></span> <span class='ocrx_word' id='word_1_590' title='bbox 1647 4217 1789 4271; x_wconf 82' lang='lat' dir='ltr'><strong>inter</strong></span> 
     </span>
    </p>
   </div>
   <div class='ocr_carea' id='block_1_75' title="bbox 209 4308 1787 4382">
    <p class='ocr_par' dir='ltr' id='par_1_75' title="bbox 209 4308 1787 4382">
     <span class='ocr_line' id='line_1_76' title="bbox 209 4308 1787 4382; baseline -0.001 -16"><span class='ocrx_word' id='word_1_591' title='bbox 209 4335 229 4366; x_wconf 71' lang='grc' dir='ltr'>ι</span> <span class='ocrx_word' id='word_1_592' title='bbox 268 4313 571 4379; x_wconf 84' lang='lat' dir='ltr'><strong>cherubim,</strong></span> <span class='ocrx_word' id='word_1_593' title='bbox 612 4323 669 4367; x_wconf 87' lang='lat' dir='ltr'><strong>et</strong></span> <span class='ocrx_word' id='word_1_594' title='bbox 708 4312 986 4369; x_wconf 79' lang='lat' dir='ltr'><strong>effundens</strong></span> <span class='ocrx_word' id='word_1_595' title='bbox 1009 4327 1169 4382; x_wconf 78' lang='lat' dir='ltr'><strong>super</strong></span> <span class='ocrx_word' id='word_1_596' title='bbox 1196 4312 1491 4379; x_wconf 80' lang='lat' dir='ltr'><strong>civitatem,</strong></span> <span class='ocrx_word' id='word_1_597' title='bbox 1524 4330 1541 4361; x_wconf 72' lang='grc' dir='ltr'><strong><em>ι</em></strong></span> <span class='ocrx_word' id='word_1_598' title='bbox 1578 4319 1682 4371; x_wconf 89' lang='lat' dir='ltr'><strong>etc.</strong></span> <span class='ocrx_word' id='word_1_599' title='bbox 1712 4308 1787 4365; x_wconf 90' lang='lat' dir='ltr'><strong>De</strong></span> 
     </span>
    </p>
   </div>
   <div class='ocr_carea' id='block_1_76' title="bbox 204 4400 1787 4476">
    <p class='ocr_par' dir='ltr' id='par_1_76' title="bbox 204 4400 1787 4476">
     <span class='ocr_line' id='line_1_77' title="bbox 204 4400 1787 4476; baseline -0.005 -15"><span class='ocrx_word' id='word_1_600' title='bbox 204 4406 551 4465; x_wconf 74' lang='lat' dir='ltr'><strong>firmamento</strong></span> <span class='ocrx_word' id='word_1_601' title='bbox 578 4405 719 4476; x_wconf 89' lang='lat' dir='ltr'><strong>quod</strong></span> <span class='ocrx_word' id='word_1_602' title='bbox 744 4412 876 4460; x_wconf 80' lang='lat' dir='ltr'><strong>erat</strong></span> <span class='ocrx_word' id='word_1_603' title='bbox 906 4416 1066 4473; x_wconf 82' lang='lat' dir='ltr'><strong>super</strong></span> <span class='ocrx_word' id='word_1_604' title='bbox 1105 4402 1408 4468; x_wconf 84' lang='lat' dir='ltr'><strong>cherubim,</strong></span> <span class='ocrx_word' id='word_1_605' title='bbox 1438 4407 1493 4456; x_wconf 89' lang='lat' dir='ltr'><strong>et</strong></span> <span class='ocrx_word' id='word_1_606' title='bbox 1522 4401 1587 4455; x_wconf 88' lang='lat' dir='ltr'><strong>de</strong></span> <span class='ocrx_word' id='word_1_607' title='bbox 1614 4400 1787 4469; x_wconf 83' lang='lat' dir='ltr'><strong>lapide</strong></span> 
     </span>
    </p>
   </div>
   <div class='ocr_carea' id='block_1_77' title="bbox 1891 3221 3471 3301">
    <p class='ocr_par' dir='ltr' id='par_1_77' title="bbox 1891 3221 3471 3301">
     <span class='ocr_line' id='line_1_78' title="bbox 1891 3221 3471 3301; baseline 0.008 -26"><span class='ocrx_word' id='word_1_608' title='bbox 1891 3221 2031 3301; x_wconf 81' lang='lat' dir='ltr'><strong>bim,</strong></span> <span class='ocrx_word' id='word_1_609' title='bbox 2066 3232 2123 3277; x_wconf 90' lang='lat' dir='ltr'><strong>ut</strong></span> <span class='ocrx_word' id='word_1_610' title='bbox 2166 3223 2383 3294; x_wconf 83' lang='lat' dir='ltr'><strong>impleat</strong></span> <span class='ocrx_word' id='word_1_611' title='bbox 2418 3239 2606 3281; x_wconf 89' lang='lat' dir='ltr'><strong>manus</strong></span> <span class='ocrx_word' id='word_1_612' title='bbox 2635 3242 2761 3285; x_wconf 85' lang='lat' dir='ltr'><strong>suas</strong></span> <span class='ocrx_word' id='word_1_613' title='bbox 2792 3227 3335 3300; x_wconf 77' lang='lat' dir='ltr'><strong>igneiscaizbonihus.</strong></span> <span class='ocrx_word' id='word_1_614' title='bbox 3372 3232 3471 3299; x_wconf 86' lang='lat' dir='ltr'><strong>Qui</strong></span> 
     </span>
    </p>
   </div>
   <div class='ocr_carea' id='block_1_78' title="bbox 1891 3304 3475 3387">
    <p class='ocr_par' dir='ltr' id='par_1_78' title="bbox 1891 3304 3475 3387">
     <span class='ocr_line' id='line_1_79' title="bbox 1891 3304 3475 3387; baseline 0.006 -21"><span class='ocrx_word' id='word_1_615' title='bbox 1891 3325 2013 3366; x_wconf 87' lang='lat' dir='ltr'><strong>cum</strong></span> <span class='ocrx_word' id='word_1_616' title='bbox 2045 3320 2186 3367; x_wconf 84' lang='lat' dir='ltr'><strong>esset</strong></span> <span class='ocrx_word' id='word_1_617' title='bbox 2234 3304 2529 3386; x_wconf 69' lang='lat' dir='ltr'><strong>ingressus,</strong></span> <span class='ocrx_word' id='word_1_618' title='bbox 2574 3316 2723 3373; x_wconf 67' lang='lat' dir='ltr'><strong>Stetit</strong></span> <span class='ocrx_word' id='word_1_619' title='bbox 2757 3323 2966 3373; x_wconf 86' lang='lat' dir='ltr'><strong>tantum</strong></span> <span class='ocrx_word' id='word_1_620' title='bbox 2994 3315 3373 3387; x_wconf 64' lang='lat' dir='ltr'><strong>justa&#39;rotam‘.</strong></span> <span class='ocrx_word' id='word_1_621' title='bbox 3402 3311 3475 3376; x_wconf 84' lang='lat' dir='ltr'><strong>Et</strong></span> 
     </span>
    </p>
   </div>
   <div class='ocr_carea' id='block_1_79' title="bbox 1890 3400 3475 3479">
    <p class='ocr_par' dir='ltr' id='par_1_79' title="bbox 1890 3400 3475 3479">
     <span class='ocr_line' id='line_1_80' title="bbox 1890 3400 3475 3479; baseline 0.004 -24"><span class='ocrx_word' id='word_1_622' title='bbox 1890 3400 1973 3455; x_wconf 89' lang='lat' dir='ltr'><strong>vel</strong></span> <span class='ocrx_word' id='word_1_623' title='bbox 2000 3400 2093 3457; x_wconf 16' lang='lat' dir='ltr'><strong>iob</strong></span> <span class='ocrx_word' id='word_1_624' title='bbox 2137 3401 2411 3457; x_wconf 76' lang='lat' dir='ltr'><strong>tristitiam</strong></span> <span class='ocrx_word' id='word_1_625' title='bbox 2436 3403 2736 3479; x_wconf 66' lang='lat' dir='ltr'><strong>punienda:</strong></span> <span class='ocrx_word' id='word_1_626' title='bbox 2782 3404 3103 3473; x_wconf 81' lang='lat' dir='ltr'><strong>Jerusalem,</strong></span> <span class='ocrx_word' id='word_1_627' title='bbox 3135 3407 3220 3461; x_wconf 79' lang='lat' dir='ltr'><strong>vel</strong></span> <span class='ocrx_word' id='word_1_628' title='bbox 3254 3410 3323 3463; x_wconf 92' lang='lat' dir='ltr'><strong>oh</strong></span> <span class='ocrx_word' id='word_1_629' title='bbox 3356 3409 3475 3479; x_wconf 77' lang='lat' dir='ltr'><strong>glo-</strong></span> 
     </span>
    </p>
   </div>
   <div class='ocr_carea' id='block_1_80' title="bbox 1891 3490 3473 3570">
    <p class='ocr_par' dir='ltr' id='par_1_80' title="bbox 1891 3490 3473 3570">
     <span class='ocr_line' id='line_1_81' title="bbox 1891 3490 3473 3570; baseline 0.006 -23"><span class='ocrx_word' id='word_1_630' title='bbox 1891 3494 1985 3547; x_wconf 65' lang='lat' dir='ltr'><strong>ria:</strong></span> <span class='ocrx_word' id='word_1_631' title='bbox 2018 3490 2440 3565; x_wconf 68' lang='lat' dir='ltr'><strong>magnitudinem</strong></span> <span class='ocrx_word' id='word_1_632' title='bbox 2463 3502 2704 3564; x_wconf 63' lang='lat' dir='ltr'><strong>stupeas.</strong></span> <span class='ocrx_word' id='word_1_633' title='bbox 2735 3511 2964 3555; x_wconf 78' lang='lat' dir='ltr'><strong>manum</strong></span> <span class='ocrx_word' id='word_1_634' title='bbox 3012 3498 3078 3553; x_wconf 82' lang='lat' dir='ltr'><strong>ad</strong></span> <span class='ocrx_word' id='word_1_635' title='bbox 3132 3498 3307 3569; x_wconf 83' lang='lat' dir='ltr'><strong>ignem</strong></span> <span class='ocrx_word' id='word_1_636' title='bbox 3359 3502 3473 3570; x_wconf 88' lang='lat' dir='ltr'><strong>ipse</strong></span> 
     </span>
    </p>
   </div>
   <div class='ocr_carea' id='block_1_81' title="bbox 1891 3579 3473 3653">
    <p class='ocr_par' dir='ltr' id='par_1_81' title="bbox 1891 3579 3473 3653">
     <span class='ocr_line' id='line_1_82' title="bbox 1891 3579 3473 3653; baseline 0.004 -14"><span class='ocrx_word' id='word_1_637' title='bbox 1891 3601 1996 3639; x_wconf 85' lang='lat' dir='ltr'><strong>non</strong></span> <span class='ocrx_word' id='word_1_638' title='bbox 2046 3586 2209 3648; x_wconf 73' lang='lat' dir='ltr'><strong>misit,</strong></span> <span class='ocrx_word' id='word_1_639' title='bbox 2242 3579 2334 3640; x_wconf 87' lang='lat' dir='ltr'><strong>sed</strong></span> <span class='ocrx_word' id='word_1_640' title='bbox 2378 3591 2515 3639; x_wconf 85' lang='lat' dir='ltr'><strong>unus</strong></span> <span class='ocrx_word' id='word_1_641' title='bbox 2563 3587 2625 3641; x_wconf 89' lang='lat' dir='ltr'><strong>de</strong></span> <span class='ocrx_word' id='word_1_642' title='bbox 2678 3583 2977 3653; x_wconf 80' lang='lat' dir='ltr'><strong>cherubim,</strong></span> <span class='ocrx_word' id='word_1_643' title='bbox 3026 3589 3076 3642; x_wconf 78' lang='lat' dir='ltr'><strong>id</strong></span> <span class='ocrx_word' id='word_1_644' title='bbox 3120 3587 3473 3653; x_wconf 64' lang='lat' dir='ltr'><strong>est,&lt;cherub</strong></span> 
     </span>
    </p>
   </div>
   <div class='ocr_carea' id='block_1_82' title="bbox 1890 3663 3469 3746">
    <p class='ocr_par' dir='ltr' id='par_1_82' title="bbox 1890 3663 3469 3746">
     <span class='ocr_line' id='line_1_83' title="bbox 1890 3663 3469 3746; baseline 0.003 -18"><span class='ocrx_word' id='word_1_645' title='bbox 1890 3676 2036 3729; x_wconf 86' lang='lat' dir='ltr'><strong>misit</strong></span> <span class='ocrx_word' id='word_1_646' title='bbox 2067 3690 2281 3728; x_wconf 88' lang='lat' dir='ltr'><strong>manum</strong></span> <span class='ocrx_word' id='word_1_647' title='bbox 2323 3685 2379 3729; x_wconf 90' lang='lat' dir='ltr'><strong>et</strong></span> <span class='ocrx_word' id='word_1_648' title='bbox 2409 3675 2527 3728; x_wconf 72' lang='lat' dir='ltr'><strong>tulit</strong></span> <span class='ocrx_word' id='word_1_649' title='bbox 2555 3678 2749 3745; x_wconf 87' lang='lat' dir='ltr'><strong>ignem,</strong></span> <span class='ocrx_word' id='word_1_650' title='bbox 2776 3678 2868 3746; x_wconf 89' lang='lat' dir='ltr'><strong>qui</strong></span> <span class='ocrx_word' id='word_1_651' title='bbox 2902 3663 3022 3732; x_wconf 70' lang='lat' dir='ltr'><strong>crat</strong></span> <span class='ocrx_word' id='word_1_652' title='bbox 3056 3679 3107 3733; x_wconf 89' lang='lat' dir='ltr'><strong>in</strong></span> <span class='ocrx_word' id='word_1_653' title='bbox 3135 3680 3311 3734; x_wconf 82' lang='lat' dir='ltr'><strong>medio</strong></span> <span class='ocrx_word' id='word_1_654' title='bbox 3339 3682 3469 3734; x_wconf 79' lang='lat' dir='ltr'><strong>che-</strong></span> 
     </span>
    </p>
   </div>
   <div class='ocr_carea' id='block_1_83' title="bbox 1891 3764 3472 3837">
    <p class='ocr_par' dir='ltr' id='par_1_83' title="bbox 1891 3764 3472 3837">
     <span class='ocr_line' id='line_1_84' title="bbox 1891 3764 3472 3837; baseline 0.002 -17"><span class='ocrx_word' id='word_1_655' title='bbox 1891 3765 2099 3829; x_wconf 81' lang='lat' dir='ltr'><strong>rubim,</strong></span> <span class='ocrx_word' id='word_1_656' title='bbox 2120 3774 2171 3819; x_wconf 90' lang='lat' dir='ltr'><strong>et</strong></span> <span class='ocrx_word' id='word_1_657' title='bbox 2203 3764 2357 3821; x_wconf 77' lang='lat' dir='ltr'><strong>&quot;dedit</strong></span> <span class='ocrx_word' id='word_1_658' title='bbox 2382 3765 2434 3817; x_wconf 91' lang='lat' dir='ltr'><strong>in</strong></span> <span class='ocrx_word' id='word_1_659' title='bbox 2467 3780 2685 3829; x_wconf 86' lang='lat' dir='ltr'><strong>manum</strong></span> <span class='ocrx_word' id='word_1_660' title='bbox 2714 3767 2831 3837; x_wconf 88' lang='lat' dir='ltr'><strong>ejus</strong></span> <span class='ocrx_word' id='word_1_661' title='bbox 2865 3768 2953 3836; x_wconf 85' lang='lat' dir='ltr'><strong>qui</strong></span> <span class='ocrx_word' id='word_1_662' title='bbox 2989 3768 3206 3823; x_wconf 81' lang='lat' dir='ltr'><strong>indutus</strong></span> <span class='ocrx_word' id='word_1_663' title='bbox 3240 3778 3358 3823; x_wconf 89' lang='lat' dir='ltr'><strong>erat</strong></span> <span class='ocrx_word' id='word_1_664' title='bbox 3382 3787 3472 3823; x_wconf 80' lang='lat' dir='ltr'><strong>vc-</strong></span> 
     </span>
    </p>
   </div>
   <div class='ocr_carea' id='block_1_84' title="bbox 1890 3847 3468 3931">
    <p class='ocr_par' dir='ltr' id='par_1_84' title="bbox 1890 3847 3468 3931">
     <span class='ocr_line' id='line_1_85' title="bbox 1890 3847 3468 3931; baseline 0.006 -23"><span class='ocrx_word' id='word_1_665' title='bbox 1890 3856 2061 3910; x_wconf 75' lang='lat' dir='ltr'><strong>Stibus</strong></span> <span class='ocrx_word' id='word_1_666' title='bbox 2092 3855 2266 3914; x_wconf 84' lang='lat' dir='ltr'><strong>lineis.</strong></span> <span class='ocrx_word' id='word_1_667' title='bbox 2299 3847 2400 3921; x_wconf 82' lang='lat' dir='ltr'><strong>Qui</strong></span> <span class='ocrx_word' id='word_1_668' title='bbox 2436 3857 2707 3926; x_wconf 86' lang='lat' dir='ltr'><strong>accipiens</strong></span> <span class='ocrx_word' id='word_1_669' title='bbox 2750 3870 3001 3930; x_wconf 84' lang='lat' dir='ltr'><strong>egressus</strong></span> <span class='ocrx_word' id='word_1_670' title='bbox 3030 3870 3155 3931; x_wconf 82' lang='lat' dir='ltr'><strong>est,</strong></span> <span class='ocrx_word' id='word_1_671' title='bbox 3188 3871 3245 3919; x_wconf 87' lang='lat' dir='ltr'><strong>et</strong></span> <span class='ocrx_word' id='word_1_672' title='bbox 3290 3869 3468 3930; x_wconf 70' lang='lat' dir='ltr'><strong>tamur</strong></span> 
     </span>
    </p>
   </div>
   <div class='ocr_carea' id='block_1_85' title="bbox 1888 3949 3469 4023">
    <p class='ocr_par' dir='ltr' id='par_1_85' title="bbox 1888 3949 3469 4023">
     <span class='ocr_line' id='line_1_86' title="bbox 1888 3949 3469 4023; baseline 0.004 -19"><span class='ocrx_word' id='word_1_673' title='bbox 1888 3949 2170 4022; x_wconf 73' lang='lat' dir='ltr'><strong>Scriptura</strong></span> <span class='ocrx_word' id='word_1_674' title='bbox 2209 3964 2315 4004; x_wconf 85' lang='lat' dir='ltr'><strong>non</strong></span> <span class='ocrx_word' id='word_1_675' title='bbox 2366 3950 2495 4013; x_wconf 82' lang='lat' dir='ltr'><strong>dicit</strong></span> <span class='ocrx_word' id='word_1_676' title='bbox 2526 3964 2776 4017; x_wconf 83' lang='lat' dir='ltr'><strong>egressus</strong></span> <span class='ocrx_word' id='word_1_677' title='bbox 2806 3951 2931 4023; x_wconf 82' lang='lat' dir='ltr'><strong>quid</strong></span> <span class='ocrx_word' id='word_1_678' title='bbox 2970 3950 3178 4019; x_wconf 80' lang='lat' dir='ltr'><strong>fecerit,</strong></span> <span class='ocrx_word' id='word_1_679' title='bbox 3212 3960 3269 4008; x_wconf 88' lang='lat' dir='ltr'><strong>ut</strong></span> <span class='ocrx_word' id='word_1_680' title='bbox 3301 3955 3469 4012; x_wconf 73' lang='lat' dir='ltr'><strong>triStis</strong></span> 
     </span>
    </p>
   </div>
   <div class='ocr_carea' id='block_1_86' title="bbox 1893 4038 3473 4119">
    <p class='ocr_par' dir='ltr' id='par_1_86' title="bbox 1893 4038 3473 4119">
     <span class='ocr_line' id='line_1_87' title="bbox 1893 4038 3473 4119; baseline 0.003 -23"><span class='ocrx_word' id='word_1_681' title='bbox 1893 4042 1969 4096; x_wconf 64' lang='lat' dir='ltr'><strong>ra</strong></span> <span class='ocrx_word' id='word_1_682' title='bbox 2015 4040 2381 4105; x_wconf 80' lang='lat' dir='ltr'><strong>narrationem</strong></span> <span class='ocrx_word' id='word_1_683' title='bbox 2432 4038 2795 4110; x_wconf 65' lang='lat' dir='ltr'><strong>intelligentia:</strong></span> <span class='ocrx_word' id='word_1_684' title='bbox 2835 4045 3013 4119; x_wconf 62' lang='lat' dir='ltr'><strong>potius</strong></span> <span class='ocrx_word' id='word_1_685' title='bbox 3062 4048 3265 4101; x_wconf 74' lang='lat' dir='ltr'><strong>noStrae</strong></span> <span class='ocrx_word' id='word_1_686' title='bbox 3305 4039 3473 4101; x_wconf 70' lang='lat' dir='ltr'><strong>relin-</strong></span> 
     </span>
    </p>
   </div>
   <div class='ocr_carea' id='block_1_87' title="bbox 1888 4132 3465 4205">
    <p class='ocr_par' dir='ltr' id='par_1_87' title="bbox 1888 4132 3465 4205">
     <span class='ocr_line' id='line_1_88' title="bbox 1888 4132 3465 4205; baseline 0.003 -17"><span class='ocrx_word' id='word_1_687' title='bbox 1888 4142 2099 4205; x_wconf 80' lang='lat' dir='ltr'><strong>queret,</strong></span> <span class='ocrx_word' id='word_1_688' title='bbox 2151 4148 2311 4202; x_wconf 85' lang='lat' dir='ltr'><strong>quam</strong></span> <span class='ocrx_word' id='word_1_689' title='bbox 2362 4132 2879 4203; x_wconf 75' lang='lat' dir='ltr'><strong>oculissuhjiceret.</strong></span> <span class='ocrx_word' id='word_1_690' title='bbox 2934 4136 3243 4195; x_wconf 83' lang='lat' dir='ltr'><strong>lntrOeunte</strong></span> <span class='ocrx_word' id='word_1_691' title='bbox 3285 4150 3465 4195; x_wconf 86' lang='lat' dir='ltr'><strong>autem</strong></span> 
     </span>
    </p>
   </div>
   <div class='ocr_carea' id='block_1_88' title="bbox 1888 4227 3469 4298">
    <p class='ocr_par' dir='ltr' id='par_1_88' title="bbox 1888 4227 3469 4298">
     <span class='ocr_line' id='line_1_89' title="bbox 1888 4227 3469 4298; baseline 0.004 -17"><span class='ocrx_word' id='word_1_692' title='bbox 1888 4228 2006 4282; x_wconf 77' lang='lat' dir='ltr'><strong>viro</strong></span> <span class='ocrx_word' id='word_1_693' title='bbox 2034 4228 2124 4297; x_wconf 89' lang='lat' dir='ltr'><strong>qui</strong></span> <span class='ocrx_word' id='word_1_694' title='bbox 2164 4227 2381 4282; x_wconf 86' lang='lat' dir='ltr'><strong>indutus</strong></span> <span class='ocrx_word' id='word_1_695' title='bbox 2410 4238 2523 4282; x_wconf 82' lang='lat' dir='ltr'><strong>erat</strong></span> <span class='ocrx_word' id='word_1_696' title='bbox 2556 4230 2792 4284; x_wconf 73' lang='lat' dir='ltr'><strong>vestibus</strong></span> <span class='ocrx_word' id='word_1_697' title='bbox 2833 4230 3009 4298; x_wconf 80' lang='lat' dir='ltr'><strong>lineis,</strong></span> <span class='ocrx_word' id='word_1_698' title='bbox 3040 4228 3320 4289; x_wconf 65' lang='lat' dir='ltr'><strong>cherubim</strong></span> <span class='ocrx_word' id='word_1_699' title='bbox 3358 4243 3469 4288; x_wconf 89' lang='lat' dir='ltr'><strong>sta-</strong></span> 
     </span>
    </p>
   </div>
   <div class='ocr_carea' id='block_1_89' title="bbox 1888 4316 3467 4395">
    <p class='ocr_par' dir='ltr' id='par_1_89' title="bbox 1888 4316 3467 4395">
     <span class='ocr_line' id='line_1_90' title="bbox 1888 4316 3467 4395; baseline 0.001 -22"><span class='ocrx_word' id='word_1_700' title='bbox 1888 4316 2017 4373; x_wconf 87' lang='lat' dir='ltr'><strong>bant</strong></span> <span class='ocrx_word' id='word_1_701' title='bbox 2044 4328 2073 4372; x_wconf 75' lang='lat' dir='ltr'><strong>e</strong></span> <span class='ocrx_word' id='word_1_702' title='bbox 2102 4317 2307 4372; x_wconf 78' lang='lat' dir='ltr'><strong>dextris</strong></span> <span class='ocrx_word' id='word_1_703' title='bbox 2334 4319 2543 4381; x_wconf 86' lang='lat' dir='ltr'><strong>domus,</strong></span> <span class='ocrx_word' id='word_1_704' title='bbox 2578 4328 2637 4374; x_wconf 89' lang='lat' dir='ltr'><strong>ut</strong></span> <span class='ocrx_word' id='word_1_705' title='bbox 2670 4331 2869 4377; x_wconf 70' lang='lat' dir='ltr'><strong>sanctre</strong></span> <span class='ocrx_word' id='word_1_706' title='bbox 2908 4336 3257 4392; x_wconf 78' lang='lat' dir='ltr'><strong>supernaeun</strong></span> <span class='ocrx_word' id='word_1_707' title='bbox 3296 4322 3467 4395; x_wconf 58' lang='grc' dir='ltr'><strong>ιιι-ιιι-</strong></span> 
     </span>
    </p>
   </div>
   <div class='ocr_carea' id='block_1_90' title="bbox 1890 4408 3463 4480">
    <p class='ocr_par' dir='ltr' id='par_1_90' title="bbox 1890 4408 3463 4480">
     <span class='ocr_line' id='line_1_91' title="bbox 1890 4408 3463 4480; baseline 0.001 -15"><span class='ocrx_word' id='word_1_708' title='bbox 1890 4418 1971 4465; x_wconf 87' lang='lat' dir='ltr'><strong>tes</strong></span> <span class='ocrx_word' id='word_1_709' title='bbox 2000 4408 2271 4465; x_wconf 77' lang='lat' dir='ltr'><strong>dexteram</strong></span> <span class='ocrx_word' id='word_1_710' title='bbox 2311 4410 2405 4465; x_wconf 85' lang='lat' dir='ltr'><strong>Dei</strong></span> <span class='ocrx_word' id='word_1_711' title='bbox 2452 4410 2641 4466; x_wconf 90' lang='lat' dir='ltr'><strong>domus</strong></span> <span class='ocrx_word' id='word_1_712' title='bbox 2672 4421 2877 4480; x_wconf 83' lang='lat' dir='ltr'><strong>partem</strong></span> <span class='ocrx_word' id='word_1_713' title='bbox 2931 4421 3109 4467; x_wconf 84' lang='lat' dir='ltr'><strong>tenere</strong></span> <span class='ocrx_word' id='word_1_714' title='bbox 3136 4413 3463 4477; x_wconf 85' lang='lat' dir='ltr'><strong>viderentur,</strong></span> 
     </span>
    </p>
   </div>
   <div class='ocr_carea' id='block_1_91' title="bbox 202 4489 3466 4573">
    <p class='ocr_par' dir='ltr' id='par_1_91' title="bbox 202 4489 3466 4573">
     <span class='ocr_line' id='line_1_92' title="bbox 202 4489 3466 4573; baseline 0 -15"><span class='ocrx_word' id='word_1_715' title='bbox 202 4492 462 4571; x_wconf 76' lang='lat' dir='ltr'><strong>sapphiro</strong></span> <span class='ocrx_word' id='word_1_716' title='bbox 489 4494 580 4563; x_wconf 72' lang='lat' dir='ltr'><strong>qui</strong></span> <span class='ocrx_word' id='word_1_717' title='bbox 621 4493 878 4549; x_wconf 58' lang='lat' dir='ltr'><strong>habebat</strong></span> <span class='ocrx_word' id='word_1_718' title='bbox 906 4490 1306 4553; x_wconf 77' lang='lat' dir='ltr'><strong>similitudinem</strong></span> <span class='ocrx_word' id='word_1_719' title='bbox 1364 4490 1561 4555; x_wconf 76' lang='lat' dir='ltr'><strong>throni,</strong></span> <span class='ocrx_word' id='word_1_720' title='bbox 1614 4499 1667 4545; x_wconf 83' lang='lat' dir='ltr'><strong>et</strong></span> <span class='ocrx_word' id='word_1_721' title='bbox 1720 4489 1785 4543; x_wconf 86' lang='lat' dir='ltr'><strong>de</strong></span> <span class='ocrx_word' id='word_1_722' title='bbox 1813 4494 1863 4553; x_wconf 90' lang='lat' dir='ltr'><strong>D</strong></span> <span class='ocrx_word' id='word_1_723' title='bbox 1888 4507 1940 4552; x_wconf 87' lang='lat' dir='ltr'><strong>et</strong></span> <span class='ocrx_word' id='word_1_724' title='bbox 1981 4499 2085 4555; x_wconf 74' lang='lat' dir='ltr'><strong>illa:</strong></span> <span class='ocrx_word' id='word_1_725' title='bbox 2123 4514 2242 4570; x_wconf 71' lang='lat' dir='ltr'><strong>qute</strong></span> <span class='ocrx_word' id='word_1_726' title='bbox 2282 4501 2564 4555; x_wconf 83' lang='lat' dir='ltr'><strong>mittuntur</strong></span> <span class='ocrx_word' id='word_1_727' title='bbox 2592 4502 2661 4554; x_wconf 87' lang='lat' dir='ltr'><strong>ad</strong></span> <span class='ocrx_word' id='word_1_728' title='bbox 2700 4502 2979 4572; x_wconf 69' lang='lat' dir='ltr'><strong>suppl&#39;miu,</strong></span> <span class='ocrx_word' id='word_1_729' title='bbox 3010 4504 3076 4557; x_wconf 90' lang='lat' dir='ltr'><strong>de</strong></span> <span class='ocrx_word' id='word_1_730' title='bbox 3113 4503 3307 4573; x_wconf 78' lang='lat' dir='ltr'><strong>quibus</strong></span> <span class='ocrx_word' id='word_1_731' title='bbox 3332 4506 3466 4559; x_wconf 79' lang='lat' dir='ltr'><strong>scri-</strong></span> 
     </span>
    </p>
   </div>
   <div class='ocr_carea' id='block_1_92' title="bbox 204 4580 1785 4653">
    <p class='ocr_par' dir='ltr' id='par_1_92' title="bbox 204 4580 1785 4653">
     <span class='ocr_line' id='line_1_93' title="bbox 204 4580 1785 4653; baseline -0.004 -14"><span class='ocrx_word' id='word_1_732' title='bbox 204 4583 345 4639; x_wconf 82' lang='lat' dir='ltr'><strong>rotis</strong></span> <span class='ocrx_word' id='word_1_733' title='bbox 366 4582 755 4653; x_wconf 58' lang='lat' dir='ltr'><strong>qum-animalia</strong></span> <span class='ocrx_word' id='word_1_734' title='bbox 786 4583 1167 4653; x_wconf 67' lang='lat' dir='ltr'><strong>sequebantur,</strong></span> <span class='ocrx_word' id='word_1_735' title='bbox 1201 4597 1361 4652; x_wconf 91' lang='lat' dir='ltr'><strong>supra</strong></span> <span class='ocrx_word' id='word_1_736' title='bbox 1402 4582 1601 4649; x_wconf 75' lang='lat' dir='ltr'><strong>dixisse</strong></span> <span class='ocrx_word' id='word_1_737' title='bbox 1642 4580 1785 4641; x_wconf 75' lang='lat' dir='ltr'><strong>suffi-</strong></span> 
     </span>
    </p>
   </div>
   <div class='ocr_carea' id='block_1_93' title="bbox 202 4658 1779 4742">
    <p class='ocr_par' dir='ltr' id='par_1_93' title="bbox 202 4658 1779 4742">
     <span class='ocr_line' id='line_1_94' title="bbox 202 4658 1779 4742; baseline -0.005 -12"><span class='ocrx_word' id='word_1_738' title='bbox 202 4676 338 4730; x_wconf 76' lang='lat' dir='ltr'><strong>ciat.</strong></span> <span class='ocrx_word' id='word_1_739' title='bbox 387 4658 453 4727; x_wconf 80' lang='lat' dir='ltr'><strong>Et</strong></span> <span class='ocrx_word' id='word_1_740' title='bbox 494 4673 709 4729; x_wconf 72' lang='lat' dir='ltr'><strong>illorum”</strong></span> <span class='ocrx_word' id='word_1_741' title='bbox 740 4658 907 4729; x_wconf 81' lang='lat' dir='ltr'><strong>lector</strong></span> <span class='ocrx_word' id='word_1_742' title='bbox 940 4671 1319 4742; x_wconf 76' lang='lat' dir='ltr'><strong>explanatione</strong></span> <span class='ocrx_word' id='word_1_743' title='bbox 1359 4681 1640 4727; x_wconf 83' lang='lat' dir='ltr'><strong>contentus</strong></span> <span class='ocrx_word' id='word_1_744' title='bbox 1693 4672 1779 4726; x_wconf 88' lang='lat' dir='ltr'><strong>sit.</strong></span> 
     </span>
    </p>
   </div>
   <div class='ocr_carea' id='block_1_94' title="bbox 200 4750 1780 4832">
    <p class='ocr_par' dir='ltr' id='par_1_94' title="bbox 200 4750 1780 4832">
     <span class='ocr_line' id='line_1_95' title="bbox 200 4750 1780 4832; baseline -0.004 -13"><span class='ocrx_word' id='word_1_745' title='bbox 200 4764 364 4819; x_wconf 74' lang='lat' dir='ltr'><strong>Nunc</strong></span> <span class='ocrx_word' id='word_1_746' title='bbox 382 4770 558 4816; x_wconf 87' lang='lat' dir='ltr'><strong>autem</strong></span> <span class='ocrx_word' id='word_1_747' title='bbox 587 4763 726 4831; x_wconf 88' lang='lat' dir='ltr'><strong>quod</strong></span> <span class='ocrx_word' id='word_1_748' title='bbox 747 4750 1078 4832; x_wconf 22' lang='lat' dir='ltr'><strong>jubeturljlle</strong></span> <span class='ocrx_word' id='word_1_749' title='bbox 1096 4762 1188 4831; x_wconf 88' lang='lat' dir='ltr'><strong>qui</strong></span> <span class='ocrx_word' id='word_1_750' title='bbox 1224 4762 1440 4817; x_wconf 87' lang='lat' dir='ltr'><strong>indutus</strong></span> <span class='ocrx_word' id='word_1_751' title='bbox 1461 4768 1575 4818; x_wconf 87' lang='lat' dir='ltr'><strong>erat</strong></span> <span class='ocrx_word' id='word_1_752' title='bbox 1606 4760 1780 4821; x_wconf 73' lang='lat' dir='ltr'><strong>lineis,</strong></span> 
     </span>
    </p>
   </div>
   <div class='ocr_carea' id='block_1_95' title="bbox 200 4844 1783 4925">
    <p class='ocr_par' dir='ltr' id='par_1_95' title="bbox 200 4844 1783 4925">
     <span class='ocr_line' id='line_1_96' title="bbox 200 4844 1783 4925; baseline -0.003 -17"><span class='ocrx_word' id='word_1_753' title='bbox 200 4869 308 4925; x_wconf 89' lang='lat' dir='ltr'><strong>pro</strong></span> <span class='ocrx_word' id='word_1_754' title='bbox 333 4868 438 4923; x_wconf 87' lang='lat' dir='ltr'><strong>quo</strong></span> <span class='ocrx_word' id='word_1_755' title='bbox 461 4852 513 4907; x_wconf 91' lang='lat' dir='ltr'><strong>in</strong></span> <span class='ocrx_word' id='word_1_756' title='bbox 543 4852 641 4907; x_wconf 89' lang='lat' dir='ltr'><strong>hoc</strong></span> <span class='ocrx_word' id='word_1_757' title='bbox 678 4852 795 4911; x_wconf 83' lang='lat' dir='ltr'><strong>loco</strong></span> <span class='ocrx_word' id='word_1_758' title='bbox 832 4844 1179 4920; x_wconf 74' lang='lat' dir='ltr'><strong>Septuaginta</strong></span> <span class='ocrx_word' id='word_1_759' title='bbox 1210 4850 1401 4907; x_wconf 85' lang='lat' dir='ltr'><strong>stolam</strong></span> <span class='ocrx_word' id='word_1_760' title='bbox 1448 4851 1783 4922; x_wconf 82' lang='lat' dir='ltr'><strong>interpretati</strong></span> 
     </span>
    </p>
   </div>
   <div class='ocr_carea' id='block_1_96' title="bbox 202 4942 1781 5017">
    <p class='ocr_par' dir='ltr' id='par_1_96' title="bbox 202 4942 1781 5017">
     <span class='ocr_line' id='line_1_97' title="bbox 202 4942 1781 5017; baseline -0.003 -15"><span class='ocrx_word' id='word_1_761' title='bbox 202 4953 355 5008; x_wconf 74' lang='lat' dir='ltr'><strong>sunt,</strong></span> <span class='ocrx_word' id='word_1_762' title='bbox 386 4952 441 5014; x_wconf 81' lang='lat' dir='ltr'><strong>ut</strong></span> <span class='ocrx_word' id='word_1_763' title='bbox 464 4944 611 4997; x_wconf 87' lang='lat' dir='ltr'><strong>tollat</strong></span> <span class='ocrx_word' id='word_1_764' title='bbox 629 4959 837 5013; x_wconf 85' lang='lat' dir='ltr'><strong>prunas</strong></span> <span class='ocrx_word' id='word_1_765' title='bbox 860 4943 925 5000; x_wconf 92' lang='lat' dir='ltr'><strong>de</strong></span> <span class='ocrx_word' id='word_1_766' title='bbox 954 4944 1131 5017; x_wconf 83' lang='lat' dir='ltr'><strong>medio</strong></span> <span class='ocrx_word' id='word_1_767' title='bbox 1149 4942 1448 5017; x_wconf 70' lang='lat' dir='ltr'><strong>cherubim,</strong></span> <span class='ocrx_word' id='word_1_768' title='bbox 1469 4954 1521 4999; x_wconf 90' lang='lat' dir='ltr'><strong>et</strong></span> <span class='ocrx_word' id='word_1_769' title='bbox 1545 4942 1781 4998; x_wconf 63' lang='lat' dir='ltr'><strong>effundat</strong></span> 
     </span>
    </p>
   </div>
   <div class='ocr_carea' id='block_1_97' title="bbox 201 5014 1780 5103">
    <p class='ocr_par' dir='ltr' id='par_1_97' title="bbox 201 5014 1780 5103">
     <span class='ocr_line' id='line_1_98' title="bbox 201 5014 1780 5103; baseline -0.004 -12"><span class='ocrx_word' id='word_1_770' title='bbox 201 5035 324 5091; x_wconf 82' lang='lat' dir='ltr'><strong>sive</strong></span> <span class='ocrx_word' id='word_1_771' title='bbox 352 5042 564 5103; x_wconf 79' lang='lat' dir='ltr'><strong>spargat</strong></span> <span class='ocrx_word' id='word_1_772' title='bbox 600 5048 762 5102; x_wconf 82' lang='lat' dir='ltr'><strong>super</strong></span> <span class='ocrx_word' id='word_1_773' title='bbox 806 5033 1094 5096; x_wconf 73' lang='lat' dir='ltr'><strong>civitatem,</strong></span> <span class='ocrx_word' id='word_1_774' title='bbox 1116 5014 1248 5087; x_wconf 72' lang='lat' dir='ltr'><strong>illud</strong></span> <span class='ocrx_word' id='word_1_775' title='bbox 1286 5014 1654 5088; x_wconf 81' lang='lat' dir='ltr'><strong>tnihividctur</strong></span> <span class='ocrx_word' id='word_1_776' title='bbox 1688 5047 1780 5085; x_wconf 86' lang='lat' dir='ltr'><strong>os-</strong></span> 
     </span>
    </p>
   </div>
   <div class='ocr_carea' id='block_1_98' title="bbox 203 5124 1779 5195">
    <p class='ocr_par' dir='ltr' id='par_1_98' title="bbox 203 5124 1779 5195">
     <span class='ocr_line' id='line_1_99' title="bbox 203 5124 1779 5195; baseline -0.001 -13"><span class='ocrx_word' id='word_1_777' title='bbox 203 5129 428 5182; x_wconf 81' lang='lat' dir='ltr'><strong>tendere</strong></span> <span class='ocrx_word' id='word_1_778' title='bbox 447 5126 585 5193; x_wconf 88' lang='lat' dir='ltr'><strong>quod</strong></span> <span class='ocrx_word' id='word_1_779' title='bbox 632 5136 751 5195; x_wconf 90' lang='lat' dir='ltr'><strong>post</strong></span> <span class='ocrx_word' id='word_1_780' title='bbox 790 5124 1218 5191; x_wconf 80' lang='lat' dir='ltr'><strong>interfectionem</strong></span> <span class='ocrx_word' id='word_1_781' title='bbox 1251 5129 1557 5194; x_wconf 69' lang='lat' dir='ltr'><strong>aedemque</strong></span> <span class='ocrx_word' id='word_1_782' title='bbox 1580 5126 1779 5181; x_wconf 86' lang='lat' dir='ltr'><strong>multo-</strong></span> 
     </span>
    </p>
   </div>
   <div class='ocr_carea' id='block_1_99' title="bbox 201 5214 1780 5287">
    <p class='ocr_par' dir='ltr' id='par_1_99' title="bbox 201 5214 1780 5287">
     <span class='ocr_line' id='line_1_100' title="bbox 201 5214 1780 5287; baseline 0 -16"><span class='ocrx_word' id='word_1_783' title='bbox 201 5230 347 5277; x_wconf 85' lang='lat' dir='ltr'><strong>rum,</strong></span> <span class='ocrx_word' id='word_1_784' title='bbox 376 5224 426 5269; x_wconf 85' lang='lat' dir='ltr'><strong>et</strong></span> <span class='ocrx_word' id='word_1_785' title='bbox 461 5215 511 5268; x_wconf 91' lang='lat' dir='ltr'><strong>in</strong></span> <span class='ocrx_word' id='word_1_786' title='bbox 542 5215 643 5268; x_wconf 89' lang='lat' dir='ltr'><strong>viis</strong></span> <span class='ocrx_word' id='word_1_787' title='bbox 669 5214 925 5268; x_wconf 75' lang='lat' dir='ltr'><strong>cadavera</strong></span> <span class='ocrx_word' id='word_1_788' title='bbox 954 5225 1285 5271; x_wconf 86' lang='lat' dir='ltr'><strong>mortuorum</strong></span> <span class='ocrx_word' id='word_1_789' title='bbox 1312 5233 1599 5284; x_wconf 83' lang='lat' dir='ltr'><strong>prunarum</strong></span> <span class='ocrx_word' id='word_1_790' title='bbox 1642 5218 1780 5287; x_wconf 81' lang='lat' dir='ltr'><strong>ignis</strong></span> 
     </span>
    </p>
   </div>
   <div class='ocr_carea' id='block_1_100' title="bbox 200 5306 1776 5374">
    <p class='ocr_par' dir='ltr' id='par_1_100' title="bbox 200 5306 1776 5374">
     <span class='ocr_line' id='line_1_101' title="bbox 200 5306 1776 5374; baseline -0.001 -11"><span class='ocrx_word' id='word_1_791' title='bbox 200 5306 515 5365; x_wconf 84' lang='lat' dir='ltr'><strong>assumitur,</strong></span> <span class='ocrx_word' id='word_1_792' title='bbox 547 5314 605 5358; x_wconf 92' lang='lat' dir='ltr'><strong>ut</strong></span> <span class='ocrx_word' id='word_1_793' title='bbox 645 5308 831 5374; x_wconf 89' lang='lat' dir='ltr'><strong>puniat</strong></span> <span class='ocrx_word' id='word_1_794' title='bbox 858 5306 971 5360; x_wconf 87' lang='lat' dir='ltr'><strong>sive</strong></span> <span class='ocrx_word' id='word_1_795' title='bbox 1008 5309 1226 5363; x_wconf 85' lang='lat' dir='ltr'><strong>mundet</strong></span> <span class='ocrx_word' id='word_1_796' title='bbox 1253 5308 1571 5363; x_wconf 79' lang='lat' dir='ltr'><strong>Jerusalem.</strong></span> <span class='ocrx_word' id='word_1_797' title='bbox 1617 5308 1776 5363; x_wconf 79' lang='lat' dir='ltr'><strong>Juxta</strong></span> 
     </span>
    </p>
   </div>
   <div class='ocr_carea' id='block_1_101' title="bbox 200 5396 1775 5467">
    <p class='ocr_par' dir='ltr' id='par_1_101' title="bbox 200 5396 1775 5467">
     <span class='ocr_line' id='line_1_102' title="bbox 200 5396 1775 5467; baseline -0.001 -11"><span class='ocrx_word' id='word_1_798' title='bbox 200 5398 331 5456; x_wconf 88' lang='lat' dir='ltr'><strong>illud</strong></span> <span class='ocrx_word' id='word_1_799' title='bbox 349 5398 489 5467; x_wconf 87' lang='lat' dir='ltr'><strong>quod</strong></span> <span class='ocrx_word' id='word_1_800' title='bbox 521 5397 571 5450; x_wconf 90' lang='lat' dir='ltr'><strong>in</strong></span> <span class='ocrx_word' id='word_1_801' title='bbox 604 5396 735 5452; x_wconf 83' lang='lat' dir='ltr'><strong>Isaia</strong></span> <span class='ocrx_word' id='word_1_802' title='bbox 758 5399 1014 5467; x_wconf 90' lang='lat' dir='ltr'><strong>scriptum</strong></span> <span class='ocrx_word' id='word_1_803' title='bbox 1046 5410 1125 5453; x_wconf 89' lang='lat' dir='ltr'><strong>est</strong></span> <span class='ocrx_word' id='word_1_804' title='bbox 1161 5420 1173 5453; x_wconf 89' lang='lat'>:</span> <span class='ocrx_word' id='word_1_805' title='bbox 1208 5420 1223 5451; x_wconf 76' lang='grc' dir='ltr'>ι</span> <span class='ocrx_word' id='word_1_806' title='bbox 1262 5398 1626 5459; x_wconf 73' lang='lat' dir='ltr'><strong>Sarrctilleavit</strong></span> <span class='ocrx_word' id='word_1_807' title='bbox 1652 5416 1775 5455; x_wconf 90' lang='lat' dir='ltr'><strong>eum</strong></span> 
     </span>
    </p>
   </div>
   <div class='ocr_carea' id='block_1_102' title="bbox 199 5487 1769 5559">
    <p class='ocr_par' dir='ltr' id='par_1_102' title="bbox 199 5487 1769 5559">
     <span class='ocr_line' id='line_1_103' title="bbox 199 5487 1769 5559; baseline -0.001 -15"><span class='ocrx_word' id='word_1_808' title='bbox 199 5491 254 5545; x_wconf 89' lang='lat' dir='ltr'><strong>in</strong></span> <span class='ocrx_word' id='word_1_809' title='bbox 286 5493 404 5559; x_wconf 85' lang='lat' dir='ltr'><strong>igne</strong></span> <span class='ocrx_word' id='word_1_810' title='bbox 425 5487 668 5551; x_wconf 88' lang='lat' dir='ltr'><strong>ardente,</strong></span> <span class='ocrx_word' id='word_1_811' title='bbox 684 5496 737 5542; x_wconf 90' lang='lat' dir='ltr'><strong>et</strong></span> <span class='ocrx_word' id='word_1_812' title='bbox 758 5488 1036 5543; x_wconf 87' lang='lat' dir='ltr'><strong>devorabit</strong></span> <span class='ocrx_word' id='word_1_813' title='bbox 1060 5491 1197 5545; x_wconf 84' lang='lat' dir='ltr'><strong>sicut</strong></span> <span class='ocrx_word' id='word_1_814' title='bbox 1221 5492 1400 5546; x_wconf 86' lang='lat' dir='ltr'><strong>fenum</strong></span> <span class='ocrx_word' id='word_1_815' title='bbox 1424 5492 1724 5547; x_wconf 84' lang='lat' dir='ltr'><strong>materiam.</strong></span> <span class='ocrx_word' id='word_1_816' title='bbox 1751 5511 1769 5543; x_wconf 77' lang='grc' dir='ltr'>ι</span> 
     </span>
    </p>
   </div>
   <div class='ocr_carea' id='block_1_103' title="bbox 198 5579 1777 5653">
    <p class='ocr_par' dir='ltr' id='par_1_103' title="bbox 198 5579 1777 5653">
     <span class='ocr_line' id='line_1_104' title="bbox 198 5579 1777 5653; baseline 0.001 -18"><span class='ocrx_word' id='word_1_817' title='bbox 198 5581 290 5636; x_wconf 87' lang='lat' dir='ltr'><strong>isti</strong></span> <span class='ocrx_word' id='word_1_818' title='bbox 319 5588 446 5635; x_wconf 87' lang='lat' dir='ltr'><strong>sunt</strong></span> <span class='ocrx_word' id='word_1_819' title='bbox 485 5579 770 5644; x_wconf 87' lang='lat' dir='ltr'><strong>carbones,</strong></span> <span class='ocrx_word' id='word_1_820' title='bbox 807 5594 942 5647; x_wconf 87' lang='lat' dir='ltr'><strong>quos</strong></span> <span class='ocrx_word' id='word_1_821' title='bbox 970 5581 1021 5633; x_wconf 92' lang='lat' dir='ltr'><strong>in</strong></span> <span class='ocrx_word' id='word_1_822' title='bbox 1054 5582 1344 5636; x_wconf 86' lang='lat' dir='ltr'><strong>remedium</strong></span> <span class='ocrx_word' id='word_1_823' title='bbox 1378 5581 1571 5653; x_wconf 85' lang='lat' dir='ltr'><strong>linguae</strong></span> <span class='ocrx_word' id='word_1_824' title='bbox 1616 5591 1777 5652; x_wconf 88' lang='lat' dir='ltr'><strong>atque</strong></span> 
     </span>
    </p>
   </div>
   <div class='ocr_carea' id='block_1_104' title="bbox 194 5667 1779 5743">
    <p class='ocr_par' dir='ltr' id='par_1_104' title="bbox 194 5667 1779 5743">
     <span class='ocr_line' id='line_1_105' title="bbox 194 5667 1779 5743; baseline 0 -15"><span class='ocrx_word' id='word_1_825' title='bbox 194 5667 786 5727; x_wconf 87' lang='lat' dir='ltr'><strong>mendaciidesolantes</strong></span> <span class='ocrx_word' id='word_1_826' title='bbox 810 5670 937 5724; x_wconf 81' lang='lat' dir='ltr'><strong>vitia</strong></span> <span class='ocrx_word' id='word_1_827' title='bbox 965 5679 1124 5741; x_wconf 89' lang='lat' dir='ltr'><strong>atque</strong></span> <span class='ocrx_word' id='word_1_828' title='bbox 1152 5679 1389 5741; x_wconf 83' lang='lat' dir='ltr'><strong>peccata,</strong></span> <span class='ocrx_word' id='word_1_829' title='bbox 1416 5673 1672 5743; x_wconf 86' lang='lat' dir='ltr'><strong>propheta</strong></span> <span class='ocrx_word' id='word_1_830' title='bbox 1696 5673 1779 5728; x_wconf 86' lang='lat' dir='ltr'><strong>iu-</strong></span> 
     </span>
    </p>
   </div>
   <div class='ocr_carea' id='block_1_105' title="bbox 1887 4590 3464 4663">
    <p class='ocr_par' dir='ltr' id='par_1_105' title="bbox 1887 4590 3464 4663">
     <span class='ocr_line' id='line_1_106' title="bbox 1887 4590 3464 4663; baseline 0.004 -19"><span class='ocrx_word' id='word_1_831' title='bbox 1887 4600 2035 4660; x_wconf 90' lang='lat' dir='ltr'><strong>ptum</strong></span> <span class='ocrx_word' id='word_1_832' title='bbox 2095 4600 2177 4645; x_wconf 82' lang='lat' dir='ltr'><strong>est</strong></span> <span class='ocrx_word' id='word_1_833' title='bbox 2220 4608 2231 4642; x_wconf 92' lang='lat'>:</span> <span class='ocrx_word' id='word_1_834' title='bbox 2282 4609 2299 4641; x_wconf 84' lang='grc'><strong>‹</strong></span> <span class='ocrx_word' id='word_1_835' title='bbox 2350 4590 2737 4651; x_wconf 77' lang='lat' dir='ltr'><strong>immissiouem</strong></span> <span class='ocrx_word' id='word_1_836' title='bbox 2790 4606 2883 4660; x_wconf 79' lang='lat' dir='ltr'><strong>per</strong></span> <span class='ocrx_word' id='word_1_837' title='bbox 2935 4592 3150 4663; x_wconf 85' lang='lat' dir='ltr'><strong>angelos</strong></span> <span class='ocrx_word' id='word_1_838' title='bbox 3202 4594 3464 4663; x_wconf 83' lang='lat' dir='ltr'><strong>pessimos</strong></span> 
     </span>
    </p>
   </div>
   <div class='ocr_carea' id='block_1_106' title="bbox 1888 4680 3463 4751">
    <p class='ocr_par' dir='ltr' id='par_1_106' title="bbox 1888 4680 3463 4751">
     <span class='ocr_line' id='line_1_107' title="bbox 1888 4680 3463 4751; baseline 0.002 -17"><span class='ocrx_word' id='word_1_839' title='bbox 1888 4680 2058 4751; x_wconf 72' lang='lat' dir='ltr'><strong>(Prol.</strong></span> <span class='ocrx_word' id='word_1_840' title='bbox 2104 4682 2329 4747; x_wconf 68' lang='lat' dir='ltr'><strong>Lxxvu),</strong></span> <span class='ocrx_word' id='word_1_841' title='bbox 2364 4699 2382 4731; x_wconf 69' lang='grc' dir='ltr'><strong><em>ι</em></strong></span> <span class='ocrx_word' id='word_1_842' title='bbox 2416 4682 2663 4735; x_wconf 80' lang='lat' dir='ltr'><strong>sinistras</strong></span> <span class='ocrx_word' id='word_1_843' title='bbox 2700 4691 2881 4750; x_wconf 78' lang='lat' dir='ltr'><strong>partes</strong></span> <span class='ocrx_word' id='word_1_844' title='bbox 2920 4682 3195 4750; x_wconf 81' lang='lat' dir='ltr'><strong>possidere</strong></span> <span class='ocrx_word' id='word_1_845' title='bbox 3238 4683 3463 4737; x_wconf 79' lang='lat' dir='ltr'><strong>credan-</strong></span> 
     </span>
    </p>
   </div>
   <div class='ocr_carea' id='block_1_107' title="bbox 1888 4770 3458 4845">
    <p class='ocr_par' dir='ltr' id='par_1_107' title="bbox 1888 4770 3458 4845">
     <span class='ocr_line' id='line_1_108' title="bbox 1888 4770 3458 4845; baseline 0 -20"><span class='ocrx_word' id='word_1_846' title='bbox 1888 4779 1993 4825; x_wconf 88' lang='lat' dir='ltr'><strong>tur.</strong></span> <span class='ocrx_word' id='word_1_847' title='bbox 2024 4770 2265 4840; x_wconf 86' lang='lat' dir='ltr'><strong>Cumquc</strong></span> <span class='ocrx_word' id='word_1_848' title='bbox 2305 4772 2507 4826; x_wconf 87' lang='lat' dir='ltr'><strong>elevata</strong></span> <span class='ocrx_word' id='word_1_849' title='bbox 2555 4781 2639 4826; x_wconf 88' lang='lat' dir='ltr'><strong>est</strong></span> <span class='ocrx_word' id='word_1_850' title='bbox 2686 4772 2853 4845; x_wconf 85' lang='lat' dir='ltr'><strong>gloria</strong></span> <span class='ocrx_word' id='word_1_851' title='bbox 2890 4772 3101 4827; x_wconf 87' lang='lat' dir='ltr'><strong>Domini</strong></span> <span class='ocrx_word' id='word_1_852' title='bbox 3140 4774 3204 4829; x_wconf 87' lang='lat' dir='ltr'><strong>de</strong></span> <span class='ocrx_word' id='word_1_853' title='bbox 3233 4776 3458 4836; x_wconf 70' lang='lat' dir='ltr'><strong>chcrub,</strong></span> 
     </span>
    </p>
   </div>
   <div class='ocr_carea' id='block_1_108' title="bbox 1886 4862 3463 4934">
    <p class='ocr_par' dir='ltr' id='par_1_108' title="bbox 1886 4862 3463 4934">
     <span class='ocr_line' id='line_1_109' title="bbox 1886 4862 3463 4934; baseline 0.003 -17"><span class='ocrx_word' id='word_1_854' title='bbox 1886 4862 1976 4932; x_wconf 86' lang='lat' dir='ltr'><strong>qui</strong></span> <span class='ocrx_word' id='word_1_855' title='bbox 2011 4864 2267 4919; x_wconf 77' lang='lat' dir='ltr'><strong>carbones</strong></span> <span class='ocrx_word' id='word_1_856' title='bbox 2295 4865 2433 4934; x_wconf 81' lang='lat' dir='ltr'><strong>ignis</strong></span> <span class='ocrx_word' id='word_1_857' title='bbox 2461 4866 2577 4921; x_wconf 89' lang='lat' dir='ltr'><strong>viro</strong></span> <span class='ocrx_word' id='word_1_858' title='bbox 2605 4865 2901 4920; x_wconf 88' lang='lat' dir='ltr'><strong>traditurus</strong></span> <span class='ocrx_word' id='word_1_859' title='bbox 2926 4874 3143 4932; x_wconf 44' lang='lat' dir='ltr'><strong>erataet</strong></span> <span class='ocrx_word' id='word_1_860' title='bbox 3178 4869 3463 4922; x_wconf 80' lang='lat' dir='ltr'><strong>transisset</strong></span> 
     </span>
    </p>
   </div>
   <div class='ocr_carea' id='block_1_109' title="bbox 1888 4941 3460 5030">
    <p class='ocr_par' dir='ltr' id='par_1_109' title="bbox 1888 4941 3460 5030">
     <span class='ocr_line' id='line_1_110' title="bbox 1888 4941 3460 5030; baseline 0.002 -22"><span class='ocrx_word' id='word_1_861' title='bbox 1888 4953 1956 5009; x_wconf 87' lang='lat' dir='ltr'><strong>ad</strong></span> <span class='ocrx_word' id='word_1_862' title='bbox 1992 4944 2396 5015; x_wconf 75' lang='lat' dir='ltr'><strong>limendomus,</strong></span> <span class='ocrx_word' id='word_1_863' title='bbox 2430 4954 2607 5007; x_wconf 84' lang='lat' dir='ltr'><strong>statim</strong></span> <span class='ocrx_word' id='word_1_864' title='bbox 2651 4956 2824 5030; x_wconf 86' lang='lat' dir='ltr'><strong>nube,</strong></span> <span class='ocrx_word' id='word_1_865' title='bbox 2853 4941 3086 5017; x_wconf 79' lang='lat' dir='ltr'><strong>tenebris</strong></span> <span class='ocrx_word' id='word_1_866' title='bbox 3131 4965 3184 5011; x_wconf 90' lang='lat' dir='ltr'><strong>et</strong></span> <span class='ocrx_word' id='word_1_867' title='bbox 3233 4957 3460 5027; x_wconf 80' lang='lat' dir='ltr'><strong>caligine</strong></span> 
     </span>
    </p>
   </div>
   <div class='ocr_carea' id='block_1_110' title="bbox 1887 5042 3457 5115">
    <p class='ocr_par' dir='ltr' id='par_1_110' title="bbox 1887 5042 3457 5115">
     <span class='ocr_line' id='line_1_111' title="bbox 1887 5042 3457 5115; baseline 0.001 -17"><span class='ocrx_word' id='word_1_868' title='bbox 1887 5043 2085 5098; x_wconf 83' lang='lat' dir='ltr'><strong>atrium</strong></span> <span class='ocrx_word' id='word_1_869' title='bbox 2111 5042 2363 5112; x_wconf 86' lang='lat' dir='ltr'><strong>impletur</strong></span> <span class='ocrx_word' id='word_1_870' title='bbox 2389 5042 2631 5105; x_wconf 79' lang='lat' dir='ltr'><strong>interius.</strong></span> <span class='ocrx_word' id='word_1_871' title='bbox 2652 5042 2836 5113; x_wconf 79' lang='lat' dir='ltr'><strong>Neque</strong></span> <span class='ocrx_word' id='word_1_872' title='bbox 2864 5047 3027 5109; x_wconf 85' lang='lat' dir='ltr'><strong>enim,</strong></span> <span class='ocrx_word' id='word_1_873' title='bbox 3060 5056 3319 5115; x_wconf 80' lang='lat' dir='ltr'><strong>praesente</strong></span> <span class='ocrx_word' id='word_1_874' title='bbox 3352 5047 3457 5100; x_wconf 83' lang='lat' dir='ltr'><strong>Da-</strong></span> 
     </span>
    </p>
   </div>
   <div class='ocr_carea' id='block_1_111' title="bbox 1886 5133 3457 5207">
    <p class='ocr_par' dir='ltr' id='par_1_111' title="bbox 1886 5133 3457 5207">
     <span class='ocr_line' id='line_1_112' title="bbox 1886 5133 3457 5207; baseline 0.003 -19"><span class='ocrx_word' id='word_1_875' title='bbox 1886 5134 2016 5188; x_wconf 85' lang='lat' dir='ltr'><strong>mini</strong></span> <span class='ocrx_word' id='word_1_876' title='bbox 2049 5133 2350 5200; x_wconf 69' lang='lat' dir='ltr'><strong>maiestate,</strong></span> <span class='ocrx_word' id='word_1_877' title='bbox 2390 5144 2712 5189; x_wconf 80' lang='lat' dir='ltr'><strong>exercentur</strong></span> <span class='ocrx_word' id='word_1_878' title='bbox 2735 5136 3012 5206; x_wconf 83' lang='lat' dir='ltr'><strong>supplicia.</strong></span> <span class='ocrx_word' id='word_1_879' title='bbox 3045 5137 3109 5190; x_wconf 79' lang='lat' dir='ltr'><strong>Et</strong></span> <span class='ocrx_word' id='word_1_880' title='bbox 3147 5136 3313 5207; x_wconf 82' lang='lat' dir='ltr'><strong>gloria</strong></span> <span class='ocrx_word' id='word_1_881' title='bbox 3352 5138 3457 5192; x_wconf 79' lang='lat' dir='ltr'><strong>Do-</strong></span> 
     </span>
    </p>
   </div>
   <div class='ocr_carea' id='block_1_112' title="bbox 1886 5223 3457 5296">
    <p class='ocr_par' dir='ltr' id='par_1_112' title="bbox 1886 5223 3457 5296">
     <span class='ocr_line' id='line_1_113' title="bbox 1886 5223 3457 5296; baseline 0.003 -18"><span class='ocrx_word' id='word_1_882' title='bbox 1886 5223 2015 5279; x_wconf 87' lang='lat' dir='ltr'><strong>mini</strong></span> <span class='ocrx_word' id='word_1_883' title='bbox 2053 5225 2265 5279; x_wconf 87' lang='lat' dir='ltr'><strong>videtur</strong></span> <span class='ocrx_word' id='word_1_884' title='bbox 2297 5224 2348 5277; x_wconf 94' lang='lat' dir='ltr'><strong>in</strong></span> <span class='ocrx_word' id='word_1_885' title='bbox 2385 5226 2554 5291; x_wconf 84' lang='lat' dir='ltr'><strong>atrio;</strong></span> <span class='ocrx_word' id='word_1_886' title='bbox 2588 5226 2653 5280; x_wconf 90' lang='lat' dir='ltr'><strong>de</strong></span> <span class='ocrx_word' id='word_1_887' title='bbox 2679 5241 2783 5295; x_wconf 87' lang='lat' dir='ltr'><strong>quo</strong></span> <span class='ocrx_word' id='word_1_888' title='bbox 2814 5224 3068 5296; x_wconf 87' lang='lat' dir='ltr'><strong>scriptum</strong></span> <span class='ocrx_word' id='word_1_889' title='bbox 3092 5236 3213 5283; x_wconf 88' lang='lat' dir='ltr'><strong>est:</strong></span> <span class='ocrx_word' id='word_1_890' title='bbox 3247 5245 3266 5278; x_wconf 74' lang='grc' dir='ltr'>ι</span> <span class='ocrx_word' id='word_1_891' title='bbox 3298 5226 3457 5283; x_wconf 78' lang='lat' dir='ltr'><strong>Seni-</strong></span> 
     </span>
    </p>
   </div>
   <div class='ocr_carea' id='block_1_113' title="bbox 1870 5314 3453 5385">
    <p class='ocr_par' dir='ltr' id='par_1_113' title="bbox 1870 5314 3453 5385">
     <span class='ocr_line' id='line_1_114' title="bbox 1870 5314 3453 5385; baseline 0.003 -17"><span class='ocrx_word' id='word_1_892' title='bbox 1870 5322 1969 5368; x_wconf 43' lang='lat' dir='ltr'><strong>ntus</strong></span> <span class='ocrx_word' id='word_1_893' title='bbox 2006 5314 2213 5369; x_wconf 84' lang='lat' dir='ltr'><strong>alarum</strong></span> <span class='ocrx_word' id='word_1_894' title='bbox 2252 5316 2526 5371; x_wconf 86' lang='lat' dir='ltr'><strong>cherubim</strong></span> <span class='ocrx_word' id='word_1_895' title='bbox 2572 5316 2889 5371; x_wconf 84' lang='lat' dir='ltr'><strong>audiebatur</strong></span> <span class='ocrx_word' id='word_1_896' title='bbox 2931 5332 3099 5385; x_wconf 82' lang='lat' dir='ltr'><strong>usque</strong></span> <span class='ocrx_word' id='word_1_897' title='bbox 3147 5320 3210 5371; x_wconf 87' lang='lat' dir='ltr'><strong>ad</strong></span> <span class='ocrx_word' id='word_1_898' title='bbox 3257 5321 3453 5385; x_wconf 58' lang='grc' dir='ltr'>εωιιῑη</span> 
     </span>
    </p>
   </div>
   <div class='ocr_carea' id='block_1_114' title="bbox 1882 5403 3457 5475">
    <p class='ocr_par' dir='ltr' id='par_1_114' title="bbox 1882 5403 3457 5475">
     <span class='ocr_line' id='line_1_115' title="bbox 1882 5403 3457 5475; baseline 0.003 -18"><span class='ocrx_word' id='word_1_899' title='bbox 1882 5403 2141 5458; x_wconf 84' lang='lat' dir='ltr'><strong>exterius.</strong></span> <span class='ocrx_word' id='word_1_900' title='bbox 2183 5404 2287 5458; x_wconf 83' lang='lat' dir='ltr'><strong>Pro</strong></span> <span class='ocrx_word' id='word_1_901' title='bbox 2309 5404 2504 5469; x_wconf 74' lang='lat' dir='ltr'><strong>sonitu,</strong></span> <span class='ocrx_word' id='word_1_902' title='bbox 2536 5404 2589 5458; x_wconf 89' lang='lat' dir='ltr'><strong>in</strong></span> <span class='ocrx_word' id='word_1_903' title='bbox 2619 5404 2885 5462; x_wconf 81' lang='lat' dir='ltr'><strong>Hebraico</strong></span> <span class='ocrx_word' id='word_1_904' title='bbox 2930 5424 3027 5460; x_wconf 75' lang='lat' dir='ltr'><strong>vox</strong></span> <span class='ocrx_word' id='word_1_905' title='bbox 3062 5408 3305 5475; x_wconf 86' lang='lat' dir='ltr'><strong>ponitur,</strong></span> <span class='ocrx_word' id='word_1_906' title='bbox 3336 5424 3457 5474; x_wconf 64' lang='lat' dir='ltr'><strong>quae</strong></span> 
     </span>
    </p>
   </div>
   <div class='ocr_carea' id='block_1_115' title="bbox 1882 5493 3456 5565">
    <p class='ocr_par' dir='ltr' id='par_1_115' title="bbox 1882 5493 3456 5565">
     <span class='ocr_line' id='line_1_116' title="bbox 1882 5493 3456 5565; baseline 0.002 -19"><span class='ocrx_word' id='word_1_907' title='bbox 1882 5508 1985 5547; x_wconf 82' lang='lat' dir='ltr'><strong>vox</strong></span> <span class='ocrx_word' id='word_1_908' title='bbox 2037 5493 2271 5549; x_wconf 85' lang='lat' dir='ltr'><strong>habebat</strong></span> <span class='ocrx_word' id='word_1_909' title='bbox 2318 5493 2720 5549; x_wconf 84' lang='lat' dir='ltr'><strong>similitudinem</strong></span> <span class='ocrx_word' id='word_1_910' title='bbox 2776 5496 2923 5548; x_wconf 85' lang='lat' dir='ltr'><strong>vocis</strong></span> <span class='ocrx_word' id='word_1_911' title='bbox 2972 5495 3062 5549; x_wconf 86' lang='lat' dir='ltr'><strong>Dei</strong></span> <span class='ocrx_word' id='word_1_912' title='bbox 3114 5496 3456 5565; x_wconf 79' lang='lat' dir='ltr'><strong>omnipoten-</strong></span> 
     </span>
    </p>
   </div>
   <div class='ocr_carea' id='block_1_116' title="bbox 1881 5582 3453 5659">
    <p class='ocr_par' dir='ltr' id='par_1_116' title="bbox 1881 5582 3453 5659">
     <span class='ocr_line' id='line_1_117' title="bbox 1881 5582 3453 5659; baseline 0.001 -22"><span class='ocrx_word' id='word_1_913' title='bbox 1881 5584 1952 5637; x_wconf 89' lang='lat' dir='ltr'><strong>tis</strong></span> <span class='ocrx_word' id='word_1_914' title='bbox 1990 5582 2276 5652; x_wconf 83' lang='lat' dir='ltr'><strong>loquentis.</strong></span> <span class='ocrx_word' id='word_1_915' title='bbox 2320 5582 2487 5647; x_wconf 85' lang='lat' dir='ltr'><strong>Nota,</strong></span> <span class='ocrx_word' id='word_1_916' title='bbox 2532 5582 2729 5659; x_wconf 69' lang='lat' dir='ltr'><strong>lector,</strong></span> <span class='ocrx_word' id='word_1_917' title='bbox 2764 5584 2829 5638; x_wconf 83' lang='lat' dir='ltr'><strong>in</strong></span> <span class='ocrx_word' id='word_1_918' title='bbox 2876 5586 3069 5653; x_wconf 86' lang='lat' dir='ltr'><strong>quibus</strong></span> <span class='ocrx_word' id='word_1_919' title='bbox 3112 5586 3355 5655; x_wconf 85' lang='lat' dir='ltr'><strong>superior</strong></span> <span class='ocrx_word' id='word_1_920' title='bbox 3397 5594 3453 5639; x_wconf 81' lang='lat' dir='ltr'><strong>et</strong></span> 
     </span>
    </p>
   </div>
   <div class='ocr_carea' id='block_1_117' title="bbox 1884 5675 3453 5738">
    <p class='ocr_par' dir='ltr' id='par_1_117' title="bbox 1884 5675 3453 5738">
     <span class='ocr_line' id='line_1_118' title="bbox 1884 5675 3453 5738; baseline 0 -9"><span class='ocrx_word' id='word_1_921' title='bbox 1884 5675 1997 5729; x_wconf 80' lang='lat' dir='ltr'><strong>haec</strong></span> <span class='ocrx_word' id='word_1_922' title='bbox 2041 5675 2176 5730; x_wconf 84' lang='lat' dir='ltr'><strong>visio</strong></span> <span class='ocrx_word' id='word_1_923' title='bbox 2216 5675 2539 5729; x_wconf 85' lang='lat' dir='ltr'><strong>concordent</strong></span> <span class='ocrx_word' id='word_1_924' title='bbox 2587 5676 2696 5730; x_wconf 69' lang='lat' dir='ltr'><strong>sive</strong></span> <span class='ocrx_word' id='word_1_925' title='bbox 2740 5676 3086 5738; x_wconf 79' lang='lat' dir='ltr'><strong>discordem,</strong></span> <span class='ocrx_word' id='word_1_926' title='bbox 3134 5683 3193 5730; x_wconf 89' lang='lat' dir='ltr'><strong>ut</strong></span> <span class='ocrx_word' id='word_1_927' title='bbox 3235 5691 3303 5731; x_wconf 75' lang='lat' dir='ltr'><strong>ex</strong></span> <span class='ocrx_word' id='word_1_928' title='bbox 3341 5676 3453 5731; x_wconf 78' lang='lat' dir='ltr'><strong>col-</strong></span> 
     </span>
    </p>
   </div>
  </div>
