3948 6340
473 274 579 330 635

1109 270 1171 325 Β.
1210 270 1463 325 RABANI
1500 270 1719 328 MAURI
1754 270 2070 326 ARClIlEP.
2116 270 2424 327 MOGUNT.
2465 270 2750 328 OPERUM
2786 270 2965 328 PARS
3003 271 3067 326 ll.

3649 271 3758 328 635

471 389 673 445 latione
725 386 1008 454 utriusque
1053 383 1257 453 absque
1308 391 1497 437 nostro
1547 384 1821 437 admonitu
1877 386 2057 439 divina
2089 394 2132 451 Α
2166 402 2340 455 neque
2369 387 2510 439 cnim
2545 386 2682 441 facie
2726 388 2792 440 ad
2840 378 3031 441 faciet'n
3069 385 3302 441 revelato
3335 384 3480 442 vultu
3529 389 3760 460 gloriam

473 480 744 551 intelligas
783 484 1142 540 sacramenta,
1188 482 1243 530 et
1287 474 1416 529 illud
1463 478 1605 545 quod
1651 485 1777 531 ante
1814 493 2056 533 commo-

473 572 601 635 nui,
645 569 903 640 quoniam
946 568 992 621 si
1034 567 1089 620 in
1128 566 1469 621 firmamento
1506 578 1560 621 et
1598 566 1651 619 in
1687 568 1880 622 throno
1915 576 1970 621 et
2006 568 2059 621 in

476 678 636 717 manu
687 659 918 715 hominis
954 673 1060 712 non
1081 657 1304 722 veritas,
1350 658 1442 712 sed
1490 656 1784 712 similitudo
1830 656 2057 721 dicatur,

2166 479 2377 533 Domini
2426 478 2871 548 contemplamur,
2920 480 3015 533 sed
3067 482 3117 533 in
3170 480 3527 541 similitudine
3576 482 3762 536 omnia

2167 568 2412 621 videmus
2449 576 2504 622 et
2543 567 2793 635 imagine,
2843 568 3079 635 quandiu
3124 566 3298 638 fragili
3342 577 3397 623 et
3443 568 3674 632 mortali,
3702 577 3765 624 et

2170 658 2502 729 corruptibili
2533 659 2935 713 circumdamur
2962 673 3207 730 corpore.

1737 960 2036 1037 LIBER
2114 958 2527 1039 SEXTUS.

911 1222 1256 1301 su'ot't'rut
1296 1230 1521 1285 CAPUT
1558 1228 1621 1282 x.

547 1328 680 1384 Cum
709 1328 846 1382 ratio
876 1324 1176 1395 postularet
1206 1331 1264 1375 ut
1284 1336 1390 1375 una
1418 1321 1716 1388 eademque
1740 1315 2064 1396 visiot‘slmul

479 1419 532 1473 in
568 1433 676 1473 uno
703 1416 971 1471 volumine
996 1412 1468 1482 complecteretur,
1502 1408 1726 1463 forsitan
1758 1407 1921 1477 aliqui
1964 1406 2067 1460 mi-

480 1516 689 1571 rantur,
719 1521 816 1560 cur
859 1520 979 1561 eam
1024 1504 1077 1558 in
1126 1503 1384 1557 librorum
1429 1500 1692 1554 divisione
1723 1499 1791 1554 ab
1837 1498 2066 1553 invicem

478 1612 809 1667 separarem,
838 1594 1033 1664 quibus
1052 1606 1267 1662 quoque
1290 1591 1429 1645 ratio
1449 1588 1606 1659 huius
1634 1590 1912 1645 divisionis
1934 1604 2067 1659 pan-

479 1688 652 1742 denda
674 1695 776 1740 est.
806 1684 1071 1756 Quoniam
1095 1683 1233 1738 sicut
1264 1681 1560 1737 secundum
1587 1679 1781 1734 librum
1812 1680 1865 1733 in
1893 1688 2069 1735 osten-

2170 1224 2269 1289 lis;
2306 1245 2323 1276 ι
2360 1241 2503 1279 nunc
2542 1234 2719 1279 autem
2763 1227 2892 1281 dicit
2923 1227 2987 1281 de
3039 1226 3169 1282 rotis
3200 1244 3211 1279 :
3250 1244 3267 1275 σ
3302 1224 3537 1296 Corpora
3571 1244 3766 1281 rarum

2173 1326 2227 1371 et
2270 1318 2406 1372 colla
2456 1326 2511 1372 et
2536 1333 2727 1372 manus
2771 1326 2823 1373 et
2874 1334 3084 1388 pennae,
3119 1327 3170 1373 et
3203 1319 3388 1372 circuli
3421 1318 3575 1387 pit-ua
3606 1331 3769 1373 crant

2173 1410 2346 1465 oculis
2392 1411 2447 1464 in
2474 1402 2728 1466 xcircuitu
2782 1422 3015 1485 q‘uatu‘or
3055 1420 3319 1468 rotarum.
3354 1433 3374 1464 ›
3407 1412 3651 1485 (Gregor.
3709 1417 3769 1468 in

2176 1516 2354 1569 expos.
2396 1500 2622 1571 Evang.)
2651 1500 2756 1555 Sed
2802 1502 3077 1556 sciendum
3112 1502 3266 1556 nobis
3324 1509 3407 1556 est
3442 1503 3565 1571 quia
3598 1518 3766 1571 sa-pe,

2176 1592 2300 1645 dum
2339 1591 2458 1646 aliis
2486 1592 2647 1646 rebus
2695 1593 3043 1659 intendimus,
3076 1594 3133 1647 fit
3162 1602 3220 1647 ut
3255 1590 3359 1648 alia
3400 1594 3768 1665 negligemus,

2175 1691 2229 1736 et
2257 1682 2343 1735 ubi
2400 1682 2741 1753 negligimus,
2769 1684 2841 1739 ibi
2870 1683 3057 1755 procul
3086 1684 3246 1740 dubio
3275 1684 3489 1740 oculum
3530 1698 3636 1738 non
3662 1684 3773 1738 lia-

480 1778 630 1832 sione
677 1784 918 1829 rotarum
952 1772 1200 1843 separavi
1248 1788 1277 1826 a
1306 1771 1479 1842 primo
1528 1770 1687 1834 libro,
1716 1770 1809 1823 ubi
1840 1779 2072 1839 quatuor
2100 1764 2147 1823 Β
2176 1772 2384 1826 bemus.
2420 1770 2554 1826 Nam
2605 1771 2908 1828 Pharisseus
2938 1772 3025 1828 ille
3068 1773 3159 1843 qui
3202 1774 3519 1827 ascenderat
3549 1773 3600 1826 in
3630 1780 3773 1826 tem-

480 1866 794 1923 animalium
846 1866 1137 1934 descriptio
1170 1863 1289 1929 fuit,
1335 1879 1443 1918 non
1492 1862 1711 1933 quidem
1741 1870 1961 1931 prdpter
1992 1860 2069 1915 si-

480 1954 1401 2029 gnificationis-dissimilitudinem,
1454 1953 1548 2007 sed
1604 1952 1672 2006 ad
1728 1935 2070 2006 devitandam

481 2051 659 2119 operis
683 2050 1093 2120 longitudinem,
1122 2062 1190 2101 ne
1219 2046 1505 2115 prolixitas
1532 2046 1658 2100 ‘libr.’
1691 2046 1907 2099 ueniam
1930 2045 2073 2100 face-

482 2151 566 2195 ret
601 2140 811 2193 lectori.
841 2140 914 2192 lta
947 2146 999 2192 et
1044 2152 1185 2191 nunc
1211 2136 1279 2191 ob
1299 2136 1447 2190 idem
1481 2136 1696 2191 tatdium
1728 2136 2071 2190 devitandum

482 2240 603 2300 post
654 2231 838 2300 gloria:
890 2229 1100 2283 Domini
1146 2229 1408 2283 visioaem
1455 2243 1518 2281 ac
1575 2228 1854 2281 cherubim
1913 2228 2072 2282 simul

483 2322 872 2385 ostensionem,
901 2330 1111 2374 sextum
1144 2321 1339 2373 librum
1366 2336 1396 2373 a
1422 2328 1655 2388 quatuor
1679 2329 1913 2373 rotarum
1943 2335 2071 2373 nat-

485 2414 695 2469 ratione
735 2413 969 2481 judicavi
1028 2412 1410 2477 inchoandum,
1461 2412 1528 2465 de
1563 2428 1612 2480 q'
1738 2436 1739 2443 η
1860 2411 2073 2479 “Opheta

486 2504 559 2558 ita
582 2510 787 2567 narrat,
817 2502 1003 2556 dicens
1042 2519 1053 2553 :

563 2611 583 2644 ‹
616 2594 684 2647 Et
710 2593 840 2656 vidi,
872 2602 922 2646 et
949 2608 1078 2647 ecce
1106 2599 1339 2659 quatuor
1391 2601 1524 2646 rota:
1568 2596 1722 2661 juxta
1757 2590 2071 2645 cueruhim:

490 2704 509 2736 ι
546 2683 687 2739 Rata
718 2699 822 2739 una
868 2683 1021 2751 juxta
1074 2684 1275 2737 cherub
1305 2698 1508 2736 unum:
1544 2692 1598 2735 rt
1644 2691 1760 2736 rota
1792 2683 1893 2735 ali“
1921 2680 2076 2748 juxta

491 2795 510 2827 ι
548 2776 752 2832 cheruh
797 2791 981 2829 unum.
1018 2774 1238 2843 Species
1286 2783 1464 2827 autem
1518 2782 1783 2835 rotarum.
1815 2773 1967 2841 quasi
2001 2770 2078 2825 vi-

494 2883 512 2917 ι
552 2866 632 2921 sio
662 2865 855 2933 lapidis
882 2864 1221 2933 chrysolithi.
1267 2863 1334 2916 Et
1380 2872 1629 2931 aspectus
1660 2878 1849 2917 earum
1883 2862 2074 2917 simili-

496 2976 515 3007 ι
550 2956 677 3010 tudo
705 2970 809 3008 una
859 2965 1109 3022 quatuor,
1138 2953 1291 3022 quasi
1345 2954 1414 3007 sit
1450 2963 1567 3007 rota
1599 2953 1649 3006 iu
1701 2953 1877 3007 medio
1924 2964 2073 3007 rota}.

498 3064 516 3098 ι
553 3044 796 3113 Cumque
824 3042 1164 3096 ambularent
1188 3041 1241 3095 in
1281 3051 1512 3113 quatuor
1536 3052 1723 3111 partes
1757 3042 2076 3111 gradieban-

2172 1862 2317 1933 plum
2348 1878 2526 1929 orare,
2561 1872 2797 1920 testante
2844 1865 3158 1937 Evangelia,
3191 1866 3320 1935 quid
3351 1866 3486 1921 dixit
3538 1868 3760 1935 agnovi-

2174 1968 2312 2007 mus.
2342 1953 2433 2007 Ait
2457 1954 2639 2009 enim:
2669 1973 2687 2005 ‹
2715 1944 2877 2021 Deus,
2903 1944 3104 2026 gratias
3132 1956 3247 2027 ago
3266 1956 3380 2011 tibi.
3418 1975 3435 2008 ι
3466 1956 3634 2011 Recte
3669 1972 3771 2011 au-

2175 2052 2281 2096 tem
2310 2044 2513 2113 gratias
2542 2046 2652 2100 Deo
2682 2046 2874 2117 agebat
2903 2047 2955 2101 in
2988 2056 3095 2117 quo
3146 2057 3429 2118 acceperat
3459 2047 3617 2111 bona,
3647 2066 3773 2119 qius

2176 2134 2401 2199 fecerat,
2428 2138 2517 2206 qui
2546 2138 2711 2192 etiam
2742 2140 3019 2209 subiungit
3047 2155 3060 2193 :
3092 2161 3109 2187 ι
3140 2139 3276 2206 Quia
3330 2157 3434 2211 non
3474 2157 3593 2195 sum
3627 2142 3773 2195 sicut

2174 2226 2354 2277 cmteri
2416 2225 2664 2279 homines
2718 2236 2985 2296 raptores,
3044 2228 3249 2295 injusti,
3314 2229 3565 2293 adulteri,
3624 2231 3771 2283 vtlnt

2175 2313 2339 2366 etiam
2392 2314 2477 2368 hic
2505 2314 2845 2383 publicanus.
2882 2316 3071 2387 Jejuno
3112 2319 3203 2373 "bis
3250 2320 3301 2372 in
3345 2320 3595 2383 sabbato,
3628 2320 3779 2375 deci-

2176 2420 2294 2458 mas
2324 2407 2655 2477 doommum
2680 2424 2799 2476 quae
2819 2395 3070 2478 possideo
3099 2410 3249 2481 (Luc.
3279 2411 3456 2479 xvut).
3489 2430 3506 2462 ›
3536 2411 3675 2465 Ecce
3699 2414 3768 2467 ad

2176 2496 2531 2549 exhibendam
2553 2490 2965 2559 abstinentiam,
3008 2493 3071 2552 ad
3104 2500 3518 2567 impendendam
3556 2500 3773 2554 miseri-

2177 2585 2447 2651 cordiam,
2472 2586 2536 2639 ad
2567 2585 2879 2642 referendas
2910 2588 3018 2642 Dro
3052 2603 3280 2659 gratias,
3307 2590 3520 2643 mulum
3565 2591 3775 2645 habue-

2180 2681 2263 2725 rat
2292 2671 2620 2739 Pharisaaus,
2650 2676 2742 2729 sed
2772 2677 2839 2730 ad
2877 2676 3202 2731 humilitatis
3229 2678 3526 2732 custodiam
3557 2678 3773 2732 oculum

2177 2777 2284 2816 non
2318 2763 2567 2818 habebat.
2616 2765 2683 2819 Et
2713 2766 2843 2835 quid
2872 2767 3103 2836 prodest,
3138 2769 3280 2837 quod
3311 2777 3498 2823 contra
3533 2770 3773 2824 hostium

2181 2858 2407 2913 insidias
2432 2873 2571 2927 pene
2612 2867 2722 2912 tota
2753 2859 2947 2914 civitas
2978 2871 3134 2914 caute
3173 2862 3492 2927 custoditur,
3525 2863 3570 2915 si
3605 2878 3772 2916 unum

2171 2937 2421 3007 Toramen
2453 2958 2699 3019 apertum
2731 2951 3072 3021 relinquitur,
3124 2953 3263 3006 unde
3292 2955 3360 3007 ab
3409 2954 3657 3008 hostibus
3688 2954 3771 3007 in-

2182 3053 2374 3100 tretur.
2408 3043 2547 3111 Quid
2599 3060 2727 3114 ergo
2770 3046 2994 3113 prodest
3044 3046 3308 3110 custodia,
3342 3062 3461 3114 qua:
3491 3062 3630 3114 pene
3655 3047 3775 3101 ubi-

496 3154 514 3187 ι
554 3143 661 3199 tur,
688 3142 745 3188 et
787 3147 894 3187 non
925 3132 1332 3186 revertebantur
1360 3132 1724 3195 ambulantes,
1772 3133 1865 3186 sed
1901 3134 1966 3185 a~l
1997 3132 2076 3185 lo-
2109 3120 2150 3181 Ε
2184 3149 2287 3203 que
2330 3135 2772 3205 circumponitur,
2800 3136 3015 3203 quando
3045 3134 3280 3189 inimicis
3322 3143 3430 3189 tota
3460 3136 3654 3191 civitas
3679 3150 3776 3205 per

497 3242 517 3276 ι
554 3240 701 3291 cum,
734 3224 801 3279 ad
828 3221 985 3291 quem
1014 3222 1092 3276 ire
1116 3222 1447 3287 declinabat,
1480 3238 1599 3293 quae
1626 3224 1798 3293 prima
1825 3219 1964 3287 erat,
1992 3238 2077 3277 se-

496 3336 516 3371 c
554 3318 856 3387 quebantur
874 3324 929 3369 et
954 3323 1183 3378 cetera),
1210 3330 1309 3370 nec
1330 3316 1806 3369 convez‘tebantur.
1835 3314 1899 3369 Et
1918 3330 2079 3369 omne

496 3429 515 3461 ι
552 3423 747 3478 corpus
773 3422 959 3462 earum
990 3413 1045 3460 et
1067 3403 1204 3461 colla
1254 3414 1308 3460 et
1360 3421 1551 3460 manus
1595 3415 1650 3460 et
1678 3418 1865 3475 pennce
1897 3415 1951 3460 ct
1976 3407 2079 3459 cir-

499 3518 517 3551 c
552 3500 680 3565 culi,
713 3498 869 3569 plena
896 3504 1053 3553 erant
1103 3496 1272 3552 oculis
1302 3497 1353 3551 in
1397 3498 1629 3554 circuitu
1672 3506 1903 3567 quatuor
1935 3508 2081 3551 rota-

498 3612 516 3642 σ
554 3607 691 3645 rum.
720 3590 787 3643 Et
812 3598 961 3644 rotas
987 3590 1117 3643 istas
1142 3589 1354 3644 vocavit
1391 3590 1669 3653 volubiles,
1696 3590 1945 3644 audiente
1973 3602 2075 3642 me.

499 3701 515 3731 ι
556 3681 797 3748 Quatuor
842 3688 1021 3735 autem
1072 3678 1239 3735 facies
1266 3679 1497 3735 habebat
1528 3695 1716 3744 unum,
1748 3678 1918 3733 facies
1951 3695 2075 3743 una,

499 3791 517 3823 ε
556 3773 722 3827 facies
745 3774 969 3827 cherub.
996 3773 1060 3827 Et
1081 3771 1248 3827 facies
1274 3775 1527 3838 secunda,
1559 3771 1722 3827 facies
1746 3774 1998 3837 hominis,
2026 3782 2082 3826 et

500 3883 518 3913 ι
559 3864 611 3917 in
639 3864 799 3918 tertio
822 3863 987 3919 facies
1015 3864 1203 3927 leo’nis,
1227 3872 1281 3918 et
1310 3865 1360 3916 in
1384 3872 1573 3932 quarto
1602 3862 1767 3917 facies
1790 3864 2004 3933 aquila),
2027 3874 2080 3919 et

503 3974 519 4003 ι
559 3947 763 4007 elevata
796 3964 921 4008 sunt
966 3955 1265 4016 clurubim,
1304 3976 1321 4005 ›
1349 3964 1403 4007 et
1431 3954 1657 4023 reliqua.
1679 3954 1953 4025 (Hieron)
1976 3954 2081 4009 Ob—

496 4056 653 4094 serva
676 4043 817 4110 quod
842 4043 992 4112 prius
1018 4044 1224 4111 species
1257 4042 1417 4096 fuerit
1463 4052 1729 4097 rotarum.
1762 4040 1924 4098 Juxta
1957 4044 2081 4114 Sep-

500 4133 761 4201 tuaginta,
799 4150 817 4183 t
854 4135 1005 4201 quasi
1044 4134 1177 4187 visio
1208 4135 1424 4187 tharsis.
1463 4153 1480 4184 ι
1515 4134 1667 4189 Nunc
1696 4144 1896 4199 autem,
1924 4134 2079 4203 juxta

499 4221 736 4288 easdem,
771 4242 788 4273 ‹
817 4224 970 4293 quasi
1000 4223 1136 4277 visio
1162 4224 1492 4287 carbunculi,
1527 4245 1543 4277 ι
1574 4233 1956 4294 utpennarum
1988 4240 2084 4295 per

501 4312 702 4381 ignem,
728 4312 822 4381 qui
846 4328 876 4365 a
903 4311 1117 4367 Clteruh
1145 4314 1375 4367 traditur
1404 4314 1699 4371 similitudo
1730 4324 2079 4370 monstretur.

503 4403 653 4459 Licet
681 4404 733 4458 in
758 4404 1023 4458 Hebraico
1044 4410 1097 4458 et
1117 4419 1276 4473 supra
1305 4414 1358 4459 et
1384 4406 1468 4461 hic
1492 4423 1510 4455 ι
1548 4407 1747 4461 tharsis
1774 4426 1791 4459 ι
1820 4409 2075 4475 scriptum

501 4495 589 4550 sit.
621 4494 772 4561 Quod
792 4494 985 4563 Aquila
1013 4512 1031 4545 ι
1057 4494 1430 4567 chrysolitum,
1462 4516 1479 4547 ι
1516 4496 1870 4566 Symmachus
1908 4518 1923 4548 ι
1960 4500 2076 4553 hia-

502 4584 758 4655 cynthum
796 4602 815 4635 ι
852 4584 1143 4637 transtulit.
1175 4584 1514 4656 Rursumque
1544 4588 1631 4640 ubi
1669 4603 1765 4641 nos
1798 4589 2079 4653 vertimus,

507 4695 526 4726 ι
562 4682 618 4729 et
662 4688 822 4728 omne
860 4688 1055 4741 corpus
1090 4688 1295 4735 earum,
1334 4692 1352 4724 ι
1393 4675 1533 4743 quod
1573 4675 1891 4729 subauditur
1942 4687 2084 4733 rota—

506 4780 649 4828 rum,
687 4764 739 4817 in
786 4764 1009 4818 Hebrm
1044 4764 1302 4833 scriptum
1341 4775 1462 4819 est:
1502 4786 1520 4817 ι
1562 4768 1626 4822 Et
1677 4783 1866 4822 omnes
1898 4784 2087 4823 carnes

506 4869 713 4916 earum,
751 4872 768 4903 ι
799 4862 852 4907 et
881 4853 1041 4918 colla,
1079 4862 1134 4908 et
1178 4869 1385 4915 manus,
1421 4865 1475 4909 et
1513 4871 1733 4924 pennas,
1774 4866 1821 4910 et
1858 4858 2087 4911 circulos

508 4954 773 5005 rotarum,
800 4956 995 4997 carnes
1021 4942 1276 5012 appellari
1318 4945 1367 4997 in
1396 4947 1642 5013 supernis
1690 4946 1995 5011 virtutibus,
2030 4958 2087 5001 ut

509 5032 723 5101 quando
752 5031 976 5101 legimus
1010 5050 1021 5084 :
1057 5052 1074 5082 α
1107 5032 1245 5086 Caro
1268 5042 1317 5085 et
1354 5034 1573 5101 sanguis
1607 5048 1826 5103 regnum
1858 5035 1948 5090 Dei
1981 5054 2085 5093 non

510 5122 902 5192 possidebunt,
958 5140 1129 5195 neque
1197 5126 1469 5194 corruptio
1523 5127 1977 5197 incorruptionem
2025 5131 2086 5201 (I

512 5212 633 5267 Cor.
660 5214 772 5283 xv),
797 5234 815 5265 ι
835 5216 1068 5271 sciamus
1095 5233 1197 5271 non
1214 5219 1565 5272 substantiam
1590 5223 1787 5282 carnis,
1819 5223 1908 5275 sed
1928 5237 2086 5291 opera

512 5303 856 5355 condemnari
886 5322 899 5356 ε
928 5303 1120 5359 Bostar
1144 5307 1308 5369 enim,
1340 5306 1481 5375 quod
1511 5310 1561 5361 in
1607 5310 1707 5363 hoc
1752 5309 1866 5364 loco
1896 5312 2085 5365 scribi-

514 5401 620 5455 tur,
652 5408 759 5447 non
800 5410 995 5465 corpus
1026 5398 1119 5450 sed
1151 5412 1366 5452 carnem
1400 5400 1685 5467 significat.
1720 5400 1962 5457 Circulos
1990 5418 2087 5455 au-

514 5493 623 5538 tem
675 5495 911 5541 rotarum
944 5508 963 5540 ς
998 5492 1222 5544 canthos
1257 5511 1275 5541 ι
1307 5491 1509 5547 ferreos
1561 5494 1864 5564 appellavit,
1896 5496 2090 5565 quibus

516 5574 1107 5643 lignorum'rotunditas
1135 5590 1375 5635 arctatur
1408 5593 1461 5637 et
1499 5586 1800 5655 stringitur.
1835 5586 2091 5655 Superius

515 5679 643 5729 ergo
695 5665 826 5720 dixit
859 5686 868 5721 :
906 5686 923 5719 ‹
960 5668 1195 5739 Corpora
1246 5674 1554 5728 animalium
1604 5677 1757 5744 plena
1802 5688 1921 5731 sunt
1960 5692 2089 5731 ocu—

2181 3225 2483 3297 neglectum
2514 3225 2615 3280 loci
2649 3241 2752 3279 una
2796 3226 3052 3294 aperitur.
3109 3225 3417 3281 Pharisaws
3464 3232 3648 3281 autem
3679 3227 3772 3295 qui

2174 3316 2439 3386 jejunium
2470 3316 2735 3383 exhibuit,
2767 3318 3005 3371 decimas
3052 3316 3215 3379 dedit,
3249 3318 3359 3372 Deo
3389 3318 3595 3388 gratias
3627 3328 3774 3373 retu-

2180 3406 2262 3469 lit,
2291 3406 2443 3475 quasi
2473 3422 2609 3477 pene
2639 3422 2737 3476 per
2770 3407 3055 3461 circuitum
3095 3408 3145 3461 in
3194 3423 3302 3461 sua:
3338 3409 3571 3463 civitatis
3601 3419 3777 3463 custo-

2180 3497 2265 3550 dia
2293 3494 2555 3565 vigilavit,
2589 3494 2681 3549 sed
2707 3496 2834 3565 Quia
2868 3511 3031 3550 unum
3060 3497 3123 3550 in
3147 3513 3204 3552 se
3233 3497 3477 3553 foramen
3507 3499 3773 3567 superbiae

2180 3600 2285 3638 non
2320 3583 2569 3647 intendit,
2594 3582 2671 3636 ibi
2715 3585 2922 3638 hestem
2954 3585 3196 3653 pertulit,
3242 3586 3333 3650 ubi
3368 3601 3468 3655 per
3499 3588 3776 3658 negligen-

2177 3676 2309 3727 tiam
2336 3674 2549 3728 oculum
2585 3673 2797 3729 clausit.
2836 3664 2957 3746 (3.)
2990 3674 3141 3730 Rotas
3179 3685 3359 3730 autem
3406 3677 3522 3734 ista:
3554 3695 3660 3733 non
3689 3696 3776 3735 so.

2181 3766 2289 3819 lum
2317 3780 2508 3821 carnes
2549 3765 2773 3829 habent,
2802 3766 2888 3821 vel
2939 3782 3135 3837 corpus
3180 3777 3273 3821 aut
3304 3769 3571 3833 membra,
3596 3770 3690 3823 sed
3719 3777 3775 3824 et

2180 3858 2315 3913 colla
2361 3865 2416 3912 et
2460 3873 2653 3913 manus
2682 3866 2736 3913 et
2779 3875 3005 3929 pennas,
3035 3869 3094 3914 ut
3130 3860 3447 3917 eﬂic’ientias
3482 3879 3663 3917 rerum
3717 3865 3772 3919 in

2180 3948 2428 4019 singulis,
2461 3964 2565 4003 non
2588 3950 2955 4004 membrorum
2986 3951 3247 4020 imagines
3277 3952 3593 4007 sentiamus.
3624 3952 3775 4009 Bo'a:

2180 4054 2397 4107 quoque
2440 4039 2571 4108 ipsa:
2602 4039 2881 4109 appellatae
2927 4050 3051 4095 sunt
3079 4040 3255 4109 lingua
3311 4041 3571 4097 Hebraica
3604 4063 3622 4096 ι
3657 4045 3776 4099 σοι-

2181 4129 2287 4198 gel,
2324 4148 2341 4179 ι
2376 4129 2519 4197 quod
2569 4127 2928 4198 Symmachus
2963 4149 2979 4181 ι
3016 4130 3310 4197 volubiles,
3349 4150 3367 4181 ›
3404 4130 3596 4201 Aquila
3632 4154 3649 4185 ‹
3690 4152 3768 4187 ro-

2178 4227 2291 4272 tam
2316 4238 2333 4269 »
2362 4220 2704 4289 interpretati
2733 4230 2877 4275 sunt.
2910 4221 3080 4276 Porro
3115 4225 3255 4293 quod
3296 4226 3580 4295 sequitur:
3619 4244 3636 4275 ‹
3668 4226 3771 4278 At:-

2184 4310 2365 4364 diente
2390 4326 2475 4365 me
2505 4330 2522 4362 ι
2556 4326 2726 4381 usque
2755 4316 2820 4367 ad
2848 4314 2972 4368 eum
3004 4315 3199 4380 locum,
3234 4318 3323 4371 ubi
3358 4320 3615 4385 scriptum
3644 4330 3726 4373 est
3757 4336 3769 4371 :

2191 4419 2208 4451 ς
2244 4400 2303 4454 El
2326 4410 2460 4454 -vata
2500 4413 2626 4455 sunt
2674 4404 2972 4470 cherubim,
3010 4425 3028 4458 ι
3066 4406 3121 4460 in
3159 4406 3509 4480 Septuaginta
3539 4424 3649 4463 non
3680 4410 3773 4464 ha-

2140 4462 2159 4510 )
2194 4492 2366 4558 betur,
2399 4494 2491 4547 sed
2518 4493 2584 4547 de
2630 4492 2894 4551 liebraico
2922 4462 3162 4551 additum
3196 4462 3298 4553 est.
3348 4462 3405 4554 1:1
3457 4514 3565 4569 quo
3590 4462 3771 4555 obser-

2193 4581 2446 4647 vandum,
2478 4584 2620 4653 quod
2651 4599 2989 4655 nequaquam
3022 4594 3082 4641 ut
3121 4603 3281 4658 supra
3309 4589 3529 4654 dicitur,
3561 4608 3579 4640 ι
3612 4590 3771 4646 facies

2194 4671 2427 4725 hominis
2446 4712 2459 4735 ,
2493 4681 2546 4727 et
2573 4672 2737 4727 facies
2758 4674 2929 4730 leonis
2956 4692 2984 4729 a
3015 4676 3222 4732 dextris
3246 4688 3493 4747 quatuor,
3528 4688 3586 4734 et
3608 4679 3770 4735 facies

2193 4761 2345 4815 vituli
2380 4778 2409 4815 a
2438 4763 2671 4817 sinistris
2691 4774 2951 4832 quatuor,
2982 4775 3037 4820 et
3060 4765 3223 4823 facies
3251 4768 3443 4838 aquilae
3478 4776 3713 4838 quatuor
3742 4785 3769 4822 a

2194 4849 2428 4915 dextris;
2459 4869 2476 4900 ι
2509 4859 2565 4905 ut
2594 4851 2842 4906 videlicet
2866 4853 2969 4907 alia
2998 4869 3029 4907 a
3057 4855 3323 4920 sinistris,
3360 4856 3464 4909 alia
3502 4871 3532 4909 a
3569 4858 3769 4912 dextris

2189 4952 2307 4991 esse
2328 4940 2637 5003 credantur,
2658 4940 2751 4994 sed
2771 4942 2991 5010 aequalis
3006 4946 3246 4998 omnium
3267 4944 3399 4998 ordo
3424 4947 3764 5009 describitur,

2191 5025 2401 5079 dicente
2441 5025 2717 5095 Scriptura
2770 5047 2783 5105 ς
2835 5029 3079 5095 Quatuor
3120 5042 3298 5086 autem
3340 5032 3506 5088 facies
3543 5035 3763 5089 habebat

2189 5132 2377 5182 unum,
2404 5118 2569 5174 facies
2587 5136 2709 5185 una,
2732 5121 2898 5177 facies
2918 5125 3142 5189 cherub,
3162 5135 3214 5179 et
3231 5125 3395 5179 facies
3412 5128 3669 5187 secunda,
3694 5125 3765 5179 fa-

2192 5212 2301 5265 cies
2327 5206 2581 5275 homiuis,
2600 5220 2659 5291 et
2684 5214 2735 5267 in
2766 5215 2928 5269 tertio
2953 5214 3314 5281 faciesleouis,
3335 5227 3389 5270 et
3409 5219 3462 5272 in
3479 5228 3672 5286 quarto
3696 5218 3764 5271 fa-

2193 5304 2303 5357 cies
2324 5296 2544 5372 aquilte;
2569 5314 2626 5357 ut
2646 5306 2837 5375 prima,
2859 5316 2913 5359 et
2942 5309 3198 5372 secunda,
3224 5317 3277 5361 ct
3309 5308 3484 5369 tertia,
3505 5320 3555 5361 et
3578 5321 3767 5377 quarta

2194 5394 2360 5449 facies
2383 5409 2486 5447 non
2517 5394 2755 5449 locorum
2786 5396 3096 5451 diversitate
3124 5398 3294 5451 dextri
3336 5407 3387 5450 ct
3414 5398 3645 5462 sinistri,
3681 5402 3770 5453 sed

2194 5499 2301 5536 uno
2336 5496 2431 5550 per
2456 5484 2653 5551 gradus
2681 5484 2871 5538 ordine
2900 5485 3252 5539 describatur.
3291 5484 3458 5539 Unam
3488 5496 3669 5541 autem
3699 5487 3766 5539 fa-

2196 5572 2352 5635 ciem,
2388 5572 2439 5625 id
2464 5581 2566 5636 est,
2595 5574 2821 5640 primam
2849 5562 3135 5642 appellavit
3161 5575 3382 5639 cherub,
3410 5591 3507 5644 pro
3552 5591 3660 5644 quo
3687 5593 3770 5632 su-

2198 5674 2291 5726 pra
2326 5658 2535 5713 dixerat
2577 5660 2742 5715 facies
2776 5660 2945 5713 vituli.
2980 5660 3053 5714 Ex
3086 5677 3191 5730 quo
3235 5662 3551 5733 intelligitur
3583 5664 3773 5719 faciem
