3948 6332
170 326 278 384 637

1139 321 1491 381 COMMENT.
1531 320 1600 378 IN
1639 320 2092 379 EZECHIELEM.
2132 350 2201 362 -—
2237 319 2362 375 LIB.
2408 320 2494 377 γι.

3339 318 3443 375 058

173 444 387 502 cberub
418 459 539 501 esse
566 444 756 499 faciem
784 443 958 507 vituli,
1008 457 1237 513 quorum
1272 440 1511 496 omnium
1547 454 1762 495 sensum
1792 442 1838 501 Α
1867 454 1975 509 quo
2000 437 2279 508 quteritur.
2325 436 2406 491 Ad
2433 435 2665 490 activam
2695 435 2841 491 enim
2888 435 3050 489 vitam
3083 435 3317 489 ambulat
3366 446 3439 492 te-

175 538 471 607 praateritze
500 536 723 591 visionis
749 535 991 590 continet
1014 532 1346 603 explanatio.

256 644 276 677 ι
312 624 496 695 Ipsum
527 633 610 679 est
652 623 872 689 animal,
918 624 1059 692 quod
1112 623 1351 677 videram
1388 620 1541 690 juxta
1571 619 1764 676 ﬂumen

184 733 205 767 ι
241 714 478 771 Cbobar.
506 714 748 784 Cumque
778 714 1119 769 ambularent
1159 714 1463 778 cherubim,
1494 713 1644 767 ibant
1671 728 1765 782 pa-

185 826 205 858 ι
243 806 380 860 riter
412 814 468 861 et
496 814 629 859 rota:
654 804 809 873 juxta
850 821 934 859 ea.
963 805 1029 859 Et
1058 820 1179 859 cum
1212 804 1452 859 levarent
1486 805 1765 858 cherubim

186 914 205 943 ι
244 895 359 949 alas
386 911 513 949 suas
537 904 594 949 ut
617 895 989 950 exaltarentur
1013 895 1078 949 de
1107 889 1271 960 tei'ra,
1305 910 1409 949 non
1444 894 1771 949 resistebant

186 1007 203 1037 ι
244 996 375 1040 rota:
425 987 518 1041 sed
545 995 599 1040 et
648 987 775 1055 ipsa:
815 985 968 1054 juxta
1007 997 1181 1043 erant.
1215 986 1498 1042 Stantibus
1531 988 1633 1041 illis
1658 996 1769 1041 sta-

185 1091 205 1124 r
242 1073 397 1127 bant.
431 1075 497 1128 Et
526 1090 647 1129 cum
676 1076 901 1130 elevatis
946 1076 1315 1131 elcvabantur.
1348 1076 1581 1146 Spiritus
1626 1078 1766 1131 enim

185 1182 206 1215 ι
243 1166 368 1221 vita:
398 1174 518 1221 erat
548 1168 600 1221 in
635 1167 735 1229 eis,
774 1186 791 1219 ι
825 1176 928 1223 etc.
958 1165 1150 1222 Omnia
1172 1169 1361 1222 vivunt
1391 1167 1500 1223 Deo
1524 1176 1577 1221 et
1613 1183 1768 1226 suum

178 1254 425 1308 sentiunt
453 1264 775 1314 creatorem.
806 1271 913 1310 non
955 1264 1040 1310 est
1068 1258 1211 1317 enim
1238 1257 1379 1311 Deus
1408 1266 1767 1323 mortuorum,

180 1345 276 1398 sed
302 1345 615 1406 viventium,
644 1354 784 1400 unde
810 1356 861 1401 et
890 1352 1069 1400 omnia
1102 1362 1327 1417 corpora
1352 1356 1588 1402 rotarum
1614 1348 1768 1418 plena

179 1442 313 1487 sunt
340 1434 530 1489 oculis.
560 1434 626 1488 Et
658 1436 711 1488 in
748 1436 955 1504 psalmo
1002 1437 1197 1491 dicitur
1228 1456 1239 1491 :
1277 1456 1294 1488 ι
1334 1437 1467 1494 (Ζωιὶ
1517 1448 1773 1502 enat-rant

176 1522 413 1592 gloriam
446 1524 541 1579 Dei
579 1534 635 1579 et
686 1541 854 1594 opera
909 1541 1165 1581 manuum
1222 1528 1337 1598 ejus
1369 1530 1651 1589 annuntiat
1688 1530 1774 1584 ﬁr-

178 1622 517 1692 mamentum
572 1616 695 1669 dies
726 1616 828 1670 diei
862 1626 1073 1672 eructat
1108 1618 1351 1684 verbum,
1394 1628 1447 1673 et
1496 1622 1768 1679 noxuocti

178 1698 389 1755 indicat
418 1704 699 1761 scientiam
728 1701 903 1775 '(Psal.
932 1706 1106 1778 xvnt).
1140 1727 1157 1758 ι
1186 1707 1275 1762 Sol
1304 1720 1517 1777 quoque
1546 1718 1600 1764 et
1621 1710 1766 1775 luna,

1866 543 2007 584 cum.
2040 527 2121 581 Ad
2162 526 2587 581 immobilitatem
2634 534 2795 597 atque
2832 526 3191 581 constantiam
3224 527 3447 596 spiritus

1865 617 2161 688 proiecisti,
2200 624 2308 671 stat
2335 625 2533 681 tecum,
2561 617 2628 670 ad
2657 617 3130 686 contemplativam
3156 617 3319 671 vitam
3351 634 3447 687 per

1866 707 1961 761 Dei
1992 707 2219 777 gratiam
2241 706 2555 776 pervenisti,
2585 706 2728 762 volat
2760 716 2954 762 tecum.
2986 708 3052 763 Et
3080 723 3292 763 rursum
3315 709 3444 763 sub-

1868 795 2054 848 ditur:
2096 812 2113 844 ι
2152 792 2285 861 Quia
2342 794 2563 865 spiritus
2618 805 2741 849 vita:
2790 797 2994 850 eratin
3041 797 3192 852 rotis.
3233 816 3251 849 ο
3296 795 3447 864 Quod

1870 886 2071 940 idcirco
2101 887 2336 947 secundo
2382 886 2579 941 dicitur
2612 888 2734 941 vitae
2760 887 2982 957 spiritus
3032 888 3085 942 in
3138 890 3271 945 rotis
3306 904 3446 961 esse,

1867 976 1997 1044 quia
2027 974 2321 1044 Scripturae
2373 976 2478 1030 duo
2506 988 2632 1031 sunt
2671 986 3015 1043 testamenta,
3060 994 3181 1048 quae
3224 990 3450 1049 utraque

1870 1066 1963 1120 Dei
1991 1065 2212 1137 spiritus
2239 1066 2401 1121 scribi
2434 1066 2622 1131 voluit,
2654 1075 2713 1122 ut
2749 1082 2847 1121 nos
2872 1067 2941 1121 ab
2972 1056 3165 1121 aninize
3195 1077 3365 1123 morte
3389 1068 3450 1121 li-

1870 1155 2105 1219 beraret,
2136 1153 2217 1207 vel
2243 1158 2389 1209 certe
2418 1156 2543 1223 quia
2577 1156 2682 1211 duo
2706 1166 2829 1211 sunt
2858 1166 3123 1227 prmeepta
3151 1157 3449 1219 charitatis,

1870 1243 2085 1298 dilectio
2115 1244 2364 1298 videlicet
2412 1243 2528 1309 Dei,
2562 1254 2616 1300 et
2659 1246 2875 1302 dilectio
2906 1248 3161 1317 proximi,
3192 1264 3288 1317 per
3334 1264 3453 1318 quae

1870 1346 2099 1404 utraque
2136 1351 2235 1390 nos
2274 1351 2446 1390 sacrae
2481 1334 2774 1407 Scripturae
2818 1339 2961 1393 dicta
3010 1340 3302 1395 viviﬁcant.
3356 1340 3455 1396 Se-

1872 1431 2046 1489 cundo
2076 1445 2204 1500 ergo
2236 1430 2433 1485 dicitur
2467 1449 2479 1483 :
2518 1450 2535 1482 ι
2568 1430 2704 1497 Quia
2744 1431 2965 1504 spiritus
2993 1432 3115 1485 vitae
3141 1442 3258 1486 erat
3284 1433 3335 1486 in
3368 1449 3454 1488 ro-

1872 1523 1962 1585 t's,
2004 1541 2023 1574 ι
2069 1521 2191 1591 quia
2233 1522 2576 1583 dilectionem
2609 1523 2701 1577 Dei
2752 1530 2806 1583 et
2840 1523 3073 1593 proximi
3108 1524 3349 1593 capimus
3399 1523 3454 1579 in

1871 1612 2099 1680 eloquiis
2126 1612 2343 1677 divinis,
2368 1628 2467 1681 per
2491 1621 2757 1683 prtecepta
2784 1627 2959 1668 sacrze
2989 1611 3283 1683 Scriptura:
3311 1613 3453 1669 dicta

1877 1702 2126 1765 vivimds,
2158 1704 2248 1771 qui
2292 1704 2491 1757 mortui
2535 1705 2870 1773 jacebamus.
2907 1701 3058 1759 Unde
3101 1704 3452 1774 omnipotenti

178 1810 336 1850 mare
367 1805 422 1849 ei
448 1795 688 1859 numina,
728 1806 938 1855 ωοηιρε
985 1807 1039 1853 ει
1085 1799 1249 1854 conas
1278 1799 1501 1855 [audam
1526 1814 1669 1855 eum,
1700 1802 1773 1855 Li,
1802 1784 1843 1842 Β
1872 1790 1984 1845 Deo
2016 1808 2111 1862 per
2132 1792 2475 1852 Psalmistam
2504 1794 2699 1850 dicitur
2727 1812 2739 1844 :
2770 1812 2787 1844 ί
2816 1794 3157 1848 lnteternum
3189 1809 3294 1848 non
3322 1792 3456 1848 obli-

180 1889 237 1943 in
272 1905 431 1943 suum
459 1890 718 1944 circulum
763 1905 861 1959 per
894 1906 1065 1947 annos
1096 1892 1334 1961 singulos
1359 1893 1625 1949 elementa
1650 1893 1768 1948 vol—

177 1989 403 2043 vuntur,
444 1980 1104 2050 malorumque-rationem
1152 1982 1210 2036 in
1265 1983 1428 2038 terris
1468 1982 1771 2052 deprchen-

177 2071 383 2137 dimus,
413 2079 473 2125 ut
511 2072 746 2141 antiqua:
779 2071 912 2142 legis
953 2072 1201 2129 ordinem
1228 2082 1629 2137 conservantes,
1662 2072 1775 2127 vol-

174 2162 379 2215 vantur
410 2169 464 2215 et
510 2170 756 2225 currant,
788 2172 839 2215 et
872 2162 1003 2216 nilnil
1044 2177 1239 2219 novum
1288 2178 1575 2217 cernamus
1614 2177 1773 2233 super

180 2260 408 2305 terram.
448 2251 602 2318 Quod
654 2262 835 2306 autem
883 2253 1119 2307 dicitur:
1154 2272 1172 2303 ι
1208 2248 1384 2322 Ipsum
1420 2260 1502 2307 est
1551 2254 1769 2315 animal,

176 2342 329 2412 quod
355 2339 607 2403 videram.
626 2342 780 2411 juxta
805 2342 999 2397 ﬂumen
1030 2342 1267 2409 Cbobar,
1305 2362 1323 2394 ι
1360 2342 1640 2412 Scriptura
1676 2344 1769 2396 de-

178 2440 447 2486 monstrat
474 2430 662 2488 eadem
691 2448 789 2487 nos
812 2430 1008 2486 debere
1040 2432 1343 2501 intelligere
1366 2433 1420 2485 in
1440 2431 1774 2501 expositione

180 2522 458 2587 animalis,
495 2538 615 2592 qua:
652 2533 816 2591 supra
855 2520 1411 2577 intclle'ximus.Bene
1432 2530 1615 2575 autem
1643 2520 1777 2575 dici—

183 2620 278 2665 tur
308 2628 323 2664 :
362 2629 381 2662 ι
414 2611 547 2667 Cum
579 2612 837 2666 euntibus
861 2612 1030 2676 ibant,
1066 2620 1120 2665 et
1157 2612 1425 2667 Stantibus
1453 2612 1692 2676 stabant,
1720 2624 1773 2666 et

178 2717 311 2756 cum
335 2702 559 2757 elevatis
583 2718 611 2756 a
641 2711 784 2757 terra
810 2705 1015 2771 pariter
1048 2702 1417 2785 clevabantur,
1439 2710 1494 2759 et
1526 2710 1657 2757 rotae
1687 2718 1773 2757 se-

180 2802 419 2861 quentes
444 2808 528 2846 ea.
554 2793 686 2859 Quia
717 2795 941 2863 spiritus
962 2794 1083 2848 vitte
1112 2794 1305 2847 eratin
1331 2792 1483 2850 rotis.
1521 2812 1538 2844 ι
1569 2790 1771 2864 (Greg.)

182 2882 315 2937 llzec
362 2891 485 2937 sunt
517 2897 579 2937 ex
622 2883 854 2937 maxima
901 2892 1054 2952 parte
1078 2882 1191 2951 jam
1238 2883 1406 2947 dicta,
1437 2883 1531 2936 sed
1579 2883 1772 2937 iterata

178 2974 549 3043 descriptione
579 2983 891 3029 narrantur.
924 2975 1031 3030 Nec
1058 2990 1156 3030 nos
1182 2976 1363 3044 itaque
1386 2985 1561 3045 pigeat
1585 2976 1770 3030 eadem

178 3065 424 3118 breviter
464 3064 780 3134 exponendo
814 3075 1074 3133 repetere,
1109 3080 1229 3135 quae
1257 3065 1479 3135 spiritus
1520 3080 1617 3135 per
1642 3065 1773 3121 Pro-

1874 1882 2053 1936 viscar
2094 1881 2509 1952 iustiﬁcationes
2547 1891 2687 1947 tuas,
2717 1884 2849 1952 quia
2889 1883 2943 1937 in
2993 1884 3124 1953 ipsis
3171 1883 3454 1942 vivifieasti

1877 1989 1961 2029 me
2014 1971 2184 2045 (Psal.
2241 1974 2447 2044 cxvui).
2488 1994 2505 2024 )
2540 1974 2962 2038 Justilicationes
3001 1976 3143 2031 enim
3188 1986 3456 2045 praecepta

1876 2064 1968 2118 Dei
2017 2063 2288 2127 dicuntur,
2344 2065 2399 2117 in
2446 2064 2641 2134 quibus
2668 2079 2775 2118 nos
2822 2064 3141 2135 corrigendo
3173 2063 3453 2134 justiticat.

1877 2153 1950 2206 De
1978 2152 2175 2219 quibus
2204 2151 2487 2208 Psalmista
2534 2152 2775 2221 apertius
2805 2151 2936 2206 dicit
2965 2170 2976 2204 :
3016 2171 3033 2202 ι
3068 2151 3124 2206 in
3170 2152 3273 2207 tuis
3291 2152 3454 2223 justi-

1876 2240 2215 2295 ﬂcationibus
2236 2243 2554 2307 meditabor,
2585 2260 2689 2297 non
2719 2240 3006 2297 obliviscar
3032 2256 3309 2298 sermones
3340 2250 3459 2297 tuos

1877 2328 2085 2401 (lbid.).
2126 2350 2143 2381 ι
2180 2331 2234 2384 lu
2264 2330 2344 2385 eis
2390 2332 2569 2402 itaque
2604 2348 2702 2387 nos
2739 2332 3022 2401 justiﬁeat,
3057 2334 3180 2403 quia
3220 2350 3316 2401 per
3343 2333 3459 2389 lucc

1878 2421 2035 2475 nobis
2060 2422 2355 2490 spiritalem
2378 2424 2542 2478 vitam
2568 2424 2921 2490 demonstrat,
2945 2441 3174 2495 eamque
3194 2441 3291 2496 per
3311 2424 3460 2483 allla-

1878 2526 1991 2570 tum
2038 2516 2259 2583 spiritus
2302 2517 2574 2573 mentibus
2604 2521 2804 2574 nostris
2856 2520 3108 2576 infundit.
3152 2521 3303 2589 Quod
3332 2523 3456 2593 quia

1875 2609 2113 2681 quotidie
2130 2624 2227 2679 per
2242 2611 2439 2665 donum
2459 2613 2645 2680 gratiae
2663 2613 2714 2666 in
2741 2613 3032 2669 electorum
3057 2616 3325 2671 mentibus
3346 2615 3461 2686 agi-

1878 2686 1987 2771 tur,
2014 2709 2161 2754 recte
2179 2700 2408 2755 dicitur:
2441 2719 2458 2751 ε
2492 2701 2723 2772 Spiritus
2745 2704 2869 2758 vita:
2894 2713 3011 2759 erat
3034 2706 3086 2759 in
3112 2706 3263 2760 rotis.
3293 2724 3311 2757 ι
3332 2704 3459 2761 Hinc

1875 2790 2031 2844 nobis
2057 2789 2334 2860 Scriptura
2365 2792 2419 2845 in
2459 2791 2693 2847 tenebris
2725 2794 2847 2849 vita:
2878 2798 3161 2864 prtesentis
3193 2794 3335 2852 facta
3376 2808 3461 2852 est

1876 2880 2053 2938 lumen
2080 2881 2309 2937 itineris.
2328 2868 2465 2951 Hinc
2484 2884 2683 2937 etenim
2711 2883 2905 2940 Petrus
2928 2887 3004 2940 ait
3029 2905 3041 2940 :
3072 2907 3090 2939 ι
3121 2886 3217 2942 Cui
3241 2887 3459 2943 benefa—

1876 2972 1998 3026 citis
2023 2972 2379 3038 iutendentes,
2401 2975 2553 3042 quasi
2572 2974 2805 3031 lucerna:
2820 2976 3073 3032 candenti
3094 2978 3145 3031 in
3169 2978 3462 3050 caliginoso

1877 3062 1995 3117 loco
2020 3062 2104 3134 (11
2123 3061 2267 3117 Petr.
2284 3064 2343 3135 ι).
2369 3084 2387 3117 ι
2408 3064 2543 3120 [line
2568 3065 2849 3122 Psalmista
2875 3069 3034 3123 dicit:
3059 3090 3075 3120 ι
3096 3069 3342 3127 Lucerna
3367 3088 3463 3142 pc.-

174 3158 405 3226 ph‘etam
434 3156 685 3226 dignatus
733 3165 815 3211 est
852 3156 1161 3225 replicando
1212 3170 1453 3209 narrare.
1484 3155 1598 3211 Hoc
1629 3158 1772 3211 enim
1804 3142 1847 3203 Ο
1880 3153 2036 3208 dibus
2068 3154 2203 3208 meis
2231 3156 2451 3213 verbum
2481 3163 2661 3221 tuum,
2688 3157 2941 3221 Domine,
2970 3168 3025 3213 et
3052 3160 3230 3215 lumen
3254 3163 3462 3217 semitis

183 3248 363 3302 solum
395 3248 446 3301 in
493 3245 581 3304 [ﬁs
609 3249 787 3303 verbis
838 3264 1037 3302 novum
1086 3249 1360 3319 adjicitur,
1391 3250 1531 3318 quod
1571 3251 1770 3305 dictum

176 3346 269 3392 est
303 3355 315 3390 :
350 3354 371 3413 η(
403 3335 537 3392 Cum
568 3340 834 3395 stantibus
863 3339 1119 3393 stabant:
1157 3358 1175 3390 ι
1212 3338 1350 3394 Sunt
1376 3340 1521 3395 enim
1556 3342 1772 3409 quidam

178 3426 279 3495 qui
306 3441 475 3496 usque
506 3428 571 3482 ad
602 3427 1045 3497 hoc-proﬁciunt,
1079 3438 1137 3482 ut
1158 3439 1373 3485 terrena
1403 3445 1522 3499 quae
1548 3446 1771 3500 accepe-

182 3528 319 3572 runt
340 3520 475 3573 bene
499 3519 814 3588 dispensare
832 3521 1101 3576 noverint.
1119 3521 1501 3579 Misericordia:
1522 3523 1775 3591 operibus

179 3608 491 3674 intendunt,
517 3611 791 3680 oppressis
812 3612 1169 3676 subveniunt;
1198 3613 1250 3667 hi
1275 3613 1523 3671 videhcet
1552 3615 1773 3679 vadunt,

174 3701 333 3757 ineo
354 3702 495 3770 quod
517 3717 574 3756 se
595 3704 660 3757 ad
682 3702 913 3773 proximi
939 3704 1225 3758 utilitatem
1250 3706 1498 3760 tendunt.
1541 3705 1673 3764 Cum
1696 3706 1776 3761 bis

170 3803 322 3861 ergo
350 3793 853 3862 rot:e.gradiuntur,
894 3796 1018 3864 quia
1063 3810 1219 3849 sacra
1250 3796 1461 3865 eloquia
1509 3798 1773 3851 dictorum

181 3892 409 3936 auorum
450 3883 726 3951 passusin
775 3897 960 3939 eorum
992 3885 1184 3940 itinere
1214 3885 1525 3955 disponant.
1560 3886 1625 3945 Et
1653 3897 1778 3941 sunt

183 3968 307 4034 alii,
332 3970 422 4038 qui
468 3969 651 4037 ﬁdem,
678 3986 839 4041 quam
886 3983 1233 4043 acceperunt,
1262 3974 1335 4028 ita
1382 3976 1449 4029 ad
1490 3977 1774 4032 tenendum

182 4062 361 4121 fortes
386 4074 530 4130 sunt,
571 4073 629 4119 ut
662 4066 906 4121 adversis
930 4068 1231 4137 quibusque
1261 4068 1515 4123 resistere
1548 4069 1775 4132 valeant,

183 4164 242 4211 et
275 4170 383 4211 non
434 4155 605 4210 solum
661 4157 901 4213 minime.
930 4158 1003 4212 ad
1034 4160 1441 4228 perversitatem
1490 4161 1781 4214 trahuntur

178 4246 451 4318 perfidiae,
485 4249 581 4302 sed
612 4249 777 4303 etiam
823 4264 1075 4319 perversa
1125 4250 1775 4321 loquentesimpugnant,

184 4352 392 4407 eosque
422 4338 489 4391 ad
516 4338 894 4395 rectitudinem
927 4339 1166 4393 trahant.
1196 4338 1330 4395 (ium
1362 4341 1481 4397 istis
1512 4342 1779 4395 stantibus

186 4436 338 4483 stant
380 4429 542 4483 etiam
578 4437 729 4491 rotze,
761 4429 885 4497 quia
918 4430 997 4483 eis
1029 4428 1407 4489 rectitudinem
1440 4444 1591 4483 suam
1624 4444 1776 4484 sacra

180 4519 387 4588 eloquii
414 4519 574 4573 verba
603 4518 945 4575 cenl‘trmant.
974 4527 1104 4574 cum
1132 4520 1185 4573 in
1209 4520 1288 4575 eis
1314 4520 1539 4574 audiunt
1563 4537 1575 4572 :
1604 4519 1776 4583 State,

186 4617 243 4664 et
295 4618 473 4663 tenete
528 4609 845 4664 traditiones
892 4626 1030 4679 quas
1080 4610 1392 4677 didicistis;
1433 4620 1486 4670 et
1517 4624 1774 4666 rurSum:

192 4720 210 4751 ‹
254 4700 609 4754 Adversarius
647 4708 827 4755 vester
854 4700 1101 4759 diabolus
1122 4710 1381 4772 tanquam
1416 4702 1519 4759 leo,
1542 4704 1775 4772 rugiens,

184 4790 385 4844 circuit
432 4804 680 4857 quaerens
716 4783 875 4859 quem
932 4791 1167 4856 devoret,
1209 4792 1295 4845 cui
1344 4793 1583 4849 resistite
1614 4793 1779 4849 fortes

185 4882 242 4935 in
278 4881 380 4934 lide
415 4882 461 4952 (l
497 4882 641 4936 Petr.
674 4882 749 4954 v).
776 4896 801 4935 δ
834 4884 898 4937 Et
923 4893 1050 4939 sunt
1090 4885 1204 4950 alii,
1235 4887 1326 4956 qui
1356 4889 1537 4941 omnia
1566 4897 1777 4943 terrena

185 4972 516 5041 despiciunt,
544 4972 687 5027 nulla
718 4989 836 5041 qua:
888 4983 1216 5043 praetereunt
1250 4977 1527 5046 possidere
1558 4979 1780 5048 dignan-

184 5071 303 5123 tur,
352 5062 404 5115 in
443 5064 535 5116 Dei
568 5079 645 5125 se,
701 5072 759 5117 ut
808 5065 1125 5133 praedictum
1162 5076 1265 5131 est,
1327 5068 1779 5136 contemplatione

184 5152 545 5221 suspendunt.
583 5152 715 5217 Cum
748 5154 831 5207 bis
861 5171 993 5223 ergo
1032 5156 1279 5219 elevatis,
1317 5168 1376 5212 et
1422 5166 1549 5212 reue
1578 5160 1781 5227 pariter

188 5242 459 5299 levantur.
494 5244 629 5309 Quia
660 5256 917 5308 quantum
950 5248 1179 5315 quisque
1218 5249 1284 5301 ad
1329 5248 1436 5301 alta
1469 5249 1775 5317 profecerit,

187 5333 460 5387 intantum
488 5334 535 5388 ei
563 5343 616 5387 et
646 5352 799 5390 sacra
828 5337 1038 5405 eloquia
1062 5337 1127 5391 de
1153 5337 1437 5390 altioribus
1464 5338 1771 5406 loquuntur.

189 5421 409 5489 Vadunt
456 5440 585 5493 ergo
613 5426 861 5479 animalia
915 5428 981 5480 ad
1031 5427 1319 5481 utilitatem
1349 5428 1601 5495 proximi,
1635 5436 1777 5482 stant

189 5514 247 5569 in
278 5516 579 5569 custodiam
601 5516 705 5579 sui,
733 5516 1012 5571 elevantur
1040 5516 1104 5570 ad
1134 5518 1635 5586 contemplationem
1660 5518 1773 5572 Dei.

191 5604 298 5661 Sed
328 5615 384 5659 et
434 5616 567 5659 rotae
613 5608 815 5672 tariter
842 5608 1060 5671 vadunt,
1109 5616 1271 5672 stant,
1313 5609 1612 5663 elevantur.
1644 5607 1776 5674 Quia

191 5698 416 5771 quarsita
449 5713 605 5753 sacra
648 5697 805 5753 lectio
837 5699 957 5755 talis
989 5700 1277 5764 invenitur,
1308 5700 1484 5768 qualis
1515 5699 1575 5753 lit
1607 5701 1720 5770 ipse
1749 5715 1777 5753 a

1806 4482 1857 4542 D

1878 3244 2011 3298 meis
2040 3242 2211 3316 (Psal.
2240 3245 2445 3315 cxvm).
2483 3265 2502 3297 ι
2536 3244 2748 3309 Scimus
2772 3255 2949 3302 tamen
2980 3250 3101 3318 quia
3131 3259 3186 3304 et
3224 3252 3337 3320 ipsa
3368 3267 3462 3306 no—

1876 3334 1958 3387 bis
2008 3342 2189 3387 nostra
2223 3334 2443 3397 lucerna
2471 3337 2700 3390 obscura
2725 3345 2829 3401 est,
2860 3338 2906 3391 si
2935 3353 3038 3391 nou
3090 3339 3227 3393 hanc
3265 3341 3461 3394 nostris

1876 3427 2148 3480 mentibus
2198 3427 2398 3481 veri.as
2452 3426 2700 3480 illustret.
2754 3427 2903 3482 Unde
2954 3430 3144 3488 iterum
3175 3429 3461 3486 Psalmista

1877 3514 1992 3567 ait:
2024 3532 2041 3564 ε
2081 3515 2345 3581 Quoniam
2393 3524 2448 3567 tu
2496 3514 2766 3569 illuminas
2796 3515 3071 3583 lucernam
3111 3533 3307 3583 meam,
3360 3518 3463 3577 Do;

1880 3604 2051 3668 mine,
2102 3603 2243 3658 Deus
2300 3619 2453 3659 meus
2504 3604 2744 3659 illumiua
2794 3607 3047 3661 tenebras
3106 3622 3254 3662 meas
3275 3606 3459 3679 ,(Ρειιι.

1880 3699 2037 3765 xm).
2080 3717 2098 3749 ›
2145 3696 2284 3764 Quid
2331 3698 2476 3752 enim
2499 3698 2725 3754 iucerna
2769 3700 2964 3755 ardens
2988 3709 3093 3764 est,
3122 3701 3223 3755 nisi
3252 3700 3466 3763 lumen?

1881 3786 1987 3841 Sed
2026 3780 2211 3841 iumen
2252 3796 2494 3843 creatum
2525 3804 2629 3843 non
2656 3789 2801 3846 lucet
2835 3790 3012 3854 nobis,
3060 3790 3159 3845 nisi
3192 3791 3461 3851 illumine-

1880 3888 1969 3933 tur
2019 3894 2049 3933 a
2096 3879 2298 3934 lumine
2341 3896 2451 3935 non
2504 3892 2708 3938 creato.
2760 3882 2897 3950 Quia
2946 3897 3075 3954 ergo
3124 3883 3466 3954 omnipotens

1881 3970 2024 4025 Deus
2050 3970 2116 4031 ad
2147 3971 2377 4026 salutem
2404 3980 2644 4027 nostram
2677 3982 2988 4030 sanctorum
3020 3981 3463 4030 testamentorum

1882 4058 2022 4113 dicta
2054 4070 2106 4113 et
2134 4061 2249 4129 ipse
2289 4061 2513 4125 creavit,
2556 4069 2610 4117 et
2643 4062 2756 4131 ipse
2800 4062 2992 4132 aperit,
3029 4082 3047 4115 ‹
3084 4063 3309 4133 spiritus
3339 4063 3462 4118 vitae

1879 4158 1998 4204 erat
2030 4150 2082 4202 iu
2115 4151 2269 4219 rotis.
2301 4168 2320 4203 ›

1945 4256 1975 4327 .c
2010 4238 2077 4292 Et
2109 4254 2325 4308 egressa
2354 4250 2437 4296 est
2465 4240 2636 4312 gloria
2682 4240 2895 4297 Domini
2924 4258 2960 4298 a
3006 4243 3210 4299 lumine
3259 4244 3463 4325 templi,

1888 4347 1906 4379 ι
1944 4339 1998 4387 et
2048 4334 2199 4385 stetit
2234 4346 2395 4401 super
2440 4333 2742 4388 cherubim.
2771 4333 2839 4387 Et
2868 4333 3133 4389 elevantia
3184 4336 3465 4410 cherubim

1890 4440 1908 4472 ι
1948 4420 2063 4476 alas
2094 4437 2221 4477 suas
2248 4421 2484 4477 exaltata
2536 4430 2663 4478 sunt
2696 4439 2726 4477 a
2759 4432 2900 4478 terra
2929 4440 3111 4481 coram
3142 4442 3249 4481 me.
3276 4425 3342 4479 Et
3366 4426 3469 4484 illis

1890 4530 1907 4562 ι
1946 4513 2348 4581 egredientibus
2377 4523 2509 4569 rotae
2537 4528 2755 4583 quoque
2775 4516 3075 4573 subsecuta:
3099 4524 3243 4571 sunt.
3272 4516 3337 4569 Et
3363 4526 3470 4575 ste-

1884 4620 1903 4654 ι
1945 4603 2086 4656 titin
2119 4603 2338 4659 introitu
2384 4612 2551 4671 portae
2594 4604 2785 4659 domus
2811 4603 3023 4659 Domini
3077 4605 3377 4670 orientalis,
3410 4608 3467 4661 et

1886 4714 1901 4745 ι
1937 4694 2104 4763 gloria
2138 4693 2351 4749 Domini
2376 4694 2541 4750 lsrael
2568 4704 2687 4753 erat
2730 4710 2895 4765 super
2945 4712 3029 4751 ea.
3054 4696 3471 4767 lpsumqueest

1886 4806 1904 4836 ‹
1941 4786 2162 4850 animal,
2192 4786 2334 4857 quod
2371 4786 2477 4844 vidi
2504 4787 2709 4863 subter
2738 4789 2904 4843 Deum
2956 4789 3152 4854 lsrael,
3177 4788 3329 4857 juxta
3372 4789 3469 4843 Ωιι-ο

1886 4895 1903 4927 ι
1943 4878 2086 4931 vium
2136 4876 2367 4934 Cbobar.
2401 4879 2467 4933 Et
2516 4880 2756 4937 intellexi
2795 4882 2921 4950 quia
2976 4882 3254 4938 cherubim
3285 4888 3470 4939 essent

1888 4987 1905 5019 ι
1945 4979 2178 5038 quatuor
2211 4985 2311 5038 per
2360 4979 2592 5039 quatuor
2640 4970 2810 5028 facies
2846 4974 2967 5036 uni,
3005 4982 3061 5028 et
3093 4982 3324 5043 quatuor
3371 4973 3469 5028 alte

1887 5080 1906 5111 ι
1945 5063 2054 5115 nui.
2084 5062 2150 5115 Et
2174 5062 2468 5117 similitudo
2499 5079 2691 5118 manus
2730 5064 2966 5119 hominis
2994 5066 3095 5119 sub
3129 5065 3229 5119 alis
3258 5080 3464 5120 eorum.

1885 5172 1902 5201 ‹
1940 5153 2005 5205 Ει
2031 5152 2322 5206 similitudo
2356 5153 2600 5207 vultuum
2641 5168 2849 5219 eorum,
2875 5154 2977 5226 ipsi
3011 5154 3193 5209 vultus
3218 5172 3353 5226 quos
3395 5156 3468 5210 νίς

1886 5262 1902 5291 ‹
1941 5243 2132 5299 ιΙυὺειω
2159 5240 2315 5309 juxta
2347 5241 2565 5297 ﬂuvium
2593 5242 2827 5298 Cbobar.
2858 5244 2924 5299 Et
2951 5245 3181 5300 intuitus
3205 5261 3391 5300 eorum
3413 5254 3469 5300 et

1890 5354 1905 5384 ι
1946 5335 2176 5402 impetus
2189 5334 2658 5404 singulorumante
2673 5334 2866 5391 faciem
2892 5352 3042 5394 suam
3068 5338 3295 5407 ingredi,
3322 5347 3465 5393 sete.

1887 5424 2085 5495 (Ilier.)
2117 5424 2296 5479 Gloria
2328 5426 2539 5481 Domini
2566 5427 2677 5482 sive
2704 5425 2987 5493 maiestas,
3014 5444 3134 5498 qua:
3163 5436 3386 5483 steterat
3412 5429 3465 5483 in

1886 5516 2066 5584 templi
2098 5516 2318 5581 lumine,
2356 5518 2505 5571 stetit
2540 5532 2702 5587 super
2746 5518 3046 5583 cherubim,
3095 5534 3214 5588 quze
3256 5520 3462 5583 elevan-

1886 5608 1958 5662 tia
1990 5608 2102 5664 alas
2129 5622 2255 5662 suas
2301 5607 2567 5676 Propheta
2612 5617 2867 5671 cernente
2896 5610 3131 5664 exaltata
3175 5619 3300 5664 sunt
3335 5611 3471 5667 rotis

1886 5700 2084 5769 pariter
2116 5699 2483 5768 sequentibus,
2507 5708 2562 5755 et
2586 5700 2738 5755 stetit
2764 5700 2816 5753 in
2842 5698 3061 5756 introitu
3084 5710 3253 5769 porta:
3278 5703 3469 5755 domus
