3948 6346
125 404 219 459 Ml

1085 394 1438 457 COMMENT.
1481 394 1545 450 lN
1586 390 2034 449 EZECHIELESI.
2066 422 2131 432 --
2175 391 2295 448 LIB.
2337 392 2425 448 Vl.

3286 390 3392 446 ΕΗ

126 514 249 567 Sive
294 515 538 569 elevatur
591 528 621 565 a
665 519 829 575 term,
866 518 921 565 ct
972 510 1336 577 introducitur
1374 510 1440 563 ad
1492 517 1699 578 portam
1733 512 1777 571 Α
1807 522 1909 576 que
1944 520 2135 570 unum,
2161 515 2217 560 et
2261 505 2419 565 solvit
2461 504 2693 561 medium
2746 506 3029 575 parietem,
3084 505 3394 569 inimicitias

124 605 314 659 domus
350 603 561 659 Domini
594 603 936 669 orientalem,
965 613 1022 657 ut
1050 603 1222 672 possit
1254 602 1441 672 viginti
1472 602 1706 669 quinque

123 697 382 759 virorum,
422 695 510 770 qui
567 707 723 754 erant
763 695 814 749 in
859 696 1090 749 circuitu
1139 704 1337 771 portae,
1373 701 1427 747 et
1472 692 1706 746 Jezonia:

126 784 217 838 ﬁlii
286 784 449 848 Azur,
505 794 664 847 atque
709 784 929 839 Pheltia:
960 784 1055 843 ﬁlii
1105 784 1340 845 Banaim,
1406 778 1705 851 principum

121 875 301 946 populi
347 884 691 939 sacramenta
738 890 1088 945 cognoscere.
1145 874 1209 929 Hi
1244 876 1411 945 igitur
1450 874 1541 943 qui
1594 874 1705 929 ele-

124 977 252 1027 vant
281 964 331 1019 in
370 956 609 1021 introitu
632 975 799 1040 portae
829 967 1020 1023 domus
1046 965 1254 1021 Domini
1292 954 1590 1025 orientalis,
1615 966 1705 1019 de-

120 1070 409 1129 sperantes
447 1057 673 1111 salutem
712 1066 764 1111 et
788 1056 1055 1114 scelerum
1086 1056 1417 1119 conscientia
1448 1055 1619 1125 parati
1641 1056 1707 1115 ad

119 1147 421 1214 interitum,
459 1158 558 1202 nec
606 1147 846 1201 volentes
896 1164 992 1218 per
1055 1148 1443 1219 pagnitudinem
1489 1157 1707 1218 peccata

116 1240 413 1309 carrigere,
456 1239 642 1293 dicunt
688 1239 809 1312 licet
841 1254 1012 1310 nuper
1051 1248 1173 1309 post
1213 1239 1444 1309 primam
1487 1238 1710 1309 captivi-

114 1340 287 1398 tatem
323 1330 602 1387 aediﬁcata:
632 1332 739 1386 sint
771 1332 983 1395 domus,
1038 1348 1158 1402 qute
1198 1341 1323 1385 ante
1364 1337 1707 1395 corruerant,

117 1427 299 1474 tamen
342 1422 543 1475 scimus
594 1422 736 1475 hanc
783 1422 1052 1476 civitatem
1097 1422 1218 1476 csso
1259 1422 1431 1476 instar
1477 1420 1686 1483 lebetis,

115 1525 217 1563 nos
252 1526 465 1582 quoque
508 1528 604 1581 pro
638 1511 892 1567 carnibus
933 1522 990 1565 ut
1029 1514 1080 1566 in
1121 1528 1181 1566 ea
1224 1528 1611 1567 consumantur
1654 1519 1710 1566 et

112 1615 561 1666 concrementur,
616 1602 768 1671 juxta
821 1602 948 1655 illud
1001 1603 1142 1672 quod
1194 1604 1454 1673 scriptum
1508 1612 1589 1657 est
1654 1603 1710 1657 in

111 1686 255 1755 Isaia
284 1710 295 1744 :
337 1710 353 1743 ι
389 1693 702 1763 Tempestas
737 1694 780 1748 si
812 1695 1105 1759 transierit,
1131 1709 1237 1748 non
1274 1704 1513 1749 assumet
1542 1710 1658 1749 nos.
1685 1714 1703 1745 ι

110 1778 226 1836 Diis
269 1780 368 1846 ista
418 1781 741 1846 dicentibus,
793 1782 952 1840 irruit
1007 1783 1059 1836 in
1116 1783 1441 1861 Draph‘etam
1488 1783 1710 1851 spiritus

1812 596 1863 649 in
1890 610 1983 649 sua
2006 608 2172 650 carne
2200 595 2562 649 condemnans
2591 594 2610 664 (
2636 593 2825 662 Enipea.
2862 610 2899 650 ιι
2926 595 2977 669 ).
3018 592 3173 650 Unde
3198 604 3252 651 et
3298 611 3394 650 and

1808 686 2017 757 gustius
2054 685 2183 757 quid
2230 683 2468 773 loquitur
2526 693 2687 761 atque
2736 684 3059 741 sublimius:
3099 705 3116 736 ι
3177 686 3286 757 Ego
3338 695 3395 742 et

1807 784 1962 844 pater
1982 788 2155 847 unum
2186 771 2417 851 sumus(
2453 771 2631 830 Joan.‘
2656 791 2689 828 ι
2715 774 2767 851 )_,
2789 792 2828 835 ι
2871 783 2929 829 ιιι
2957 792 2986 830 a
3017 774 3237 831 Judaica
3262 777 3395 830 dua-

1802 861 1961 933 litatc
2024 862 2076 913 in
2129 862 2382 923 unionem
2435 877 2535 916 nos
2588 872 2801 917 revocet
2868 862 2990 919 ﬁdei
3052 863 3389 921 Christianm.

1810 952 2050 1021 Denique
2110 936 2421 1023 pontiﬁcatu
2481 955 2691 1029 perdito
2759 954 3065 1013 Judteormn
3135 957 3394 1012 Dominus

1808 1044 2015 1113 patitur
2078 1058 2412 1111 nequaquam
2467 1044 2566 1097 sub
2622 1060 2727 1098 uno
2783 1046 3064 1119 principe,
3129 1046 3224 1101 sed
3293 1047 3393 1100 sub

1810 1134 2041 1198 duobus,
2062 1134 2215 1188 Anna
2240 1145 2293 1188 et
2329 1136 2550 1207 Cnipba,
2584 1145 2641 1191 ut
2683 1136 2955 1209 religionis
2985 1153 3171 1193 eorum
3202 1137 3392 1192 falsum

1811 1218 2139 1281 monstraret
2188 1243 2447 1282 errorem.
2482 1228 2619 1297 Sunt
2644 1230 2795 1303 multi
2842 1230 2896 1285 in
2925 1229 3090 1300 hujus
3106 1240 3272 1301 porta:
3313 1230 3394 1284 in-

1774 1312 1982 1370 troitu
2022 1324 2147 1370 ante
2185 1318 2401 1371 domum
2463 1318 2673 1374 Domini
2718 1319 3061 1389 orientalem,
3110 1320 3200 1390 qui
3248 1319 3394 1375 vitiis

1810 1408 1921 1462 suis
1975 1408 2282 1464 nationibus
2329 1422 2735 1478 comparantur,
2765 1420 2820 1465 et
2867 1420 3214 1481 peccatorum
3265 1425 3394 1465 con-

1780 1490 2037 1555 scicntia
2083 1490 2370 1571 desperant
2430 1501 2676 1566 salutem,
2719 1511 2772 1556 et
2812 1502 2997 1556 dicunt
3040 1520 3051 1554 :
3096 1501 3297 1557 Civitas
3338 1500 3393 1557 in

1812 1608 1916 1663 qua
1956 1608 2260 1661 versamur,
2308 1594 2453 1649 lcbes
2498 1604 2601 1661 est,
2636 1603 2690 1649 et
2725 1611 2822 1650 nos
2864 1610 3052 1649 omnes
3102 1608 3311 1671 carnes,
3341 1601 3398 1650 et

1812 1680 2103 1753 Babylonio
2130 1698 2509 1738 consnmemur
2530 1686 2721 1757 ardore
2746 1685 2862 1752 ejus
2885 1686 3038 1755 cujus
3064 1685 3202 1740 idola
3226 1684 3393 1755 ignita

1814 1784 1958 1837 sunt.
2005 1773 2275 1851 Nolentes.
2304 1776 2464 1852 igitur
2502 1792 2660 1847 agere
2698 1779 3157 1847 pmnitcntiam-et
3199 1779 3391 1848 despe-

108 1870 330 1926 Domini
368 1879 423 1926 et
448 1871 682 1927 secando
712 1873 965 1941 praecepit
994 1881 1051 1925 ut
1079 1873 1401 1931 vaticinetur
1423 1889 1487 1927 ac
1514 1873 1662 1936 dicat
1689 1892 1702 1925 :
1738 1867 1782 1924 Β
1813 1871 1993 1917 Fames
2026 1864 2279 1929 salutem,
2319 1877 2602 1941 ριὀριετεδ
2664 1870 2906 1932 audiunt,
2959 1868 3099 1938 quod
3127 1886 3238 1924 non
3294 1869 3392 1940 ipsi

110 1962 387 2031 Quoniam
436 1963 539 2017 ista
595 1963 831 2028 dixistis,
889 1971 944 2018 et
978 1964 1222 2023 cordium
1279 1974 1581 2022 vestrorum
1623 1979 1708 2025 me

110 2061 329 2109 secreta
378 2067 482 2107 non
539 2051 748 2117 fallunt,
777 2068 877 2123 ego
920 2053 1076 2119 vobis,
1114 2054 1531 2124 interpretabor,
1577 2070 1710 2128 quo-

112 2143 282 2199 modo
324 2144 517 2198 civitas
549 2144 600 2197 in
645 2142 898 2209 lebetcm,
926 2153 979 2201 et
1027 2161 1121 2200 vos
1150 2146 1200 2203 in
1258 2141 1450 2214 carnes
1496 2160 1711 2218 repute-

113 2233 275 2297 mini,
318 2248 424 2293 non
459 2231 613 2301 juxta
666 2232 813 2287 illum
850 2249 1085 2297 sensum,
1132 2251 1292 2304 quem
1335 2236 1499 2294 locuti
1552 2237 1706 2302 estis,

113 2325 213 2379 sed
242 2324 395 2395 juxta
431 2324 683 2386 alterum,
737 2339 897 2392 quem
938 2340 1040 2380 non
1088 2327 1311 2382 timetis.
1354 2327 1447 2382 Est
1493 2328 1709 2395 quidem

112 2416 317 2469 civitas
364 2418 416 2471 in
470 2412 662 2471 lebetis
712 2414 1141 2480 similitudinem,
1198 2417 1293 2473 sed
1352 2434 1456 2471 non
1513 2419 1709 2475 vestris

114 2505 433 2575 implebitur
470 2504 743 2569 carnibus,
790 2510 977 2561 verum
1005 2490 1220 2569 eort‘un.
1263 2522 1398 2576 quos
1445 2506 1714 2595 interfeci-

114 2598 242 2654 stis.
280 2597 385 2655 Vos
444 2606 647 2663 autem,
709 2598 801 2668 qui
850 2598 1189 2667 arbitramini
1227 2616 1323 2655 vos
1351 2600 1403 2662 in
1445 2601 1547 2655 hac
1580 2602 1714 2657 urbe

112 2690 439 2754 morituros,
468 2690 695 2744 educam
730 2690 821 2751 de
860 2689 1038 2746 medio
1088 2690 1342 2758 civitatis,
1398 2701 1454 2764 et
1503 2691 1710 2746 tradam

114 2774 361 2835 liOStium
418 2781 691 2843 manibus,
736 2768 1041 2853 faciamque
1085 2781 1136 2835 in
1188 2782 1340 2837 v0bis
1392 2782 1615 2853 judicia,
1655 2794 1714 2839 ut

111 2885 245 2925 cum
272 2870 577 2924 cecideritis
606 2869 801 2939 gladio,
828 2860 1163 2941 nequaquam
1195 2872 1246 2925 in
1274 2874 1406 2927 urbe
1435 2890 1535 2928 nec
1560 2883 1710 2929 extra

116 2960 388 3036 tenninos
433 2959 618 3021 Israel,
661 2960 753 3015 sed
794 2962 845 3013 in
905 2961 1100 3015 ﬁnibus
1160 2971 1354 3017 vestra:
1401 2964 1708 3032 provincim,

117 3057 256 3103 tunc
320 3050 659 3118 cognoscetis
715 3051 855 3117 quod
918 3066 1017 3122 ego
1085 3052 1184 3106 sim
1246 3053 1524 3108 Dominus.
1588 3054 1713 3109 llam

115 3149 307 3195 autem
330 3141 579 3194 universa
614 3139 913 3209 pitiemini,
962 3140 1088 3208 quia
1137 3139 1190 3193 in
1244 3143 1530 3211 przeceptis
1578 3143 1712 3197 meis

1812 1953 1918 2008 sint
1968 1969 2160 2030 carnes
2193 1956 2479 2031 praeterita:
2523 1966 2576 2013 et
2624 1959 2842 2030 perdita:
2879 1960 3133 2025 civitatis,
3180 1961 3276 2015 sed
3315 1961 3391 2028 bi,

1810 2062 1944 2115 quos
1992 2047 2499 2113 scandalizaverint,
2570 2065 2704 2119 quos
2775 2050 3162 2107 interfecerint.
3200 2052 3270 2107 Et
3315 2052 3396 2107 id-

1815 2136 1965 2200 circo
1992 2151 2156 2204 super
2202 2153 2297 2194 eos
2341 2138 2547 2209 gladius
2598 2140 2889 2207 inducitur,
2916 2151 2970 2195 ut
2996 2152 3294 2214 postquam
3339 2142 3393 2201 in

1796 2224 2006 2289 ﬁnibus
2058 2217 2219 2281 lsrael
2262 2245 2599 2306 nequaquam
2654 2232 2793 2285 inter
2852 2242 3059 2305 gentes,
3114 2234 3208 2288 sed
3256 2234 3397 2287 inter

1811 2316 2149 2372 Christianos
2182 2316 2382 2374 fuerint
2424 2319 2676 2397 judicati,
2724 2330 2850 2376 tunc
2881 2330 3228 2393 cognoscant,
3269 2322 3395 2391 quia

1812 2408 1926 2477 ipse
1974 2410 2045 2463 sit
2085 2410 2372 2476 Dominus,
2410 2413 2705 2467 secundum
2748 2413 2877 2469 illud
2910 2416 3053 2489 quod
3080 2416 3132 2469 in
3169 2414 3397 2470 Psalmis

1812 2497 2039 2568 legitur:
2092 2518 2110 2551 ι
2180 2500 2312 2555 Cum
2353 2501 2684 2563 interficeret
2727 2520 2840 2569 eos,
2883 2506 3232 2575 requirebant
3271 2520 3395 2560 eum

1814 2589 1832 2660 (
1864 2586 2009 2643 Psal.
2054 2606 2236 2655 Lxxvn
2261 2590 2280 2665 )
2304 2632 2320 2653 ,
2354 2612 2370 2645 ι
2416 2601 2476 2646 ut
2512 2608 2671 2663 quem
2702 2610 2800 2666 per
2827 2595 3089 2651 beneﬁcia
3140 2611 3247 2651 non
3276 2610 3401 2653 sen-

1813 2691 2015 2745 serant,
2049 2696 2139 2747 per
2167 2691 2434 2738 tormenta
2469 2693 2816 2755 cognoscant.

1890 2792 1906 2822 ι
1947 2772 2012 2826 Et
2043 2774 2240 2831 factum
2268 2783 2351 2830 est
2378 2790 2498 2830 cum
2522 2778 2898 2847 prophetarem
2925 2780 3238 2849 prophetias
3260 2780 3402 2835 ﬁlius

1822 2881 1839 2913 ι
1877 2864 2093 2921 Banaia’e
2125 2873 2369 2927 mortuus
2408 2876 2511 2933 est,
2566 2874 2619 2921 et
2674 2868 2844 2930 cecidi
2880 2869 2933 2941 in
2987 2869 3176 2931 faciem
3224 2886 3398 2927 meam

1819 2972 1835 3005 ι
1872 2954 2111 3012 clamans
2139 2972 2267 3015 voce
2290 2972 2507 3029 magna,
2536 2967 2581 3012 et
2614 2959 2721 3021 dixi
2760 2977 2773 3013 :
2807 2958 2943 3025 lleu,
2981 2962 3107 3027 heu,
3133 2962 3260 3027 beo,
3294 2963 3399 3018 Do-

1820 3064 1838 3096 r
1878 3036 2211 3111 mine‘Deus,
2243 3046 2759 3124 consummationem
2800 3060 2853 3104 tu
2888 3050 3021 3106 lacis
3054 3053 3400 3121 reliquiarum

1819 3154 1837 3185 ‹
1887 3135 2085 3195 Israel?
2117 3156 2136 3188 ι
2200 3135 2539 3193 Vaticinante
2582 3140 2860 3209 propheta,
2922 3156 3059 3198 unus
3118 3159 3148 3195 e
3197 3143 3406 3197 duobus

112 3246 230 3286 non
262 3231 603 3294 ambulastis,
630 3239 685 3285 et
719 3231 919 3301 judicia
951 3246 1070 3285 mea
1099 3248 1201 3285 non
1232 3210 1455 3297 fecistis,
1486 3234 1577 3288 sed
1603 3250 1710 3289 ca:-

1821 3223 2167 3292 principibus,
2233 3225 2471 3281 Pbeltias
2525 3225 2664 3281 ﬁlius
2725 3226 2941 3283 Banaiaa
3009 3231 3255 3295 moritur,
3308 3233 3399 3301 qui

116 3329 370 3376 terarum
408 3320 462 3373 in
504 3320 733 3374 Circuitu
778 3321 1016 3387 gentium
1066 3320 1269 3376 scelera
1309 3322 1441 3375 estis
1481 3322 1711 3390 operati.

114 3410 372 3479 Cumque
413 3410 707 3465 secundum
750 3410 986 3464 litteram
1029 3409 1373 3465 manifestum
1440 3413 1532 3474 sit,
1572 3413 1715 3479 quod

113 3503 348 3564 dicitur,
388 3502 603 3559 omissis
629 3517 920 3573 parumper
950 3501 1188 3557 Jezonia:
1230 3489 1287 3558 et
1340 3503 1507 3568 Azur,
1562 3503 1715 3558 Phol-

116 3593 217 3647 tia:
270 3600 327 3645 et
381 3592 595 3646 Banaiae
652 3593 980 3659 nominibus,
1032 3608 1150 3663 qua:
1213 3593 1263 3647 in
1316 3580 1523 3669 tempus
1575 3594 1716 3649 aliud

116 3701 495 3747 reservamus,
536 3684 636 3739 hoc
682 3684 967 3739 dicendum
1003 3693 1103 3750 est,
1156 3682 1295 3753 quod
1337 3700 1510 3755 usque
1560 3686 1716 3739 bodie

116 3778 181 3833 in
219 3776 469 3841 ecclesia,
495 3792 615 3846 qua:
644 3784 726 3829 est
762 3776 952 3829 domus
1000 3776 1118 3841 Dei,
1152 3784 1203 3830 et
1248 3784 1373 3843 ante
1414 3786 1621 3843 portam
1664 3783 1719 3829 et

120 3870 183 3923 in
231 3868 474 3930 introitu,
501 3868 613 3925 sive
643 3866 693 3919 in
722 3867 802 3919 via
828 3874 1015 3934 portat,
1044 3882 1161 3936 qua:
1187 3865 1454 3949 signiﬁcat
1478 3865 1719 3921 Salvato-

121 3976 269 4022 rem,
297 3975 391 4029 per
431 3974 589 4027 quem
628 3950 959 4031 ingredimur
995 3949 1323 4025 ad‘Patrem,
1370 3967 1495 4012 sunt
1532 3956 1719 4028 viginti

120 4052 378 4119 quinque
406 4050 501 4103 viri
545 4050 609 4102 ad
640 4064 830 4103 sensus
860 4058 1053 4103 cuncta
1094 4032 1409 4112 referentes.
1455 4049 1521 4103 Et
1553 4064 1722 4118 quan-

123 4152 248 4197 tum
286 4156 388 4195 non
432 4138 753 4209 subterfuglt
782 4138 1097 4197 memoriam
1128 4154 1325 4203 meam,
1363 4128 1637 4209 nunquam
1668 4139 1720 4192 in

125 4236 332 4289 bonum
363 4239 567 4300 partem
602 4231 745 4283 hunc
781 4244 1061 4283 numerum
1100 4229 1248 4304 potui
1288 4229 1548 4293 invenire,
1599 4228 1724 4291 licet

127 4326 189 4377 in
244 4322 544 4377 chiticum
597 4328 651 4374 et
690 4319 1025 4373 sacerdotale
1067 4319 1427 4381 ministerium
1474 4333 1503 4371 a
1535 4318 1722 4388 viginti

128 4416 378 4484 quinque
405 4412 561 4465 annis
591 4410 888 4481 eligantur;
920 4409 973 4463 in
1002 4408 1227 4464 Hebraro
1253 4410 1396 4463 enim
1424 4425 1531 4462 non
1563 4410 1724 4463 habet

132 4508 286 4560 tunc.
317 4500 731 4570 numerum,qui
761 4501 815 4553 lu
841 4499 1192 4571 Septuaginta
1218 4500 1433 4569 dicitur,
1452 4501 1544 4555 sed
1573 4501 1726 4559 trice-

126 4596 380 4654 ‘narinm,
426 4591 595 4661 quiin
645 4590 867 4643 exordio
897 4591 1055 4660 hujus
1105 4590 1385 4659 Prophetas
1411 4599 1465 4644 et
1518 4589 1723 4644 Domini

138 4684 456 4737 mutinetur
484 4688 663 4743 aetate,
696 4680 910 4747 quando
936 4681 1082 4733 venit
1111 4680 1177 4733 ad
1230 4678 1427 4733 ﬂuenta
1484 4677 1732 4733 Jordanis

138 4783 199 4827 et
230 4790 260 4826 a
307 4772 513 4827 Joanne
560 4771 862 4841 baptizatus
885 4782 984 4825 est.
1018 4770 1112 4825 Sin
1140 4778 1317 4825 autem
1344 4772 1396 4825 in
1439 4771 1731 4841 Evangelia

142 4868 165 4938 (
201 4865 394 4919 Matth.
425 4880 531 4917 xxv
574 4863 591 4933 )
640 4862 873 4931 quinque
901 4862 1131 4933 virgines
1160 4862 1472 4930 prudentes,
1498 4869 1550 4915 et
1576 4862 1732 4935 quin-

145 4973 257 5026 que
325 4954 483 5007 fatua:
550 4955 909 5023 reperiuntur,
964 4954 1195 5007 sciamus
1250 4954 1393 5007 hunc
1447 4968 1728 5006 numerum

146 5052 206 5104 in
238 5048 417 5102 medio
444 5047 698 5116 positum,
748 5054 801 5100 et
824 5060 923 5117 pro
951 5046 1209 5114 qualitate
1241 5047 1524 5107 utentium,
1552 5046 1631 5099 vel
1672 5046 1736 5099 ad

146 5152 377 5212 Lunam,
432 5147 515 5200 vel
543 5148 610 5203 ad
663 5146 856 5199 malam
910 5152 1115 5216 partem
1154 5159 1310 5213 posse
1370 5144 1623 5199 conferri.
1673 5143 1742 5197 lli

148 5240 323 5307 igitur
380 5236 506 5300 viri,
564 5236 654 5304 qui
721 5245 915 5289 cuncta
968 5235 1034 5288 ad
1100 5249 1290 5288 sensus
1355 5234 1610 5299 referunt,
1670 5242 1724 5286 et

148 5328 363 5382 habent
401 5326 532 5379 duos
564 5326 855 5395 principes,
904 5325 969 5379 de
1025 5326 1219 5392 quibus
1278 5340 1438 5395 supra
1484 5326 1735 5387 diximus,

150 5418 306 5474 duali
349 5432 574 5471 numero
622 5418 989 5481 continentur,
1058 5420 1147 5487 qui
1199 5418 1396 5472 scindit
1455 5420 1737 5483 unitatem,

148 5520 214 5565 et
258 5511 311 5562 in
352 5508 599 5562 secunda:
636 5508 737 5562 diei
770 5523 996 5562 numero
1029 5524 1133 5561 non
1183 5508 1393 5563 videtur
1420 5524 1447 5561 a
1495 5508 1738 5573 Domino,

149 5604 313 5671 juxta
362 5597 679 5653 Hebraieam
721 5600 1022 5654 veritatem.
1072 5600 1220 5656 Unde
1273 5610 1328 5654 et
1372 5589 1423 5654 in
1461 5617 1587 5656 arca
1633 5602 1744 5657 Noe

152 5692 290 5746 loina
329 5699 384 5744 et
423 5691 547 5743 bina
583 5686 996 5745 introducantur
1036 5691 1306 5745 immunda
1360 5690 1377 5761 (
1416 5688 1543 5746 Cen.
1594 5708 1663 5745 vn
1700 5692 1740 5763 ).

154 5784 425 5841 Euntibus
450 5783 757 5837 seissioncm
790 5784 838 5837 in
874 5802 1031 5837 usmm
1060 5800 1085 5837 ιε
1106 5795 1357 5843 ructans.
1390 5784 1509 5837 fecit
1538 5794 1743 5836 utrtnn-

1816 3316 2202 3395 interpretatur
2236 3318 2389 3371 ruina
2420 3318 2718 3373 declinans.
2751 3320 2816 3374 Et
2840 3330 2924 3375 est
2946 3322 3085 3377 ﬁlius
3115 3324 3402 3379 structoris

1816 3408 1928 3464 sive
1968 3408 2326 3465 cmmentdrii.
2383 3411 2448 3467 Et
2485 3413 2619 3465 alter
2669 3413 2971 3483 principum
3034 3425 3282 3469 servatur
3323 3416 3403 3471 in—

1816 3500 2069 3565 columis,
2105 3500 2361 3581 _Jezonias
2406 3501 2545 3557 ﬁlius
2589 3502 2746 3557 Azur.
2790 3502 3038 3560 Jezonias
3088 3520 3239 3557 aures
3290 3505 3403 3573 ejus

1818 3600 1991 3657 sonat,
2052 3594 2193 3663 quod
2256 3592 2573 3647 subauditur
2634 3594 2844 3659 animae.
2908 3593 3055 3648 Azur
3120 3609 3246 3649 vero
3298 3594 3403 3661 {nl-

1820 3698 1965 3734 crum
2031 3683 2145 3737 sive
2199 3682 2527 3750 adjutorium
2598 3684 3004 3752 interpretatur.
3058 3684 3159 3750 Qui
3238 3685 3403 3754 igitur

1820 3775 2111 3833 cadendoa
2157 3762 2385 3830 Domino
2438 3775 2757 3833 (ίυειιιιίιιηιι-
2786 3790 2840 3829 et
2867 3785 2982 3831 erat
3030 3776 3399 3831 acdiﬁcatiouis

1820 3868 2085 3937 pessimae,
2145 3878 2289 3940 recte
2334 3870 2500 3933 cadit,
2557 3870 2911 3938 prophetante
2966 3883 3029 3923 eo
3068 3884 3227 3937 quem
3277 3882 3403 3923 con-

1820 3960 2039 4037 fortavit
2088 3961 2397 4026 Dominus,
2442 3962 2533 4029 qui
2569 3970 2746 4019 autent
2794 3961 3078 4029 praeceptis
3122 3959 3403 4025 obediebat

1823 4050 1936 4115 Dei,
1984 4062 2039 4105 et
2066 4050 2207 4104 illius
2242 4052 2645 4112 sustentabatur
2688 4058 2753 4109 ac
2810 4049 3130 4105 iniciebatur
3179 4049 3402 4111 auxilio,

1822 4148 1966 4194 recte
2024 4139 2078 4191 in
2157 4137 2381 4211 imperio
2454 4137 2632 4207 populi
2698 4148 2991 4205 permanet.
3050 4138 3299 4209 Legimus
3351 4139 3403 4191 in

1826 4229 2011 4284 Exodo
2042 4227 2257 4299 (Exod.
2294 4245 2330 4290 ιι
2376 4227 2637 4298 )mortuo
2690 4228 2969 4284 Pharaone
3018 4245 3141 4297 rege
3186 4219 3404 4301 Egypti

1826 4322 2151 4391 ingemuisse
2209 4320 2347 4375 ﬁlios
2389 4319 2574 4384 Israel,
2620 4322 2685 4376 ab
2725 4322 2975 4389 operibus
3014 4322 3303 4391 palearum.
3342 4336 3404 4375 ac

1826 4412 2032 4475 lateris,
2062 4420 2115 4466 et
2155 4411 2418 4466 (‘lantaSSe
2448 4413 2512 4464 ad
2546 4412 2849 4476 Dominum,
2889 4426 3048 4481 quem
3080 4412 3170 4465 illo
3196 4412 3407 4466 vivente

1830 4502 2117 4557 inclaruere
2145 4518 2250 4557 non
2288 4510 2552 4569 poterant.
2604 4502 2764 4556 Isaias
2793 4516 3007 4570 quoque
3041 4510 3254 4555 mortuo
3279 4500 3409 4557 Ozia

1837 4607 1961 4663 rege
1984 4591 2228 4661 leproso:
2260 4613 2277 4644 ς
2302 4591 2419 4646 Vidi
2458 4592 2741 4646 Dominum
2768 4592 3037 4646 sedentem
3066 4606 3225 4659 super
3258 4592 3408 4644 thro.

1837 4697 1965 4736 num
2021 4680 2292 4735 excelsum
2348 4690 2399 4736 et
2449 4682 2738 4745 elevatum,
2790 4690 2843 4735 et
2893 4682 3169 4750 sciaphim
3212 4680 3409 4734 stantia

1834 4772 1976 4827 circa
2005 4785 2124 4826 eum
2155 4771 2175 4841 (
2205 4770 2313 4825 Isa.
2351 4788 2402 4826 vi
2434 4772 2482 4843 ).
2524 4792 2543 4823 ι
2597 4771 3006 4840 lntelligensque
3051 4771 3323 4824 immunda
3353 4786 3410 4825 se

1832 4865 2033 4927 habere
2063 4865 2222 4932 labia,
2248 4875 2303 4921 et
2326 4868 2569 4921 habitare
2609 4869 2660 4920 in
2715 4866 2910 4936 populo
2963 4866 3237 4922 immunda
3272 4866 3408 4925 labia

1832 4954 2079 5021 habente,
2112 4965 2349 5011 meretur
2372 4964 2433 5010 ut
2458 4957 2522 5010 de
2549 4957 2703 5012 altari
2727 4958 2887 5013 carbo
2914 4958 3172 5019 mittatur,
3202 4965 3255 5010 et
3275 4956 3409 5009 labia

1840 5048 1958 5117 ejus
1981 5056 2171 5118 purget
2197 5046 2489 5102 immunda.
2526 5046 2621 5101 llic
2649 5055 2849 5111 autem,
2884 5047 3235 5115 prophetante
3259 5042 3405 5097 {orti-

1845 5139 2030 5193 tudine
2053 5138 2167 5201 Dei,
2198 5137 2467 5207 princeps,
2497 5138 2642 5205 quia
2675 5137 2880 5192 Domini
2913 5135 3276 5188 declinaverat
3302 5147 3414 5186 ser-

1842 5234 2032 5293 vitute,
2058 5231 2205 5287 cadit
2245 5239 2299 5285 ut
2332 5230 2633 5290 elevaretur
2660 5242 2687 5282 a
2716 5229 2947 5283 Christo.
2977 5226 3034 5281 Si
3066 5228 3207 5281 enim
3241 5240 3415 5279 resur-

1843 5323 2009 5377 rectio
2039 5321 2315 5393 Dominus,
2358 5320 2510 5381 ruina
2540 5320 2784 5377 diabolus
2807 5326 2910 5379 est,
2944 5318 2995 5372 in
3026 5332 3132 5386 quo
3155 5314 3415 5385 quamitur
3486 5382 3493 5389 κ

1848 5392 2115 5480 quomOdo
2144 5412 2208 5466 de
2253 5410 2533 5466 Salvatore
2563 5412 2799 5469 dicatur:
2839 5428 2857 5460 ι
2912 5410 3051 5463 Ecce
3094 5407 3181 5461 hic
3208 5405 3416 5475 positus
3492 5392 3499 5401 “

1848 5514 1933 5556 est
1964 5503 2015 5555 in
2055 5503 2263 5556 ruinam
2302 5488 2355 5556 et
2388 5502 2835 5556 resurrectionem
2868 5500 3159 5553 multorum
3184 5497 3235 5550 in
3264 5494 3410 5548 lsrae

1850 5590 2017 5662 (Luc.
2055 5608 2090 5647 ιι
2124 5592 2159 5660 ).
2201 5612 2217 5641 ι
2255 5592 2309 5645 ln
2342 5594 2549 5647 ruinam
2576 5608 2784 5658 eorum,
2810 5596 2899 5661 qui
2931 5592 3143 5645 stabant
3164 5586 3412 5656 pessime,

1850 5694 1902 5736 et
1933 5684 2380 5737 resurrectionem
2413 5700 2596 5739 eorum
2622 5685 2710 5752 qui
2735 5685 3055 5737 ceciderant.
3104 5675 3253 5743 Quod
3293 5688 3416 5729 cum

1854 5774 2118 5847 Propheta
2150 5776 2196 5829 vi
2224 5760 2386 5835 'issct.
2420 5776 2607 5831 cecidit
2652 5778 2701 5831 in
2738 5774 2924 5835 faciem
2962 5786 3110 5825 suam
3150 5785 3252 5824 non
3296 5782 3419 5836 βοοκ
