3948 6368
510 443 615 503 (ἱιῦ

1152 440 1211 495 Β.
1254 437 1502 495 RADANI
1544 433 1761 494 MAURI
1800 431 2123 488 ARCHIEP.
2168 429 2478 483 MOGUNT.
2522 410 2807 483 OPERUM
2846 424 3024 479 PARS
3062 425 3121 478 ll.

3692 418 3801 471 (iit

509 558 688 618 cautis
748 553 962 620 merito,
1030 552 1125 608 sed
1184 550 1490 623 plangentis
1555 546 1772 602 affectu.
1839 544 1907 599 Et
1970 558 2102 598 voce
2132 546 2177 603 Α
2214 560 2231 591 ι
2277 550 2330 597 et
2377 537 2810 593 abominationes
2840 551 2968 591 suas
3006 531 3247 593 ambulat
3283 574 3293 584 .
3331 532 3523 585 borum
3557 530 3702 584 viam
3746 528 3804 582 in

512 666 730 725 magna,
761 664 878 718 qua:
918 647 986 702 de
1024 630 1363 719 maguo‘fldei
1392 644 1583 698 ardore
1609 639 1883 703 veniebat,
1936 638 2101 692 tertio

511 741 767 800 clamavit
788 750 841 795 et
870 738 1035 792 dixit:
1060 754 1077 787 ι
1101 735 1236 800 Heu,
1255 736 1383 808 heu,
1400 734 1524 798 heu,
1540 731 1766 786 Domine
1788 729 1950 791 Deus,
1976 741 2076 781 con
2092 757 2106 766 -

518 854 536 887 ι
575 831 992 889 summationem
1028 836 1080 882 tu
1126 826 1261 881 facis
1311 823 1668 894 reliquiarum
1719 818 1933 874 lsrael?
1970 837 1988 869 ι
2039 815 2107 870 Et

512 936 597 985 est
624 940 844 981 sensus:
893 922 1068 977 Etiam
1109 920 1239 991 ipsa:
1265 917 1502 988 reliquiae
1528 929 1648 986 quae
1680 926 1800 968 esse
1849 909 2113 964 videban-

515 1028 603 1073 tur
625 1018 678 1070 in
708 1014 905 1085 populo
934 1022 986 1067 te
1026 1012 1339 1081 indignante
1361 1005 1645 1063 delentur?

592 1128 610 1159 ‹
642 1108 707 1161 Ει
730 1105 929 1160 factum
951 1112 1035 1157 est
1063 1104 1286 1156 verbum
1309 1099 1519 1155 Domini
1544 1085 1609 1152 ad
1632 1112 1732 1162 me,
1762 1097 1948 1152 dicens
1971 1114 1983 1149 :
2008 1093 2111 1149 Fili

522 1222 540 1254 ‹
584 1200 838 1260 hominis,
873 1196 1071 1250 fratres
1102 1194 1195 1257 tui,
1224 1193 1419 1247 fratres
1444 1190 1542 1257 tui,
1570 1189 1669 1244 viri
1700 1188 1986 1260 propinqui
2012 1186 2109 1249 tui,

524 1312 541 1343 ι
589 1299 644 1346 et
667 1288 845 1344 omnis
885 1288 1075 1342 domus
1106 1285 1271 1340 lsrael
1316 1282 1587 1348 universi,
1623 1282 1817 1351 quibus
1860 1282 2117 1335 dixerunt

526 1402 545 1433 ι
595 1380 933 1436 habitatores
957 1376 1255 1433 Jerusalem
1288 1394 1301 1429 :
1332 1374 1514 1445 Longe
1540 1372 1777 1428 recedite
1800 1387 1829 1424 a
1854 1370 2081 1425 Domino
2098 1410 2113 1435 ,

525 1493 544 1525 r
599 1472 753 1527 nobis
792 1470 918 1525 data
951 1478 1035 1525 est
1092 1477 1236 1537 terra
1277 1468 1331 1521 in
1370 1465 1790 1539 possessionem.
1822 1461 2117 1531 Propterea

528 1584 544 1613 ι
584 1566 699 1619 hate
730 1562 860 1618 dicit
894 1561 1155 1617 Dominus
1195 1559 1359 1622 Deus,
1394 1557 1520 1628 quia
1564 1556 1721 1627 longe
1769 1554 1876 1610 feci
1921 1571 2018 1611 eos
2064 1555 2117 1609 in

528 1674 546 1705 r
604 1653 873 1723 gentibus,
907 1660 961 1706 et
986 1652 1110 1720 quia
1139 1647 1393 1717 dissipavi
1424 1660 1521 1702 eos
1548 1645 1604 1701 in
1658 1654 1885 1710 terram,
1916 1658 2012 1699 ero
2040 1644 2120 1698 eis

532 1763 549 1796 ι
590 1745 643 1798 in
703 1740 1197 1804 sanctificationem
1246 1736 1516 1804 modicam
1570 1735 1625 1789 in
1678 1735 1841 1790 terris
1889 1736 1955 1788 ad
1985 1748 2120 1803 quas

530 1854 547 1887 ι
600 1834 868 1887 venerint.
918 1850 935 1883 ›
996 1829 1192 1885 Factus
1216 1836 1300 1896 est
1342 1828 1505 1899 igitur
1552 1840 1731 1881 sermo
1782 1824 1997 1880 Domini
2053 1822 2121 1878 ad

2212 650 2228 682 ι
2276 632 2449 701 capite
2478 644 2575 683 suo
2600 643 2822 698 ponam,
2848 628 2980 682 dicit
3006 626 3268 683 Dominus
3294 625 3456 689 Deus,
3478 644 3497 677 ι
3531 634 3637 679 etc.

2276 721 2539 790 Loquitur
2572 734 2753 775 sermo
2795 720 3011 774 divinus
3036 719 3101 774 ad
3132 733 3246 781 eos,
3276 719 3371 789 qui
3394 717 3596 788 captivi
3640 724 3811 771 erant

2210 812 2262 865 in
2297 820 2445 867 terra
2476 809 2783 881 Babylonis,
2817 810 2883 863 ad
2914 808 3113 867 fratres
3156 809 3455 865 Ezechielis
3499 810 3811 879 proplieuc.

2208 912 2266 958 et
2288 904 2354 958 ad
2376 902 2706 974 propinquos
2729 901 2924 971 quibus
2950 900 3203 955 dixerunt
3231 901 3567 955 habitatores
3594 898 3765 953 lsrael
3796 918 3809 951 :

2209 991 2392 1061 Longe
2418 990 2722 1047 recessistis
2752 1006 2783 1044 a
2812 992 3064 1056 Domino,
3094 990 3250 1045 nobis
3276 992 3400 1045 data
3429 998 3514 1045 est
3554 1000 3704 1044 terra
3756 991 3815 1043 in

2211 1083 2632 1156 possessionem.
2661 1082 2928 1154 Loquitur
2949 1091 3132 1138 autem
3163 1083 3279 1139 htec
3313 1100 3434 1154 qua:
3464 1094 3774 1158 sequuntur
3800 1100 3813 1135 :

2218 1192 2237 1226 ‹
2271 1174 2623 1245 Congregabo
2661 1188 2759 1228 vos
2796 1172 2861 1228 de
2902 1172 3134 1244 populis,
3175 1181 3232 1227 et
3270 1173 3493 1228 reddam
3522 1172 3679 1226 vobis
3713 1180 3819 1224 ter-

2218 1280 2334 1318 ram
2382 1264 2565 1318 lsrael.
2598 1285 2617 1317 ι
2672 1264 2917 1333 Cumque
2963 1263 3193 1333 ingressi
3253 1262 3499 1327 fueritis,
3551 1259 3820 1315 auferetis

2218 1366 2411 1409 cuncta
2459 1354 2630 1419 idola,
2678 1364 2901 1425 propter
2942 1368 3063 1424 quae
3110 1352 3462 1408 offenderatis
3507 1352 3723 1432 Deum.’
3754 1352 3815 1405 Et

2220 1449 2358 1503 dabo
2397 1448 2552 1503 vobis
2587 1462 2681 1501 eor
2711 1462 2873 1501 unum
2914 1446 3143 1511 timoris,
3178 1453 3233 1500 et
3261 1445 3559 1499 servitutis.
3593 1443 3731 1507 Dei,
3765 1452 3824 1495 ut

2221 1551 2565 1606 nequaquam
2614 1536 2844 1591 diversis
2884 1536 3042 1591 idolis
3084 1534 3356 1597 serviatis,
3406 1533 3520 1587 sive
3558 1531 3820 1592 alterum,

2222 1644 2385 1700 quam
2429 1630 2581 1699 prius
2632 1627 2921 1692 habuistis,
2966 1637 3022 1681 et
3066 1626 3317 1696 spiritum
3351 1639 3549 1678 novum
3584 1623 3822 1676 tribuam

2224 1722 2279 1774 in
2305 1718 2604 1775 visceribus
2635 1719 2851 1781 vestris,
2875 1716 3031 1786 juxta
3059 1716 3190 1791 illud
3223 1717 3368 1787 quod
3394 1716 3659 1787 scriptum
3689 1726 3776 1769 est
3811 1736 3824 1767 ς

2229 1828 2248 1861 ι
2277 1809 2383 1865 Cor
2402 1809 2661 1873 mundum
2688 1822 2812 1872 crea
2838 1807 2892 1861 in
2924 1823 3027 1870 me,
3057 1806 3219 1871 Deus,
3252 1816 3307 1863 et
3332 1807 3582 1877 Spiritum
3616 1815 3828 1861 rectum

529 1924 796 1995 Ezechiel,
820 1924 910 1993 qui
934 1923 1176 1977 dixerat;
1207 1896 1523 1986 «Ηθιιξιιθῃ,
1547 1918 1672 1983 heu,
1705 1918 1929 1973 nomine
1958 1916 2120 1980 Deus,
2153 1922 2197 1980 Β
2227 1903 2421 1972 innova
2443 1902 2497 1956 in
2518 1900 2813 1971 visceribus
2836 1900 2970 1954 meis
2991 1896 3163 1971 (Psal.
3189 1898 3294 1968 1.).»
3324 1898 3391 1961 Et
3414 1897 3654 1952 auferam
3686 1915 3717 1949 a
3746 1912 3833 1949 vo-

529 2014 1047 2070 eonsummationem
1101 2020 1155 2066 tu
1193 2010 1328 2066 facis
1378 2010 1727 2081 reliquiarum
1756 2007 1966 2063 lsrael?
1998 2028 2015 2059 ι
2066 2008 2121 2061 in

534 2107 753 2162 f'heltite
797 2104 1048 2159 videlicet
1078 2112 1273 2165 morte,
1300 2109 1354 2156 et
1394 2088 1603 2165 eorum,
1653 2100 1745 2170 qui
1779 2115 1901 2155 cum
1950 2113 2015 2153 eo
2046 2098 2126 2152 in-

536 2200 748 2255 terfecti
776 2207 923 2263 sunt,
966 2197 1109 2267 quod
1145 2210 1485 2264 nequaquam
1515 2193 1619 2247 illae
1669 2201 1795 2248 sunt
1847 2190 2122 2260 rcliquim,

537 2308 673 2363 quas
712 2293 764 2345 in
800 2289 1101 2345 Jerusalem
1150 2286 1374 2357 putabat
1429 2283 1720 2357 Propheta,
1779 2281 1875 2345 sed
1915 2281 1991 2346 hi,
2038 2280 2130 2350 qui

539 2386 591 2439 in
621 2383 892 2453 Babylone
921 2380 1245 2434 videbantur
1272 2391 1390 2432 esse
1418 2376 1633 2444 captivi.
1687 2375 1754 2428 Et
1790 2382 1875 2428 est
1898 2387 2088 2427 sensus
2115 2388 2127 2424 :

542 2476 587 2533 0
615 2474 686 2528 fili
720 2472 972 2536 hominis,
1018 2470 1216 2525 fratres
1258 2468 1333 2522 tui
1387 2467 1455 2522 de
1498 2456 1688 2520 eadem
1739 2474 1915 2519 tecum
1965 2462 2133 2532 stirpe

550 2566 817 2642 generati,
844 2562 1065 2625 fratres,
1091 2562 1335 2629 inquam,
1374 2559 1447 2613 tui
1475 2557 1671 2628 quibus
1697 2556 1951 2611 dixerunt
1980 2553 2134 2608 babi-

544 2647 749 2714 tatores
784 2653 1082 2721 Jerusalem
1114 2667 1128 2706 :
1168 2651 1275 2705 Vos
1308 2648 1608 2705 recessrstis
1633 2664 1660 2701 a
1702 2646 1953 2710 Domino,
2008 2645 2133 2713 quia

545 2748 743 2818 captivi
768 2746 918 2808 estis,
945 2752 998 2797 et
1030 2758 1152 2797 cum
1192 2740 1453 2797 Jechonia
1480 2754 1574 2795 vos
1603 2738 1921 2801 tradidistis,
1981 2736 2137 2790 nobis

549 2844 730 2892 autem
759 2844 903 2889 terra
950 2832 1115 2887 lsrael
1152 2832 1277 2887 data
1305 2840 1388 2886 est
1435 2831 1489 2884 in
1537 2840 1800 2884 :eternam
1840 2828 2139 2898 possessio-

551 2945 694 2997 nem.
739 2927 833 2981 Dic
878 2941 1006 2996 ergo
1031 2924 1111 2978 eis
1150 2923 1293 2993 quod
1338 2922 1495 2992 longe
1544 2919 1765 2990 quidem
1792 2934 1886 2973 eos
1913 2908 2137 2987 fecerim

548 3036 578 3074 a
599 3028 741 3075 terra
762 3017 945 3080 lsrael,
969 3024 1023 3071 et
1046 3013 1390 3085 diSperserim
1414 3012 1467 3066 in
1498 3012 1768 3077 nationes,
1792 3010 1922 3066 etin
1946 3008 2141 3063 alienis

550 3110 710 3166 terris
770 3123 889 3163 esse
932 3105 1318 3176 praeceperim,
1360 3102 1453 3157 sed
1498 3101 1623 3171 quia
1669 3115 1801 3156 meae
1841 3098 2143 3155 obedierint

549 3201 774 3276 jussidni
802 3199 902 3255 sim
939 3198 1018 3253 eis
1038 3194 1246 3251 futurus
1272 3195 1435 3250 etiam
1459 3194 1511 3247 in
1529 3192 1851 3263 peregrinis,
1875 3200 1930 3245 et
1974 3190 2143 3251 hosti-

2228 1994 2311 2051 bis
2337 2011 2431 2051 cor
2459 1993 2750 2069 lapideum,
2782 1993 2834 2067 id
2858 2000 2963 2058 εει,
3006 2007 3106 2047 cor
3126 1992 3340 2057 durum,
3368 1990 3661 2045 secundum
3698 1989 3831 2043 illud

2228 2087 2372 2157 quod
2400 2072 2641 2156 loquitur
2669 2082 2981 2154 Stephanus
3006 2082 3216 2153 primus
3240 2091 3447 2152 martyr
3490 2080 3543 2133 in
3574 2080 3792 2134 Christo
3816 2098 3827 2131 :

2237 2198 2254 2231 ‹
2280 2179 2425 2234 Dura
2457 2176 2667 2233 cervice
2693 2184 2748 2231 et
2777 2172 3143 2231 incircumcisi
3175 2173 3335 2229 corde
3363 2173 3503 2243 (Act.
3532 2172 3651 2243 vn).
3708 2191 3727 2222 ι
3767 2170 3835 2223 Et

2244 2270 2536 2325 induratur
2559 2279 2655 2321 cor
2676 2263 2994 2323 Pharaonis,
3021 2277 3087 2315 ne
3108 2262 3344 2316 dimittat
3370 2260 3629 2339 populum
3649 2258 3815 2311 lsrael

2249 2364 2445 2431 (Exod.
2473 2361 2611 2431 vni).
2643 2378 2661 2410 ι
2691 2359 2758 2413 Et
2780 2357 2940 2424 dabo,
2967 2354 3166 2424 inquit,
3190 2353 3340 2408 vobis
3367 2369 3461 2409 cor
3491 2368 3810 2414 carneum,»

2236 2447 2478 2503 molle’et
2520 2459 2797 2512 tenerum,
2828 2457 2883 2500 et
2913 2443 3272 2516 quod‘possit
3315 2444 3407 2499 Dei
3443 2445 3698 2499 mandata
3749 2461 3831 2496 su-

2236 2541 2465 2610 scipere,
2508 2547 2565 2592 ut
2613 2539 2925 2593 scribantur
2966 2537 3018 2590 in
3055 2536 3253 2591 tabulis
3280 2537 3463 2591 cordis
3486 2535 3833 2599 carnalibus;

2238 2632 2438 2686 idcirco
2482 2638 2661 2684 autem
2710 2629 2869 2683 datur
2908 2643 3003 2683 cor
3033 2627 3213 2694 molle,
3246 2639 3301 2681 et
3332 2626 3577 2683 aufertur
3613 2644 3709 2681 cor
3743 2628 3834 2681 du-

2241 2738 2395 2791 rum,
2442 2731 2501 2776 ut
2548 2722 2601 2777 in
2649 2721 2933 2800 prmccptis
2978 2720 3115 2787 meis
3169 2718 3481 2784 ambulent,
3518 2721 3836 2788 pidieiaque

2239 2814 2570 2877 custoliant,
2614 2822 2668 2867 et
2707 2813 2817 2867 sint
2849 2813 2901 2865 in
2945 2812 3145 2883 populo
3173 2811 3291 2876 Dei,
3336 2808 3704 2880 Dominusque
3746 2812 3837 2880 qui

2239 2907 2389 2976 prius
2437 2904 2612 2963 fuerat
2657 2906 3023 2970 adversarius,
3064 2906 3135 2960 sit
3173 2905 3252 2960 eis
3280 2905 3332 2959 in
3374 2904 3566 2959 Deum.
3602 2904 3703 2971 Qui
3746 2922 3839 2958 au-

2244 3004 2349 3051 tetn
2378 3012 2718 3067 nequaquam
2750 2997 3067 3066 paenitentia
3097 2997 3274 3067 priora
3318 3008 3543 3066 peccata
3585 3013 3846 3058 correxe-

2246 3088 2370 3149 rint,
2398 3089 2492 3142 sed
2521 3086 2917 3141 ambulaverint
2951 3097 3071 3159 post
3108 3087 3547 3142 abominationcs
3576 3102 3725 3150 suas,
3759 3104 3851 3141 re-

2249 3179 2501 3245 tribuam,
2538 3178 2634 3244 ait,
2667 3178 2767 3245 eis,
2796 3182 2938 3249 quod
2976 3176 3273 3244 merentur,
3304 3187 3362 3232 ut
3389 3178 3489 3233 vite
3530 3194 3715 3233 eorum
3750 3194 3842 3247 po.

554 3267 692 3347 libus
724 3291 856 3345 locis
881 3290 931 3342 in
955 3282 1705 3358 parvamjsanctiftcationem,
1735 3282 1863 3337 dum
1895 3281 2139 3352 plerique
2167 3279 2210 3338 ί]
2245 3278 2443 3349 nantur
2488 3270 2756 3341 capitibus
2808 3284 3014 3323 eorum.
3062 3267 3187 3323 Haec
3231 3269 3331 3323 sub
3379 3267 3676 3322 Zorobabcl
3730 3267 3841 3321 ﬁlio

556 3381 900 3436 inveniantur
922 3392 987 3430 ex
1018 3376 1119 3439 eis,
1147 3375 1239 3446 qui
1267 3372 1581 3428 idololatriae
1615 3386 1957 3443 nequaquam
2002 3371 2141 3427 colla

553 3471 907 3534 submittant,
956 3466 1050 3522 sed
1104 3478 1374 3519 memores
1425 3464 1535 3519 sint
1583 3463 1962 3533 mandatorum
2015 3462 2142 3528 Dei,

557 3562 699 3615 sicut
736 3559 954 3613 fuerunt
994 3555 1182 3611 Daniel
1208 3564 1264 3611 et
1304 3567 1415 3611 tres
1450 3555 1603 3626 pueri
1629 3564 1683 3610 et
1708 3564 1934 3610 ceteros
1977 3554 2145 3613 fuisse

557 3650 883 3706 credendum
926 3657 1040 3713 est,
1075 3648 1129 3701 in
1174 3646 1581 3701 similitudinem
1627 3654 1898 3700 tantorum
1946 3648 2147 3716 princi-

562 3758 707 3813 pum,
738 3756 874 3811 quos
900 3739 1184 3811 Scriptura
1227 3754 1370 3793 nunc
1399 3746 1806 3793 commemorat.
1835 3737 1912 3790 Ex
1951 3738 2149 3806 quibus

562 3832 826 3886 universis
867 3830 1127 3884 discimus
1168 3842 1274 3883 non
1321 3841 1442 3882 esse
1504 3826 1868 3881 insultantium
1914 3826 1998 3880 his
2053 3825 2145 3895 qui

564 3922 657 3976 Dei
683 3919 887 3991 judicio
930 3918 1104 3989 poenis
1152 3916 1334 3971 traditi
1379 3924 1529 3981 sunt,
1568 3931 1669 3970 nec
1710 3915 2148 3987 exprobrantium

568 4012 772 4066 homini
820 4022 1083 4064 converso
1108 4022 1138 4061 a
1178 4007 1415 4077 peccatis
1459 4006 1589 4068 suis,
1621 4021 1722 4060 nec
1746 3996 2152 4074 ‘pcenitentibus

564 4110 620 4156 et
655 4100 892 4171 egressis
924 4099 989 4153 de
1031 4096 1273 4153 Ecclesia
1316 4094 1606 4165 aliquando
1645 4096 1955 4161 dicendum,
1994 4095 2152 4166 longe

566 4189 865 4261 recessistis
902 4204 932 4241 a
978 4188 1225 4253 Domino,
1274 4186 1429 4240 nobis
1465 4185 1590 4239 data
1625 4194 1709 4241 est
1750 4193 1893 4241 terra
1944 4186 1996 4239 in
2030 4202 2155 4256 pos-

564 4280 859 4335 seSSionem
887 4318 902 4343 ,
947 4277 1071 4346 quia
1118 4278 1230 4331 Inec
1258 4277 1388 4331 dicit
1431 4276 1708 4341 Dominus,
1752 4276 1881 4331 licet
1923 4292 2017 4331 eos
2053 4293 2152 4347 pa—

567 4383 786 4439 rumper
815 4384 845 4420 a
877 4384 995 4421 mea
1034 4366 1275 4420 Ecclesia
1311 4366 1698 4435 separaverim,
1721 4375 1776 4419 et
1802 4366 1942 4421 inter
1968 4376 2155 4436 gentes

474 4470 484 4481 ‘
568 4457 943 4535 disperserim,
989 4464 1169 4511 tamen
1200 4470 1295 4510 ero
1322 4456 1403 4510 eis
1440 4456 1491 4509 in
1523 4454 2008 4510 sanctiﬁcationem
2040 4473 2155 4511 mo-

568 4548 781 4614 dicam,
832 4549 960 4607 dum
1008 4545 1356 4601 meminerint
1406 4553 1752 4615 peccatorum
1804 4561 2043 4601 suorum.
2091 4545 2156 4606 Et

2248 3359 2527 3425 Salatltiel,
2573 3368 2628 3413 et
2667 3358 2768 3413 sub
2794 3357 2921 3414 Jesu
2967 3357 3367 3414 lilioJoselecb
3414 3359 3694 3414 sacerdote
3727 3376 3838 3412 ma-

2246 3465 2373 3520 gno,
2402 3460 2456 3505 et
2495 3451 2594 3506 sub
2624 3451 2761 3504 Ezra
2804 3459 2859 3505 et
2904 3450 3125 3506 Neemia
3173 3450 3437 3507 accidisse
3466 3451 3628 3504 tribui
3665 3448 3836 3511 Judte,

2248 3555 2303 3597 et
2333 3545 2418 3599 bis
2446 3545 2538 3613 qui
2578 3559 2699 3598 cum
2734 3543 2819 3598 his
2852 3544 3053 3597 reversi
3081 3551 3228 3608 sunt,
3258 3542 3503 3613 plerique
3543 3543 3836 3609 instituant.

2252 3633 2591 3689 Habitatores
2656 3649 2869 3703 quoque
2918 3633 3259 3699 Jerusalem,
3307 3635 3397 3703 qui
3462 3637 3560 3689 sub
3615 3635 3837 3690 Sedec‘a

2253 3742 2376 3797 rege
2404 3725 2554 3787 Judze
2581 3726 2723 3795 capti
2752 3733 2896 3791 sunt,
2938 3725 3017 3778 vel
3048 3726 3139 3796 qui
3170 3724 3425 3797 fugerunt
3453 3740 3573 3780 cum
3606 3726 3838 3780 Jercmia

2252 3818 2305 3871 in
2332 3816 2627 3887 A‘lgyptum
2657 3818 2709 3869 in
2737 3830 2925 3870 omnes
2960 3824 3130 3869 terras
3171 3831 3291 3871 esse
3327 3816 3623 3887 dispersos,
3663 3826 3717 3872 et
3748 3833 3839 3871 ne-

2254 3922 2523 3977 quaquam
2549 3922 2799 3961 reversos
2851 3907 2901 3959 in
2940 3907 3129 3960 urbem
3174 3903 3510 3972 Jerusalem;
3553 3908 3710 3976 plena
3752 3924 3837 3960 au-

2255 4006 2362 4063 tem
2404 3997 2690 4051 conversio
2736 4011 2922 4051 eorum
2955 3997 3044 4066 qui
3084 3997 3283 4067 captivi
3313 4006 3472 4053 erant
3507 4010 3562 4052 et
3592 4000 3815 4067 reliquia

2255 4108 2375 4147 rum
2407 4092 2569 4147 lsrael
2606 4092 2922 4163 intelligitur
2963 4092 3016 4147 in
3058 4092 3295 4158 Christo,
3342 4095 3556 4163 quando
3598 4096 3840 4166 reliquia-

2255 4185 2416 4240 salva:
2447 4182 2603 4239 facta:
2631 4196 2775 4250 sunt,
2805 4194 2860 4239 et
2890 4200 2994 4237 una
3030 4185 3115 4240 die
3144 4185 3245 4239 tria
3277 4186 3443 4240 millia
3473 4187 3835 4249 crediderunt.

2259 4286 2314 4331 et
2339 4278 2537 4336 iterum
2560 4278 2797 4347 quinque
2835 4276 3022 4341 millia,
3047 4285 3101 4331 et
3135 4277 3249 4341 alii,
3277 4278 3342 4331 de
3376 4279 3573 4346 quibus
3608 4279 3831 4349 loquitur

2257 4366 2492 4422 Jacobus
2512 4368 2577 4422 ad
2605 4368 2906 4437 apostolum
2930 4368 3155 4423 Paulum
3174 4387 3193 4422 ς
3226 4369 3443 4434 «Vides,
3472 4368 3662 4433 frater,
3697 4382 3767 4422 ta;
3796 4386 3837 4423 1..

2258 4458 2423 4513 millia
2449 4458 2782 4515 credentium
2813 4458 3156 4515 Judteorum?
3182 4461 3237 4517 hi
3276 4476 3466 4523 omnes
3502 4463 3839 4517 minutatum

2258 4551 2391 4622 legis
2437 4560 2563 4606 sunt
2606 4549 2744 4623 (Act.
2772 4552 2910 4623 xxx),
2933 4571 2951 4604 ι
2986 4553 3091 4608 sed
3129 4560 3183 4608 et
3215 4553 3457 4623 quotidie
3495 4555 3710 4623 superbi
3746 4559 3839 4608 ιερ-

569 4639 661 4709 qui
713 4644 933 4709 propter
976 4636 1106 4691 vitia
1158 4644 1500 4691 recesserunt
1551 4636 1617 4690 de
1672 4643 1815 4690 terra
1860 4651 1978 4700 sua,
2028 4651 2155 4706 pro—
2184 4632 2233 4691 D
2261 4644 2519 4699 bitatores
2569 4642 2717 4698 urbis
2770 4639 3092 4709 Jerusalem,
3132 4650 3360 4715 quorum
3392 4659 3487 4698 cor
3518 4653 3637 4713 post
3677 4644 3842 4699 odeu—

572 4739 689 4798 pter
733 4725 1104 4798 paenitentiam
1151 4725 1221 4780 ad
1266 4726 1423 4780 sedes
1459 4723 1715 4795 pristinas
1772 4725 1953 4779 redire
2000 4724 2155 4780 festi-

572 4825 721 4872 nent.

649 4929 667 4961 ι
704 4910 997 4979 Propterea
1033 4907 1291 4977 loquere:
1325 4905 1450 4963 Haec
1498 4908 1629 4979 dicit
1680 4907 1939 4964 Dominus
1973 4927 1986 4963 :
2017 4908 2159 4964 Con-

582 5022 601 5056 ι
646 5004 879 5074 gregabo
912 5017 1007 5056 vos
1032 5002 1100 5055 de
1131 5000 1362 5071 populis,
1390 5009 1445 5053 et
1472 5000 1733 5055 adducam
1776 5016 1875 5056 vos
1905 5002 1971 5055 de
1998 5001 2159 5057 terris

582 5111 601 5143 ι
647 5094 699 5145 in
729 5091 922 5161 quibus
960 5089 1188 5160 dispersi
1233 5089 1395 5151 estis,
1444 5089 1689 5159 (taboque
1733 5090 1886 5145 vobis
1935 5092 2158 5145 humum

584 5204 600 5239 ς
650 5183 833 5238 Ιλνιιυι.
883 5184 949 5239 Et
982 5183 1525 5250 ingredienturilluc.
1568 5184 1635 5239 Et
1683 5184 1930 5239 auferent
1968 5202 2159 5241 omnes

586 5296 601 5326 ι
648 5275 991 5340 offensiones,
1034 5282 1363 5343 cunctasque
1388 5275 1817 5330 abominationes
1855 5276 1921 5331 de
1956 5276 2065 5329 illa.
2096 5276 2163 5329 Et

585 5388 601 5420 ι
648 5368 785 5424 dabo
810 5368 888 5422 eis
909 5384 1006 5423 cor
1031 5383 1219 5432 unum,
1254 5374 1310 5421 et
1338 5367 1585 5437 spiritum
1614 5383 1810 5423 novum
1844 5368 2077 5423 tribuam
2107 5369 2161 5423 in

587 5478 601 5507 ς
649 5457 946 5512 visceribus
993 5472 1199 5520 eorum,
1256 5465 1314 5511 et
1353 5456 1593 5511 auferam
1638 5472 1733 5513 cor
1782 5456 2050 5527 lapideum
2097 5458 2164 5512 de

588 5567 606 5605 ι
651 5564 815 5604 carne
848 5563 1059 5614 eorum,
1109 5556 1162 5602 ct
1192 5548 1329 5603 dabo
1354 5548 1434 5602 eis
1451 5562 1545 5602 cor
1566 5562 1849 5614 carneum,
1871 5549 2007 5603 utin
2030 5564 2168 5618 pne-

590 5659 604 5688 ι
650 5639 817 5707 eeptis
852 5638 983 5693 meis
1026 5637 1335 5702 ambulent,
1370 5646 1423 5692 et
1446 5637 1645 5708 judicia
1689 5653 1805 5694 mea
1834 5639 2162 5703 custodiant,

592 5749 606 5781 ι
654 5731 957 5800 faciantque
983 5746 1067 5794 ea,
1105 5739 1158 5783 et
1184 5729 1295 5782 sint
1319 5729 1448 5783 mihi
1478 5731 1531 5783 in
1556 5731 1833 5801 populum,
1859 5740 1913 5785 et
1939 5746 2038 5801 ego
2062 5732 2164 5785 sim

594 5840 608 5872 ι
655 5823 731 5889 eis
761 5824 812 5877 iu
840 5823 1027 5878 Deum.
1072 5820 1311 5889 Quorum
1345 5831 1525 5876 autem
1554 5836 1649 5878 cor
1682 5830 1805 5892 post
1843 5821 2163 5879 offendicula

2259 4733 2433 4789 dicula
2474 4742 2528 4787 et
2563 4732 2991 4787 abominationes
3032 4749 3159 4788 suas
3196 4734 3457 4798 ambulat,
3495 4733 3584 4788 Dei
3631 4750 3838 4789 meren-

2261 4834 2349 4891 tur
2394 4824 2686 4891 offensam,
2732 4834 2785 4880 et
2830 4825 2883 4880 hi
2922 4826 3013 4894 qui
3063 4824 3197 4881 foris
3242 4836 3418 4890 erant,
3461 4828 3643 4881 ablato
3684 4829 3838 4883 corde

2259 4919 2493 4989 lapideo,
2522 4928 2577 4973 et
2612 4927 2835 4989 accepto
2884 4920 3045 4974 corde
3074 4919 3413 4983 mollissimo,
3458 4936 3554 4989 per
3581 4922 3839 4991 pomiteno

2261 5014 2388 5067 tiam
2424 5024 2769 5068 revertuntur
2794 5014 2861 5069 ad
2891 5014 3200 5077 ecclesiam,
3224 5022 3277 5067 et
3305 5013 3583 5069 ambulant
3629 5015 3681 5069 iu
3712 5031 3838 5083 pra:-

2262 5109 2433 5175 cepiis
2468 5106 2698 5172 Domini,
2741 5109 3054 5179 judiciaque
3100 5106 3216 5175 ejus
3246 5107 3573 5169 custodiunt,
3608 5108 3836 5177 ﬁtt‘thtzc

2262 5196 2473 5260 Doinini
2507 5199 2754 5281 populus,
2782 5207 2836 5253 et
2863 5200 3120 5255 Dominus
3146 5215 3302 5269 quem
3335 5198 3486 5270 prius
3513 5199 3838 5253 olfenlermt

2264 5287 2323 5340 (lt
2351 5288 2430 5342 eis
2456 5288 2616 5344 Deus.

2342 5398 2360 5429 ι
2392 5378 2456 5432 Et
2481 5379 2826 5441 elevaverunt
2855 5383 3136 5438 cherubim
3166 5383 3280 5442 alas
3307 5399 3457 5450 suas,
3483 5394 3539 5440 et
3567 5394 3696 5442 rota:
3723 5401 3835 5440 cum

2273 5487 2290 5519 ι
2338 5469 2435 5523 eis.
2464 5470 2530 5523 Et
2556 5470 2724 5541 gloria
2755 5472 2846 5527 Dei
2874 5473 3039 5529 lsrael
3065 5484 3184 5531 erat
3212 5490 3375 5546 super
3401 5490 3485 5531 ea.
3515 5476 3582 5531 Et
3610 5463 3835 5531 ascetidt

2271 5579 2287 5609 ι
2335 5560 2502 5629 gloria
2545 5562 2756 5617 Domini
2800 5565 2866 5619 de
2895 5566 3074 5621 medio
3115 5567 3373 5631 civitatis,
3404 5568 3661 5637 stetitque
3689 5583 3836 5637 suprr

2272 5667 2291 5700 ι
2338 5663 2591 5715 montem,
2629 5656 2721 5723 qui
2765 5662 2849 5710 est
2896 5654 2963 5710 ad
3002 5658 3264 5711 orientem
3315 5656 3487 5712 urbis.
3519 5676 3538 5709 ι
3588 5658 3835 5713 Paulatim

2267 5739 2433 5810 gloria
2464 5734 2704 5797 Domini.
2731 5745 2930 5800 recedit
2982 5746 3047 5801 de
3089 5734 3410 5801 Jerusalem.
3450 5746 3693 5803 Primum
3722 5757 3817 5802 teni

2270 5829 2415 5899 plum
2458 5832 2732 5900 deserens,
2777 5844 2885 5892 stat
2928 5836 2981 5890 in
3033 5837 3172 5891 atrio
3213 5837 3293 5890 vel
3326 5837 3380 5891 in
3415 5838 3838 5903 limiae‘domus,
