3948 6344
465 420 570 477 647

1100 422 1161 476 Β.
1202 420 1455 484 RABANI
1495 421 1713 480 MAURI
1754 421 2070 485 AﬂClllEP.
2115 420 2427 480 MOGUNT.
2470 419 2756 479 OPERUM
2794 420 2972 478 PARS
3010 422 3072 478 ll.

3643 421 3743 478 548

465 532 979 615 Nabuchodonosor,
1009 533 1095 602 vel
1137 550 1203 591 ne
1235 546 1613 616 cognoscatur,
1644 537 1788 606 quod
1842 537 1955 606 ipse
1982 539 2052 592 sit
2082 545 2125 599 Α
2162 554 2179 587 ι
2213 537 2329 607 ejus
2358 546 2413 591 et
2437 537 2653 607 agmjna
2686 536 2829 613 illius
2850 537 3155 614 dispergam
3185 539 3236 592 in
3263 552 3481 593 omnem
3512 553 3747 608 ventum,

465 641 563 696 rex
614 634 672 683 et
717 623 889 693 major
932 610 1027 680 fiat
1064 640 1194 680 cura
1253 610 1609 682 se‘rvantinm.
1662 626 1923 705 Quodque
1976 644 2060 682 sc-

466 718 693 787 quitur:
728 734 745 767 ‹
799 715 867 770 Et
896 732 1003 771 non
1042 716 1253 771 videbis
1280 719 1501 783 terram,
1537 737 1554 769 ι
1593 712 1721 791 illud
1767 719 2056 791 significat,

462 807 607 879 quod
660 820 835 861 crocus
861 807 1056 861 ductus
1082 806 1153 860 sit
1196 806 1251 861 in
1301 806 1652 878 Babylonem,
1688 820 2059 878 eamquc‘non

463 899 681 954 viderit.
739 916 757 949 ι
789 897 926 965 Quia
970 896 1302 969 portentum,
1358 899 1551 968 inquit,
1573 900 1715 971 ,dedi
1777 910 1828 954 te
1874 901 2057 955 domui

460 988 645 1047 Israel.
687 1009 706 1041 ι
741 980 822 1043 ιη’
850 989 1063 1063 signum
1116 989 1259 1043 enim
1302 998 1357 1043 et
1407 990 1459 1043 in
1488 988 1715 1059 figuram
1764 994 2053 1062 propheta-

464 1096 583 1141 rum
621 1088 729 1133 tam
778 1079 918 1133 dicta
950 1093 1112 1149 quam
1150 1078 1286 1133 facta
1326 1088 1470 1133 sunt.
1523 1079 1673 1134 Unde
1702 1071 1755 1134 et
1778 1082 1829 1134 in
1859 1081 2058 1136 Zacha-

463 1171 543 1227 ria
572 1172 673 1240 viri
709 1171 1008 1242 portentosi
1033 1177 1319 1235 vocantur,
1354 1172 1479 1240 quia
1506 1168 1683 1236 futura
1708 1172 2050 1243 portendant.

467 1265 532 1328 Et
584 1265 636 1320 in
682 1265 821 1322 Osca
844 1266 1085 1337 loquitur
1111 1269 1253 1324 Deus
1283 1287 1294 1330 ;
1349 1288 1365 1331 ς
1402 1269 1458 1333 In
1487 1268 1736 1337 manibus
1763 1266 2055 1345 propheta-

464 1374 579 1413 rum
605 1375 723 1419 sum
757 1360 1087 1422 assimilatus
1124 1360 1267 1433 (Ose.
1311 1362 1429 1431 xu).
1465 1380 1481 1411 ι
1518 1359 1619 1426 Qui
1657 1370 1837 1414 autem
1868 1358 2054 1417 volunt

461 1451 515 1505 in
540 1450 1082 1520 Ezechielispersona
1104 1452 1379 1507 Christum
1404 1450 1647 1519 intelligi,
1677 1465 1800 1503 vasa
1827 1449 2051 1523 captivi-

464 1542 612 1605 tatis,
654 1541 951 1599 humanum
979 1558 1176 1611 corpus
1223 1543 1516 1613 accipiunt,
1548 1552 1601 1595 et
1630 1524 1927 1611 perfossum
1958 1556 2053 1610 pa-

462 1631 683 1696 rietem,
704 1647 816 1711 quo
840 1623 1172 1694 infernarum
1199 1632 1437 1707 claustra
1479 1630 1758 1703 perfregit,
1795 1640 1848 1685 et
1879 1645 2053 1686 resur-

459 1736 593 1794 gens
614 1738 646 1777 a
667 1712 795 1785 solis
822 1724 1167 1787 credentibus
1187 1726 1336 1780 visus
1356 1732 1460 1789 est,
1491 1734 1845 1795 portatusque
1873 1723 1925 1777 in
1955 1722 2052 1780 hu-

461 1817 650 1883 meris,
678 1817 894 1887 otianzlo
920 1832 1044 1873 cum
1072 1818 1333 1895 angelicis
1352 1817 1711 1889 potestatibus
1740 1820 1806 1879 ad
1846 1817 2045 1883 caelum

2170 647 2187 677 ι
2224 636 2278 680 et
2299 626 2536 696 gladium
2554 616 2855 698 evaginabo
2876 635 2999 701 post
3025 643 3138 681 eos.
3180 626 3247 682 Et
3287 628 3464 682 scient
3492 631 3614 697 quia
3651 646 3750 701 ego

2169 734 2187 767 ς
2222 714 2503 781 Dominus,
2530 715 2746 785 quando
2773 716 3082 786 dispersere
3140 716 3259 772 ill'os
3291 717 3345 772 in
3390 719 3665 788 gentibus,
3693 728 3750 774 et

2168 824 2185 857 ι
2220 807 2650 863 disseminavero
2688 807 2810 862 illos
2839 807 2892 862 in
2919 815 3113 862 terras.
3145 807 3212 862 Et
3228 808 3543 871 “relinquam
3580 825 3646 864 ex
3673 811 3753 865 eis

2165 917 2181 946 ι
2221 895 2365 951 viros
2385 911 2585 966 paucos
2606 913 2636 952 a
2661 896 2840 968 gladio
2857 906 2913 949 ct
2940 892 3080 951 fame
3093 906 3146 951 et
3165 898 3495 978 pestilentia,
3518 909 3577 952 ut
3599 915 3755 954 enar-

2164 1004 2182 1037 ι
2228 994 2350 1042 rent
2380 987 2560 1041 omnia
2592 986 2798 1042 scelera
2830 994 3015 1041 eorum
3041 988 3093 1042 in
3121 989 3369 1057 gentibus
3396 990 3462 1043 al
3495 1005 3628 1059 quas
3666 988 3754 1043 in-

2161 1092 2180 1125 ‹
2218 1075 2550 1145 gredientur.
2580 1075 2646 1135 Et
2672 1076 2845 1131 scient
2868 1076 2993 1145 quia
3017 1091 3116 1145 ego
3146 1062 3435 1154 Dominus.
3484 1097 3503 1131 ›
3548 1078 3750 1149 (men)

2155 1163 2398 1233 Primum
2427 1164 2761 1235 exponamus
2788 1166 3097 1237 historiamJ
3138 1167 3254 1230 Dic,
3297 1168 3490 1237 inquit,
3522 1170 3589 1222 ad
3631 1184 3748 1233 cos,

2154 1272 2186 1311 ο
2220 1255 2294 1310 ﬁli
2325 1252 2582 1320 hominis,
2632 1257 2722 1325 qui
2783 1256 2864 1310 vel
2894 1257 3249 1327 interrogant,
3280 1259 3367 1313 vel
3416 1276 3523 1313 non
3575 1262 3747 1313 inter—

2154 1354 2346 1418 rogant
2370 1360 2388 1400 ‘:
2422 1346 2560 1418 Quid
2604 1355 2659 1417 tu
2701 1346 2836 1401 facis
2865 1347 3017 1403 haec?
3036 1348 3179 1417 quod
3206 1364 3370 1418 super
3391 1348 3582 1403 ducem
3611 1364 3751 1403 onus

2155 1416 2317 1502 istud,
2349 1447 2405 1491 et
2456 1416 2594 1509 visio
2640 1416 2711 1492 ait
2742 1438 2816 1503 ei,
2846 1438 2940 1510 qui
2982 1416 3069 1493 est
3094 1439 3149 1492 in
3186 1416 3520 1513 Jerusalem,
3553 1439 3745 1493 ducem

2152 1526 2420 1597 significat
2437 1524 2737 1581 Sedeclam.
2758 1525 2824 1581 Et
2839 1514 2924 1581 dic
2939 1540 2982 1580 ει
2993 1526 3105 1597 Ego
3119 1521 3435 1599 portentum
3448 1533 3708 1590 vestrum,
3724 1548 3741 1577 ι

2151 1619 2287 1680 sive,
2311 1628 2368 1673 ut
2390 1616 2737 1693 Septuaginta
2766 1610 3179 1683 transtulErun‘t,
3200 1636 3217 1669 ‹
3247 1617 3359 1689 Ego
3380 1630 3477 1688 qui
3494 1625 3747 1689 portenta

2151 1708 2312 1779 facio,
2327 1727 2344 1759 ι
2364 1708 2422 1762 ut
2439 1724 2506 1763 ex
2531 1701 2884 1789 praesentibus
2909 1706 3086 1763 futura
3108 1718 3531 1780 cognoscantur.
3560 1726 3578 1758 ι
3608 1706 3749 1774 Quo-

2152 1799 2311 1854 modo
2336 1790 2459 1864 feci,
2484 1792 2689 1853 sic-fiet'
2704 1795 2831 1865 illis,
2856 1816 2873 1850 ι
2913 1797 3034 1853 duci
3063 1808 3116 1852 et
3145 1799 3353 1853 cunctis
3368 1798 3461 1868 qui
3490 1798 3544 1851 in
3574 1799 3745 1851 comi-

458 1882 709 1974 ascendit
750 1909 963 1987 victor.
997 1909 1065 1977 Et
1093 1882 1236 1986 quod
1273 1882 1622 1976 absconditus
1659 1910 1954 1981 egreditur,
1994 1916 2049 1964 et
2078 1885 2122 1945 Β
2154 1897 2290 1987 ιίηυ-
2313 1888 2467 1987 qu?“
2508 1896 2633 1987 59m
2667 1882 2764 1942 ii“
2820 1889 3348 1987 Eransmlﬁmllm'em
3371 1887 3629 1987 Pabylon
3653 1904 3743 1987 3}“

459 1999 603 2063 velat
639 1998 831 2059 faciem
867 2016 1041 2077 suam,
1072 2002 1224 2057 ne‘in
1251 2017 1417 2058 carne
1455 2002 1669 2073 mortali
1695 2002 1940 2078 videatur
1970 2002 2051 2057 di-

460 2090 584 2145 vina
631 2091 909 2171 majestas.
957 2092 1025 2146 Et
1051 2106 1156 2146 non
1188 2092 1336 2171 videt
1356 2101 1579 2171 terram,
1608 2107 1675 2149 ne
1697 2091 1881 2149 oculis
1908 2092 2051 2148 illius

458 2170 781 2246 illuStretur,
811 2196 932 2250 qua:
957 2180 1072 2250 ejus
1114 2198 1221 2238 non
1254 2169 1495 2259 meretur
1514 2190 1814 2252 aspectum.
1849 2201 1867 2234 ι
1896 2182 2053 2243 Oculi

456 2271 600 2329 enim
631 2270 843 2339 Domini
875 2272 1223 2347 superjustos
1249 2270 1422 2343 (Paul.
1464 2271 1683 2343 χχχιιι),
1720 2292 1737 2325 ι
1773 2280 1826 2328 et
1852 2272 2053 2328 avertit

458 2358 654 2418 facient
682 2376 834 2416 suam
866 2362 933 2416 ab
965 2349 1163 2431 impiis.
1188 2361 1313 2417 llaec
1344 2370 1542 2424 autem,
1571 2362 1841 2433 inquiunt,
1869 2364 2051 2420 omnia

456 2452 655 2509 fecisse
683 2438 957 2524 narrante,
986 2458 1049 2523 ιιι¹
1069 2467 1166 2524 per
1187 2452 1595 2531 similitudinem
1639 2453 1874 2510 hominis
1916 2454 2049 2521 dura

456 2544 525 2599 ad
554 2542 710 2608 ﬁdem
748 2542 1025 2607 lsraelitici
1054 2543 1236 2628 populi
1269 2544 1432 2607 corda
1474 2552 1831 2610 converteret,
1882 2552 1938 2605 et
1992 2546 2049 2601 in

456 2644 765 2709 portentum
811 2634 971 2695 datur
1026 2633 1209 2711 domui
1264 2632 1452 2699 Israel,
1501 2633 1668 2703 juxta
1718 2634 1849 2690 illud
1902 2637 2050 2705 quod

456 2726 714 2795 scriptum
743 2732 862 2780 est:
898 2744 915 2776 ‹
951 2724 1091 2789 Ecce
1136 2724 1225 2789 hic
1254 2725 1462 2795 positus
1494 2733 1577 2780 est
1606 2726 1659 2783 in
1693 2727 2050 2783 resurrectio-

457 2832 577 2871 nem
625 2825 679 2870 et
708 2816 760 2870 in
794 2806 1005 2871 ruinam
1040 2805 1357 2883 multorum,
1388 2825 1445 2889 et
1473 2818 1526 2880 in
1556 2818 1766 2889 signum
1800 2819 1886 2873 cui
1914 2832 2045 2888 con-

458 2908 774 2963 tradicetur.
806 2927 823 2959 ι

535 3016 553 3048 ι
592 2996 715 3052 Feci
748 3011 879 3067 ergo
907 2997 1047 3081 sicut
1076 3005 1406 3067 praceperat
1434 2996 1589 3063 mihi,
1615 3012 1742 3058 vasa
1771 3011 1888 3051 mea
1916 3011 2046 3081 ρι-ρ.

460 3108 477 3148 t
514 3089 626 3154 tuli,
654 3088 807 3159 quasi
836 3103 959 3144 vasa
988 3070 1276 3159 migrantis.
1289 3102 1387 3157 per
1408 3088 1572 3154 diem,
1595 3098 1650 3143 et
1675 3102 1897 3158 veSpere
1922 3070 2045 3158 per-

458 3198 477 3231 «
513 3179 619 3243 fodi
648 3177 776 3247 mihi
800 3178 1059 3249 parietem
1084 3192 1269 3245 manu.
1297 3176 1355 3239 In
1382 3178 1610 3249 caligine
1634 3192 1885 3245 egressus
1906 3194 2044 3241 sum,

2151 1979 2348 2049 captivi
2373 1979 2666 2055 ducentur;
2691 1997 2709 2028 ς
2730 1987 2787 2032 et
2809 1979 2914 2033 dux
2946 1979 3037 2049 qui
3066 1987 3149 2033 cst
3178 1979 3231 2033 in
3262 1979 3441 2034 medio
3463 1992 3653 2032 eorum
3683 1977 3742 2031 in

2151 2072 2393 2126 humeris
2418 2066 2788 2142 portabunt-,3-
2808 2071 2891 2126 vel
2910 2070 3298 2140 jumentorum,
3326 2068 3415 2125 vel
3434 2084 3625 2124 eorum
3646 2068 3741 2138 qui

2151 2175 2272 2216 cum
2297 2160 2636 2234 cofugerant
2659 2179 2677 2213 ι
2708 2157 2761 2217 ili
2785 2148 3014 2232 caligine
3040 2174 3090 2226 ι,
3109 2167 3166 2217 et
3190 2159 3243 2214 in
3266 2150 3445 2215 noctis
3459 2155 3699 2213 tenebris
3722 2173 3740 2221 ;

2158 2253 2530 2323 «egredietur,
2555 2268 2880 2322 murumque
2898 2248 3195 2307 'sufl'odient
3234 2270 3253 2303 ι
3283 2241 3576 2317 Sociiejus.
3617 2266 3635 2300 ι
3676 2256 3742 2302 ut

2153 2345 2386 2415 educant
2408 2359 2575 2414 eum;
2608 2343 2773 2397 facies
2801 2344 2917 2413 ejus
2949 2342 3236 2403 vehtbtitir,
3268 2361 3286 2393 ι
3324 2342 3403 2417 vel
3434 2340 3627 2395 timore
3654 2337 3741 2392 fu-

2152 2436 2350 2507 gientis
2386 2435 2467 2489 vel
2500 2435 2759 2489 excitatis
2804 2433 3020 2503 injuria,
3051 2444 3165 2487 «ut
3185 2442 3597 2497 Caecus-terram
3628 2445 3739 2487 non

2151 2527 2333 2581 videat
2365 2546 2384 2578 ι
2440 2525 2746 2597 Babylonis.
2792 2543 2808 2575 α
2853 2525 2919 2579 Ει
2968 2539 3067 2592 ego
3101 2524 3387 2580 extendam
3415 2530 3530 2576 rete
3557 2536 3736 2576 meum

2153 2633 2315 2687 super
2358 2617 2531 2681 illum,
2567 2626 2623 2672 et
2664 2618 2907 2686 capietur
2958 2616 3009 2669 in
3060 2630 3254 2685 sagena
3294 2628 3435 2669 mea.
3474 2632 3493 2666 ι
3531 2612 3740 2668 Conce-

2152 2710 2312 2765 dente
2360 2709 2589 2763 Dominc
2626 2710 2825 2780 quippe
2873 2723 2902 2762 a
2958 2707 3269 2779 Babyloniis
3302 2715 3497 2776 captus
3533 2713 3635 2760 est.
3668 2703 3739 2758 Et

2152 2804 2265 2857 hac
2308 2816 2429 2872 quae
2476 2802 2547 2855 ab
2587 2801 2831 2857 hostibus
2880 2815 3070 2871 passus
3118 2810 3202 2854 est
3258 2799 3390 2860 fieri.
3442 2813 3502 2853 se
3544 2798 3739 2853 fecisse

2150 2900 2401 2947 testatur.
2434 2890 2741 2961 Ductusque
2772 2890 3205 2962 inDabyloue‘nt,
3236 2891 3434 2943 terrain
3458 2887 3739 2943 Chaldde—

2152 2998 2270 3038 rutn
2298 2997 2402 3037 non
2444 2982 2675 3044 videbit,
2704 2983 2885 3052 ibique
2909 2983 3155 3051 captivus
3211 2982 3492 3035 morietur.
3532 2979 3739 3037 Omnes

2152 3081 2332 3129 autcm’
2356 3075 2531 3128 socios
2564 3071 2681 3141 ejus
2708 3076 2763 3125 et
2791 3072 3065 3141 adjutores
3093 3070 3148 3125 et
3170 3072 3396 3126 comites
3420 3073 3579 3141 l'ugzc,
3610 3067 3737 3142 cuin

2153 3167 2241 3220 ille
2290 3166 2452 3229 fuerit
2492 3154 2933 3235 comprehensus,
2968 3165 3072 3219 huc
3121 3164 3351 3233 illucque
3402 3164 3733 3234 dispergam,

459 3289 476 3331 ς
509 3279 560 3324 ct
588 3271 642 3334 in
658 3256 897 3335 humeris
915 3268 1229 3353 portatusin
1245 3267 1417 3323 oculis
1431 3283 1639 3327 eorum.
1678 3286 1697 3325 ι
1729 3268 1859 3335 Qua:
1885 3283 2042 3355 supra

2151 3273 2250 3325 nec
2290 3272 2514 3312 securos
2559 3245 2708 3310 obire
2748 3252 3081 3327 perm’iltam,
3113 3257 3204 3311 sed
3236 3256 3287 3309 in
3334 3246 3737 3335 manibus'hes-

448 3361 629 3432 jussus
653 3352 745 3425 est‘
790 3349 971 3425 facere
1024 3375 1185 3433 opere
1230 3373 1288 3414 se
1316 3358 1617 3431 complesse
1654 3366 1897 3433 testatur,
1944 3349 2045 3426 nec

450 3451 898 3523 interpretatione
952 3440 1163 3528 indiget.
1199 3448 1368 3529 juxta,
1404 3434 1687 3520 utramque
1708 3436 2040 3518 sententiam

451 3542 597 3613 quod
639 3557 801 3612 supra
847 3541 1151 3611 expositum
1180 3549 1284 3603 est.
1334 3539 1465 3595 illud
1517 3549 1698 3597 autem
1748 3541 2041 3597 notandum

452 3641 558 3697 est,
587 3632 727 3701 quod
775 3646 879 3686 uno
920 3638 1082 3699 atque
1112 3631 1302 3687 eodem
1334 3638 1576 3701 tempore
1620 3628 1885 3685 Jeremias
1918 3644 2041 3697 pro.

451 3714 784 3789 phetabatin
813 3706 1139 3786 Jerusalem,
1169 3728 1225 3791 et
1274 3720 1526 3775 Ezechiel
1570 3720 1621 3776 in
1668 3712 1939 3790 Babylone
1987 3727 2043 3774 et

451 3811 596 3866 illius
622 3811 902 3885 prephetia
943 3804 1258 3866 mittebatur
1284 3812 1348 3866 ad
1384 3811 1626 3882 captivos
1652 3826 1667 3874 ;
1703 3817 1759 3864 et
1788 3808 1944 3876 hujus
1972 3809 2039 3862 ad

450 3916 544 3957 eos
568 3903 657 3971 qui
688 3888 1001 3957 habitabant
1022 3901 1073 3956 in
1103 3899 1422 3964 Jerusalem,
1454 3908 1515 3954 ut
1539 3888 1698 3955 unius
1732 3900 1785 3954 in
1814 3899 2039 3953 diversis

451 3991 767 4062 regionibus
796 3990 890 4046 Dei
917 3990 1255 4059 providentia
1286 3997 1701 4051 monstraretur,
1731 3997 1786 4044 et.
1834 3988 2035 4042 intelli-

449 4090 642 4154 gerent
669 4080 949 4141 audientes
976 4095 1310 4149 quascunque
1333 4078 1652 4134 accidebant
1682 4077 1907 4149 populo,
1942 4092 2035 4149 ne-

446 4186 717 4245 quaquam
765 4169 1028 4224 idolorum
1076 4178 1364 4241 potestate,
1417 4168 1518 4224 sed
1541 4168 1757 4225 Domini
1794 4160 2055 4236 jtlssione'

448 4247 762 4335 consistere.

448 4346 456 4359 ’
524 4369 542 4419 ς
574 4351 635 4416 Et
662 4350 839 4405 factus
886 4358 971 4407 est
993 4364 1171 4406 sermo
1218 4349 1431 4405 Domini
1466 4349 1532 4403 ad
1562 4363 1647 4403 me
1686 4347 1869 4404 dicens
1896 4366 1909 4401 :
1934 4347 2035 4413 Fili

453 4458 472 4509 ᾳ
513 4438 767 4509 hominis,
793 4438 1033 4508 nunquid
1060 4454 1165 4493 non
1185 4424 1447 4492 dixerunt
1469 4439 1537 4492 ad
1567 4446 1617 4497 te
1643 4435 2031 4500 domuslsrael,

2150 3348 2279 3401 lium
2312 3347 2605 3418 evaginabo
2629 3344 2863 3416 gladium
2916 3362 3114 3406 meum,
3152 3353 3209 3400 ut
3238 3346 3452 3416 quando
3502 3344 3734 3414 dispersi

2148 3438 2348 3493 fuerint
2396 3426 2448 3491 in
2490 3436 2758 3509 gentibus,
2793 3435 3092 3506 intelligant
3138 3435 3278 3505 quod
3312 3450 3413 3506 ego
3466 3436 3570 3490 sim
3622 3434 3734 3491 Bo—

2148 3531 2341 3591 minus,
2376 3538 2430 3583 et
2462 3542 2577 3582 inea
2618 3535 2811 3582 cuncta
2860 3526 3135 3582 voluntate
3162 3527 3270 3580 sint
3302 3524 3464 3579 facta.
3498 3543 3516 3575 ι
3552 3524 3619 3579 Et
3649 3535 3735 3578 rc-

2143 3620 2409 3690 linquam,
2461 3620 2656 3687 inquit,
2700 3635 2765 3672 ex
2817 3617 2978 3673 sociis
3014 3637 3033 3670 ι
3074 3618 3162 3687 qui
3196 3632 3317 3672 cum
3353 3631 3418 3670 eo
3469 3615 3731 3687 fugerint,

2142 3719 2197 3765 et
2230 3711 2321 3779 qui
2347 3710 2579 3764 evadere
2612 3710 2887 3779 potuerint
2923 3727 2939 3758 ι
2966 3723 3195 3778 paucos,
3234 3726 3252 3759 ι
3286 3708 3376 3777 qui
3409 3706 3643 3779 gladium
3673 3716 3735 3777 et

2142 3801 2337 3855 famem
2367 3808 2420 3853 et
2466 3799 2829 3870 pestilentiam
2880 3799 3174 3863 evaserint,
3206 3808 3263 3852 ut
3311 3813 3434 3852 cum
3487 3799 3567 3852 vel
3602 3798 3730 3869 fuga

2140 3893 2225 3948 vel
2279 3893 2619 3961 captivitate,
2672 3892 2738 3946 ad
2789 3891 3031 3946 diversas
3065 3892 3413 3961 pervenerint
3454 3884 3729 3961 regiones,

2140 3995 2359 4041 narrent
2388 3986 2570 4040 omnia
2598 3984 2802 4040 scelera
2830 3998 2927 4038 sua
2954 3983 3036 4037 vel
3058 3992 3308 4039 sermone
3335 3983 3415 4058 vel
3448 3970 3728 4053 exempld;

2136 4084 2357 4148 propter
2382 4091 2501 4143 quae
2567 4082 2715 4128 tanta
2764 4073 3066 4135 meruerint
3114 4072 3277 4141 mala,
3324 4080 3379 4127 et
3424 4065 3733 4141 intelligant

2136 4171 2279 4241 quod
2305 4170 2418 4239 ipse
2443 4168 2545 4225 sim
2574 4168 2733 4221 Deus.

2212 4276 2231 4310 ι
2262 4244 2335 4312 Et~
2374 4256 2549 4311 factus
2583 4260 2665 4311 e'st
2689 4272 2868 4311 sermo
2896 4256 3107 4321 Domini
3136 4255 3201 4309 ad
3232 4271 3316 4311 me
3358 4256 3545 4310 dicens
3572 4274 3584 4309 :
3624 4255 3727 4311 Pili

2143 4368 2161 4400 ι
2195 4344 2445 4413 hominis,
2478 4362 2670 4420 panem
2701 4356 2847 4401 tuum
2875 4348 2925 4400 in
2959 4348 3369 4409 conturbatiohc
3399 4350 3641 4411 comede,
3670 4355 3731 4401 et

2142 4459 2159 4491 ι
2195 4454 2387 4511 aquam
2423 4442 2567 4492 tu'ani
2607 4438 2661 4492 i'n
2710 4436 3051 4506 festinatione
3094 4444 3148 4491 et
3186 4446 3416 4494 Inmrore
3461 4437 3608 4501 bibe,
3670 4445 3727 4490 et

452 4530 469 4622 ξ
505 4520 699 4584 donius
719 4534 1077 4607 esasperans:
1112 4528 1249 4599 Quid
1278 4540 1334 4585 tu
1364 4527 1531 4591 facis?
1555 4526 1679 4601 Haec
1701 4527 1828 4583 dicit
1853 4528 2035 4583 Doml-
2143 4551 2161 4583 ι
2203 4532 2290 4587 die
2335 4532 2402 4585 ad
2433 4529 2684 4631 pepulitm
2716 4533 2873 4595 terra:
2898 4546 2920 4594 ε,
2954 4522 3251 4611 Haec‘dicit
3280 4528 3529 4584 dominus
3572 4528 3726 4583 Deus

450 4610 469 4672 ἱ
508 4636 607 4675 nus
626 4620 806 4685 Deus:
841 4618 897 4673 Si
940 4627 1012 4681 te,
1039 4619 1232 4688 inquit,
1259 4616 1881 4689 interrogaveiitdomus
1903 4631 2030 4672 exa-
2059 4615 2112 4694 D_
2139 4644 2157 4675 (
2193 4626 2260 4679 ad
2307 4638 2402 4678 eos
2436 4610 2559 4697 ξ’ῳιί
2603 4620 2850 4685 habitant
2891 4618 3189 4675 Jerusalem
3240 4621 3291 4674 in
3338 4618 3494 4675 terra
3533 4621 3721 4691 Israel,

447 4704 468 4768 ἱ
508 4726 754 4792 sperans,
780 4706 948 4786 quare
975 4712 1075 4777 ista
1103 4708 1257 4773 facis,
1284 4710 1369 4763 dic
1396 4710 1463 4763 ad
1491 4723 1603 4764 eos.
1622 4706 1747 4763 Hinc
1776 4706 2029 4763 dicitDo-

451 4818 471 4852 ‹
508 4800 685 4867 minus
707 4800 851 4885 Deus
888 4818 901 4866 ;
932 4793 1108 4881 Super
1130 4798 1427 4870 principem
1454 4815 1589 4854 onus
1625 4797 1790 4863 istud,
1822 4799 1913 4867 qui
1946 4806 2030 4853 est

449 4893 558 4950 71in
594 4890 920 4971 Jerusalem,
982 4899 1039 4947 et
1096 4904 1259 4961 super
1320 4905 1536 4946 omnem
1586 4891 1806 4946 domum
1865 4889 2027 4945 lsrael

448 5000 467 5037 α
504 4967 623 5051 qua;
651 4990 735 5037 est
760 4967 814 5037 in
857 4982 1037 5055 medio
1061 4994 1272 5038 comm.
1303 4983 1398 5038 Dic
1424 5001 1435 5035 ε
1462 4981 1575 5053 Ego
1592 4989 1904 5053 portentum
1938 4997 2029 5036 ve-

448 5093 467 5125 (
507 5084 709 5140 strum;
737 5073 1007 5156 quomodo
1048 5072 1172 5151 feci,
1208 5073 1288 5129 sic
1312 5073 1562 5141 fletillis,
1591 5076 1644 5128 in
1670 5067 2026 5153 transmigra-

448 5186 467 5218 ‹
509 5166 707 5231 tionem
730 5156 798 5219 et'
813 5164 1183 5235 captivitatem
1209 5165 1381 5237 ibunt.
1410 5164 1664 5235 Princeps
1692 5175 1894 5229 autem,
1935 5162 2025 5233 qui

449 5274 467 5305 ι
505 5264 587 5308 est
609 5255 663 5317 in
695 5244 1098 5317 medio'eorum,
1127 5254 1180 5312 in
1211 5253 1449 5307 humeris
1473 5252 1868 5326 portabitur.ln
1892 5246 2024 5307 cali-

450 5364 469 5397 ι
501 5348 623 5417 gine
655 5347 964 5417 egredietur
999 5366 1011 5399 :
1047 5346 1309 5416 parietem
1340 5346 1663 5416 perfodiant,
1693 5355 1753 5401 ut
1793 5338 2024 5401 educant

451 5454 469 5487 ε
504 5451 657 5501 eum;
686 5434 849 5489 facies
876 5430 989 5504 ejus
1010 5422 1300 5507 operiatur,
1320 5442 1378 5490 ut
1398 5452 1503 5492 non
1527 5438 1706 5505 videat
1734 5436 1904 5492 oculis
1922 5444 2026 5490 ιρις

451 5546 470 5579 ε
509 5541 643 5581 ram.
663 5526 727 5580 Et
748 5525 1035 5580 extendam
1059 5535 1171 5582 rete
1192 5541 1370 5582 meum
1398 5542 1558 5597 super
1580 5526 1747 5590 illum,
1770 5535 1824 5581 et
1844 5526 2020 5596 capie-

451 5639 469 5671 ι
509 5627 596 5673 tur
625 5618 678 5673 in
704 5632 900 5688 sagena
924 5631 1040 5672 mea
1060 5657 1075 5682 ,
1106 5626 1162 5672 et
1186 5618 1449 5674 adducam
1473 5633 1594 5673 eum
1617 5620 1669 5673 in
1695 5617 2020 5689 Babylonem

450 5729 469 5761 ο
500 5708 555 5764 in
584 5716 782 5762 terram
803 5705 1199 5773 Chaldzeorum,
1220 5718 1274 5764 et
1294 5710 1463 5779 ipsam
1483 5725 1587 5781 non
1606 5710 1823 5776 videbit,
1843 5708 2025 5778 ibique

452 5816 474 5854 ι
506 5792 784 5859 morietur.
811 5803 874 5857 Et
904 5818 1091 5860 omnes
1112 5803 1203 5874 qui
1227 5802 1370 5858 circa
1399 5818 1520 5859 eum
1547 5813 1690 5870 sunt,
1715 5802 2021 5874 pncsidium

2143 4724 2159 4766 ά
2195 4712 2396 4769 Panem
2424 4728 2579 4767 suum
2612 4712 2665 4765 in
2686 4711 3048 4766 sollicitudine
3084 4711 3395 4773 comedent,
3416 4719 3472 4764 et
3518 4721 3721 4788 aquam

2141 4828 2157 4857 ι
2190 4820 2341 4860 suam
2367 4805 2419 4857 in
2448 4802 2780 4858 desolatione
2809 4804 3021 4868 bibent,
3064 4810 3122 4855 ut
3161 4801 3433 4855 de‘soletur
3486 4812 3633 4855 terra
3684 4813 3721 4858 ‘a

2140 4912 2158 4949 ι
2198 4892 2539 4959 multitudine
2561 4905 2678 4956 sua,
2718 4899 2940 4961 propter
2984 4890 3321 4965 iniquitatem
3355 4892 3595 4945 onmium
3626 4894 3723 4964 qui

2140 5004 2156 5035 ι
2192 4983 2439 5037 habitant
2480 4982 2531 5034 in
2560 4996 2625 5035 ea
2650 5000 2661 5034 :
2689 4992 2746 5036 et
2786 4981 3181 5062 civitatesque
3211 4995 3354 5035 nunc
3375 4981 3718 5047 habitantur,

2139 5093 2155 5125 ι
2190 5072 2445 5128 desolatze
2498 5080 2677 5138 erunt,
2727 5082 2978 5143 terraque
3008 5072 3240 5130 deserta.
3285 5072 3353 5126 Et
3378 5073 3562 5129 scietis
3588 5076 3715 5146 quia

2134 5187 2153 5219 ι
2189 5182 2288 5238 ego
2338 5166 2617 5230 Dominus,
2652 5174 2757 5221 etc.
2807 5187 2824 5217 ι
2860 5165 2989 5220 Post
3025 5167 3295 5236 principis
3333 5175 3387 5220 et
3442 5170 3714 5222 sociorum

2129 5258 2245 5327 ejus
2275 5256 2637 5326 prapbetiam,
2668 5272 2788 5325 quae
2825 5258 2925 5311 sub
2972 5256 3237 5327 corporali
3272 5257 3502 5337 imagine
3561 5274 3720 5312 mon-

2129 5346 2422 5411 strabatur,
2453 5347 2601 5403 venit
2626 5348 2692 5402 ad
2728 5348 2999 5416 populum,
3033 5357 3090 5411 οι
3133 5348 3389 5419 quidquid
3437 5353 3722 5417 propheta:

2129 5437 2345 5501 dicitur,
2372 5452 2467 5505 per
2498 5438 2813 5507 prophetam
2851 5438 3083 5495 refertur
3104 5439 3169 5494 ad
3199 5440 3531 5497 habitauit-cs
3551 5439 3722 5495 Jeru-

2130 5526 2295 5582 salem
2344 5520 2571 5596 quodin
2612 5528 2905 5583 obsidionis
2955 5529 3095 5584 malo
3124 5545 3318 5599 panem
3345 5545 3501 5584 suum
3532 5548 3722 5587 coinc-

2131 5616 2260 5670 dunt
2316 5615 2368 5669 in
2421 5624 2659 5686 egestate
2699 5625 2756 5671 et
2784 5619 3053 5689 angustia,
3096 5628 3151 5671 et
3206 5634 3399 5688 aquam
3437 5635 3594 5673 suam
3625 5636 3721 5674 ne-

2129 5722 2400 5777 quaquam
2434 5706 2484 5759 in
2512 5707 2858 5773 abundantia,
2892 5710 2985 5763 sed
3033 5725 3154 5765 cum
3202 5720 3468 5766 tormento
3525 5712 3674 5767 bibit:

2130 5809 2185 5853 et
2234 5799 2595 5853 tribulatione.
2630 5798 2750 5855 Ιῐίρρ
2782 5810 2982 5865 autem,
3017 5802 3209 5872 inquit.
3241 5818 3273 5854 ο
3306 5804 3595 5872 propheta,
3633 5807 3718 5859 di-
