3948 6344
164 412 277 473 “9

1090 404 1440 465 COMMEN'I‘.
1482 403 1547 460 IN
1585 399 2034 458 EZEGIIIELEM.
2074 430 2145 442 --
2181 398 2309 456 LIB.
2349 398 2439 455 VI.

3331 391 3438 447 650

155 533 358 585 cuntur
388 522 504 585 tibi,
538 530 597 577 ut
633 529 688 576 tu
711 519 949 591 loquaris
973 520 1040 574 ad
1068 520 1320 588 populum
1351 526 1509 573 terra:
1530 526 1655 579 tum,
1708 523 1761 569 et
1788 525 1833 578 Λ
1863 514 2230 585 captivitatem
2279 512 2426 568 urbis
2465 512 2784 579 Jerusalem,
2836 518 2891 566 et
2946 509 3261 565 Sedechiam
3312 522 3434 562 cum

170 614 344 671 dicas.
376 612 502 669 Haec
530 612 664 689 dicit
702 611 964 666 Dominus
1006 610 1403 664 habitatoribus
1432 605 1751 670 Jerusalem,

168 722 292 776 quae
316 712 402 760 est
432 704 491 758 in
522 711 663 757 terra
692 700 857 757 Israel
887 718 900 753 :
933 699 1154 756 Obsessi
1200 716 1231 753 a
1258 696 1757 753 Nabuchodonosor

166 806 336 864 atque
365 792 658 857 Chaldaeis,
716 789 873 846 famis
914 799 971 846 et
1021 789 1142 844 sitis
1167 788 1505 843 sustinebitis
1533 787 1754 851 malum,

169 894 230 940 ut
256 884 436 939 omnis
467 893 754 961 terra‘cum
792 882 889 937 sua
911 878 1255 935 multitudine
1281 876 1541 932 deleatur.
1594 876 1761 931 Habi-

166 985 379 1033 tatores
434 974 748 1045 significans
780 988 877 1043 per
917 986 1056 1037 eam,
1120 985 1253 1040 quas
1285 967 1635 1029 inbabitatur.
1694 966 1760 1021 Et

170 1082 242 1121 ne
271 1072 465 1135 putent
511 1065 613 1119 sibi
663 1064 881 1118 evenire
910 1064 1027 1119 sine
1057 1077 1240 1118 causa.
1274 1060 1391 1126 Dic,
1423 1060 1617 1129 inquit,
1658 1060 1756 1124 eis,

168 1158 317 1229 quod
369 1165 588 1227 propter
631 1156 839 1211 scelera
884 1170 1070 1210 eorum
1122 1163 1177 1211 et
1205 1155 1544 1224 lniquitzlem
1575 1165 1763 1207 omnes

171 1247 339 1303 urbes
364 1242 561 1300 Judazze
592 1245 658 1299 ad
685 1244 1029 1300 solitudinem
1071 1244 1379 1315 redigenda:
1410 1243 1537 1306 sint,
1570 1250 1623 1297 et
1644 1241 1765 1295 uni-

172 1350 348 1390 versa:
375 1334 776 1389 terrmbultura
804 1336 1093 1405 dispereat,
1124 1344 1184 1388 ut
1223 1341 1552 1405 cognoscant
1598 1326 1763 1386 Deum

175 1410 518 1485 saevientem:
542 1437 702 1495 quem
729 1424 1075 1480 miserantem
1103 1437 1429 1492 cognoscere
1458 1422 1763 1477 noluerunt.

174 1512 474 1568 Possumus
517 1504 672 1583 juxta
728 1528 1006 1587 anagogen
1060 1513 1405 1567 habitatores
1468 1511 1769 1567 Jerusalem

174 1604 481 1659 credentes
514 1601 731 1659 Christo
768 1604 969 1667 dicere,
1022 1604 1110 1673 qui
1157 1602 1403 1658 habitant
1429 1603 1481 1656 in
1519 1602 1769 1667 ecclesia,

176 1694 281 1749 etsi
313 1708 413 1763 per
458 1703 680 1763 peccata
731 1694 875 1750 illius
905 1693 1165 1749 offensam
1218 1692 1538 1755 meruerint,
1587 1705 1769 1747 come-

176 1786 313 1840 dant
340 1800 534 1856 panem
579 1802 702 1840 cum
732 1784 994 1857 egestate,
1038 1796 1094 1840 et
1163 1785 1352 1840 bibant
1406 1795 1599 1852 aquam
1651 1784 1773 1838 cum

176 1892 421 1933 maerore
464 1885 519 1932 et
570 1879 817 1948 augustia

180 1976 372 2040 potum
400 1983 575 2037 aquae,
632 1969 725 2023 sed
758 1968 952 2023 famem
996 1966 1263 2021 sermonis
1299 1974 1355 2022 et
1395 1965 1652 2021 doctrinae
1678 1965 1772 2019 Dei

180 2058 533 2114 sustinentes.
563 2057 790 2125 Quando
820 2057 966 2114 enim
1010 2057 1094 2112 vel
1144 2058 1276 2112 vitio
1325 2058 1650 2128 principum,
1682 2055 1775 2125 qui

188 2142 439 2216 capiendi
490 2157 635 2212 sunt,
676 2147 1023 2202 et‘tradendi
1062 2142 1394 2218 Babyloniis,
1448 2147 1532 2203 vel
1591 2154 1773 2201 nostra

187 2235 392 2290 duritia
440 2237 834 2306 perdiderimus
884 2252 1203 2311 sermonem
1220 2237 1334 2301 Dei,
1364 2250 1637 2307 aquasque
1668 2250 1776 2291 non

182 2327 551 2382 meruerimus
582 2328 782 2383 habere
811 2329 987 2393 utiles,
1022 2335 1148 2383 tunc
1176 2329 1228 2383 in
1248 2328 1431 2385 dolore
1472 2336 1526 2383 et
1552 2328 1777 2398 penuria

185 2428 438 2473 nostrum
490 2434 765 2473 sumemus
812 2419 1015 2483 cibum,
1044 2429 1100 2474 et
1146 2426 1293 2473 terra
1322 2419 1514 2489 perdet
1538 2418 1781 2474 multitu-

186 2508 374 2563 dinem
410 2509 772 2574 credentium,
794 2518 849 2564 et
874 2510 1141 2575 civitates,
1174 2524 1295 2580 quae
1321 2512 1377 2565 in
1411 2518 1523 2566 toto
1542 2510 1672 2567 orbe
1693 2511 1780 2566 in-

188 2594 513 2668 telliguntur
544 2597 783 2653 ecclesiae
832 2588 1240 2675 desolabuntur,
1285 2609 1339 2654 et
1386 2609 1528 2655 terra
1569 2601 1782 2657 deserta

191 2686 326 2749 erit,
351 2694 407 2741 ut
428 2702 616 2741 omnes
639 2687 813 2742 sciant
838 2688 964 2759 quia
1006 2686 1206 2744 offensa
1229 2688 1327 2745 .sit
1373 2688 1609 2757 Domini,
1640 2692 1783 2760 quod

190 2775 416 2845 quidem
446 2784 500 2830 et
542 2776 595 2830 in
625 2777 1019 2847 persecutionis
1042 2774 1619 2849 tempore’intelligere
1662 2793 1785 2848 pos-

192 2880 409 2921 sumus.

277 2973 299 3006 ι
340 2955 406 3010 Et
428 2954 603 3011 factus
642 2966 725 3012 est
762 2971 943 3013 sermo
965 2957 1177 3013 Domini
1200 2956 1267 3012 ad
1292 2973 1379 3014 me
1422 2959 1605 3015 dicens
1640 2978 1651 3014 :
1685 2958 1786 3015 Fili

200 3064 221 3097 ι
261 3045 519 3111 hominis,
546 3046 691 3115 quod
721 3054 807 3101 est
832 3047 1177 3116 proverbium
1204 3047 1345 3103 istud
1375 3044 1526 3103 vobis
1555 3036 1611 3103 in
1645 3057 1789 3104 terra

202 3154 222 3187 ε
259 3134 425 3189 Israel
446 3122 764 3202 dicentium,
780 3135 835 3191 In
855 3136 1073 3207 longum
1105 3135 1422 3195 diﬂ'erentur
1444 3138 1575 3203 dies,
1593 3146 1649 3194 et
1668 3155 1790 3211 per-

201 3244 223 3282 I
260 3226 367 3283 ibit
391 3229 568 3284 omnis
594 3229 765 3285 visio?
801 3230 924 3284 ideo
958 3230 1046 3291 die
1070 3230 1137 3284 ad
1164 3244 1277 3295 eos,
1315 3230 1589 3286 haecdicit
1614 3233 1789 3289 Domi—
1817 3212 1859 3273 Ο

201 3336 223 3373 ι
264 3334 371 3375 nos
404 3318 564 3384 Deus,
600 3320 888 3387 Quiesccre
909 3320 1105 3375 faciam
1124 3322 1468 3392 proverbium
1492 3321 1654 3388 istud,
1690 3338 1788 3378 ne-

201 3426 223 3462 r
256 3416 367 3480 que
396 3410 553 3480 vulgo
570 3410 779 3466 dicetur
800 3411 938 3466 ultra
958 3412 1012 3466 in
1038 3394 1223 3466 Israel.
1254 3412 1322 3467 Et
1342 3412 1563 3483 loquere
1584 3413 1650 3468 ad
1666 3396 1787 3480 eos,

200 3520 222 3556 ι
256 3504 401 3573 quod
436 3503 986 3573 appropinquaverint
1009 3504 1142 3567 dies,
1159 3511 1214 3559 et
1234 3518 1414 3559 sermo
1433 3506 1609 3561 omnis
1630 3505 1793 3560 visio—

200 3613 221 3647 ι
258 3592 369 3648 nis.
398 3593 512 3647 Non
551 3594 695 3648 enim
725 3594 831 3649 erit
856 3595 1034 3650 omnis
1058 3594 1199 3649 ultra
1248 3594 1381 3650 visio
1408 3609 1581 3660 cassa,
1619 3602 1793 3665 neque

202 3701 224 3735 ς
262 3682 525 3737 divinatio
566 3684 817 3753 ambigua
865 3684 919 3737 in
962 3684 1142 3738 medio
1170 3684 1403 3739 filiorum
1431 3684 1616 3750 Israel,
1667 3686 1791 3756 quia

202 3791 222 3825 ι
262 3786 367 3842 ego
415 3770 929 3854 Dominusloquar,
974 3774 1330 3844 quodcunque
1379 3774 1588 3831 locutus
1639 3775 1793 3832 fu‘er'o

204 3884 225 3917 ι
266 3865 514 3929 verbum,
537 3872 591 3921 et
621 3864 733 3919 ﬂet.
767 3864 881 3921 Non
904 3866 1312 3936 prolongahitur
1338 3867 1587 3937 amplius,
1614 3866 1709 3923 sed
1738 3869 1792 3922 in

211 3970 231 4003 ι
269 3952 461 4010 diebus
492 3955 686 4010 vestris
730 3956 920 4012 domus
948 3970 1293 4026 exasperans,
1324 3955 1515 4027 loquar
1568 3958 1792 4014 verbum

205 4064 225 4097 ι
256 4052 319 4099 et
349 4044 539 4101 faciam
556 4046 707 4111 illud,
739 4046 868 4102 dicit
892 4046 1150 4103 Dominus
1178 4047 1338 4103 Deus.
1364 4068 1382 4101 ι
1402 4047 1670 4121 (Ηὲενοη.)
1700 4050 1795 4105 Est.

200 4145 388 4191 autem
413 4141 603 4192 sensus
626 4134 801 4192 omnis
822 4137 1039 4207 capituli
1058 4138 1163 4203 hic,
1183 4136 1355 4207 Supra
1379 4138 1795 4207 prophetaverat

200 4237 402 4286 contra
429 4228 726 4299 principem
748 4269 762 4293 ,
791 4228 883 4299 qui
918 4236 1039 4284 erat
1060 4228 1112 4282 in
1136 4227 1456 4293 Jerusalem,
1486 4230 1677 4285 deinde
1700 4243 1796 4299 po-

196 4316 336 4389 pulo
366 4317 562 4372 famem
588 4326 641 4373 et
678 4318 929 4372 ardorem
959 4317 1080 4372 sitis
1108 4317 1487 4383 nuntiaverat,
1511 4334 1630 4374 esse
1661 4328 1793 4373 ven-

200 4416 409 4463 turum.
442 4408 593 4475 Quod
632 4408 918 4485 multitudo
954 4424 1061 4463 non
1091 4409 1346 4472 credens,
1378 4417 1531 4465 vetus
1554 4426 1797 4466 assume-

188 4499 326 4561 bat,
344 4498 636 4568 tritumque
661 4495 1000 4567 proverbium
1030 4497 1119 4552 :ln
1143 4498 1357 4569 longum
1384 4508 1592 4568 tempus
1610 4500 1792 4555 dill‘er-

204 4599 299 4644 tur
326 4588 669 4643 comminatio
696 4589 1081 4660 prephetarum
1102 4629 1114 4651 ,
1144 4598 1200 4642 et
1219 4589 1395 4643 omnis
1418 4589 1552 4643 visio
1577 4589 1789 4659 peribit.

202 4678 307 4733 Dic
329 4694 479 4749 ergo,
511 4677 685 4747 inquit
704 4679 806 4743 eis,
838 4679 981 4747 quod
1004 4693 1344 4747 nequaquam
1362 4694 1478 4733 mea
1503 4680 1797 4733 commina-

200 4771 284 4825 tio
313 4768 594 4826 differatur
620 4784 722 4825 nec
742 4770 998 4825 divinatio
1018 4770 1151 4824 falsa
1170 4781 1332 4841 atque
1357 4762 1603 4843 ambigua
1625 4772 1801 4842 prole

204 4870 367 4915 ratur
402 4862 455 4915 in
493 4860 741 4931 populos,
774 4876 892 4930 qua:
932 4860 1093 4916 finem
1128 4862 1327 4933 habeat
1370 4864 1657 4919 incertum.
1694 4864 1799 4918 Aut

201 4938 321 5006 alio
345 4952 554 5005 dicatur
582 4957 845 5021 tempore,
878 4951 984 5007 alio
1012 4952 1361 5021 compleatur.
1394 4953 1500 5009 Sed
1528 4960 1673 5009 nunc
1712 4953 1794 5007 vi-

204 5049 374 5095 vente
408 5048 459 5095 te
494 5041 753 5109 loqueris,
782 5051 838 5095 et
861 5040 946 5095 his
975 5043 1066 5112 qui
1097 5042 1340 5109 audiunt,
1372 5032 1607 5098 'verbum
1655 5042 1798 5112 (mod

199 5132 423 5192 locutus
449 5147 568 5187 sum
595 5133 945 5203 compleatur.

290 5263 309 5295 ι
346 5243 414 5297 Et
440 5242 617 5307 factus
656 5252 738 5299 est
766 5259 946 5300 sermo
979 5243 1192 5299 Domini
1234 5246 1300 5299 ad
1348 5259 1434 5297 me
1459 5244 1665 5305 dicens,
1700 5241 1797 5295 Fili

212 5353 234 5387 ς
269 5314 527 5398 hominis,
558 5348 684 5388 ecce
705 5334 895 5389 domus
918 5333 1082 5388 Israel
1113 5334 1438 5389 dicentium:
1466 5333 1611 5387 νηίδἰο
1638 5348 1801 5401 quam

216 5443 234 5477 ι
272 5424 365 5479 hic
386 5424 613 5478 videt-in
648 5425 762 5479 dies
791 5426 1009 5489 multos,
1038 5433 1093 5480 et
1131 5425 1183 5479 in
1228 5438 1467 5496 tempora
1494 5424 1652 5494 longa
1696 5426 1796 5478 iste

209 5534 233 5570 ι
258 5516 578 5587 prephetat,
627 5524 911 5586 propterea
952 5517 1037 5571 die
1078 5516 1146 5572 ad
1190 5532 1284 5571 eos
1315 5535 1326 5569 :
1354 5515 1479 5569 Haec
1516 5515 1645 5569 dicit
1693 5514 1799 5568 Do-

209 5626 233 5660 ι
269 5603 457 5661 minus
482 5604 625 5662 Deus
646 5624 657 5658 :
675 5605 789 5661 Non
813 5606 1225 5677 prolongahitur
1250 5606 1391 5661 ultra
1404 5606 1590 5661 'omnis
1619 5620 1797 5660 sermo

209 5697 407 5765 “ejus.
470 5695 701 5751 Verbum
751 5698 894 5766 quod
934 5696 1144 5751 locutus
1202 5697 1355 5751 fuero
1416 5687 1795 5766 complebitur,

214 5804 237 5841 ι
275 5784 418 5840 dicit
466 5784 721 5841 Dominus
745 5785 903 5840 Deus.
938 5807 955 5837 ι
993 5786 1272 5857 Signiﬁcat
1328 5798 1507 5841 autem
1566 5786 1795 5841 vicinam

621 5878 901 5941 PATROL.
938 5879 1073 5943 CX.

1858 603 2050 673 pOpulo
2078 598 2214 658 Juda
2245 598 2467 672 jamque
2517 600 2853 670 capiendum.
2904 598 3020 653 Non
3052 598 3223 653 solum
3255 606 3434 650 autem

1860 693 2224 764 illotempore,
2252 692 2347 748 sed
2377 706 2548 761 usque
2593 692 2752 747 hodie
2781 691 2970 762 vulgus
3023 687 3355 744 incredulum
3386 695 3441 741 et

1860 785 1993 838 dura
2024 785 2185 840 corda
2216 782 2521 839 mortalium
2543 783 2878 854 prophetiam
2930 782 3023 836 Dei
3072 796 3175 835 non
3227 777 3439 849 recipit,

1863 874 1957 928 sed
1990 874 2170 927 omnia
2218 890 2337 943 quae
2383 872 2666 943 Propheta:
2704 872 3117 934 comminantur,
3152 886 3269 940 qua:
3300 885 3439 941 pra:-

1863 965 2008 1018 dicat
2035 954 2382 1033 Evangelium
2411 965 2463 1018 in
2507 963 2655 1018 aliud
2711 971 2921 1032 tempus
2971 962 3238 1015 aestimant
3290 958 3443 1015 dili‘e-

1864 1055 2111 1109 rendum.
2144 1053 2493 1124 Sciamusque
2524 1054 2611 1108 hic
2639 1052 2967 1123 parabolam,
3005 1067 3125 1121 quae
3150 1068 3179 1106 a
3210 1051 3441 1121 Septua-

1866 1145 2016 1215 ginta
2041 1146 2283 1215 ponitur,
2320 1144 2490 1215 accipi
2525 1143 2806 1214 proverbio
2838 1142 2990 1211 juxta
3025 1140 3173 1208 illud,
3200 1141 3342 1210 quod
3389 1141 3445 1194 in

1866 1236 2073 1304 psalmo
2120 1235 2388 1307 legimus:
2423 1252 2440 1285 ‹
2496 1234 2563 1287 Ει
2592 1233 2765 1289 factus
2800 1249 2919 1288 sum
2951 1233 3029 1287 eis
3056 1232 3107 1286 in
3137 1231 3443 1300 parabolam

1870 1322 2042 1395 (Psal.
2068 1324 2278 1393 LXVIII).
2317 1344 2334 1375 ›
2370 1322 2438 1379 Ει
2468 1324 2519 1377 in
2551 1324 2653 1378 hoc
2695 1324 2883 1378 eodem
2926 1324 3224 1392 propheta:
3261 1343 3279 1373 ‹
3310 1322 3447 1389 Quid

1872 1423 1952 1468 est
1980 1414 2130 1469 vobis
2180 1414 2434 1483 parabola
2473 1413 2575 1469 ista
2606 1414 2660 1468 in
2690 1414 2885 1483 populo
2916 1413 3102 1477 Israel,
3133 1412 3470 1477 dicentium“

1872 1515 2054 1573 patres
2083 1508 2432 1562 comederunt
2468 1522 2628 1559 uvam
2658 1507 2929 1573 acerbam,
2991 1513 3045 1559 ct
3090 1506 3275 1559 dentes
3318 1503 3451 1558 lilio—

1875 1613 1991 1651 rum
2021 1596 2482 1667 obstupuerunt?»
2520 1596 2798 1652 Manifesta
2837 1585 3265 1667 perstringimus,
3288 1605 3347 1651 ut
3394 1596 3454 1653 ita

1874 1686 2279 1742 obscurioribus
2308 1688 2677 1745 immorentur.

2460 1796 2686 1853 CAPUT
2724 1798 2853 1854 XIII.

878 1896 891 1931 :
935 1892 1043 1931 non
1110 1876 1289 1932 cibum
1346 1874 1499 1945 panis
1526 1915 1541 1939 ν
1597 1890 1772 1944 neque
1800 1872 1847 1930 Β
1880 1883 2058 1961 Sermo
2088 1884 2300 1961 Domini
2321 1896 2501 1941 contra
2531 1886 2697 1961 falsos
2734 1891 3009 1961 prop/tetas
3034 1891 3340 1960 decipienles
3366 1908 3459 1961 po-

1946 1954 2128 2025 pulum
2154 1955 2266 2021 Dei,
2290 1965 2336 2010 et
2368 1954 2547 2010 contra
2577 1954 2799 2027 {eminus
2828 1954 2973 2029 falsa
3002 1954 3385 2031 prophetantes.

1950 2063 1969 2095 ι
2002 2040 2070 2098 Et
2090 2043 2265 2099 factus
2287 2054 2369 2099 est
2400 2061 2580 2102 sermo
2620 2048 2829 2103 Domini
2876 2049 2942 2103 ad
2987 2066 3073 2105 me
3108 2050 3324 2105 dicens:
3356 2050 3457 2106 Fili

1884 2154 1900 2186 ε
1943 2134 2195 2199 hominis,
2221 2132 2518 2193 vaticinare
2559 2140 2647 2203 ad,
2665 2138 2950 2209 prephetas
2981 2138 3163 2203 Israel,
3199 2142 3289 2209 qui
3330 2154 3457 2210 pro-

1884 2240 1904 2277 (
1936 2225 2184 2303 phetant,
2232 2235 2286 2281 et
2338 2228 2484 2282 dices
2520 2229 2966 2297 prophetantibus
3007 2229 3072 2284 de
3112 2230 3275 2284 corde
3317 2246 3455 2283 suo:

1883 2332 1905 2368 ι
1941 2311 2138 2371 Audite
2164 2318 2387 2372 verbum
2409 2304 2648 2384 Domini;
2685 2318 2799 2374 lucc
2819 2318 3213 2376 dicitdominus
3239 2320 3399 2385 Deus,
3436 2342 3455 2375 ι

1880 2406 2099 2466 etc.Est
2122 2417 2301 2464 autem
2317 2423 2492 2464 sermo
2518 2419 2705 2465 contra
2733 2411 3247 2482 pseudoprophetas,
3268 2413 3357 2482 qui
3372 2414 3466 2467 de-

1881 2497 2153 2572 cipiebant
2181 2495 2454 2571 populum,
2481 2505 2741 2556 etcontra
2770 2501 3143 2577 Deimandata
3174 2503 3315 2557 aliud
3340 2519 3465 2574 pro~

1882 2589 2199 2661 phetabant.
2252 2590 2362 2648 Nec
2390 2592 2694 2662 quempiam
2733 2602 2965 2655 moveat,
2992 2594 3136 2664 quod
3180 2588 3464 2665 Propheta:

1886 2679 2243 2754 appellantur.
2305 2682 2456 2738 lianc
2512 2685 2657 2739 enim
2724 2684 2886 2739 habet
2950 2694 3132 2740 sancta
3185 2684 3465 2756 Scriptura

1888 2774 2348 2841 consuetudinem,
2378 2784 2438 2829 ut
2463 2790 2900 2847 unumquemque
2927 2776 3329 2832 vaticinationis
3356 2792 3468 2832 suae

1886 2871 1940 2917 et
1986 2864 2254 2919 sermonis
2294 2854 2617 2934 prophetam
2669 2872 2957 2935 nuncupet.
3010 2860 3159 2920 Sicut
3192 2867 3469 2937 prophetat

1886 2955 2223 3024 appellantur
2260 2955 2408 3010 ~Baal
2465 2964 2520 3012 et
2571 2957 2847 3027 propheta:
2904 2956 3196 3023 idolorum,
3241 2967 3297 3013 et
3340 2974 3466 3029 pro-

1887 3048 2064 3116 phetre
2122 3045 2473 3103 confusionis.
2550 3046 2703 3103 Unde
2774 3057 2829 3102 et
2892 3047 3163 3117 apostolus
3228 3046 3467 3115 Paulus,

1889 3145 2101 3208 poetam
2128 3153 2361 3209 graecum
2385 3137 2702 3209 pr0phetani
2722 3147 2903 3193 vocat:
2930 3138 3332 3209 (Dixitquidam
3350 3154 3471 3210 pro-

1890 3231 2041 3298 prius
2066 3243 2251 3286 eorum
2279 3230 2562 3300 prepheta,
2593 3228 2879 3284 Cretenses
2906 3245 3119 3300 semper
3165 3229 3470 3295 mendaces,

1892 3319 2043 3374 malae
2068 3316 2281 3383 bestiae,
2335 3328 2551 3374 ventres
2580 3319 2718 3391 pigri
2778 3319 2905 3390 (Tit.
2939 3321 3001 3390 ι).
3034 3340 3052 3372 ›
3098 3310 3168 3375 Et
3224 3322 3275 3375 in
3337 3320 3473 3376 Osca

1891 3409 2115 3481 legimus
2150 3427 2161 3463 :
2203 3427 2221 3460 ‹
2259 3410 2411 3465 Sicut
2447 3411 2708 3479 propheta
2737 3410 3012 3464 insaniens
3042 3410 3201 3465 homo
3250 3420 3475 3479 portans

1893 3495 2153 3574 spiritum
2189 3500 2334 3572 (οδε.
2369 3500 2465 3572 ix).
2505 3520 2523 3552 ι
2559 3500 2825 3571 Quidquid
2870 3510 3048 3555 autem
3098 3516 3163 3555 eo
3232 3511 3475 3571 tempore

1892 3592 2187 3648 lsraelitico
2211 3592 2407 3662 populo
2462 3591 2759 3654 dicebatur,
2801 3591 2903 3645 hoc
2959 3607 3099 3645 nunc
3144 3591 3375 3647 refertur
3403 3594 3472 3648 ad

1892 3684 2186 3739 Ecclesium
2211 3693 2269 3737 ut
2320 3683 2596 3753 propheta:
2634 3681 2805 3736 sancti
2834 3681 2943 3744 sint
2991 3681 3239 3751 apostoli,
3269 3690 3323 3735 et
3343 3698 3476 3752 apo-

1894 3773 2069 3830 stolici
2094 3773 2212 3837 viri,
2237 3775 2512 3844 propheta:
2540 3781 2720 3827 autem
2757 3772 3043 3828 mendaces
3092 3783 3252 3843 atque
3288 3774 3476 3831 furiosi

1894 3878 2083 3921 omnes
2107 3865 2369 3931 haeretici,
2398 3880 2627 3935 quorum
2657 3864 2927 3935 principes
2960 3881 3025 3918 ex
3049 3880 3146 3919 suo
3170 3867 3333 3921 corde
3348 3882 3476 3922 con-

1896 3958 2120 4029 ﬁngant.
2178 3957 2279 4023 Qui
2338 3967 2516 4011 autem
2545 3957 2614 4009 ab
2663 3956 2745 4010 eis
2790 3955 2995 4011 seducti
3045 3967 3188 4023 sunt,
3244 3957 3471 4016 aliorqu

1897 4048 2193 4103 mendaciis
2231 4048 2603 4117 adquiescam.

1976 4130 2094 4193 tvm
2107 4135 2383 4208 prephetis
2396 4136 2793 4205 insipientibus,
2808 4138 2900 4206 qui
2916 4150 3212 4209 sequuntur
3228 4139 3474 4209 spiritum

1904 4250 1921 4282 ί
1960 4246 2115 4286 suum
2144 4239 2198 4285 et
2224 4230 2359 4285 nihil
2382 4230 2585 4284 vident.
2618 4249 2637 4282 ι
2686 4227 2818 4284 Cum
2849 4232 3232 4300 prophetarum
3279 4246 3475 4288 nomen

1898 4322 2192 4378 seetmdum
2218 4321 2453 4391 regulam
2477 4320 2867 4389 scripturarum
2884 4304 3038 4374 bonis
3053 4321 3309 4390 malisque
3324 4337 3477 4375 com-

1898 4430 2061 4469 mune
2079 4416 2171 4479 sit,
2200 4415 2255 4469 in
2309 4428 2374 4468 eo
2403 4410 2671 4474 diderunt,
2724 4412 2866 4481 quod
2914 4412 3039 4466 boni
3078 4413 3351 4483 prophetae
3400 4415 3480 4467 di-

1900 4514 2095 4562 cuntur
2120 4518 2238 4560 esse
2266 4503 2555 4573 sapientes,
2615 4500 2741 4555 mali
2798 4511 2977 4555 autem
3030 4502 3176 4556 stulti
3230 4511 3283 4557 et
3346 4503 3477 4557 insi-

1898 4596 2125 4665 pientes.
2159 4592 2398 4660 Quorum
2422 4591 2648 4645 alterum
2677 4588 2908 4645 refertur
2960 4590 3025 4644 ad
3058 4582 3478 4647 ecclesiasticos

1899 4689 2062 4751 viros,
2091 4685 2321 4739 alterum
2339 4683 2406 4737 ad
2434 4696 2620 4736 omnes
2644 4681 2948 4743 hmreticos,
2978 4682 3068 4750 qui
3103 4682 3349 4751 spiritum
3384 4684 3479 4738 Dei

1898 4778 2284 4847 relinquentes,
2315 4781 2617 4843 sequuntur
2644 4773 2890 4841 spTritum
2918 4789 3094 4839 suum,
3117 4774 3243 4851 quia
3270 4772 3473 4844 neqan

1902 4884 2061 4941 quam
2088 4867 2269 4921 divino
2296 4865 2573 4927 instinctu,
2607 4863 2698 4917 scd
2723 4864 2943 4932 proprio
2977 4864 3140 4919 corde
3191 4866 3477 4919 vaticinan-

1901 4972 2006 5025 tur,
2037 4961 2178 5015 unde
2207 4966 2257 5012 et
2282 4956 2412 5011 nihil
2444 4956 2647 5011 vident.
2680 4954 2781 5021 Qui
2809 4965 2988 5009 autem
3012 4957 3225 5026 sapiens
3255 4966 3335 5011 est
3366 4973 3474 5013 non

1901 5054 2079 5111 cordis
2112 5052 2194 5107 sui
2238 5049 2610 5119 cogitationes,
2632 5048 2727 5102 sed
2777 5048 2869 5101 Dei
2914 5048 3157 5117 spiritum
3209 5050 3469 5117 sequitur.

1899 5144 2060 5199 Juxta
2114 5142 2265 5206 illud,
2317 5140 2459 5210 quod
2502 5147 2557 5193 et
2605 5140 2657 5193 in
2700 5140 3084 5207 Superioribus,
3124 5141 3372 5195 animalia
3418 5151 3473 5199 et

1904 5250 2034 5294 rotae
2060 5239 2156 5293 Dei
2198 5238 2444 5307 spiritum
2476 5234 2857 5305 sequebantur.
2902 5236 2965 5290 Et
3002 5238 3257 5306 propheta
3296 5240 3457 5293 dicit;

1910 5355 1925 5386 ς
1950 5336 2076 5389 Post
2104 5333 2389 5387 Dominum
2421 5332 2587 5384 Deum
2616 5338 2765 5382 tuum
2800 5330 3099 5397 ambulabis
3128 5331 3270 5401 (Ose.
3326 5333 3420 5403 iu).
3450 5355 3466 5384 ι

1902 5426 2035 5480 Etin
2061 5423 2167 5477 alio
2188 5421 2305 5477 loco
2339 5440 2350 5475 :
2384 5440 2401 5472 ‹
2441 5420 2621 5474 Deduc
2670 5435 2755 5473 me
2796 5420 2850 5473 in
2890 5422 3077 5475 semita
3116 5433 3258 5477 recta
3298 5423 3471 5493 (Paul.

1902 5509 2116 5581 cxvm);
2158 5529 2176 5560 ›
2208 5517 2263 5563 et
2298 5511 2493 5563 iterum
2518 5522 2532 5559 :
2556 5525 2574 5556 ι
2608 5505 2842 5576 Spiritus
2866 5516 2988 5563 tuus
3016 5512 3206 5575 bonus,
3246 5514 3355 5581 ipse
3389 5531 3475 5568 me

1902 5605 2058 5658 ducet
2083 5603 2136 5656 in
2166 5609 2364 5654 terram
2394 5609 2599 5656 rectam
2626 5597 2793 5675 (1)δαί.
2819 5600 3003 5669 CXLII).
3032 5622 3049 5651 ι
3072 5600 3137 5654 Et
3162 5600 3356 5671 populo
3376 5601 3474 5658 Dei

1900 5696 2156 5777 columnq
2197 5694 2337 5764 ignis
2386 5703 2441 5749 et
2490 5697 2659 5751 nubes
2711 5704 2828 5751 erat
2876 5696 2980 5749 dux
3030 5694 3081 5746 in
3131 5692 3473 5749 solitudinem

1900 5782 2095 5853 (Exod.
2120 5782 2261 5855 xm).
2289 5784 2355 5839 Et
2379 5782 2640 5840 Jeremias
2660 5784 2925 5856 loquitur:
2948 5782 3092 5835 «Non
3124 5781 3357 5839 laboravi
3389 5794 3473 5839 se-

2962 5877 3032 5936 ΩΙ
