3948 6360
500 424 594 480 ΒἾ

1136 427 1194 481 Β.
1236 425 1486 482 RABANI
1525 424 1742 483 MAUR]
1778 422 2095 481 ARCHIEP.
2138 422 2446 480 MOGUNT.
2489 424 2773 484 OPERUM
2813 426 2993 484 PARS
3030 429 3092 483 ll.

3656 439 3754 497 65‘!

493 557 665 612 quens
694 550 741 597 te
772 539 902 613 (Jer.
935 539 1097 612 xvn).
1139 560 1155 592 ι
1192 539 1322 606 Quis
1346 550 1526 596 autem
1550 540 1945 601 haereticorum,
1977 538 2067 605 qui
2096 542 2141 599 Α
2172 536 2448 605 ριόριιθιτε
2475 540 2817 594 exstiterunt.
2844 541 3028 594 Potest
3056 551 3234 597 autem
3259 552 3313 597 et
3338 558 3503 614 super
3528 560 3645 615 eos,
3666 554 3756 622 qnl

492 631 735 703 sequitpr
761 631 1007 700 spiritum
1038 646 1227 695 suum,
1274 644 1378 685 non
1413 629 1675 699 impingat
1716 629 1771 683 in
1821 628 2071 683 tenebras

488 732 540 777 et
581 738 752 777 ezecus
790 737 961 777 arcos
1002 723 1164 776 ducat
1208 722 1259 775 in
1288 722 1535 776 foveam?
1570 720 1680 791 Imo
1709 719 1834 774 licet
1873 719 1977 773 sibi
2014 719 2067 772 in

487 812 790 882 mysteriis,
840 812 948 864 imo
998 811 1161 882 orgiis
1198 812 1310 865 suis
1352 810 1503 880 plura
1553 809 1934 864 ecclesiasticis
1970 808 2065 863 do-

487 902 724 957 ctoribus
786 902 970 956 videre
1037 902 1355 964 videantur,
1410 911 1589 956 tamen
1648 900 1782 955 nihil
1846 900 2066 954 omnino

489 995 684 1055 vident,
719 994 844 1061 quia
887 993 1053 1047 solem
1083 992 1307 1062 justitise
1331 995 1717 1063 perdiderunt:
1758 992 2065 1060 frustraque

484 1083 770 1136 imitantur
814 1098 928 1147 eos,
976 1083 1066 1151 qui
1110 1084 1260 1151 prius
1317 1083 1645 1137 vocabantur
1698 1082 1959 1145 videntes,
2010 1090 2067 1135 et

483 1169 678 1236 quibus
707 1169 904 1223 dicitur
940 1185 953 1223 :
995 1187 1013 1219 ι
1054 1169 1152 1236 Qui
1184 1170 1356 1233 vides,
1386 1170 1540 1233 vade,
1570 1168 1758 1222 recede
1788 1169 1838 1221 in
1865 1178 2062 1221 terram

478 1257 612 1313 Iuda
643 1269 698 1316 et
741 1261 794 1315 in
848 1260 1039 1315 Bethel
1084 1276 1188 1313 non
1248 1259 1591 1330 prophetahis
1647 1256 1992 1329 (Amos.vu).
2037 1275 2055 1307 ι

480 1350 837 1415 Quamobrem
866 1351 1000 1405 visio
1027 1350 1176 1404 Isaiae
1204 1356 1258 1403 et
1287 1349 1470 1404 Abdim
1496 1334 1769 1418 ponuntur
1792 1348 1844 1401 in
1869 1345 2056 1401 titulis.

481 1441 545 1495 Et
601 1442 859 1497 Dominus
897 1442 1165 1510 Apostolis
1216 1442 1471 1510 praecepit
1512 1459 1524 1493 :
1577 1460 1595 1491 ‹
1629 1440 1832 1495 Levate
1876 1439 2060 1496 oculos

477 1538 690 1585 vestros
712 1539 767 1583 et
802 1530 981 1585 videte
1013 1528 1195 1601 (Joan.
1244 1529 1317 1599 tv)
1362 1548 1379 1579 ι
1432 1529 1494 1581 Et
1537 1528 1805 1598 Propheta
1859 1528 2061 1599 suppli-

475 1623 612 1675 citer
633 1622 954 1689 deprecatur
979 1638 992 1673 :
1025 1641 1042 1670 ‹
1069 1619 1267 1673 Revela
1308 1619 1495 1677 oculos
1522 1633 1691 1685 meos,
1728 1628 1786 1675 et
1810 1620 2059 1675 conside-

478 1711 606 1764 rabo
634 1710 898 1764 mirabilia
923 1710 987 1764 de
1011 1709 1127 1780 lege
1159 1719 1249 1763 tua
1281 1708 1453 1781 (Psal.
1483 1708 1693 1781 cxvrn).
1727 1731 1745 1763 ι

550 1820 566 1850 ι
603 1801 763 1867 Quasi
808 1801 992 1869 vulpes
1034 1801 1086 1853 in
1130 1800 1359 1855 desertis
1397 1801 1674 1870 prophetae
1715 1800 1828 1865 tui,
1870 1800 2052 1856 Israel.

2171 627 2365 683 docent
2404 630 2456 683 in
2492 630 2765 695 ecclesiis,
2807 632 2851 686 si
2902 632 3061 687 aliter
3095 649 3255 702 quam
3303 638 3480 706 poscit
3519 640 3754 708 veritas,

2172 719 2396 783 docent,
2442 737 2678 789 praesens
2706 739 2882 778 sermo
2914 740 3228 793 congruere.
3261 725 3316 781 Si
3347 729 3468 798 quis
3494 732 3638 785 enim
3666 748 3756 801 ea,

2169 823 2288 875 quae
2331 807 2487 863 Iesus
2529 810 2776 865 Christus
2806 812 3064 867 Dominus
3095 814 3306 870 locutus
3339 827 3463 883 est,
3499 829 3554 874 et
3594 821 3755 877 intel-

2168 896 2297 950 lexit
2342 898 2396 952 in
2427 914 2490 953 eo
2518 914 2675 954 sensu
2695 942 2709 965 ,
2740 916 2847 970 quo
2877 902 3085 958 locutus
3110 913 3194 959 est
3231 905 3375 977 ipse,
3403 911 3496 978 qui
3536 910 3755 981 docuit.

2168 1004 2272 1042 non
2305 990 2370 1043 de
2404 992 2565 1045 corde
2586 1007 2701 1058 suo,
2730 994 2823 1047 sed
2851 994 2918 1049 de
2944 993 3146 1067 Spiritu
3174 1007 3360 1054 sancto
3380 994 3756 1071 loquiturser-

2165 1095 2352 1134 mones
2382 1081 2475 1134 lilii
2504 1082 2594 1137 Dei
2618 1082 2770 1148 Jesu,
2796 1086 2840 1139 si
2869 1089 3139 1141 consentit
3166 1088 3398 1157 Spiritus
3420 1104 3642 1150 sanctus
3667 1113 3757 1153 vo-

2164 1169 2357 1225 luntati
2388 1172 2527 1250 ejus,
2556 1176 2646 1243 qui
2678 1176 2728 1229 in
2761 1178 3018 1246 apostolis
3044 1178 3251 1235 locutus
3272 1189 3373 1236 est.
3402 1181 3459 1238 Si
3482 1187 3606 1255 quis
3628 1202 3758 1243 vero

2165 1260 2346 1331 legens
2377 1263 2724 1335 Evangelium
2756 1270 3033 1337 proprium
3061 1283 3280 1325 sensum
3318 1281 3467 1342 aptat
3504 1275 3754 1348 Evange-

2163 1350 2256 1418 lio,
2287 1369 2393 1409 non
2426 1356 2500 1409 ita
2556 1357 2860 1426 intelligens
2892 1368 2949 1412 ut
2982 1359 3240 1415 Dominus
3266 1362 3477 1418 locutus
3505 1374 3618 1431 est;
3651 1367 3754 1422 iste

2160 1440 2331 1498 falsus
2368 1446 2635 1515 propheta
2680 1456 2792 1513 est,
2839 1448 3067 1518 loquens
3114 1450 3182 1506 de
3217 1454 3380 1507 corde
3428 1456 3650 1524 proprio
3698 1456 3756 1511 in

2161 1532 2455 1603 Evangelio
2488 1554 2500 1587 :
2538 1554 2554 1585 ‹
2593 1534 2744 1591 Sicut
2771 1538 2957 1606 vulpes
2983 1540 3036 1592 in
3065 1539 3309 1607 deserto,
3338 1544 3618 1613 prophetae
3651 1545 3754 1612 tui,

2160 1620 2342 1679 Israel.
2380 1640 2398 1673 ›
2438 1622 2655 1679 Animal
2678 1626 2853 1695 vulpis
2894 1642 3124 1695 nequam
3161 1638 3275 1696 est,
3315 1641 3594 1687 versutum
3636 1644 3753 1702 est,

2160 1712 2483 1783 indomabile
2526 1724 2637 1779 est,
2693 1716 2866 1771 ferum
2903 1728 3005 1773 est.
3052 1738 3071 1770 ι
3105 1720 3314 1787 Dicite,
3355 1724 3432 1777 ait
3478 1723 3750 1793 Salvator,

2156 1801 2303 1869 vulpi
2327 1801 2416 1857 isti
2450 1822 2462 1855 :
2487 1804 2624 1860 Ecce
2649 1807 2959 1864 sanationes
2986 1810 3207 1879 perﬁcio
3236 1812 3395 1867 hodie
3420 1824 3477 1869 et
3507 1831 3664 1883 cras,
3690 1827 3750 1873 et

478 1914 493 1943 ι
532 1894 648 1948 Ρὲοη
677 1893 997 1948 ascendistis
1021 1908 1087 1946 ex
1116 1892 1360 1965 adversg,
1391 1907 1565 1962 neque
1586 1892 1910 1962 opposuistis
1938 1907 2055 1946 mu-
2083 1900 2130 1958 Β
2161 1892 2317 1946 tertia
2345 1893 2431 1947 die
2470 1908 2817 1952 consummor
2858 1898 3008 1970 (Luc.
3040 1901 3181 1973 xm).
3218 1922 3236 1956 ι
3276 1902 3386 1977 Has
3429 1906 3619 1976 vulpes
3656 1926 3750 1965 ne-

477 2007 491 2037 ι
532 2002 650 2040 rum
678 2001 778 2057 pro
803 1986 961 2039 domo
992 1983 1183 2049 lsrael,
1220 1984 1279 2038 ut
1301 1978 1538 2053 istaretis
1565 1985 1619 2038 in
1655 1984 1839 2053 praelio
1880 1984 1934 2038 in
1973 1984 2059 2040 die

476 2101 492 2127 ι
529 2078 759 2133 Domini.
802 2077 997 2130 Videat
1030 2090 1167 2129 vana
1210 2084 1264 2129 et
1301 2076 1547 2144 divinant
1590 2075 1931 2130 mendacium
1975 2076 2056 2130 di-

476 2190 489 2217 ι
528 2176 742 2226 centes,
790 2166 862 2218 ait
912 2164 1170 2219 Dominus
1193 2203 1207 2227 ,
1249 2178 1371 2218 eum
1410 2162 1671 2217 Dominus
1709 2178 1816 2217 non
1850 2163 2060 2219 miserit

476 2278 491 2307 ι
530 2272 641 2322 eos,
658 2264 712 2311 et
724 2262 1209 2325 perseveraverunt
1227 2252 1549 2308 conﬁrmare
1570 2266 1895 2308 sermonem.
1913 2251 2061 2307 Nun-

476 2367 493 2397 ε
531 2348 657 2417 quid
688 2362 792 2400 non
818 2345 1079 2399 visionem
1107 2358 1317 2398 cassam
1348 2342 1560 2397 vidistis
1588 2350 1643 2397 et
1672 2342 2057 2398 divinationem

477 2461 495 2492 ι
531 2438 844 2494 mendaeem
875 2436 1036 2491 locuti
1065 2435 1217 2499 estis,
1234 2443 1287 2488 et
1312 2433 1507 2498 dicitis,
1527 2433 1603 2487 ait
1632 2433 1912 2499 Dominus,
1934 2448 2056 2487 cum

478 2550 495 2580 ι
532 2545 631 2599 ego
685 2544 792 2585 non
841 2529 941 2582 sim
999 2526 1243 2582 locutus?
1290 2545 1309 2577 ι
1363 2532 1467 2580 etc.
1523 2525 1777 2604 Dicamus
1824 2525 2055 2595 primum

468 2624 620 2690 juxta
671 2621 995 2677 Hebraicum
1041 2620 1317 2690 prephetaa
1358 2616 1525 2674 Israel
1571 2617 1776 2672 similes
1820 2615 2057 2686 vulpium

469 2724 626 2781 sunt;
660 2713 899 2785 quotidie
926 2712 1344 2767 domesticarum
1380 2710 1559 2764 avium
1592 2708 1735 2762 furta
1778 2707 2055 2770 facientes,

470 2808 561 2875 qui
595 2806 840 2861 habitant
868 2805 1023 2875 juxta
1058 2802 1305 2872 Aquilam
1334 2810 1389 2857 et
1430 2800 1783 2871 Septuaginta
1828 2819 1846 2850 ι
1884 2800 1936 2853 in
1965 2800 2058 2853 de-

468 2898 664 2962 sertis,
719 2916 735 2948 )
772 2897 926 2965 juxta
978 2894 1365 2964 Symmachum
1415 2900 1577 2961 atque
1632 2890 2057 2945 Theodotienem

475 3015 491 3045 (
531 2997 581 3049 in
610 2993 891 3065 parietinis
919 3002 973 3046 et
1000 2990 1266 3054 ruinosis,
1306 3008 1323 3041 ι
1359 2988 1449 3058 qui
1478 3002 1583 3042 non
1615 2994 1840 3056 possunt
1864 3001 2057 3040 ascen-

472 3088 598 3142 dere
624 3101 687 3141 ex
722 3086 977 3150 adverso,
1012 3096 1187 3153 neque
1212 3096 1424 3137 murum
1451 3096 1551 3151 pro
1578 3081 1734 3135 domo
1762 3078 1924 3140 Israel
1956 3093 2053 3148 op—

474 3170 693 3247 ponere.
728 3174 978 3244 Legimus
1001 3172 1189 3235 (Num.
1222 3170 1333 3243 xvi)
1362 3170 1542 3225 Aaron
1569 3169 1856 3225 adversum
1878 3169 2054 3240 ignem

2163 1984 2425 2039 cessarias
2458 1985 2646 2040 habuit
2673 1988 2956 2044 adversum
2983 1990 3312 2063 alienigenas
3336 1994 3567 2051 Samson
3594 1998 3748 2069 (Iud.

2162 2072 2274 2139 xv),
2303 2089 2530 2142 quarum
2555 2078 2738 2132 caudis
2764 2094 2884 2134 cum
2912 2080 3040 2135 fune
3066 2083 3260 2140 vinctis
3284 2085 3581 2156 (trecentas
3604 2091 3749 2145 enim

2160 2164 2445 2235 ceperat),
2491 2166 2546 2218 in
2582 2168 2935 2235 perditionem
2979 2185 3073 2226 eas
3133 2171 3345 2244 frugum
3382 2177 3533 2231 misit
3574 2179 3751 2235 hosti—

2163 2252 2314 2318 lium,
2341 2254 2647 2311 istiusmodi
2675 2266 2800 2311 sunt
2823 2257 2941 2313 falsi
2964 2261 3227 2330 magistri,
3248 2267 3472 2331 versuti,
3504 2268 3751 2339 maligni,

2160 2350 2213 2396 et
2240 2343 2430 2398 bestiis
2454 2346 2691 2411 similes,
2725 2348 2771 2402 si
2802 2348 2927 2403 talis
2956 2364 3091 2413 sum,
3128 2352 3300 2421 vulpis
3330 2370 3467 2408 sum.
3501 2356 3611 2411 Sed
3643 2375 3753 2413 non

2160 2435 2475 2504 simpliciter
2500 2437 2691 2509 vulpis,
2718 2454 2904 2494 verum
2930 2442 3105 2513 vulpis
3132 2443 3186 2498 in
3213 2446 3461 2511 desertis,
3491 2450 3671 2519 vulpis
3695 2451 3751 2505 in

2158 2526 2456 2595 parietinis,
2484 2529 2660 2598 vulpis
2677 2530 2741 2585 'in
2768 2533 3010 2602 rupibus.
3044 2534 3140 2591 Hae
3167 2538 3310 2591 enim
3337 2540 3390 2592 in
3414 2541 3646 2597 diversis
3666 2558 3754 2598 se-

2160 2616 2454 2673 ditionibus
2485 2621 2830 2676 continentur
2860 2625 3189 2693 versipelles.
3220 2627 3543 2698 Versipelles
3576 2632 3664 2686 isti
3693 2641 3752 2687 et

2158 2725 2393 2779 nequam
2422 2726 2637 2781 semper
2676 2714 2726 2768 in
2757 2715 3014 2783 desertis,
3049 2733 3261 2790 semper
3285 2722 3338 2775 in
3369 2722 3752 2781 solitudinibus

2159 2809 2460 2856 morantur.
2514 2802 2830 2875 Ubicunque
2868 2808 3011 2861 enim
3049 2811 3228 2865 anima
3267 2813 3547 2868 habitatur
3575 2830 3606 2868 a
3636 2815 3752 2872 Deo

2160 2900 2212 2944 et.
2240 2891 2293 2945 in
2326 2890 2529 2961 Spiritu
2565 2904 2752 2950 sancto
2778 2896 2936 2965 plena
2975 2907 3077 2964 est,
3120 2917 3225 2955 non
3253 2911 3433 2973 potest
3464 2905 3537 2959 ibi
3570 2906 3747 2977 haene-

2160 2980 2388 3037 ticorum
2412 2983 2659 3038 doctrina
2700 2996 3007 3055 penetrare,
3048 3006 3152 3046 non
3184 2992 3323 3047 valet
3350 3008 3541 3049 eorum
3567 3012 3749 3053 sermo

2156 3087 2524 3143 prorumpere.
2546 3074 2645 3130 Ubi
2666 3086 2843 3133 autem
2869 3081 3100 3136 solitudo
3117 3081 3317 3138 Christi
3329 3094 3431 3147 est,
3450 3087 3540 3139 ubi
3569 3087 3751 3142 deser-

2159 3172 2271 3218 tum
2292 3163 2550 3233 justitiaa,
2590 3167 2662 3222 ibi
2698 3171 3041 3239 nequissimae
3066 3174 3361 3244 disciplina:
3386 3192 3595 3232 venena
3626 3194 3751 3233 ver-

470 3245 635 3322 lsrael
677 3256 930 3335 populum
972 3263 1320 3321 devorantem
1340 3288 1364 3327 ,ι
1398 3260 1700 3316 occurrisse
1740 3266 1795 3313 et
1842 3260 2055 3314 stetisse
2082 3245 2126 3309 C
2158 3263 2366 3308 bantur.
2394 3253 2620 3321 Idcirco,
2651 3258 2792 3312 sicut
2813 3260 2991 3330 vulpis
3018 3263 3095 3316 ait
3122 3263 3175 3316 in
3200 3263 3446 3327 desertis,
3465 3265 3749 3335 Propheta

474 3357 740 3420 medium,
770 3365 826 3410 et
851 3354 1169 3425 opposuisse
1197 3367 1255 3407 se
1282 3367 1496 3407 murum
1520 3366 1619 3421 pro
1652 3352 1824 3406 salute
1848 3350 2051 3421 populi.

472 3448 719 3504 Ieremia:
746 3461 958 3517 quoque
986 3446 1204 3511 dicitur,
1233 3460 1303 3500 ne
1326 3451 1577 3499 occurrat
1603 3442 1854 3509 Domino,
1883 3456 2058 3515 neque

475 3547 581 3594 stet
604 3546 791 3594 contra
824 3538 959 3592 iram
1002 3536 1118 3605 ejus
1156 3534 1417 3590 orationis
1454 3532 1876 3602 perseverantia.
1907 3530 2060 3587 Sicut

474 3646 618 3686 enim
659 3644 845 3683 murus
874 3628 1013 3683 hosti
1057 3627 1376 3697 opponitur,
1418 3632 1472 3678 et
1507 3624 1817 3679 adversario
1844 3623 2059 3677 occurri

476 3721 613 3777 solet
640 3737 704 3775 ex
735 3717 960 3773 adverso
981 3725 1275 3784 contraque
1296 3713 1555 3778 venienti,
1581 3712 1653 3766 ita
1678 3712 1773 3765 Dei
1792 3711 2058 3766 sententia

478 3821 787 3867 sanctorum
826 3808 1077 3879 precibus
1115 3806 1399 3874 frangitur.
1434 3794 1590 3861 Unde
1628 3796 1884 3874 et'Moysi
1929 3803 2060 3858 dici-

482 3916 566 3959 tur
592 3924 602 3957 :
633 3923 650 3955 l
681 3902 901 3957 Dimitte
932 3915 1046 3965 me,
1074 3906 1129 3954 et
1164 3898 1351 3953 delebo
1378 3896 1631 3968 p0pulum
1663 3896 1825 3950 istum
1860 3895 2055 3966 (Exod.

478 3995 681 4065 xxx").
718 4013 737 4046 ι
768 3993 865 4048 Cui
895 3993 1037 4047 enim
1066 3991 1293 4054 dicitur,
1328 4009 1345 4039 ‹
1380 3988 1590 4042 dimitte
1618 4002 1733 4051 me,
1772 4005 1789 4036 ι
1820 3986 2057 4040 ostendi-

477 4098 587 4150 tur,
617 4087 757 4155 quod
798 4082 1007 4138 tenendi
1050 4081 1246 4136 habeat
1283 4078 1611 4133 facultatem.
1648 4076 1740 4130 Isti
1776 4086 1921 4130 stare
1952 4090 2057 4128 non

477 4190 702 4249 possunt
736 4179 788 4231 in
816 4176 1090 4247 prmliojn
1119 4173 1205 4227 die
1234 4170 1469 4235 Domini,
1499 4177 1558 4222 ut
1586 4183 1683 4238 pro
1710 4165 1905 4236 pepulo
1931 4179 2058 4233 pre-

476 4271 630 4324 cibus
655 4268 931 4331 dimicent,
950 4272 1004 4320 et
1024 4264 1279 4319 resistant
1302 4258 1763 4317 obsecrationibus
1784 4256 2063 4312 sententia:

479 4362 591 4415 Dei.
616 4359 752 4426 Quia
790 4358 954 4428 igitur
992 4371 1128 4409 vana
1169 4354 1508 4424 conspiciunt
1538 4356 1592 4407 et
1635 4350 1878 4407 divinant
1907 4362 2059 4403 men-

479 4452 723 4513 dacium,
765 4455 820 4502 et
856 4462 887 4501 a
927 4446 1153 4501 Domino
1186 4446 1381 4498 missos
1414 4457 1534 4496 esse
1579 4456 1639 4495 se
1692 4441 1904 4503 dicunt,
1937 4453 2060 4493 cum

480 4555 585 4594 non
613 4539 722 4593 siut
752 4536 899 4592 missi
928 4552 958 4589 a
989 4535 1122 4600 Deo,
1148 4543 1203 4589 et
1225 4538 1578 4603 perseverant
1606 4530 1661 4584 in
1687 4530 1984 4592 erroribus,
2008 4537 2063 4581 et

482 4650 637 4688 suum
678 4633 903 4702 cupiunt
941 4630 1159 4685 ﬁrmare
1195 4640 1498 4681 sermonem
1525 4664 1539 4689 ,
1584 4630 1882 4693 arguuntur
1921 4621 2061 4690 quod

483 4725 661 4780 omnia
690 4725 796 4779 sint
846 4736 1025 4785 cassa,
1053 4734 1171 4791 quae
1198 4718 1509 4787 prmdicant,
1539 4730 1694 4769 suum
1724 4712 2062 4768 mendacium

486 4818 694 4872 Domini
736 4828 1038 4870 sermonem
1086 4826 1207 4865 esse
1246 4810 1483 4864 dicentes
1524 4826 1535 4860 :
1590 4825 1613 4881 «ν
1652 4805 1951 4874 PrOpheta,
1982 4803 2064 4855 in-

484 4908 621 4977 quit,
647 4920 806 4975 super
834 4903 1122 4973 prephetas
1147 4898 1311 4954 Israel
1336 4898 1426 4967 qui
1453 4899 1809 4967 prophetam,
1836 4902 1890 4948 ct
1917 4894 2064 4947 dices

484 4994 779 5067 prophetis.
816 5014 834 5045 ι
865 4990 1061 5063 (0rig.)
1091 4988 1367 5056 Quomodo
1388 5002 1522 5057 epus
1540 4985 1930 5054 Prophetarum
1952 4990 2066 5037 erat

488 5089 603 5142 hcce
630 5088 829 5149 dicere,
861 5098 978 5154 qua:
1004 5082 1359 5153 jubebantur;
1387 5078 1464 5133 sic
1485 5078 1671 5133 eodem
1709 5076 1901 5145 spiritu
1926 5088 2061 5143 opus

487 5189 570 5236 est
598 5180 669 5243 ci,
697 5178 787 5249 qui
818 5188 1085 5246 exponere
1110 5174 1287 5243 cupit,
1329 5186 1388 5225 ea
1429 5184 1547 5238 quae
1580 5177 1705 5224 sunt
1739 5168 1962 5221 latenter
1992 5166 2063 5220 si-

490 5274 760 5343 gniﬁcata,
791 5280 849 5323 ut
874 5275 1135 5323 monstret
1164 5280 1307 5319 nunc
1345 5266 1410 5317 ad
1445 5278 1537 5316 eos
1566 5261 1678 5315 ﬁeri
1706 5260 2062 5331 prophetiam,

494 5362 585 5433 qui
615 5371 799 5416 contra
832 5359 923 5414 Dei
952 5359 1145 5412 docent
1173 5354 1519 5415 voluntatem,
1543 5352 1630 5420 qui
1654 5351 1981 5419 prophetarit
2000 5345 2067 5398 de

493 5455 657 5510 corde
685 5468 801 5506 suo.
836 5450 995 5504 Juxta
1026 5448 1326 5517 simplicem
1359 5445 1571 5514 quidem
1604 5441 1925 5495 intellectum
1953 5437 2069 5505 qui-

494 5544 619 5597 dam
646 5542 1027 5611 prophetarqu
1065 5541 1129 5591 de
1165 5537 1346 5590 divino
1382 5534 1581 5604 Spiritu
1618 5532 1925 5599 loquentes,
1964 5542 2069 5581 non

500 5633 564 5686 de
593 5646 690 5686 suo
726 5631 886 5685 corde
914 5627 1075 5682 locuti
1109 5635 1261 5687 sunt,
1292 5625 1385 5679 sed
1412 5624 1477 5677 de
1509 5637 1667 5675 sensu
1702 5620 1813 5673 Dei.
1844 5618 2068 5684 Quidam

498 5740 626 5779 vero
655 5722 971 5778 simulantes
1010 5734 1066 5773 se.
1108 5718 1399 5785 Prophetas
1439 5723 1597 5780 atque
1635 5712 1873 5765 dicentes
1906 5726 1918 5760 :
1952 5707 2072 5759 Ilaec

499 5818 631 5871 dieit
656 5813 941 5877 Dominus,
987 5812 1209 5866 Domino
1242 5826 1341 5861 non
1368 5809 1615 5875 laqueata
1656 5804 1706 5854 in
1738 5802 1814 5854 eis
1847 5798 2074 5867 pseudo-

2159 3343 2255 3408 tui,
2286 3342 2597 3411 lsrael,non
2627 3355 2893 3403 steterunt
2928 3350 2981 3403 in
3014 3350 3377 3408 ﬁrmamento.
3409 3354 3467 3408 Si
3498 3357 3749 3411 conside-

2158 3447 2282 3488 rare
2308 3433 2541 3490 volueris
2576 3435 2741 3493 falsos
2781 3438 3098 3509 magistros,
3129 3441 3336 3497 videbis
3364 3459 3460 3499 eos
3501 3446 3749 3502 inﬁrmos

2160 3523 2470 3593 instabiles,
2504 3544 2612 3583 non
2650 3528 2891 3585 valentes
2920 3530 3141 3586 dicere:
3178 3550 3197 3584 ‹
3235 3532 3437 3589 Statuit
3463 3551 3631 3605 super
3655 3553 3750 3608 pe-

2161 3626 2298 3672 tram
2342 3620 2507 3689 pedes
2548 3635 2696 3676 meos
2722 3662 2737 3687 ,
2783 3630 2836 3677 et
2884 3622 3080 3679 direxit
3126 3640 3345 3693 gressus
3381 3642 3533 3683 meos
3570 3627 3745 3701 (Psal.

2163 3707 2370 3779 χχχιχ).
2414 3728 2433 3761 ›
2465 3709 2532 3763 Ει.
2559 3710 2684 3779 quia
2716 3726 2821 3769 non
2856 3721 2981 3766 sunt
3024 3713 3186 3779 tales,
3216 3724 3277 3770 ut
3301 3718 3553 3772 steterint
3579 3719 3747 3775 robu-

2162 3805 2245 3852 sta
2277 3799 2458 3853 radice
2487 3798 2715 3864 fundati,
2742 3802 2861 3856 ideo
2884 3818 2989 3857 non
3013 3811 3280 3859 steterunt
3300 3805 3354 3859 in
3381 3806 3741 3871 ﬁrmamento,

2160 3890 2256 3945 sed
2281 3891 2595 3946 direxerant
2629 3907 2845 3947 movere
2879 3893 3045 3964 pedes
3073 3908 3221 3951 suos.
3249 3894 3520 3968 (Ηὶετοη.)
3548 3897 3747 3954 Omnes

2162 3982 2402 4036 haeretici
2428 3990 2647 4053 propter
2668 3982 3081 4039 fraudulentiam
3108 4002 3173 4041 ac
3195 3988 3488 4055 nequitiam
3507 3988 3745 4059 vulpium

2161 4072 2365 4127 similes
2393 4082 2536 4127 sunt.
2570 4075 2645 4128 De
2671 4074 2865 4143 quibus
2893 4074 3139 4130 Salvator
3158 4075 3646 4149 loquiturJVulpes
3669 4080 3749 4135 fo-

2161 4178 2290 4217 veas
2309 4163 2526 4228 habent,
2543 4174 2598 4217 et
2611 4162 2857 4218 volucres
2877 4163 2997 4219 caeli
3021 4166 3191 4220 nidos.
3202 4178 3220 4210 ι
3236 4164 3294 4219 Et
3310 4163 3377 4221 de
3391 4165 3609 4229 Herode
3623 4170 3758 4224 sier-

2162 4258 2309 4320 ptum
2330 4260 2413 4306 est
2440 4269 2452 4304 :
2484 4270 2501 4302 ι
2524 4251 2697 4306 Dicite
2717 4252 2858 4322 vulpi
2878 4252 3020 4307 huic.
3050 4273 3068 4306 ι
3091 4253 3155 4308 Ει
3176 4253 3243 4308 de
3261 4254 3451 4309 iisdem
3472 4255 3745 4323 vulpibus,

2164 4354 2282 4409 qua:
2317 4340 2568 4409 parvulos
2608 4341 2989 4411 simplicesque
3015 4342 3315 4412 decipiunt,
3344 4351 3397 4397 et
3419 4344 3748 4413 populantur

2165 4430 2376 4484 vineam
2404 4429 2642 4496 Christi,
2676 4429 2928 4485 Salomon
2962 4431 3199 4501 loquitur
3244 4450 3257 4484 :
3307 4450 3325 4484 ι
3360 4433 3549 4503 Capite
3593 4435 3748 4489 nobis

2166 4521 2353 4590 vulpes
2393 4521 2679 4590 parvulas,
2724 4522 3049 4590 dissipantes
3075 4523 3259 4577 vineas
3287 4522 3461 4592 (Cant.
3502 4522 3585 4594 ιι).
3628 4544 3647 4576 ι
3684 4524 3747 4579 Et

2167 4613 2219 4665 in
2265 4612 2503 4681 psalmo,
2546 4627 2708 4681 super
2747 4613 2831 4666 his
2865 4612 2954 4681 qui
2994 4628 3179 4666 eorum
3218 4611 3576 4667 fraudulentia
3624 4630 3751 4684 sup-

2166 4688 2495 4772 plantantur,
2524 4702 2737 4756 canitur
2764 4719 2775 4754 :
2822 4720 2838 4751 ‹
2875 4701 3175 4755 lntroibunt
3196 4700 3251 4755 in
3279 4701 3535 4756 inferiora
3564 4710 3748 4769 terrm,

2169 4791 2447 4845 tradentur
2466 4793 2518 4846 in
2541 4806 2729 4845 manus
2746 4791 2927 4861 gladii,
2952 4799 3133 4859 partes
3149 4790 3382 4859 vulpium
3397 4800 3557 4846 erunt
3571 4789 3745 4863 (l’sal.

2167 4882 2319 4953 un).
2358 4902 2376 4933 ι
2418 4882 2481 4936 Hi
2511 4881 2804 4951 prophetze,
2830 4882 2921 4950 qui
2954 4880 3437 4951 vulpium.similes
3459 4892 3605 4937 sunt.
3640 4899 3745 4937 non

2169 4980 2434 5028 steterunt
2462 4973 2513 5025 in
2540 4970 2904 5035 ﬁrmamento,
2949 4985 3049 5025 nec
3075 4985 3197 5024 eum
3230 4969 3388 5026 Petro
3413 4972 3603 5027 audire
3631 4989 3747 5028 me—

2168 5073 2393 5120 ruerunt
2422 5081 2433 5115 :
2464 5082 2481 5114 ‹
2512 5062 2588 5116 Tu
2610 5077 2669 5117 es
2698 5060 2909 5125 Petrus,
2937 5068 2991 5115 et
3015 5076 3179 5130 super
3205 5061 3345 5115 hanc
3373 5061 3592 5116 Petram
3619 5065 3754 5117 aedi-

2172 5156 2341 5210 ﬁcabo
2367 5154 2658 5208 Ecclesiam
2685 5168 2860 5209 meam
2892 5151 3105 5217 (Matth.
3140 5151 3273 5223 xvi).
3313 5170 3331 5204 ι
3363 5170 3381 5203 ι
3412 5152 3529 5206 Non
3560 5168 3753 5209 ascen-

2172 5250 2343 5309 distis,
2378 5247 2567 5315 inquit,
2600 5262 2664 5300 ex
2693 5246 2940 5307 adverso,
2975 5259 3149 5313 neque
3174 5244 3498 5313 opposuistis
3530 5260 3751 5299 murum

2174 5356 2269 5410 pro
2297 5340 2452 5393 domo
2478 5336 2657 5398 Israel,
2692 5346 2749 5389 ut
2778 5336 2995 5389 staretis
3017 5335 3070 5388 in
3091 5334 3274 5403 praelio
3297 5335 3347 5388 in
3366 5335 3451 5389 die
3472 5334 3709 5392 Domini.
3726 5358 3746 5389 ι

2175 5434 2374 5507 ((ἱτρςί.)
2408 5434 2482 5485 Ex
2511 5432 2734 5485 adverso
2763 5429 2957 5498 quippe
2997 5429 3291 5481 ascendere
3318 5436 3400 5481 est
3433 5443 3533 5497 pro
3557 5427 3749 5484 defen-

2173 5528 2323 5579 sione
2369 5522 2544 5593 gregis
2580 5535 2706 5574 voce
2751 5519 2919 5573 libera
2962 5517 3122 5585 hujus
3158 5516 3342 5570 mundi
3387 5518 3753 5586 potestatibus

2173 5615 2461 5671 contraire.
2488 5613 2550 5665 Et
2576 5611 2629 5665 in
2665 5610 2757 5663 Die
2788 5607 2997 5661 Domini
3027 5615 3191 5679 stare,
3215 5613 3299 5659 est
3328 5606 3381 5659 in
3412 5605 3603 5675 prmlio
3631 5623 3755 5678 pra-

2174 5706 2253 5759 vis
2296 5701 2694 5758 decertantibus
2736 5714 2801 5752 ex
2832 5695 3055 5763 iustitia:
3101 5708 3283 5748 amore
3329 5693 3607 5749 resistere.
3661 5699 3754 5752 Pa.

2176 5794 2307 5848 stori
2356 5792 2497 5847 enim
2540 5796 2685 5845 recta
2742 5786 2984 5841 timuisse
3027 5784 3203 5840 dicere
3230 5822 3244 5848 ,
3299 5781 3428 5854 quid
3480 5796 3568 5840 est
3610 5788 3752 5840 aliud
