3948 6358
233 452 341 509 655

1196 428 1545 508 COMMENT.
1588 448 1654 504 IN
1695 432 2143 505 szncanEu.
2182 480 2251 489 —
2286 450 2413 506 un.
2456 450 2541 505 vr.
3379 445 3481 502 65$

235 575 399 629 quam
425 554 653 614 tacendo
690 567 835 632 terga
873 557 1200 631 praebuisse?
1228 560 1330 627 Qui
1360 560 1615 615 nimirum
1643 561 1687 615 si
1716 576 1813 631 pro
1839 565 1889 624 A
1915 569 2233 631 consurgat,
2269 569 2324 617 et
2357 564 2613 618 extendat
2649 578 2865 617 manum
2904 578 3055 619 suam
3084 576 3245 633 super
3272 561 3389 618 illos
3417 562 3482 618 ad

232 665 399 722 grege
432 665 489 705 se
526 650 744 722 objicit,
786 666 999 706 murum
1036 666 1136 721 pro
1171 652 1330 708 domo
1368 651 1533 707 Israel
1567 650 1814 708 hostibus

231 741 476 812 opponit.
524 739 661 796 Hinc
700 757 914 797 rursum
953 740 1285 812 delinquenti
1324 742 1519 813 p0pulo
1557 743 1754 797 dicitur

240 851 260 883 ι
292 832 576 900 Propheta:
607 832 685 885 tui
715 833 963 887 viderunt
986 831 1082 886 tibi
1112 830 1248 887 falsa
1276 841 1331 887 et
1354 833 1537 898 stulta,
1571 848 1670 888 nec
1692 847 1816 903 ape-

235 930 462 975 ruerunt
491 920 829 991 iniquitatem
855 931 1023 987 tuam,
1048 931 1107 976 ut
1130 929 1182 977 te
1211 923 1278 976 ad
1302 924 1672 993 pcenitentiam
1696 938 1818 993 pro-

233 1022 517 1068 vocarent.
542 1033 561 1064 ι
581 1012 860 1082 Prophetas
884 1013 1081 1082 quippe
1098 1013 1149 1066 in
1166 1028 1319 1068 sacro
1341 996 1555 1074 eloquio
1571 1029 1817 1067 nonnun-

232 1120 403 1174 quam
426 1103 685 1159 Doctores
710 1114 989 1159 vocantur.
1019 1103 1121 1170 Qui
1144 1104 1267 1158 dum
1293 1103 1515 1174 lugitiva
1544 1120 1663 1159 esse
1682 1120 1817 1174 prae-

233 1196 415 1249 sentia
430 1194 694 1263 judicant,
725 1209 845 1263 qua
871 1201 996 1248 sunt
1020 1202 1247 1248 ventura
1276 1194 1649 1259 manifestam;
1683 1210 1816 1264 quos

234 1286 452 1339 divinus
478 1299 656 1339 sermo
683 1284 817 1338 falsa
843 1284 1028 1339 videre
1058 1284 1352 1354 redarguit.
1386 1284 1519 1351 Quia
1546 1286 1672 1339 dum
1700 1300 1819 1340 cor-

234 1375 416 1442 ripere
443 1372 628 1442 culpas
658 1381 921 1437 metuunt,
947 1372 1221 1428 incassum
1241 1372 1671 1441 delinquentibus
1694 1386 1819 1441 pro—

234 1463 406 1518 missa
450 1463 745 1517 securitate
780 1461 1159 1528 blandiuntur,
1195 1463 1287 1532 qui
1325 1462 1661 1531 iniquitatem
1694 1477 1820 1533 pec-

232 1545 475 1607 cantium
515 1567 857 1623 nequaquam
891 1553 1162 1621 aperiunt,
1189 1554 1313 1624 quia
1340 1556 1405 1609 ab
1440 1553 1820 1623 increpationis

232 1659 371 1697 voce
408 1644 778 1699 conticescunt
811 1662 824 1697 :
862 1644 1031 1699 clavis
1065 1645 1262 1715 quippe
1308 1645 1601 1714 apertionis
1642 1659 1821 1701 sermo

234 1735 596 1806 correptionis
646 1744 768 1801 est,
822 1737 912 1805 qui
963 1737 1291 1805 increpando
1335 1737 1545 1806 culpam
1587 1736 1816 1807 detegit,

233 1842 402 1895 quam
432 1842 574 1896 saepe
606 1827 779 1882 nescit
816 1828 929 1897 ipse
964 1828 1127 1882 etiam
1166 1828 1259 1897 qui
1294 1828 1640 1898 perpetravit.
1680 1828 1821 1883 Falsi

1915 654 2356 724 percutiendum,
2394 662 2448 709 et
2487 670 2591 709 non
2629 655 2909 709 contrahat
2948 654 3013 709 ad
3045 655 3402 723 parcendum,
3430 660 3487 708 et

1916 747 2309 813 comminatur,
2345 747 2485 817 quod
2527 764 2634 803 non
2666 749 2774 803 sint
2808 745 2860 803 in
2897 744 3123 805 concilio
3163 748 3343 819 populi
3388 746 3487 804 Dei

1914 834 2113 901 futuri,
2142 852 2241 892 nec
2269 838 2323 891 in
2352 838 2591 898 Ecclesia
2614 835 2746 907 ejus,
2776 841 2866 895 sed
2895 842 2945 895 in
2974 856 3238 913 synagoga
3266 838 3488 907 diaboli,

1915 940 2016 980 nec
2041 926 2347 981 scribantur
2370 926 2423 981 in
2449 928 2608 982 domo
2625 923 2809 983 Israel.
2836 928 2911 985 De
2934 926 3125 998 quibus
3152 928 3205 985 in
3239 930 3346 986 alio
3369 930 3489 986 loco

1916 1016 2112 1069 dicitur
2151 1034 2163 1068 :
2209 1021 2234 1068 ί·
2280 1031 2440 1087 super
2477 1024 2676 1072 terram
2714 1018 3038 1083 scribantur,
3070 1038 3087 1071 ι
3117 1036 3222 1074 non
3256 1018 3308 1075 in
3341 1029 3490 1074 terra

1916 1105 2102 1171 Israel,
2120 1120 2239 1175 quae
2265 1114 2409 1160 terra
2433 1106 2727 1161 viventium
2755 1116 2854 1162 est.
2884 1108 2949 1162 Et
2970 1110 3035 1163 de
3056 1118 3158 1177 qua
3180 1125 3321 1165 nunc
3354 1109 3491 1164 dici-

1919 1204 2024 1258 tur,
2048 1213 2066 1244 t
2098 1209 2196 1249 nec
2216 1195 2271 1247 in
2298 1204 2497 1250 terram
2520 1196 2679 1251 Israel
2700 1198 3083 1269 ingredientur,
3112 1217 3130 1251 ι
3157 1201 3249 1256 sed
3274 1201 3325 1254 in
3347 1211 3491 1257 terra

1920 1294 2255 1339 mortuorum
2284 1294 2338 1340 et
2364 1289 2551 1343 umbra
2588 1291 2799 1345 mortis.
2832 1288 2901 1346 Ut
2928 1300 3209 1361 postquam
3241 1293 3341 1348 ista
3370 1310 3495 1365 per-

1918 1375 2061 1444 pessi
2090 1373 2309 1441 fuerint,
2341 1380 2577 1459 separati
2603 1395 2632 1433 a
2657 1389 2799 1436 coetu
2823 1382 3002 1452 populi
3034 1383 3160 1449 Dei,
3196 1384 3495 1455 intelligant

1920 1466 2061 1535 quod
2088 1466 2205 1535 ipse
2230 1467 2301 1522 sit
2332 1468 2606 1525 Dominus.

1997 1574 2015 1604 ι
2048 1554 2126 1609 Eo
2170 1556 2314 1625 quod
2357 1542 2667 1628 deceperint
2711 1561 2962 1630 populum
3001 1578 3181 1618 meum
3224 1564 3495 1633 dicentes,

1927 1663 1945 1697 σ
1982 1643 2206 1706 Pax..et
2233 1663 2338 1703 non
2376 1658 2459 1705 est
2494 1665 2620 1719 pax.
2662 1652 2727 1705 Et
2755 1653 2870 1721 ipse
2898 1653 3193 1709 aedificabat
3215 1656 3494 1725 parietem.

1928 1753 1946 1785 ι
1983 1734 2061 1789 llli
2092 1746 2271 1791 autem
2303 1738 2703 1795 liniebanteum
2727 1739 2840 1796 luto
2864 1744 3067 1812 absque
3089 1744 3293 1814 paleis:
3318 1744 3405 1800 dic
3431 1747 3498 1802 ad

1931 1842 1948 1875 ι
1986 1840 2107 1891 eos,
2136 1828 2227 1896 qui
2268 1828 2463 1883 liniunt
2495 1830 2698 1899 absque
2741 1839 3132 1901 temperatura,
3165 1837 3306 1905 quod
3343 1850 3499 1892 casu-

233 1917 382 1972 enim
422 1917 721 1986 prophetae,
744 1914 901 1994 jqxta
947 1915 1320 1987 Septuaginta,
1362 1923 1825 1987 congregaverant
1852 1909 1897 1967 Β
1931 1934 1950 1969 ‹
1987 1932 2078 1971 rus
2107 1919 2197 1973 sit.
2224 1916 2339 1971 Erit
2369 1920 2713 1995 enim‘imber
2738 1921 3023 1988 inundans,
3055 1932 3110 1979 et
3138 1925 3272 1980 dabo
3296 1926 3500 1997 lapides

232 2022 426 2076 greges
447 2022 606 2077 super
623 2008 838 2061 domum
860 2008 1044 2073 Israel,
1066 2008 1169 2063 hoc
1190 2014 1273 2063 est
1294 2006 1663 2076 insipientium
1687 2008 1825 2061 mul-

234 2099 523 2153 titudinem
548 2108 737 2154 contra
763 2100 979 2154 domum
1004 2100 1121 2154 Dei.
1148 2098 1419 2172 (Ηεετοη.)
1436 2099 1543 2155 Nec
1568 2114 1823 2155 surrexe-

235 2196 367 2242 runt
398 2187 518 2256 ipsi,
550 2203 651 2243 nec
672 2187 806 2243 alios
830 2190 1092 2244 suscitare
1116 2196 1421 2258 potuerunt,
1448 2190 1543 2243 sed
1575 2204 1827 2258 quaecun-

235 2271 345 2347 que
360 2286 588 2347 egerunt
613 2286 666 2332 et
688 2288 873 2348 agunt,
892 2278 1051 2347 plena
1079 2278 1373 2333 mendaciis
1394 2286 1539 2333 sunt.
1565 2276 1825 2347 Quodque

234 2368 505 2437 sequitur,
534 2386 552 2417 ί
586 2366 653 2420 Ει
682 2376 960 2437 casperunt
989 2368 1250 2423 suscitare
1272 2381 1606 2432 sermonem,
1640 2385 1659 2417 ι
1696 2364 1825 2419 illud

236 2458 511 2529 signiﬁcat
537 2457 678 2526 quod
714 2457 881 2513 velint
913 2459 1127 2528 quidem
1168 2473 1529 2529 consurgere,
1565 2467 1621 2513 et
1660 2472 1719 2512 se
1760 2458 1826 2512 ad

236 2549 455 2605 excelsa
500 2548 827 2616 sustollere,
875 2548 969 2604 sed
1006 2552 1150 2620 quod
1186 2549 1408 2619 cupiant
1450 2548 1674 2618 implere
1718 2563 1826 2603 non

236 2641 470 2711 possint.
510 2640 824 2710 Diciturque
864 2640 944 2708 eis
983 2657 997 2693 :
1046 2658 1064 2693 ι
1111 2638 1299 2693 Nonne
1338 2639 1594 2693 visionem
1637 2636 1827 2692 falsam

236 2732 479 2794 vidistis,
518 2740 573 2787 et
601 2731 957 2787 divinationes
983 2746 1152 2787 vanas
1179 2729 1341 2785 locuti
1377 2730 1544 2785 estis?
1575 2749 1594 2781 ›
1629 2726 1826 2801 (Θήρ.)

238 2824 361 2879 Non
396 2838 524 2896 ergo
562 2829 977 2879 resurrexerunt
994 2862 1024 2896 ,_
1039 2822 1142 2877 hoc
1176 2831 1292 2887 est,
1322 2822 1553 2876 necdum
1588 2833 1828 2875 resurre-

238 2914 442 2970 ctionis
479 2910 744 2984 baptisma
793 2911 1071 2968 consecuti
1113 2918 1267 2977 sunt,
1305 2909 1427 2966 falsi
1462 2909 1737 2980 propheta:
1772 2914 1829 2963 et

238 3004 366 3061 falsi
393 3004 665 3075 magistri;
707 3019 827 3073 quae
864 3004 1050 3060 dicunt
1084 3016 1115 3057 a
1150 3000 1379 3071 Domino
1415 3001 1659 3056 videntes
1690 2998 1827 3055 falsa

237 3106 391 3163 sunt,
427 3112 601 3167 neque
626 3093 916 3167 aliquando
940 3102 1164 3166 possunt
1185 3093 1499 3164 conspicere
1518 3092 1823 3148 veritatem.

235 3185 441 3256 Accipe
476 3185 784 3256 exemplum
827 3203 839 3237 :
888 3185 979 3254 qui
1026 3182 1347 3253 scripturam
1379 3180 1536 3252 legit,
1572 3188 1625 3235 et
1669 3178 1825 3236 aliter

1933 2021 1953 2056 ι
1989 2007 2337 2077 ρι’ίεει-ωιίιθε
2378 2022 2541 2077 super
2588 2008 2883 2075 irruentes,
2916 2020 2970 2064 et
3007 2021 3223 2067 ventum
3253 2015 3502 2083 procella

1932 2113 1953 2148 ι
1990 2097 2360 2166 dissipantem.
2383 2095 2735 2166 Siquidemet
2756 2114 2882 2155 ecce
2906 2102 3101 2156 cecidit
3116 2104 3314 2173 paries.
3332 2102 3500 2160 Num-

1933 2205 1952 2238 ι
1991 2187 2119 2257 quid
2143 2203 2250 2242 non
2278 2188 2490 2243 dicetur
2519 2189 2691 2255 vobis,
2726 2190 2825 2245 Ubi
2858 2201 2941 2247 est
2976 2192 3134 2247 litura
3174 2206 3335 2265 quam
3365 2195 3500 2251 levi-

1931 2295 1951 2329 ι
1988 2277 2123 2332 stis?
2141 2276 2432 2348 Propterea
2452 2279 2567 2333 haec
2587 2281 2716 2334 dicit
2738 2281 2900 2348 Deus,
2923 2284 2989 2337 Et
3008 2266 3291 2355 erumpere
3303 2285 3501 2342 faciam

1931 2383 1951 2417 ε
1987 2366 2234 2435 spiritum
2262 2376 2639 2437 tempestatum
2672 2372 2724 2425 in
2754 2372 3117 2443 indignatione
3142 2391 3277 2433 mea.
3306 2377 3375 2433 Et
3402 2378 3503 2435 im-

1933 2477 1951 2509 σ
1986 2459 2085 2513 her
2112 2458 2379 2515 inundans
2412 2461 2465 2515 in
2495 2460 2674 2519 furore
2705 2478 2824 2520 meo
2854 2467 2984 2532 erit,
3018 2475 3072 2523 et
3099 2468 3301 2539 lapides
3336 2485 3502 2542 gran-

1934 2567 1953 2599 ‹
1990 2548 2087 2604 des
2114 2550 2210 2605 iras
2248 2549 2301 2604 in
2332 2555 2871 2610 consummationem.
2913 2557 2979 2611 Et
3018 2559 3291 2615 destruam
3327 2563 3509 2632 parie-

1933 2655 1951 2687 ι
1989 2645 2118 2702 tem,
2135 2653 2291 2708 quem
2308 2639 2513 2695 levistis
2527 2641 2731 2711 absque
2746 2648 3185 2713 temperamento.
3199 2646 3267 2702 Et
3280 2650 3507 2719 atquabo

1933 2743 1953 2777 ί
1986 2740 2110 2781 eum
2152 2735 2328 2782 terrae.
2368 2726 2435 2781 Et
2464 2728 2790 2799 revelabitur
2824 2730 3229 2812 fundamentum
3268 2736 3402 2806 ejus.
3438 2736 3508 2793 Et

1936 2830 1955 2864 ι
1990 2813 2149 2869 cadet
2176 2822 2229 2869 et
2256 2826 2603 2871 consumetur
2627 2819 2680 2872 in
2709 2821 2885 2876 medio
2911 2822 3048 2891 ejus,
3078 2832 3133 2878 et
3155 2824 3337 2880 scietis
3377 2828 3504 2897 quia

1933 2920 1954 2955 ι
1985 2916 2085 2975 ego
2112 2904 2389 2960 Dominus.
2416 2905 2485 2960 Et
2505 2907 2782 2977 complebo
2807 2909 3225 2982 indignationem
3251 2929 3427 2971 meam
3449 2916 3506 2973 in

1934 3010 1952 3044 ι
1986 2994 2224 3063 pariete,
2258 3004 2314 3050 et
2345 2996 2399 3051 in
2431 2997 2545 3061 his,
2574 2999 2665 3068 qui
2693 2999 2889 3056 liniunt
2920 3015 3042 3057 eum
3072 3004 3275 3075 absque
3300 3014 3506 3075 tempe-

1933 3104 1953 3137 ‹
1988 3093 2264 3152 ramento,
2296 3086 2581 3158 dicamque
2612 3090 2765 3146 vobis
2784 3129 2800 3157 ,
2827 3089 2944 3147 Non
2972 3099 3055 3149 est
3081 3094 3290 3163 paries,
3317 3101 3371 3150 et
3399 3111 3507 3151 non

1935 3183 1965 3227 ‹’
1990 3182 2151 3241 sunt,
2191 3176 2284 3247 qui
2314 3176 2509 3231 liniunt
2542 3193 2664 3235 eum
2690 3220 2705 3246 ,
2730 3183 3006 3251 prophetae
3032 3183 3226 3249 Israel,
3257 3187 3347 3256 qui
3377 3202 3505 3257 pro-

236 3249 579 3347 eam,.qnam
607 3249 867 3346 scriptum
896 3249 978 3330 est
1008 3249 1224 3344 accipit,
1255 3249 1577 3343 scripturam
1604 3263 1824 3327 menda-
1852 3249 1895 3312 Ε
1932 3285 1951 3319 ‹
1984 3268 2214 3337 phetant
2258 3269 2325 3325 ad
2368 3268 2689 3327 Jerusalem.
2728 3249 2792 3327 Et
2830 3249 3014 3329 vident
3038 3270 3092 3330 ei
3124 3249 3509 3349 visionem-pa-

236 3369 386 3426 citer
409 3369 570 3425 videt.
603 3367 706 3435 Qui
730 3382 860 3423 vero
886 3357 1035 3422 audit
1061 3366 1383 3435 scripturam
1401 3405 1417 3430 ,
1442 3369 1497 3418 dt
1524 3363 1664 3424 sicut
1682 3362 1825 3417 veri-

236 3458 372 3515 tatis
399 3458 703 3527 intellectus
732 3459 927 3523 habet,
962 3456 1041 3512 sic
1073 3470 1193 3511 eam
1228 3456 1644 3525 interpretatur,
1684 3452 1827 3507 videt

236 3547 549 3606 veritatem.
595 3546 661 3602 Et
707 3547 880 3602 sancti
924 3544 1142 3616 quidem
1177 3560 1285 3599 non
1325 3545 1566 3599 divinant
1598 3560 1612 3596 :
1648 3560 1667 3593 ι
1705 3537 1823 3595 Non

237 3639 391 3693 enim
419 3638 677 3693 divinatio
704 3638 759 3692 in
794 3635 960 3692 Iacob
996 3634 1186 3709 (Num.
1222 3634 1416 3705 mu);
1458 3646 1477 3687 ι
1511 3640 1827 3704 peccatores

237 3742 375 3783 vero
403 3728 645 3782 divinant
668 3726 802 3783 falsa
822 3766 837 3793 ,
860 3728 1101 3782 dicentes
1134 3744 1146 3779 :
1182 3744 1200 3777 ‹
1232 3723 1356 3780 Ηωο
1384 3725 1515 3779 dicit
1544 3714 1822 3801 Dominus,

238 3826 301 3871 et
324 3816 583 3873 Dominus
603 3832 710 3872 non
736 3817 881 3872 misit
903 3830 1014 3871 eos.
1039 3835 1057 3869 ι
1076 3816 1213 3871 Audi
1236 3814 1536 3879 htereticos,
1558 3814 1827 3883 quomodo

240 3907 592 3961 traditionem
618 3908 982 3977 apostolorum
1011 3907 1212 3962 habere
1244 3896 1553 3983 sedicant;
1571 3905 1695 3960 audi
1720 3905 1824 3960 fal-

239 4012 335 4053 sos
361 3997 678 4068 magistros,
704 3997 970 4066 quomodo
996 3994 1259 4050 allirment
1309 3996 1619 4073 doctrinam
1648 4011 1820 4061 suam,

243 4089 458 4144 Domini
498 4103 618 4145 esse
664 4089 995 4155 doctrinam,
1048 4098 1103 4142 et
1148 4103 1365 4143 sensum
1411 4103 1597 4153 suum,
1642 4090 1823 4144 sensui

196 4211 203 4216 -
242 4168 546 4247 congruere
567 4168 1069 4248 prophetarum,et
1096 4164 1319 4233 dicuntt
1354 4198 1372 4229 ι
1410 4178 1533 4234 Haec
1561 4178 1689 4233 dicit
1719 4180 1825 4234 Do-

237 4267 427 4322 minus
446 4309 461 4333 ,
486 4277 540 4322 et
565 4266 829 4347 Dominus
851 4251 973 4323 hon
999 4268 1147 4322 misit
1185 4282 1297 4323 eos.
1337 4289 1356 4321 ι
1384 4288 1421 4337 η(
1454 4269 1521 4323 Et
1546 4278 1829 4338 cmperunt

236 4357 509 4413 suscitare
541 4368 889 4424 sermonem;
934 4372 1112 4413 nonne
1152 4358 1412 4413 visionem
1454 4356 1643 4412 falsam
1687 4358 1824 4412 vidi-

239 4448 371 4516 stis;
412 4467 431 4500 ι
466 4448 521 4503 et
554 4448 609 4503 hi
641 4448 785 4502 enim
818 4449 1007 4527 volunt
1039 4450 1091 4503 in
1123 4447 1487 4503 defensionem
1521 4450 1601 4504 sui
1640 4462 1826 4518 quem-

240 4537 366 4592 dam
402 4552 502 4608 pro
528 4551 588 4592 se
612 4539 873 4593 suscitare
902 4552 1223 4593 sermonem.
1254 4538 1361 4592 Sed
1392 4540 1568 4609 arguit
1594 4553 1687 4593 eos
1715 4539 1821 4592 Do-

239 4627 444 4693 minus,
473 4638 528 4683 et
555 4628 705 4693 dicit,
740 4648 758 4680 ‹
796 4644 972 4684 nonne
996 4628 1255 4683 visionem
1286 4627 1477 4682 falsam
1509 4629 1735 4693 vidistis,
1766 4637 1821 4683 et

240 4722 604 4778 divinationes
629 4736 797 4776 vanas
823 4721 985 4777 locuti
1018 4722 1183 4776 estis?
1211 4721 1276 4775 Et
1300 4721 1529 4787 dixistis,
1551 4716 1691 4775 Dicit
1718 4722 1821 4776 Do-

239 4816 452 4880 minus,
486 4822 540 4870 et
562 4828 662 4886 ego
686 4831 792 4869 non
822 4830 941 4869 sum
969 4815 1196 4871 locutus.
1230 4833 1247 4867 ι

317 4924 337 4957 ι
368 4903 663 4975 PrOpterea
700 4905 815 4959 haec
839 4904 971 4959 dicit
1006 4904 1263 4958 Dominus
1290 4904 1462 4967 Deus,
1496 4901 1627 4972 quia
1652 4900 1819 4956 locuti

244 5018 264 5051 ι
301 4998 437 5053 estis
463 5000 620 5062 vana,
646 5004 699 5051 et
720 4995 931 5050 vidistis
950 4995 1307 5059 mendacium,
1337 4994 1456 5049 ideo
1478 5007 1605 5047 ecce
1627 5006 1728 5062 ego
1751 4993 1819 5047 ad

245 5109 264 5141 ι
300 5087 525 5155 vos,‘ait
562 5086 822 5141 Dominus
860 5086 1021 5141 Deus.
1053 5085 1119 5139 Et
1150 5086 1255 5139 erit
1282 5100 1469 5139 manus
1506 5098 1623 5138 mea
1659 5097 1820 5152 super

245 5197 267 5231 σ
304 5178 619 5249 prophetas,
640 5178 741 5250 qui.
756 5177 940 5232 vident
964 5192 1096 5231 vana
1123 5186 1177 5231 et
1197 5176 1440 5230 divinant
1460 5175 1817 5239 mendacium,

245 5296 264 5328 ε
305 5276 359 5329 in
389 5273 618 5329 concilio
650 5272 826 5343 populi
864 5272 967 5325 mei
1004 5286 1107 5325 non
1135 5276 1324 5334 erunt,
1356 5278 1411 5323 et
1450 5269 1503 5323 in
1541 5266 1821 5337 Scriptura

246 5384 285 5417 «ι
305 5364 500 5420 domus
524 5362 686 5432 Israel
732 5378 836 5418 non
867 5361 1191 5433 scribentur,
1221 5375 1321 5414 nec
1348 5357 1400 5413 in
1430 5367 1629 5412 terram
1658 5355 1822 5412 Israel

248 5474 269 5506 ι
312 5453 701 5526 ingredientur.
752 5452 819 5505 Et
840 5450 1042 5523 'scietis
1088 5448 1211 5517 quia
1258 5463 1356 5517 ego
1400 5462 1517 5501 sum
1564 5446 1823 5500 Dominus

248 5565 270 5598 ι
310 5545 475 5600 Deus.
503 5562 522 5595 ι
554 5541 820 5615 (Hilarem)
844 5540 955 5595 Sub
978 5540 1358 5611 prophetarum
1387 5552 1616 5608 persona
1643 5550 1822 5591 sermo

240 5646 437 5695 contra
462 5635 745 5691 hazreticos
784 5642 897 5699 est,
930 5634 1022 5703 qui
1052 5632 1344 5702 loquuntur
1367 5646 1504 5684 vana
1521 5671 1536 5696 ,
1560 5640 1615 5685 et
1641 5630 1824 5685 vident

243 5730 603 5787 mendacium.
637 5728 704 5782 Et
734 5735 1083 5797 perseverant
1119 5739 1271 5780 suam
1307 5723 1592 5778 adfirmare
1626 5723 1829 5777 doctria

244 5835 403 5885 nam,
448 5818 590 5887 quod
635 5817 749 5887 ipse
786 5816 1048 5872 Dominus
1083 5823 1273 5871 contra
1308 5827 1403 5868 eos
1442 5813 1622 5868 veniat
1662 5820 1825 5881 atque

1848 4589 1899 4647 D

1931 3376 1951 3408 ι
1987 3357 2083 3411 cis.
2123 3355 2189 3412 Et
2231 3374 2339 3414 non
2374 3368 2457 3415 est
2498 3360 2605 3415 Pax
2628 3402 2643 3427 ,
2686 3350 2815 3417 dicit
2842 3362 3101 3431 Dominus
3121 3353 3302 3432 Deus,
3339 3377 3447 3423 etc.
3482 3387 3503 3420 ι

1930 3446 2207 3517 Propheta:
2236 3448 2402 3504 Israel
2422 3450 2513 3519 qui
2541 3467 2647 3506 non
2676 3461 2835 3507 erunt
2861 3454 2915 3507 in
2938 3454 3165 3510 concilio
3185 3456 3363 3527 populi
3386 3457 3506 3523 Dei,

1928 3538 2039 3593 nec
2060 3535 2372 3619 scribentur
2410 3542 2465 3596 in
2496 3543 2765 3612 scriptura
2797 3544 2990 3601 domus
3022 3544 3219 3613 Israel,
3260 3560 3361 3603 nec
3398 3557 3508 3604 tero

1930 3644 2044 3682 ram
2090 3630 2525 3700 repromissionis
2570 3632 2869 3688 intrabunt.
2912 3634 3038 3691 Ideo
3080 3638 3181 3692 ista
3209 3637 3508 3709 patientur,

1928 3711 2053 3786 quia
2079 3718 2405 3788 deceperunt
2425 3720 2675 3791 populum
2701 3717 2886 3778 ‘meum
2912 3739 3010 3793 pro
3036 3725 3210 3794 rigore
3234 3730 3505 3797 paeniten-

1930 3811 2051 3875 tiae,
2087 3818 2142 3865 et
2173 3812 2540 3867 conversionis
2572 3813 2785 3883 injuria,
2817 3831 3003 3886 pacem
3039 3818 3118 3873 eis
3154 3828 3208 3874 et
3247 3834 3506 3893 prospera

1928 3901 2277 3967 nuntiantes,
2326 3904 2619 3959 secundum
2665 3904 2836 3971 illud,
2880 3909 3023 3977 quod
3068 3908 3196 3967 alibi
3243 3911 3441 3967 dicitur
3488 3932 3502 3969 :

1933 4008 1952 4041 ι
1987 3989 2127 4055 Pax,
2155 4007 2278 4061 pax,
2313 4001 2368 4048 et
2392 3980 2499 4047 non
2534 4003 2617 4049 est
2640 4010 2744 4067 pax
2775 3994 2909 4067 (Jer.
2941 3997 3079 4069 vni).
3106 4018 3124 4049 ι
3156 3997 3298 4055 Deus
3327 4003 3509 4072 itaque

1930 4082 2333 4152 metaphorictns
2355 4082 2661 4141 aediﬁcabat
2692 4086 2772 4142 eis
2792 4102 2889 4156 per
2914 4088 3047 4158 legis
3076 4090 3351 4157 mandata,
3380 4108 3508 4148 san-

1927 4182 2245 4243 ctorumque
2280 4173 2664 4251 prophetarum
2700 4174 2923 4246 eloquia
2951 4186 3008 4232 et
3036 4181 3499 4248 comminationes,

1926 4263 2236 4317 maceriam.
2269 4250 2395 4319 Hoc
2430 4263 2577 4318 enim
2612 4264 2838 4320 verbum
2875 4265 3193 4321 Hebraicum
3234 4267 3506 4340 signiﬁcat

1925 4359 2037 4423 his,
2082 4367 2142 4413 ut
2176 4374 2392 4413 onmem
2442 4359 2511 4413 ab
2541 4357 2646 4413 illis
2684 4358 3049 4416 incursionem
3086 4362 3378 4417 bestiarum
3400 4403 3414 4427 ,
3448 4373 3505 4418 et

1924 4448 2170 4503 hostilem
2193 4438 2451 4517 impetum
2469 4449 2831 4515 submdveret,
2846 4450 2969 4504 dum
2996 4452 3240 4506 conversi
3255 4451 3321 4505 ad
3333 4452 3502 4515 Deum

1926 4540 2029 4593 hoc
2068 4539 2220 4608 quasi
2263 4552 2418 4593 muro
2456 4544 2510 4593 et
2548 4538 2754 4609 pariete
2791 4538 3099 4596 firmissimo
3135 4543 3499 4612 cingerentur.

1926 4628 2407 4698 PseudOprophetaa
2422 4642 2551 4683 vero
2572 4638 2678 4683 non
2704 4627 2890 4693 semel,
2908 4629 3000 4684 sed
3024 4627 3334 4700 frequenter
3348 4631 3504 4700 polli-

1924 4722 2185 4777 cebantur
2210 4720 2288 4774 eis
2318 4734 2526 4791 pacem.
2556 4718 2669 4777 Hoc
2695 4720 2841 4776 enim
2869 4721 3128 4791 repetitus
3149 4723 3299 4792 pacis
3322 4736 3501 4779 sermo

1922 4802 2187 4880 significat
2220 4828 2232 4862 :
2272 4827 2290 4860 ί
2327 4808 2443 4875 Dic,
2470 4809 2670 4881 inquit,
2698 4810 2765 4865 ad
2786 4824 2899 4877 eos,
2931 4829 2951 4863 ι
2975 4810 3067 4881 qui
3088 4810 3193 4866 illis
3217 4826 3354 4873 vana
3376 4827 3503 4881 pro-

1922 4901 2177 4964 mittunt,
2220 4906 2275 4953 et
2299 4912 2512 4955 cassum
2545 4899 2867 4969 pollicentur
2905 4900 3162 4955 auxilium
3182 4940 3197 4967 ,
3230 4902 3374 4972 quod
3407 4918 3501 4958 ca-

1921 5009 2081 5049 surus
2110 4994 2181 5048 sit
2213 4994 2314 5049 iste
2342 4994 2522 5063 paries
2545 5002 2601 5048 et
2629 4992 2745 5048 haec
2773 4993 3027 5048 maceria.
3060 5011 3080 5046 ‹
3116 4993 3183 5048 Et
3210 4994 3499 5052 immittam

1882 5110 1883 5113 η
1923 5084 2149 5138 imbrem
2178 5083 2733 5137 vehementissimum.
2769 5100 2789 5133 ι
2821 5080 3015 5137 Hostes
3046 5082 3293 5138 videlicet
3316 5084 3504 5139 savis-

1924 5175 2109 5239 simos,
2128 5173 2449 5245 Babylonios
2471 5180 2650 5232 autem
2672 5170 3055 5242 Chaldaeosque
3073 5172 3360 5243 signiﬁcat.
3386 5192 3406 5225 ‹
3431 5173 3501 5230 Et

1923 5268 2127 5337 lapides
2164 5266 2439 5337 grandinis
2488 5266 2717 5335 desuper
2759 5265 3043 5319 irruentes.
3095 5284 3113 5317 ι
3161 5262 3354 5321 Omnia
3401 5279 3500 5335 per

1924 5358 2293 5427 metaphoram
2312 5396 2326 5421 ,
2354 5370 2461 5426 quo
2502 5355 2803 5411 instabilem
2833 5355 3119 5410 maceriam
3144 5355 3353 5410 subitus
3390 5361 3502 5409 tur-

1925 5451 1995 5504 bo
2026 5450 2301 5503 subvertat
2326 5456 2380 5501 et
2407 5448 2647 5501 subruat.
2667 5445 2730 5498 Et
2750 5453 2933 5515 postea
2962 5444 3172 5498 dicatur
3195 5444 3292 5508 eis,
3319 5442 3372 5498 id
3392 5451 3497 5511 est,

1924 5538 2425 5609 pseudoprophetis,
2464 5538 2565 5593 Ubi
2617 5547 2699 5592 est
2738 5536 2897 5591 litura
2924 5577 2939 5601 ,
2972 5552 3131 5607 quam
3170 5536 3405 5603 levistis,
3443 5544 3502 5593 et

1926 5632 2040 5693 ubi,
2063 5630 2203 5698 quod
2225 5628 2447 5699 polliciti
2475 5628 2604 5682 estis
2630 5626 2919 5681 auxilium?
2942 5625 3209 5696 Quidquid
3232 5636 3408 5681 autem
3431 5626 3501 5681 de

1924 5718 2406 5789 pseudoprophetis
2451 5717 2721 5781 diximus,
2776 5716 2831 5770 et
2877 5717 2944 5771 ad
2983 5717 3266 5772 haeretiCOs
3305 5714 3498 5772 referri

1927 5818 2121 5879 p0tcst.
2158 5808 2308 5874 Quod
2346 5808 2524 5863 omnia
2552 5821 2739 5862 eorum
2777 5806 3028 5876 figmenta
3057 5804 3152 5863 Dei
3182 5806 3260 5861 ira
3289 5807 3477 5863 solvan
