3948 6364
484 408 592 464 655

1131 407 1190 461 Β.
1231 406 1485 464 RABANI
1522 407 1739 464 M‘AURI
1777 406 2048 464 ARCHlEl

2152 406 2445 463 iIOGUNT.
2487 407 2774 465 OPERUM
2813 408 2991 463 PARS
3032 410 3094 463 ll.

3655 412 3753 468 656

484 532 607 591 tur;
630 528 687 578 et
707 519 992 578 aedificatio
1020 519 1376 589 pessimorum
1398 522 1728 590 dogmatum,
1750 536 1867 590 qua:
1898 518 2068 589 Spiri-
2096 526 2143 581 Α
2171 519 2376 589 gelistm
2403 529 2638 589 quatuor
2668 520 2789 575 filia:
2824 523 3207 591 proplietantes
3233 522 3370 595 (Act.
3404 525 3520 597 χιιι)
3538 567 3553 591 ,
3586 526 3753 597 inspi-

489 620 580 666 tus
596 608 770 664 sancti
797 622 908 661 non
928 606 1091 661 habet
1107 604 1522 661 condimentum
1547 613 1787 667 corruat,
1809 614 1864 657 et
1894 598 2067 671 usque

488 702 556 757 ad
568 700 929 756 fundamenta
944 713 998 755 et
1015 699 1292 769 pulverem
1311 698 1605 761 dilabatur,
1623 705 1675 751 et
1693 708 1939 765 aequi-tur
1956 696 2066 763 ipsa

489 794 928 856 maceriaterrae,
975 800 1032 847 et
1052 792 1231 856 cadat,
1264 800 1319 846 et
1339 800 1733 846 consumantur
1762 790 2069 859 prophetae,

487 886 581 958 qui
604 885 1027 956 promittebant,
1064 893 1119 939 et
1147 884 1389 954 populus
1420 884 1506 937 cui
1554 881 1978 952 promittebatur
2013 880 2065 932 in

485 979 670 1036 medio
686 979 824 1050 eius.
846 978 915 1034 Ut
935 986 1227 1048 postquam
1258 974 1614 1046 compleverit
1638 974 2065 1043 indignationem

486 1085 663 1135 suam,
688 1081 743 1126 et
768 1071 973 1127 dixerit
997 1071 1077 1125 eis
1111 1086 1125 1123 :
1158 1069 1305 1125 «Non
1330 1082 1413 1125 est
1442 1070 1543 1131 iste
1572 1066 1812 1143 paries,i
1832 1067 1937 1119 hoc
1955 1074 2062 1129 est,

486 1182 594 1221 non
614 1176 886 1222 cstvestra
912 1164 1179 1227 defensio,
1205 1173 1258 1218 et
1284 1178 1390 1215 non
1411 1161 1651 1229 suntqui
1674 1159 1879 1213 liniunt
1914 1172 2063 1223 cura,

478 1261 576 1314 sed
594 1260 775 1313 omnia
789 1273 927 1312 vana
945 1234 1093 1323 sunt,
1109 1265 1163 1311 et
1182 1254 1234 1309 in
1252 1254 1481 1309 nihilum
1498 1250 1860 1324 proficientia:
1874 1267 1891 1301 ι
1906 1249 2065 1305 Tunc

483 1338 648 1419 opere
665 1350 1028 1420 cognoscatis,
1051 1346 1195 1417 quod
1213 1361 1313 1417 ego
1347 1360 1469 1401 sum
1494 1344 1779 1400 Dominus.
1803 1360 1824 1395 ι
1854 1341 1926 1397 Ut
1956 1357 2063 1397 au-

486 1450 594 1497 tem
632 1443 888 1506 sciamus,
912 1439 1262 1509 quisuntisti
1286 1438 1380 1510 qui
1402 1432 1605 1493 liniunt
1646 1436 1935 1507 parietem,
1961 1448 2064 1492 se-

471 1515 689 1596 quitur:
720 1542 736 1575 ι
770 1522 1049 1592 Prophetas
1070 1521 1255 1585 lsrael,
1284 1540 1302 1571 ›
1331 1522 1433 1574 hoc
1452 1529 1532 1573 est
1554 1518 2060 1587 pseudoprophetze,

478 1632 496 1667 ι
524 1615 616 1685 qui
643 1613 967 1684 prephetant
990 1613 1054 1666 ad
1085 1610 1403 1675 Jerusalem,
1429 1618 1483 1663 et
1512 1609 1695 1663 vident
1721 1610 1769 1662 ei
1800 1608 2059 1661 visionem

473 1707 644 1778 pacis,
676 1726 694 1756 ›
732 1706 819 1759 isti
849 1713 974 1759 sunt
1000 1718 1158 1758 causa
1186 1702 1391 1772 peccati
1425 1712 1477 1755 et
1502 1702 1670 1755 ruina:
1696 1709 1749 1754 et
1775 1700 1950 1755 sttiltre
1980 1715 2063 1755 se-

470 1798 736 1865 curitatis.
769 1801 787 1848 ὁ
820 1795 937 1850 Non
964 1796 1107 1850 enim
1134 1797 1236 1849 erit
1260 1810 1383 1864 pax,
1410 1794 1538 1848 dicit
1568 1794 1843 1848 Dominus.
1878 1816 1895 1845 ι
1922 1793 2058 1860 Quia

2173 611 2433 663 rebantur
2457 610 2751 664 daemonica
2767 611 2977 679 spiritu,
2996 612 3156 682 hujus
3178 628 3339 669 sexus
3363 615 3502 681 alim,
3526 632 3752 686 quarum

2172 696 2269 751 fuit
2312 698 2498 753 Prisca
2528 708 2583 753 ct
2608 698 2918 765 Maximilla,
2960 716 3077 769 qua:
3124 704 3508 760 vaticinatione
3536 708 3756 763 menda-

2168 792 2235 843 cii
2280 791 2436 845 fidem
2486 794 2867 847 subverterunt
2904 796 3169 851 veritatis.
3211 796 3320 851 Has
3351 808 3533 852 autem
3571 800 3755 856 dicunt

2170 879 2377 936 Hebraei
2412 882 2673 937 maleﬁcis
2710 885 2917 940 artibus
2959 887 3201 941 eruditas
3231 898 3327 956 per
3358 891 3757 947 necromantia:

2166 979 2219 1025 et
2246 973 2521 1042 pythicum
2550 975 2823 1042 spiritum,
2856 976 3031 1045 qualis
3066 976 3168 1031 fuit
3206 979 3295 1033 illa
3316 1021 3330 1045 ,
3374 994 3495 1048 qua:
3526 982 3634 1035 visa
3674 992 3756 1037 est

2166 1064 2456 1127 suscitasse
2496 1066 2730 1118 animam
2766 1065 3029 1122 Samuelis
3072 1067 3131 1139 (I
3174 1068 3295 1140 Reg.
3336 1072 3571 1141 xxnu);
3617 1082 3669 1128 et
3698 1074 3757 1129 in

2166 1154 2387 1209 Actibus
2413 1157 2806 1226 apostolorum,
2838 1159 2990 1227 cujus
3016 1160 3274 1218 divinatio
3300 1164 3498 1218 multos
3521 1164 3757 1221 dominis

2166 1247 2369 1301 reditus
2400 1248 2737 1317 adquirebat.
2779 1250 2850 1304 De
2892 1266 2995 1319 qua
3032 1267 3131 1321 per
3158 1255 3381 1322 apostoli
3410 1255 3559 1310 Pauli
3586 1256 3757 1326 impe-

2164 1338 2302 1390 rium
2330 1338 2639 1394 immundus
2658 1340 2880 1409 .ejcctus
2923 1351 3003 1395 est
3041 1342 3263 1411 spiritus
3291 1344 3443 1413 (Act.
3464 1360 3550 1398 XVI
3570 1346 3608 1409 ).
3641 1344 3753 1401 Nos

2162 1436 2343 1483 autem
2382 1428 2456 1482 ita
2499 1430 2737 1485 dicemus
2768 1433 2900 1487 alios
2934 1434 3218 1488 haereticos
3256 1434 3489 1491 falsitate
3525 1436 3753 1505 dogma-

2164 1526 2277 1572 tum
2316 1534 2535 1574 suorum
2566 1522 2861 1589 praedicare
2905 1524 3189 1590 virtutem,
3237 1541 3466 1593 quorum
3512 1526 3613 1579 fuit
3645 1525 3752 1598 Py-

2164 1608 2414 1677 thagoras
2435 1616 2488 1664 et
2513 1610 2679 1675 Zeno,
2711 1629 2738 1666 a
2769 1629 2874 1681 quo
2904 1612 3093 1678 Stoici,
3120 1616 3368 1670 indorum
3394 1617 3752 1674 brachmanes

2160 1708 2213 1752 et
2249 1688 2566 1771 IEthiopunr
2605 1702 3103 1773 Gymnosopliistaz,
3144 1708 3234 1775 qui
3277 1708 3345 1762 ob
3372 1710 3547 1763 victus
3579 1709 3753 1764 conti-

2161 1791 2399 1846 nentiam
2428 1794 2746 1848 miraculum
2772 1796 2851 1849 sui
2879 1798 3167 1866 gentilibus
3191 1799 3453 1853 tribuunt.
3478 1799 3753 1871 Recteque

471 1888 730 1944 Dominus
755 1902 860 1940 non
893 1886 1038 1940 misit
1064 1900 1185 1950 eos,
1218 1900 1316 1939 nec
1342 1892 1424 1937 est
1462 1885 1672 1938 locutus
1702 1885 1769 1938 ad
1794 1899 1907 1939 eos.
1938 1884 2052 1940 Hoc
2082 1870 2128 1930 Β
2157 1881 2411 1936 dicuntur
2449 1886 2709 1952 parietem
2756 1887 2912 1942 linire
2934 1928 2947 1953 ,
2995 1898 3045 1943 et
3096 1891 3328 1958 aliquam
3376 1890 3751 1948 fortitudinem

469 1977 613 2046 quod
639 1975 987 2045 Septuaginta
1017 1973 1423 2027 transtulerunt.
1460 1992 1475 2023 ι
1508 1974 1573 2026 Et
1598 1973 2057 2042 superjuncturas

467 2084 676 2132 eorum,
716 2088 733 2119 ι
763 2068 815 2122 in
845 2066 1109 2121 Hebraico
1141 2080 1247 2119 non
1277 2066 1523 2120 habetur.
1564 2066 1844 2136 Significat
1874 2075 2053 2120 autem

464 2159 747 2229 jiinctnras
774 2158 1007 2228 lapidum
1051 2160 1101 2211 in
1143 2158 1351 2226 pariete
1389 2158 1473 2212 vel
1520 2157 1846 2212 adminicula
1889 2158 2057 2229 ligno-

469 2269 611 2317 rum,
641 2250 836 2322 quibus
856 2251 1090 2321 parietes
1114 2252 1454 2305 roborantur.
1486 2249 1705 2304 Necnon
1736 2250 1885 2315 illud,
1912 2253 2055 2319 quod

468 2359 631 2419 supra
674 2344 929 2415 legimus,
971 2343 1083 2410 ipse
1124 2341 1427 2395 aedificabat
1469 2340 1556 2395 vel
1602 2340 1831 2395 aediﬁcat
1878 2342 2054 2409 parie-

469 2445 601 2501 tem,
623 2433 864 2504 plerique
885 2433 952 2487 ad
981 2430 1231 2502 populum
1262 2430 1708 2495 referuntlsrael,
1737 2432 1828 2499 qui
1854 2446 2050 2484 vanum

466 2524 567 2580 sibi
608 2523 695 2579 vel
734 2520 1146 2593 IEgyptiorum,
1204 2521 1287 2587 vel
1325 2523 1476 2591 pacis
1523 2522 1782 2576 auxilium
1829 2525 2052 2592 promit-

468 2613 636 2670 lebat.

542 2723 560 2757 ι
602 2703 667 2759 Et
700 2712 789 2791 tu,
840 2702 910 2756 fili
966 2702 1229 2768 hominis,
1268 2716 1407 2772 pone
1443 2700 1636 2756 faciem
1678 2710 1825 2757 tuam
1864 2715 2049 2760 contra

470 2815 487 2848 ι
527 2794 663 2849 filias
686 2792 865 2864 populi
884 2792 982 2857 tui,
1000 2808 1118 2861 qum
1133 2796 1457 2863 prephetant
1480 2793 1544 2847 de
1564 2794 1725 2848 corde
1749 2810 1865 2858 suo,
1892 2804 1946 2849 et
1970 2812 2051 2850 va-

466 2907 485 2937 ι
525 2885 751 2941 ticinare
771 2900 933 2955 super
953 2899 1063 2949 eas,
1082 2895 1133 2938 et
1149 2884 1232 2938 die
1252 2901 1263 2936 :
1285 2883 1410 2937 Hcce
1432 2884 1562 2938 dicit
1586 2884 1843 2939 Dominus
1865 2886 2006 2941 Deus
2030 2906 2043 2941 :

464 2996 486 3027 c
530 2974 620 3031 Vm
660 2975 777 3040 bis,
812 2976 903 3045 qui
945 2982 1211 3029 consuunt
1250 2973 1501 3045 pulvillos
1543 2975 1641 3029 sub
1679 2977 1825 3032 omni
1866 2978 2047 3032 cubitu

464 3085 488 3121 ι
522 3082 746 3132 manus,
783 3072 837 3121 et
874 3064 1078 3121 faciunt
1115 3065 1400 3121 cervicalia
1440 3067 1539 3121 sub
1578 3068 1752 3136 capite
1784 3069 2047 3125 universa:

463 3175 485 3209 ι
523 3157 701 3214 aetatis
730 3156 797 3212 ad
824 3156 1118 3227 capiendas
1148 3158 1373 3209 animas.
1410 3156 1476 3210 Et
1504 3172 1626 3211 cum
1651 3169 1907 3226 caperent
1930 3161 2047 3215 ani-

2157 1976 2432 2047 polliceri,
2460 1981 2554 2035 sed
2578 1982 2702 2049 quia
2732 1982 3005 2037 Christum
3059 2002 3161 2038 non
3212 1985 3414 2040 habent
3437 1987 3751 2041 condimen-

2161 2075 2293 2133 tum,
2323 2084 2495 2124 vanus
2522 2081 2602 2125 est
2632 2088 2815 2126 eorum
2848 2074 3034 2139 labor,
3074 2094 3090 2124 ι
3127 2085 3180 2129 et
3223 2076 3465 2145 peritura
3516 2076 3749 2131 :ediiica-

2158 2158 2254 2212 tio.
2299 2178 2316 2209 r
2356 2159 2467 2214 Nisi
2520 2162 2663 2214 enim
2716 2163 2971 2218 Dominus
3020 2167 3364 2221 aediﬁcaverit
3409 2169 3661 2233 domum,
3694 2168 3748 2223 in

2157 2262 2353 2301 vanum
2413 2248 2821 2313 laboraverunt,
2889 2254 2979 2321 qui
3041 2256 3309 2309 reililicant
3378 2273 3497 2311 eam
3572 2255 3745 2326 (Ρεαε.

2156 2341 2357 2405 cxxvr).
2402 2360 2417 2389 ι
2461 2341 2563 2395 Alii
2594 2352 2771 2396 autem
2826 2344 3159 2414 voluptatum
3185 2347 3535 2417 libidinisque
3563 2349 3750 2404 docto-

2158 2444 2243 2481 res
2272 2430 2522 2484 dicuntur
2568 2446 2829 2488 consuere
2877 2436 3125 2504 pulvillos
3156 2446 3209 2491 et
3238 2453 3439 2506 ponere
3469 2441 3568 2494 sub
3597 2440 3746 2495 omni

2155 2518 2339 2571 cubitu
2384 2536 2590 2581 manus,
2628 2522 2873 2591 Epicurei
2926 2535 2980 2578 et
3010 2526 3326 2595 Pyrrhonii,
3369 2536 3423 2582 et
3454 2526 3618 2597 apud'
3646 2544 3748 2585 nos

2154 2602 2465 2664 Iovinianus
2495 2620 2546 2666 et
2574 2611 2886 2677 Ennomius,
2916 2616 3007 2684 qui
3033 2619 3217 2671 dicunt
3246 2636 3257 2669 :
3296 2638 3313 2670 ι
3356 2619 3746 2677 Manducemus

2153 2706 2207 2751 et
2242 2698 2509 2759 bibamus.
2544 2717 2666 2757 cras
2709 2705 2853 2759 enim
2887 2707 3183 2762 moriemur
3214 2709 3349 2779 (13a.
3390 2714 3553 2783 xxii).
3596 2732 3614 2765 ι
3644 2710 3744 2768 Ju-

2151 2786 2309 2841 betur
2355 2805 2483 2860 ergo
2535 2793 2795 2861 propheta
2827 2810 3029 2863 ponere
3074 2798 3186 2851 sive
3226 2798 3521 2856 obfirmare
3548 2801 3743 2859 faciem

2153 2892 2305 2930 suam
2342 2888 2527 2934 contra
2562 2881 2700 2936 tilias
2728 2885 2907 2953 populi
2938 2886 3040 2939 sui.
3077 2886 3425 2959 Primumque
3453 2891 3742 2949 dicendum

2154 2967 2277 3037 quid
2309 2969 2408 3029 sibi
2446 2970 2574 3024 velit
2596 2973 2769 3041 posita
2793 2974 2961 3030 facies
2992 2978 3107 3032 sive
3140 2979 3363 3045 directa,
3398 2991 3451 3035 et
3487 2982 3744 3039 obﬁrma-

2152 3066 2234 3123 ta;
2292 3075 2484 3130 nempe
2536 3062 2686 3128 illud,
2740 3067 2881 3133 quod
2938 3068 3001 3120 de
3059 3068 3284 3123 Domino
3312 3072 3573 3141 scriptum
3606 3084 3739 3132 est:

2158 3167 2175 3201 ‹
2212 3150 2399 3205 Facies
2439 3152 2649 3207 Domini
2682 3171 2843 3225 super
2870 3157 3131 3213 facientes
3163 3160 3319 3225 mala,
3362 3172 3423 3216 ut
3464 3164 3744 3234 disperdat

464 3269 487 3305 ι
524 3267 640 3307 mas
660 3251 841 3322 populi
868 3251 991 3311 mei,
1011 3248 1358 3305 viviﬁcabant
1379 3251 1586 3306 animas
1610 3266 1821 3307 eorum.
1850 3253 1915 3308 Et
1936 3256 2046 3309 vio-

2152 3240 2216 3294 de
2258 3249 2401 3296 terra
2435 3245 2749 3298 memoriam
2786 3262 2971 3301 eorum
2998 3247 3169 3317 (I’sal.
3200 3251 3421 3321 χχχιιι).
3455 3272 3471 3303 ι
3517 3272 3535 3305 ι
3576 3253 3733 3310 Sicut

463 3362 484 3399 ι
519 3342 708 3400 labant
752 3357 841 3398 me
882 3342 950 3397 ad
995 3340 1249 3412 populum
1295 3356 1472 3396 meum
1518 3352 1737 3413 propter
1781 3346 2043 3416 pugillum

462 3455 485 3491 σ
520 3435 710 3494 hordei
736 3443 794 3491 et
824 3433 1187 3506 fragmentum
1214 3433 1400 3502 panis,
1435 3442 1496 3488 ut
1530 3436 1899 3493 interficerent
1929 3441 2044 3493 ani-

461 3544 484 3582 c
517 3542 638 3584 mas
658 3540 777 3596 qua:
797 3538 903 3581 non
922 3522 1244 3589 moriuntur,
1262 3532 1316 3578 et
1337 3523 1673 3581 vivificarent
1696 3528 1903 3582 animas
1923 3544 2043 3599 qua:

462 3636 482 3672 α
516 3608 628 3675 non
654 3616 872 3681 vivunt,
903 3614 1227 3670 mentientes
1253 3614 1450 3685 populo
1480 3630 1602 3671 meo
1635 3618 1873 3674 credenti
1902 3636 2045 3675 men-

463 3724 483 3761 ι
522 3706 711 3765 daciis.
740 3703 1034 3775 Propterea
1068 3702 1186 3758 haec
1214 3704 1341 3759 dicit
1386 3703 1646 3761 Dominus
1683 3706 1825 3763 Deus
1857 3726 1869 3760 :
1905 3708 2043 3765 Ecce

464 3818 485 3854 ι
523 3815 624 3873 ego
649 3799 717 3854 ad
743 3797 992 3869 pulvillos
1012 3804 1241 3861 vestros,
1264 3796 1461 3868 quibus
1489 3812 1586 3851 vos
1612 3797 1805 3868 capitis
1834 3800 2045 3857 animas

464 3906 483 3941 ε
528 3889 788 3954 volantes,
816 3896 870 3942 et
896 3887 1227 3956 disrumpam
1257 3901 1351 3941 eos
1376 3888 1442 3942 de
1469 3887 1707 3943 brachiis
1732 3891 1947 3945 vestris.
1980 3892 2047 3946 Et

464 4000 484 4033 ι
522 3979 789 4037 dimittam
824 3979 1060 4041 animas,
1091 3992 1228 4047 quas
1256 3991 1350 4031 vos
1377 3978 1588 4047 capitis,
1618 3980 1825 4034 animas
1857 3981 1923 4034 ad
1951 3998 2045 4036 vo-

464 4092 482 4125 ι
521 4070 739 4126 landum
769 4088 783 4123 :
813 4070 877 4123 Et
907 4070 1237 4139 disrumpam
1268 4067 1555 4123 cervicalia
1590 4079 1767 4123 vestra
1788 4111 1803 4136 ,
1834 4080 1885 4126 et
1914 4072 2045 4126 libe-

466 4187 482 4215 ι
528 4165 658 4219 rabo
683 4163 937 4233 populum
969 4178 1146 4216 meum
1180 4162 1245 4214 de
1274 4176 1433 4215 manu
1466 4171 1668 4227 vestra,
1693 4178 1866 4232 neque
1886 4175 2045 4221 erunt

464 4276 481 4306 α
520 4253 658 4309 ultra
698 4254 749 4306 in
782 4252 1032 4306 manibus
1060 4250 1259 4305 vestris
1288 4252 1356 4304 ad
1398 4252 1765 4319 prcedandum.
1806 4255 1871 4309 Et
1904 4258 2043 4311 scic-

464 4364 479 4393 ι
526 4343 625 4407 tis,
656 4343 781 4412 quia
820 4358 917 4411 ego
949 4341 1203 4394 Dominus
1232 4356 1245 4393 :
1271 4354 1369 4410 pro
1395 4356 1458 4394 eo
1478 4384 1491 4405 ,
1527 4344 1667 4411 quod
1700 4360 1784 4399 me
1814 4361 2043 4403 maerere

464 4453 482 4483 ι
524 4435 726 4488 let-istis
752 4448 843 4486 cor
866 4433 995 4501 justi
1026 4430 1356 4485 mendaciter
1382 4471 1395 4496 ,
1427 4447 1584 4500 quem
1625 4449 1731 4487 non
1758 4438 2043 4491 contrista-

462 4547 481 4578 ι
523 4527 592 4587 vi,
624 4533 679 4579 et
703 4523 1051 4579 eonfortastis
1083 4537 1274 4576 manus
1302 4523 1480 4592 impii,
1514 4533 1571 4578 ut
1606 4540 1711 4580 non
1743 4538 2042 4585 revertere-

460 4640 482 4671 ι
520 4626 607 4671 tur
630 4633 660 4671 a
689 4618 775 4669 via
804 4630 898 4669 sua
930 4614 1068 4669 mala
1089 4622 1141 4668 et
1170 4615 1389 4669 viveret.
1431 4614 1719 4685 Propterea
1753 4635 1887 4674 vana
1934 4640 2041 4679 non

458 4728 481 4763 ι
514 4706 768 4763 videbitis
784 4715 836 4759 et
860 4704 1217 4759 divinationes
1248 4720 1351 4758 non
1380 4707 1689 4761 divinabitis
1714 4711 1961 4779 amplius,
1986 4724 2041 4768 et

457 4817 479 4852 ι
516 4812 703 4854 eruam
728 4796 980 4867 pupulum
1011 4810 1187 4849 meum
1219 4796 1285 4851 de
1312 4812 1471 4849 manu
1516 4807 1689 4853 vestra
1709 4840 1722 4864 ,
1768 4810 1819 4855 et
1856 4804 2037 4861 scietis

459 4908 481 4942 ε
518 4888 647 4961 quia
675 4902 775 4958 ego
804 4887 1081 4951 Dominus,
1131 4906 1148 4937 ι
1184 4895 1285 4939 etc.
1327 4885 1501 4956 Supra
1541 4890 1607 4943 ad
1637 4893 1930 4959 prophetas
1958 4896 2038 4948 di-

451 4982 614 5036 vinus
644 4992 822 5033 sermo
852 4977 1090 5031 directus
1118 4985 1230 5043 est,
1272 4977 1362 5045 qui
1402 4978 1520 5032 luto
1562 4979 1821 5035 liniebant
1856 4985 2033 5052 parie-

456 5083 593 5137 tem,
648 5070 791 5141 quod
833 5070 1014 5141 paleas
1054 5085 1158 5123 non
1210 5068 1469 5135 haberet,
1512 5086 1612 5126 nec
1650 5072 1817 5128 ullum
1857 5086 2039 5144 posset

453 5161 647 5235 parieti
674 5164 785 5216 sive
812 5158 1061 5216 macerim
1105 5159 1269 5212 robur
1300 5160 1555 5214 tribuere.
1587 5161 1738 5217 Nunc
1780 5165 2038 5221 adversus

456 5256 596 5311 ﬁlias
640 5252 818 5325 populi
856 5252 1221 5323 prophetissas
1254 5250 1473 5321 iubetur
1510 5253 1703 5308 faciem
1745 5271 1896 5310 suam
1937 5273 2034 5325 po-

456 5360 587 5401 nere
620 5345 733 5400 sive
759 5341 1020 5415 dirigere,
1057 5350 1110 5395 et
1146 5351 1202 5394 ut
1236 5341 1587 5414 Septuaginta
1625 5346 2033 5411 transtulerunt,

459 5462 476 5487 ς
518 5434 827 5489 obfirmare.
864 5450 883 5483 ι
918 5431 1194 5498 Quomodo
1224 5442 1401 5485 autem
1432 5434 1717 5488 adversum
1742 5438 2033 5505 prophetas

456 5527 548 5582 alii
580 5521 1056 5594 pseudoprophetre
1096 5520 1497 5590 inspirabuntur
1537 5524 1797 5579 diabolico
1846 5528 2034 5594 Spiritu

458 5626 519 5671 ut
544 5615 633 5671 Dei
663 5612 913 5668 mandata
946 5610 1346 5673 subverterent,
1376 5612 1446 5665 ita
1475 5612 1757 5667 adversum
1805 5618 2037 5685 prophe-

462 5710 651 5773 tissas,
687 5704 861 5777 qualis
905 5702 1005 5758 fuit
1046 5702 1251 5756 chora
1290 5700 1500 5771 (Judic.
1531 5702 1629 5772 ν),
1665 5714 1717 5758 et
1754 5704 1885 5760 Olda
1929 5705 2025 5779 (ιν

464 5800 583 5873 lica.
620 5799 783 5872 χχιι),
816 5805 871 5852 et
900 5798 949 5851 in
977 5794 1200 5850 Actibus
1229 5795 1588 5865 apostolorum
1620 5796 1844 5869 Philippi
1874 5816 2035 5856 evan-

2149 3332 2290 3385 enim
2321 3332 2567 3401 liquescit
2595 3351 2715 3389 cera
2750 3352 2777 3390 a
2809 3337 2944 3392 facie
2970 3338 3134 3409 ignis,
3165 3342 3242 3396 sic
3283 3351 3514 3412 pereunt
3543 3359 3741 3414 pecca-

2148 3430 2292 3476 tores
2347 3437 2373 3475 a
2421 3422 2559 3479 l‘acie
2616 3426 2709 3480 Dei
2763 3425 2933 3495 (Psal.
3001 3431 3193 3501 Lrvn).
3238 3451 3254 3481 ι
3309 3432 3401 3487 Vm
3447 3434 3610 3504 igitur
3650 3435 3741 3491 his

2147 3512 2441 3568 haeresibus
2508 3516 2698 3585 hisque
2754 3518 3044 3585 doctrinis,
3103 3536 3221 3589 qua:
3278 3524 3521 3593 requiem
3575 3526 3737 3596 polii-

2148 3611 2332 3658 centes
2394 3619 2606 3660 omnem
2666 3615 2878 3662 mtatem
2945 3625 3238 3680 sexumque
3297 3614 3618 3683 decipiunt,
3677 3627 3741 3673 ut

2147 3696 2365 3763 capiant
2401 3696 2611 3751 animas
2660 3699 2980 3754 miserorum
3008 3741 3021 3765 ,
3087 3710 3141 3756 et
3195 3705 3571 3760 contaminent
3618 3722 3739 3762 om-

2148 3801 2269 3840 nem
2312 3788 2564 3856 populum
2598 3805 2797 3855 meum,
2832 3792 2958 3845 dum
3016 3792 3209 3847 credor
3242 3794 3466 3865 diligere
3492 3798 3741 3867 volupta-

2147 3885 2277 3942 tem,
2310 3888 2363 3932 et
2392 3878 2492 3933 hoc
2523 3895 2625 3934 non
2658 3891 2876 3950 propter
2926 3897 3113 3939 eorum
3142 3892 3196 3939 et
3234 3886 3568 3942 hcmicorum
3602 3891 3742 3945 bor-

2148 3968 2251 4032 dei,
2284 3977 2338 4021 ut
2370 3969 2419 4022 in
2453 3968 2555 4023 Ose
2590 3971 2837 4039 legimus,
2867 3974 2960 4027 sed
2989 3983 3208 4043 propter
3232 3977 3494 4047 pugillum
3524 3980 3737 4048 hordei,

2146 4074 2254 4128 quo
2282 4060 2438 4113 bruta
2462 4072 2756 4114 vescuntur
2780 4064 3096 4129 animantia,
3129 4076 3185 4119 et
3209 4065 3517 4136 fragmenta
3544 4071 3736 4139 panis;

2146 4167 2251 4205 non
2283 4167 2473 4221 panem
2508 4153 2791 4222 integrum,
2833 4155 2881 4208 id
2909 4164 3006 4217 est,
3042 4155 3211 4210 solida
3244 4159 3552 4214 testimonia
3584 4160 3739 4219 Scri-

2148 4253 2447 4311 pturarum,
2482 4243 2573 4298 sed
2604 4260 2721 4313 qua:
2750 4246 3003 4300 haeretica
3056 4248 3325 4315 pravitate
3346 4248 3519 4304 fracta
3548 4262 3606 4306 et
3632 4254 3734 4308 de.

2148 4343 2357 4389 curiata
2418 4345 2575 4404 atque
2616 4338 2899 4392 imminuta
2949 4349 3093 4405 sunt,
3146 4351 3205 4395 ut
3255 4353 3475 4399 sanctos
3512 4362 3735 4417 quoque

2148 4425 2417 4495 decipiant
2445 4436 2497 4479 ct
2524 4428 2588 4479 ad
2613 4439 2840 4482 mortem
2874 4432 3112 4495 trahant,
3149 4442 3201 4486 et
3228 4443 3543 4502 peccatores
3579 4440 3738 4496 vanis

2149 4517 2593 4583 promissionibns
2620 4520 2892 4574 vivificare
2924 4502 3268 4576 contendant.
3297 4524 3589 4595 Propterea
3623 4528 3738 4584 cle-

2148 4622 2300 4660 mens
2322 4616 2375 4661 et
2406 4609 2713 4663 misericors
2739 4610 2878 4665 Deus
2906 4628 3012 4666 non
3072 4614 3215 4683 ipsa's
3241 4618 3614 4685 prophetissas
3645 4621 3737 4673 in-

2150 4684 2366 4759 terficit,
2428 4698 2521 4751 sed
2577 4699 2861 4767 disrumpit
2914 4702 3160 4771 pulvillos
3190 4684 3401 4771 carum,
3432 4710 3521 4776 qui
3556 4710 3734 4763 instar

2148 4788 2340 4840 retium
2368 4787 2611 4842 volantes
2633 4790 2849 4857 capiunt
2894 4791 3122 4856 animas,
3157 4804 3214 4848 ut
3245 4806 3530 4864 postquam
3584 4799 3731 4868 rupti

2146 4878 2345 4933 fuerint
2370 4880 2592 4935 liberam
2624 4882 2831 4937 volandi
2863 4883 3097 4939 habeant
3129 4886 3455 4942 facultatem.
3491 4890 3557 4943 Et
3584 4892 3733 4945 scin-

2145 4969 2273 5023 dent
2305 4969 2569 5024 velamina
2606 4971 2719 5026 sive
2764 4972 3071 5037 cervicalia,
3117 4976 3169 5027 in
3204 4977 3397 5044 quibus
3430 4979 3732 5049 principale

2143 5059 2337 5111 animm
2364 5061 2727 5123 recumbebat,
2748 5070 2800 5115 et
2816 5062 3010 5129 quibus
3026 5063 3372 5134 deceptorum
3398 5069 3577 5136 capita
3597 5082 3731 5137 ope-

2143 5148 2439 5200 riebantur.
2496 5146 2630 5203 Cum
2674 5148 2961 5219 Apostolus
3018 5154 3481 5225 doceatvirornm
3541 5159 3729 5227 capita

2140 5254 2247 5291 non
2305 5238 2549 5303 velanda,
2608 5241 2701 5295 sed
2752 5242 2985 5295 revelata
3043 5244 3179 5299 facie
3231 5245 3457 5313 gloriam
3510 5250 3726 5305 Domini

2139 5330 2626 5399 contemplandum.
2665 5332 2769 5386 Vos
2793 5334 2956 5397 enim,
3003 5335 3191 5403 inquit,
3232 5336 3385 5390 falsis
3420 5341 3730 5395 terroribus

2140 5420 2489 5473 servientium
2543 5419 2656 5474 Deo
2702 5421 2909 5475 animos
2934 5421 3286 5491 frangebatis,
3314 5434 3369 5481 et
3400 5429 3725 5494 promissio-

2142 5510 2299 5564 nibus
2352 5509 2712 5565 fraudulentis
2760 5511 2955 5579 impios
3013 5511 3277 5568 tenebatis
3338 5515 3598 5582 inclusos,
3650 5535 3729 5574 ne

2140 5611 2361 5666 agentes
2390 5602 2783 5672 pcenitcntiam.
2827 5604 2985 5657 vitam
3016 5605 3315 5674 reciperent
3344 5621 3505 5675 quam
3538 5610 3724 5677 pardi-

2139 5694 2349 5757 derant,
2376 5701 2661 5762 prOpterea
2702 5710 2865 5748 vanas
2897 5710 3235 5766 nequaquam
3274 5696 3524 5753 videbitis
3546 5700 3726 5754 visio-

2138 5801 2253 5850 nes,
2299 5800 2397 5840 nec
2433 5784 2630 5841 vocabo
2676 5795 2854 5841 vestra
2912 5787 3193 5843 mendacia
3241 5788 3570 5859 prophetias,
3621 5792 3727 5845 sed
