3948 6330
229 370 331 431 85⁸1

1185 371 1539 428 COMMENT.
1576 368 1643 426 IN
1683 368 2128 426 EZEClllELEM.
2166 400 2237 413 —-
2274 369 2399 428 LIB.
2435 373 2522 429 Vl.

226 468 610 545 divinationes.
642 485 720 543 De
742 485 936 555 quibus
959 484 1218 555 scriptum
1241 494 1323 540 est
1350 504 1361 537 :
1398 503 1416 535 ι
1457 483 1571 538 Non
1599 492 1683 539 est
1703 499 1801 536 au-
1828 484 1873 542 Α
1902 480 1994 537 sed
2023 492 2081 538 ut
2106 482 2447 540 dilectionem
2474 502 2649 553 suam,
2684 488 2838 558 quasi
2875 490 3161 561 quamdam
3206 491 3348 549 viam
3383 490 3471 550 fa-

227 577 445 650 gurium
494 574 551 632 in
608 575 799 640 Iacob,
850 590 949 629 nec
1006 575 1263 629 divinatio
1308 575 1365 628 in
1417 573 1579 629 Israel
1610 573 1801 645 (Num.

227 668 410 738 mu).
442 686 461 719 ι
494 683 512 717 σ
547 665 617 721 Ut
644 678 827 718 eruam
857 663 1108 733 populum
1136 679 1315 719 meum
1345 665 1410 719 de
1436 665 1685 720 manibus
1707 678 1801 717 vc~

225 760 377 822 utris,
398 767 453 811 ut
474 772 639 827 opere
662 758 998 827 cognoscatis
1013 771 1097 811 me
1118 773 1236 813 esse
1252 757 1558 823 Dominum,
1573 756 1661 825 qui
1683 772 1803 827 pcr-

227 848 367 903 ditos
390 846 832 919 liberavilGreg'.,
849 848 912 901 de
936 846 1076 901 Cura
1098 848 1373 916 pastorali,
1399 866 1450 917 p.
1468 846 1752 919 n,cap.8].
1778 868 1796 899 ›

226 936 364 1003 Quia
398 938 653 991 nimirum
696 952 851 992 amor
884 937 1132 1006 preprius
1156 952 1278 991 cum
1312 936 1537 991 rectoris
1564 944 1800 990 mentem

230 1030 437 1099 ceperit
464 1070 478 1093 ,
525 1028 811 1098 aliquando
843 1030 984 1083 hanc
1016 1028 1320 1083 inordinate
1376 1029 1443 1081 ad
1495 1025 1798 1088 mollitiem,

225 1118 517 1187 aliquando
547 1133 675 1173 vero
712 1118 781 1172 ad
806 1119 1153 1189 asperitatem
1202 1120 1359 1187 rapit.
1394 1118 1469 1171 Ex
1501 1132 1685 1171 amore
1714 1124 1799 1170 et-

224 1212 371 1265 enim
411 1227 510 1266 suo
557 1228 707 1267 mens
759 1212 984 1267 rectoris
1012 1212 1066 1265 in
1092 1211 1370 1266 mollitiem
1402 1210 1649 1276 vertitur,
1675 1209 1799 1278 quia

225 1315 351 1357 cum
381 1310 670 1371 peccantes
712 1303 953 1356 subditos
987 1301 1224 1371 respicit,
1280 1315 1346 1354 ne
1380 1315 1505 1371 erga
1532 1300 1677 1353 hunc
1705 1314 1798 1354 eo-

226 1404 347 1444 rum
378 1390 593 1446 dilectio
616 1398 846 1460 torpeat,
871 1391 1144 1461 mrripere
1179 1406 1285 1445 non
1317 1390 1615 1459 prazsumit.
1650 1387 1797 1443 Nou-

225 1482 503 1549 nunquam
556 1496 683 1537 vero
732 1490 912 1536 errata
963 1483 1322 1545 subditorum,
1372 1497 1491 1551 qum
1522 1482 1799 1550 increpare

226 1570 489 1625 debuerat
544 1572 939 1627 adulationibus
995 1572 1283 1627 demulcet.
1341 1571 1494 1626 Unde
1529 1586 1626 1640 per
1660 1570 1797 1626 Pro—

221 1661 442 1730 phetam
476 1662 715 1718 dicitur:
748 1684 763 1714 ε
816 1664 908 1719 Vm
932 1663 1033 1727 his,
1082 1664 1173 1732 qui
1236 1672 1505 1719 consuunt
1548 1662 1798 1733 pulvillos

221 1750 327 1805 sub
354 1753 499 1806 omni
554 1753 735 1807 cubito
776 1768 987 1818 manus,
1030 1760 1087 1809 et
1120 1744 1341 1808 iaciunt
1386 1752 1665 1808 cervicalia
1699 1755 1798 1810 sub

1906 574 2071 638 ciant,
2097 588 2195 644 per
2222 591 2381 644 quam
2401 577 2568 650 corda
2616 577 2943 635 audientium
2970 582 3037 638 ad
3066 596 3307 639 amorem
3331 598 3467 643 caua

1905 665 2093 719 ditoris
2142 665 2505 720 introducunt.
2559 665 2784 723 Dillicile
2833 670 3033 741 quippe
3084 680 3188 737 est,
3215 674 3469 731 utetiam

1904 754 2194 822 quamlibet
2219 764 2366 811 recta
2410 757 2732 813 denuntians
2768 744 3084 829 praedicator
3119 764 3209 836 qui
3241 779 3353 835 non
3379 762 3471 821 di-

1902 842 2084 915 ligitur
2111 844 2342 900 libenter
2371 845 2637 902 audiatur.
2670 849 2839 905 Debet
2866 864 3014 921 ergo,
3058 853 3151 921 qui
3175 864 3395 924 praeest.
3414 861 3477 912 et

1901 932 2118 989 studere
2140 950 2200 991 se
2226 936 2399 1007 diligi,
2449 946 2713 1007 quatenus
2759 943 2931 1009 possit
2970 942 3163 998 audiri.
3193 943 3259 999 Et
3288 952 3470 1005 taxnen

1899 1041 2141 1083 amorem
2168 1044 2324 1085 suum
2345 1046 2442 1101 pro
2471 1033 2760 1103 semetipso
2786 1049 2891 1088 non
2920 1049 3180 1103 quaerere,
3214 1052 3283 1093 ne
3312 1038 3471 1095 iuve-

1900 1119 2080 1173 niatur
2118 1120 2185 1184 ei,
2230 1121 2315 1176 cui
2348 1121 2554 1177 servire
2575 1138 2672 1192 per
2698 1120 2928 1178 ollicium
2967 1126 3226 1192 cernitur,
3257 1125 3473 1183 occulta

1901 1211 2239 1280 cogitationis
2284 1213 2563 1283 tyrannide
2594 1212 2879 1267 resultare.
2921 1212 3071 1280 Quod
3106 1214 3240 1270 bene
3266 1213 3467 1273 Paulus

1901 1300 2157 1367 insinuat,
2193 1316 2315 1356 eum
2368 1303 2447 1357 sui
2502 1303 2655 1357 nobis
2706 1302 2867 1357 studii
2893 1304 3101 1358 occulta
3135 1306 3469 1375 manifestat,

1898 1390 2121 1444 dicens:
2161 1410 2178 1441 ι
2227 1390 2375 1445 Sicut
2426 1399 2479 1446 et
2508 1408 2607 1463 ego
2655 1407 2753 1462 per
2778 1393 2959 1448 omnia
3008 1395 3259 1449 omnibus
3284 1393 3473 1466 placeo

1900 1478 1952 1549 (1
1990 1476 2110 1532 Cor.
2161 1480 2239 1550 χ).
2270 1500 2287 1532 ι
2314 1480 2413 1547 Qui
2468 1484 2667 1536 tamen'
2694 1498 2881 1539 rursus
2933 1484 3097 1539 dicit:
3135 1504 3155 1538 ι
3189 1486 3246 1541 Si
3293 1486 3471 1543 adhuc

1900 1568 2204 1623 hominibus
2231 1558 2518 1639 placerem,
2549 1570 2749 1627 Christi
2774 1587 2964 1628 servus
2985 1588 3090 1629 non
3118 1587 3295 1630 essem
3322 1574 3466 1647 (Gal.

1898 1658 2016 1730 1)..»
2050 1658 2230 1714 Placet
2282 1674 2411 1730 ergo
2466 1658 2686 1726 Paulus,
2742 1672 2798 1716 et
2844 1678 2951 1717 non
2998 1662 3193 1733 placet,
3245 1666 3370 1735 quia
3412 1666 3469 1718 in

1897 1765 1983 1813 eo,
2012 1750 2150 1820 quod
2185 1750 2397 1818 placere
2429 1753 2649 1819 appetit,
2698 1768 2803 1806 non
2833 1769 2911 1820 se,
2944 1755 3037 1810 sed
3080 1769 3178 1824 per
3202 1770 3261 1812 se
3289 1756 3471 1812 homi-

218 1843 399 1913 capite
428 1845 694 1900 universae
723 1847 921 1911 astatis,
946 1846 1011 1901 ad
1041 1846 1328 1915 capiendas
1360 1846 1589 1900 animas.
1626 1865 1645 1898 ο
1679 1845 1800 1899 Ρυι-
1828 1826 1874 1886 Β
1904 1839 2062 1894 nibus
2097 1839 2308 1909 placere
2332 1840 2615 1896 veritatem
2650 1843 2860 1911 Quaerit.

222 1933 379 1989 villos
431 1936 628 2005 quippe
673 1937 773 1990 sub
830 1936 977 1990 omni
1014 1936 1195 1991 cubito
1254 1951 1446 1991 manus
1491 1948 1691 2005 ponere
1718 1942 1804 1989 est

219 2025 479 2082 cadentes
506 2042 536 2079 a
567 2022 684 2082 sua‘
709 2027 1029 2081 rectitudine
1089 2028 1297 2081 animas
1350 2035 1511 2096 atque
1556 2026 1608 2080 in
1643 2024 1800 2093 hujus

219 2118 410 2170 mundi
435 2132 494 2171 se
518 2117 806 2173 dilectione
831 2119 1152 2173 reclinantes
1175 2117 1367 2173 blanda
1384 2116 1690 2180 adulatione
1717 2130 1800 2170 re-

220 2204 425 2261 i'overe.
465 2208 631 2275 Quasi
676 2210 819 2263 enim
850 2208 1064 2277 pulvillo
1114 2208 1327 2263 cubitus
1381 2206 1464 2261 vel
1518 2205 1800 2261 cervicali-

217 2295 324 2353 bus
346 2306 507 2367 caput
526 2297 758 2365 jacentis
783 2300 1071 2369 excipitur,
1103 2315 1224 2356 cum
1252 2298 1612 2367 correptionis
1642 2300 1796 2354 duri-

222 2385 299 2442 tia
355 2389 601 2451 peccanti
661 2378 1226 2457 subtrahitur,’eique
1291 2388 1544 2443 mollities
1602 2388 1801 2444 favoris

220 2479 536 2545 adhibetur,
564 2488 624 2534 ut
652 2480 705 2534 in
733 2493 919 2535 errore
971 2481 1205 2554 molliter
1234 2478 1432 2549 jaceat,
1469 2495 1625 2549 quem
1657 2472 1799 2533 nulla

218 2572 480 2643 asperitas
538 2570 979 2626 contradictionis
1020 2571 1221 2641 .pulsat,
1286 2571 1380 2627 sed
1410 2571 1525 2626 haec
1563 2581 1799 2626 reclores

216 2661 312 2732 qui
343 2662 661 2730 semctipsos
690 2660 935 2730 diligunt,
974 2662 1057 2715 his
1096 2661 1489 2731 proculdubio
1516 2662 1793 2727 exhibent,

215 2768 249 2807 a
278 2751 473 2824 quibus
504 2766 563 2805 se
588 2753 768 2806 noceri
799 2767 957 2821 posse
990 2752 1039 2805 in
1069 2752 1247 2805 studio
1278 2751 1459 2821 gloriae
1484 2752 1795 2820 temporalis

215 2842 427 2897 timent.
458 2840 591 2895 Nam
618 2856 753 2911 quos
777 2840 907 2895 nihil
936 2849 1121 2895 contra
1148 2855 1203 2894 se
1233 2841 1409 2897 valere
1440 2841 1795 2909 conspiciunt,

215 2932 326 2987 hos
350 2932 602 2986 nimirum
642 2932 931 3001 asperitate
974 2946 1183 3000 semper
1238 2931 1425 3001 rigidae
1480 2932 1795 2986 invectionis

214 3032 494 3093 premunt,
516 3038 790 3091 nunquam
815 3022 1108 3075 clementer
1153 3022 1465 3083 admonent,
1493 3023 1587 3077 sed
1612 3034 1797 3092 pasto~

216 3111 352 3166 ralis
386 3112 824 3167 mansuetudinis
869 3111 1019 3195 obliti
1071 3099 1195 3179 jure
1245 3112 1631 3182 dominationis
1685 3121 1797 3166 ter-

213 3216 380 3273 rent,
438 3223 573 3278 quos
622 3217 766 3281 recte
821 3220 916 3275 per
969 3205 1292 3275 Prophetam
1348 3206 1546 3259 divina"
1574 3220 1676 3259 vox
1710 3206 1817 3259 in-‘

211 3308 425 3368 crepat,
454 3298 677 3352 dicens:
712 3315 731 3347 ς
776 3295 885 3350 Vos
927 3306 1103 3349 autem
1139 3312 1259 3351 cum
1292 3296 1605 3352 austeritate
1630 3298 1798 3366 impe-

212 3390 422 3445 rabatis
452 3389 550 3451 eis,
587 3398 638 3443 et
677 3403 798 3443 cum
840 3388 1081 3456 potentia
1132 3387 1347 3458 (Ezeclt.
1372 3387 1582 3460 xxxiv),
1620 3408 1636 3438 ι
1671 3389 1793 3456 plus

214 3492 281 3534 se
324 3492 423 3531 suo
467 3486 687 3531 auctore
741 3476 1043 3545 diligentes,
1078 3475 1349 3543 jactanter
1397 3492 1524 3546 erga
1556 3478 1796 3531 subditos

210 3581 278 3623 se
303 3566 533 3633 erigunt,
567 3580 665 3618 nec
692 3564 817 3632 quid
845 3578 1003 3634 agere
1028 3564 1277 3629 debeant,
1311 3565 1404 3619 sed
1427 3565 1555 3633 quid
1585 3565 1797 3619 valeant

210 3658 535 3719 attendunt,
576 3655 707 3710 nihil
730 3656 793 3709 de
822 3656 1161 3723 subsequenti
1188 3654 1392 3723 judicio
1419 3665 1659 3710 metuunt
1694 3658 1796 3709 ini-

210 3748 385 3817 probe
409 3746 473 3799 de
502 3744 779 3821 temporali
819 3752 1081 3812 potestate
1113 3745 1438 3815 gloriantur,
1470 3744 1616 3815 {libet
1648 3756 1704 3798 ut
1730 3747 1794 3798 Ii-

211 3846 406 3892 center
428 3836 612 3889 illicita
640 3835 859 3895 faciant,
914 3843 965 3886 et
1017 3828 1352 3889 subditOrum
1386 3850 1541 3888 nemo
1569 3846 1792 3889 contra-

211 3930 385 3983 dicat.
435 3926 533 3993 Qui
593 3940 724 3994 ergo
774 3933 828 3978 et
872 3939 1035 3993 prava
1082 3924 1262 3978 studet
1319 3939 1498 3993 agere,
1532 3934 1585 3978 et
1616 3936 1793 3979 tamen

211 4018 283 4074 ad
317 4018 430 4072 haec
457 4017 569 4069 vult
600 4026 826 4070 cancros
857 4022 1035 4069 tacere
1056 4055 1070 4078 ,
1102 4016 1215 4083 ipse
1252 4015 1467 4069 sibimet
1505 4017 1660 4071 testis
1691 4026 1795 4079 est,

210 4108 342 4179 quia
371 4107 489 4176 plus
513 4122 571 4160 se
614 4106 838 4159 veritate
873 4105 1073 4174 appetit
1099 4105 1264 4174 diligi,
1302 4120 1461 4173 quam
1510 4114 1698 4159 contra
1739 4121 1797 4160 se

210 4212 325 4253 non
352 4195 464 4249 vult
492 4193 722 4250 defendi.
756 4194 922 4248 Nemo
949 4195 1143 4263 quippe
1183 4203 1266 4248 est
1318 4196 1407 4262 qui
1436 4195 1508 4249 ita
1535 4195 1709 4259 vivat,
1737 4206 1797 4251 ut

212 4291 556 4359 aliquatenus
587 4305 693 4343 non
735 4288 1029 4357 delinquat.
1057 4289 1147 4343 ille
1182 4304 1310 4360 ergo
1352 4290 1527 4359 seipse
1566 4291 1795 4361 amplius

214 4381 502 4436 veritatem
559 4381 828 4434 desiderat
884 4381 1076 4445 amari,
1134 4380 1225 4449 qui
1276 4381 1378 4435 sibi
1422 4381 1627 4436 anullo
1682 4381 1795 4435 vult

212 4478 407 4526 contra
438 4470 721 4523 veritatem
760 4469 929 4537 parci.
964 4467 1100 4522 Hinc
1129 4470 1329 4523 ctenim
1378 4469 1573 4523 Petrus
1613 4469 1791 4524 incre-

210 4561 491 4633 pationem
520 4558 669 4613 Pauli
697 4559 926 4613 libenter
947 4559 1172 4628 accepit.
1198 4558 1333 4613 Hinc
1360 4558 1526 4613 David
1552 4559 1792 4627 increpa-

212 4650 420 4706 tionem
454 4647 646 4701 subditi
678 4646 952 4700 humiliter
979 4647 1201 4700 audivit.
1235 4647 1369 4712 Quia
1397 4655 1635 4701 rectores
1664 4646 1791 4700 boni

213 4728 347 4795 dum
375 4738 584 4807 privato
614 4736 833 4805 diligere
862 4751 1045 4791 amore
1074 4750 1131 4790 se
1178 4736 1446 4801 nesciunt,
1478 4735 1662 4790 libera:
1688 4750 1790 4804 pu-

211 4819 399 4887 ritatis
450 4818 675 4882 verbum
736 4842 768 4880 a
814 4826 1038 4880 subditis
1094 4824 1411 4894 obsequium
1471 4824 1792 4879 humilitatis

211 4918 465 4975 credunt.
500 4915 609 4971 Sed
655 4916 797 4969 inter
826 4914 940 4969 haec
994 4929 1213 4969 necesse
1241 4923 1342 4977 est,
1382 4921 1447 4968 ut
1479 4928 1607 4968 cura
1642 4913 1791 4983 regi-

211 5008 382 5065 miuis
404 5017 551 5063 tanta
594 5005 976 5061 moderaminis
999 5014 1116 5059 arte
1147 5013 1497 5073 temperetur,
1524 5012 1788 5073 quatenus

212 5100 559 5158 subditorum
583 5112 736 5151 mens
764 5110 886 5149 eum
922 5094 1165 5163 quaedam
1193 5104 1337 5148 recte
1372 5095 1573 5147 sentire
1598 5101 1787 5163 potue—

212 5190 312 5253 rit,
346 5189 426 5242 sic
456 5189 509 5242 in
532 5187 679 5240 vocis
709 5186 1015 5238 libertatem
1062 5183 1304 5255 prodeat,
1336 5190 1394 5236 ut
1424 5191 1598 5237 tamen
1626 5182 1789 5235 liber-

211 5291 305 5337 tas
331 5280 389 5333 in
409 5274 720 5347 superbiam
740 5290 844 5328 non
873 5280 1138 5341 erumpat,
1168 5288 1235 5327 ne
1261 5273 1385 5326 dum
1424 5270 1653 5325 fortasse
1684 5272 1781 5323 im-

211 5370 548 5431 moderatius
566 5367 760 5436 lingure
784 5367 861 5419 eis
882 5365 1103 5418 libertas
1126 5363 1597 5425 conceditur,vitm
1618 5352 1782 5414 abhis

209 5460 493 5519 humilitas
521 5457 818 5510 amittatur.
857 5453 1142 5508 Sciendum
1169 5466 1413 5521 quoque,
1447 5450 1589 5520 quod
1618 5464 1779 5519 opor-

212 5557 359 5615 teat,
390 5556 450 5602 ut
477 5552 713 5601 rectores
749 5544 873 5596 boni
911 5543 1121 5611 placere
1146 5540 1453 5594 hominibus
1505 5546 1781 5610 appetant,

212 5638 315 5696 sed
342 5644 401 5691 ut
436 5650 549 5690 suae
570 5632 939 5689 aestimationis
970 5629 1251 5685 dulcedine
1280 5628 1554 5698 proximos
1578 5629 1629 5681 in
1656 5628 1770 5680 alle-

214 5738 365 5787 ctum
390 5725 640 5781 veritatis
667 5723 903 5786 trahant,
946 5736 1049 5775 non
1077 5727 1137 5773 ut
1161 5734 1218 5774 se
1252 5719 1419 5773 amari
1453 5719 1779 5782 desiderent,

1818 4521 1869 4579 D

2464 1950 2690 2006 CAPUT
2726 1951 2863 2009 XIV.

1901 2035 2126 2093 Propter
2152 2039 2417 2115 hominum
2440 2041 2799 2115 inmunditia:
2828 2058 2940 2115 non
2965 2045 3217 2115 prmdicat
3248 2048 3356 2115 eis,
3376 2064 3472 2106 nec

2184 2126 2216 2161 α
2237 2110 2496 2180 prophetis
2519 2128 2609 2165 nec
2630 2130 2663 2165 a
2688 2112 2855 2183 plagis
2881 2110 3186 2170 liberantur.

1974 2215 1993 2249 ι
2027 2195 2096 2251 Et
2124 2207 2391 2253 venerunt
2413 2201 2479 2254 ad
2508 2215 2594 2254 me
2620 2201 2722 2256 viri
2751 2202 2992 2259 seniores
3021 2202 3207 2270 lsrael,
3236 2212 3291 2260 et
3311 2206 3471 2263 sede-

1906 2305 1926 2341 σ
1959 2297 2087 2341 runt
2114 2301 2297 2363 coram
2322 2304 2427 2343 me.
2464 2288 2531 2345 Et
2574 2288 2751 2346 factus
2809 2300 2893 2347 est
2939 2307 3121 2348 sermo
3164 2294 3376 2351 Domini
3399 2293 3471 2352 ad

1907 2394 1927 2427 ι
1964 2392 2052 2431 me
2080 2370 2264 2432 dicens
2295 2396 2309 2432 :
2356 2377 2461 2433 Fili
2500 2379 2753 2446 hominis,
2786 2381 2888 2436 viri
2923 2381 3011 2438 isti
3049 2392 3345 2454 posuerunt
3370 2385 3479 2442 im.-

1906 2487 1925 2521 ¢
1963 2470 2258 2525 munditias
2287 2485 2412 2525 suas
2438 2470 2490 2526 in
2514 2472 2765 2527 cordibus
2794 2472 2924 2539 suis,
2957 2481 3009 2529 et
3036 2462 3347 2530 Scandalum
3364 2474 3477 2531 ini»

1908 2578 1927 2610 r
1964 2560 2184 2628 quitatis
2217 2578 2327 2616 sua:
2348 2570 2654 2616 statuerunt
2678 2573 2865 2617 contra
2897 2563 3089 2619 faciem
3120 2579 3294 2619 suam.
3326 2564 3475 2623 Nun-

1907 2671 1925 2705 ‹
1963 2653 2089 2722 quid
2129 2654 2489 2724 interrogatus
2532 2655 2879 2724 respondebo
2935 2653 3054 2710 eis?
3104 2655 3333 2726 Propter
3370 2658 3476 2733 hoc

1907 2762 1925 2795 ι
1962 2743 2181 2813 loquere
2220 2746 2320 2810 eis,
2372 2754 2427 2800 et
2456 2745 2603 2802 dices
2631 2748 2697 2802 ad
2730 2762 2823 2803 eos
2852 2764 2864 2799 :
2899 2746 3024 2803 llaec
3052 2748 3181 2803 dicit
3212 2739 3476 2809 Dominus

1906 2851 1925 2884 ι
1957 2832 2097 2887 Deus
2129 2852 2141 2887 :
2178 2835 2347 2889 llomo
2381 2835 2541 2891 homo
2567 2837 2632 2892 de
2657 2838 2816 2891 domo
2842 2836 3029 2901 lsrael,
3081 2839 3172 2909 qui
3213 2840 3475 2915 posuerit

1905 2942 1944 3001 t‘
1962 2924 2328 2979 immunditias
2356 2941 2482 2983 suas
2511 2926 2564 2981 in
2596 2929 2756 2981 corde
2796 2942 2911 2990 suo,
2942 2935 2997 2982 et
3023 2920 3337 2983 scandalum
3366 2927 3473 2984 ini-

1904 3033 1924 3063 ι
1960 3014 2181 3083 quitalis
2211 3030 2321 3069 sua:
2347 3016 2597 3069 statuerit
2624 3020 2807 3069 contra
2850 3016 3038 3069 faciem
3089 3031 3267 3082 suam,
3299 3025 3354 3084 et
3374 3031 3473 3073 ve-

1905 3123 1923 3155 ‹
1960 3106 2099 3171 ηοῐδίι
2125 3105 2191 3159 ad
2219 3104 2557 3174 prophetam,
2606 3105 2943 3175 interrogans
2968 3119 3063 3175 per
3094 3122 3216 3160 eum
3238 3121 3343 3171 me,
3370 3122 3473 3178 ego

1906 3212 1926 3246 ‹
1960 3195 2218 3249 Dominus
2262 3194 2595 3263 respondebo
2625 3193 2673 3248 ei
2708 3193 2758 3248 in
2792 3193 3129 3248 multitudine
3178 3195 3470 3251 immundi-

1906 3303 1925 3336 ‹
1962 3287 2174 3349 tiaram,
2213 3294 2270 3339 ut
2323 3284 2567 3353 capiatur
2604 3284 2794 3336 domus
2850 3282 3013 3337 Israel
3056 3284 3108 3337 in
3158 3283 3319 3338 corde
3348 3299 3467 3349 suo,

1904 3393 1922 3426 ι
1956 3390 2062 3444 quo
2091 3382 2430 3429 recesserunt
2462 3388 2489 3426 a
2518 3378 2602 3425 me
2634 3372 2686 3425 in
2717 3372 2925 3425 cunctis
2955 3371 3111 3426 idolis
3162 3373 3293 3427 suis.
3334 3371 3467 3427 Pro-

1904 3484 1922 3515 ι
1959 3475 2144 3533 pterea
2173 3464 2259 3517 dic
2286 3462 2353 3517 ad
2378 3463 2591 3517 domum
2621 3459 2785 3515 Israel
2816 3480 2827 3513 :
2876 3460 3001 3515 Haec
3030 3460 3163 3514 dicit
3211 3463 3467 3519 Dominus

1903 3574 1923 3606 ‹
1960 3555 2100 3609 Deus
2130 3572 2141 3607 :
2173 3551 2558 3608 Convertimini
2587 3558 2639 3604 et
2668 3550 2902 3604 recedite
2953 3552 3021 3604 ab
3067 3550 3220 3605 idOlis
3246 3552 3464 3618 vestris,

1904 3664 1923 3695 ι
1958 3655 2012 3699 et
2045 3645 2111 3698 ab
2140 3643 2408 3698 universis
2457 3639 3003 3701 contaminationibus
3055 3641 3271 3703 vestris,
3303 3656 3461 3694 aver-

1902 3754 1921 3786 ‹
1960 3735 2057 3788 tite
2084 3732 2248 3787 facies
2296 3739 2529 3793 vestras,
2561 3729 2683 3799 quia
2738 3729 2898 3783 homo
2926 3727 3087 3783 homo
3115 3729 3179 3783 de
3204 3730 3361 3783 domo
3384 3716 3462 3784 ls-

1900 3847 1919 3877 r
1958 3826 2091 3891 racl,
2123 3834 2178 3880 et
2207 3825 2274 3879 de
2302 3822 2589 3893 proselytis
2623 3821 2931 3890 quicunque
2964 3821 3167 3876 advena
3221 3821 3382 3876 fuerit
3406 3823 3461 3877 in
3558 3814 3565 3817 “

1902 3935 1921 3966 ‹
1956 3915 2146 3979 lsrael,
2186 3915 2229 3968 si
2252 3913 2516 3967 alienatus
2545 3910 2703 3965 fuerit
2731 3911 2783 3964 in
2810 3910 2971 3965 lsrael
3004 3926 3033 3964 a
3056 3925 3160 3973 me,
3186 3920 3241 3965 et
3265 3926 3461 3980 posue-

1902 4024 1919 4059 ι
1960 4005 2029 4058 rit
2050 4002 2189 4058 idola
2214 4017 2312 4056 sua
2337 4002 2389 4055 in
2416 4000 2577 4055 corde
2600 4014 2720 4063 suo,
2744 4008 2797 4051 et
2826 3998 3137 4053 scandalum
3162 4000 3466 4070 iniquitatis

1901 4112 1919 4145 ι
1958 4108 2066 4147 sua:
2128 4091 2376 4145 statuerit
2422 4097 2609 4143 contra
2661 4088 2854 4141 faciem
2902 4102 3093 4152 suam,
3150 4097 3205 4143 et
3257 4092 3469 4145 venerit

1903 4202 1919 4233 ‹
1960 4183 2024 4236 ad
2056 4182 2392 4251 prophetam,
2426 4186 2484 4231 ut
2508 4178 2802 4246 interroget
2824 4190 2920 4245 per
2953 4192 3075 4231 eum
3100 4193 3203 4241 me,
3229 4194 3327 4248 ego
3358 4181 3463 4235 Do-

1900 4294 1917 4325 t
1954 4274 2131 4326 minus
2166 4269 2500 4339 respondebo
2529 4268 2576 4321 ei
2600 4282 2694 4336 per
2751 4283 2857 4329 me,
2910 4274 2961 4319 et
3014 4280 3211 4334 ponam
3264 4261 3459 4323 faciem

1900 4385 1919 4418 ι
1955 4381 2131 4420 meam
2162 4378 2323 4433 super
2370 4362 2637 4417 hominem
2694 4360 2866 4421 illum,
2926 4369 2982 4413 et
3010 4359 3201 4415 faciam
3253 4377 3375 4416 eum
3405 4364 3457 4417 in

1900 4477 1919 4509 ‹
1953 4456 2256 4525 exemplum
2285 4461 2339 4505 et
2393 4453 2444 4525 in
2499 4448 2864 4520 proverbium,
2893 4457 2946 4503 et
2979 4450 3279 4517 disperdam
3335 4466 3458 4505 eum

1900 4565 1918 4599 ι
1954 4546 2019 4600 de
2045 4523 2222 4599 medio
2236 4523 2420 4613 populi
2439 4540 2565 4603 mei,
2601 4547 2655 4593 et
2681 4538 2863 4613 scietis
2903 4538 3027 4605 quia
3058 4551 3157 4607 ego
3180 4538 3455 4595 Dominus.

1899 4656 1919 4689 ι
1954 4638 2021 4692 Et
2051 4612 2309 4706 propheta
2344 4646 2467 4686 cum
2495 4628 2756 4685 erraverit
2792 4612 2850 4682 et
2878 4628 3090 4682 locutus
3122 4627 3283 4683 fuerit
3329 4645 3455 4685 ver-

1899 4747 1917 4779 ι
1954 4729 2100 4791 bum,
2157 4740 2256 4796 ego
2287 4721 2544 4777 Dominus
2594 4719 2777 4789 decepi
2831 4717 3145 4788 prophetam
3190 4718 3359 4773 illum.
3388 4712 3457 4777 Et

1898 4838 1915 4869 ι
1953 4815 2237 4871 extendam
2291 4826 2509 4866 manum
2540 4824 2717 4864 meam
2747 4823 2908 4876 super
2956 4806 3128 4872 illum,
3179 4816 3235 4861 et
3267 4806 3459 4864 delebo

1896 4927 1913 4957 ι
1950 4921 2075 4960 eum
2100 4904 2166 4958 de
2196 4901 2372 4957 medio
2398 4898 2581 4969 populi
2605 4898 2706 4950 mei
2735 4895 2915 4958 lsrael,
2950 4904 3003 4948 et
3032 4896 3325 4964 portabunt
3351 4896 3456 4953 ini—

1896 5015 1913 5046 t
1954 4994 2215 5063 quitatem
2255 5003 2426 5043 suam.
2458 4985 2618 5040 Juxta
2666 4985 2999 5053 iniquitatem
3050 4983 3446 5054 interrogantis,

1895 5106 1911 5136 ι
1949 5086 2027 5138 sic
2089 5080 2346 5149 iniquitas
2394 5076 2669 5145 prepheta:
2726 5074 2847 5136 erit,
2884 5080 2940 5126 ut
2972 5087 3076 5126 non
3130 5074 3277 5126 erret
3306 5070 3452 5129 ultra

1895 5192 1912 5225 ι
1948 5176 2138 5227 domus
2194 5166 2353 5223 lsrael
2383 5182 2414 5219 a
2439 5180 2546 5229 me,
2600 5177 2771 5231 neque
2800 5162 3070 5229 polluatur
3098 5161 3151 5214 in
3182 5161 3448 5215 universis

1895 5283 1913 5315 ι
1950 5256 2480 5333 praevaricationibus
2533 5255 2663 5319 suis,
2695 5253 2789 5308 sed
2818 5256 2888 5307 sit
2918 5252 3047 5305 mihi
3076 5251 3129 5304 in
3170 5250 3443 5320 populum,

1896 5376 1913 5405 ι
1950 5364 2004 5410 et
2059 5368 2159 5421 ego
2210 5352 2311 5405 sint
2362 5352 2441 5403 eis
2494 5348 2547 5401 in
2610 5346 2800 5411 Deum,
2855 5345 2931 5398 ait
2958 5342 3215 5397 Dominus
3239 5341 3446 5397 exerci-

1894 5466 1913 5499 (
1947 5456 2115 5508 tuum,
2151 5461 2168 5494 ι
2197 5452 2300 5495 etc.
2329 5435 2595 5509 (Ηὶετοη.)
2613 5435 2897 5505 Postquam
2917 5434 3121 5487 locutus
3141 5438 3222 5485 est
3251 5431 3317 5485 ad
3330 5445 3451 5501 pro-

1888 5537 2094 5607 phetas,
2126 5532 2216 5600 qui
2248 5527 2638 5600 prophetabant
2690 5526 2754 5580 de
2777 5524 2934 5579 corde
2960 5536 3075 5583 suo,
3113 5528 3168 5574 et
3191 5518 3451 5577 liniebaut

1888 5625 2143 5695 parietem
2171 5622 2372 5689 absque
2400 5622 2838 5687 temperamento,
2870 5621 2924 5667 et
2964 5612 3034 5664 ad
3080 5612 3445 5679 prophetissas

1889 5729 2006 5783 quae
2040 5711 2364 5767 consuebant
2404 5706 2712 5771 cervicalia,
2766 5713 2819 5760 et
2849 5700 3115 5759 ponebant
3144 5699 3244 5755 sub
3294 5698 3444 5753 omni
