  <div class='ocr_page' id='page_1' title='image "/cluster/home/n/w/nwhite01/storage/ocr_20150623/110/uva.x000827066/337.png"; bbox 0 0 3948 6338; ppageno 0'>
   <div class='ocr_carea' id='block_1_1' title="bbox 459 420 562 478">
    <p class='ocr_par' dir='ltr' id='par_1_1' title="bbox 459 420 562 478">
     <span class='ocr_line' id='line_1_1' title="bbox 459 420 562 478; baseline -0.049 0"><span class='ocrx_word' id='word_1_1' title='bbox 459 420 562 478; x_wconf 71' lang='lat'><strong>659</strong></span> 
     </span>
    </p>
   </div>
   <div class='ocr_carea' id='block_1_2' title="bbox 1085 374 3056 462">
    <p class='ocr_par' dir='ltr' id='par_1_2' title="bbox 1085 374 3056 462">
     <span class='ocr_line' id='line_1_2' title="bbox 1085 374 3056 462; baseline -0.018 0"><span class='ocrx_word' id='word_1_2' title='bbox 1085 408 1147 462; x_wconf 87' lang='grc' dir='ltr'><strong>Β.</strong></span> <span class='ocrx_word' id='word_1_3' title='bbox 1188 400 1439 460; x_wconf 73' lang='lat' dir='ltr'><strong>HABANI</strong></span> <span class='ocrx_word' id='word_1_4' title='bbox 1476 395 1695 454; x_wconf 74' lang='lat' dir='ltr'><strong>MAURI</strong></span> <span class='ocrx_word' id='word_1_5' title='bbox 1733 389 2053 450; x_wconf 76' lang='lat' dir='ltr'><strong>ARCHIEP.</strong></span> <span class='ocrx_word' id='word_1_6' title='bbox 2097 382 2407 444; x_wconf 80' lang='lat' dir='ltr'><strong>MOGUNT.</strong></span> <span class='ocrx_word' id='word_1_7' title='bbox 2448 378 2735 439; x_wconf 80' lang='lat' dir='ltr'><strong>OPERUM</strong></span> <span class='ocrx_word' id='word_1_8' title='bbox 2771 375 2952 431; x_wconf 74' lang='lat' dir='ltr'><strong>PARS</strong></span> <span class='ocrx_word' id='word_1_9' title='bbox 2990 374 3056 429; x_wconf 89' lang='lat' dir='ltr'><strong>Il.</strong></span> 
     </span>
    </p>
   </div>
   <div class='ocr_carea' id='block_1_3' title="bbox 3627 360 3731 419">
    <p class='ocr_par' dir='ltr' id='par_1_3' title="bbox 3627 360 3731 419">
     <span class='ocr_line' id='line_1_3' title="bbox 3627 360 3731 419; baseline -0.058 0"><span class='ocrx_word' id='word_1_10' title='bbox 3627 360 3731 419; x_wconf 63' lang='lat' dir='ltr'><strong>66f.</strong></span> 
     </span>
    </p>
   </div>
   <div class='ocr_carea' id='block_1_4' title="bbox 459 472 3739 590">
    <p class='ocr_par' dir='ltr' id='par_1_4' title="bbox 459 472 3739 590">
     <span class='ocr_line' id='line_1_4' title="bbox 459 472 3739 590; baseline -0.019 -3"><span class='ocrx_word' id='word_1_11' title='bbox 459 530 641 590; x_wconf 89' lang='lat' dir='ltr'><strong>cubito</strong></span> <span class='ocrx_word' id='word_1_12' title='bbox 666 538 879 588; x_wconf 74' lang='lat' dir='ltr'><strong>mnus,</strong></span> <span class='ocrx_word' id='word_1_13' title='bbox 904 518 1285 585; x_wconf 85' lang='lat' dir='ltr'><strong>faciebantque</strong></span> <span class='ocrx_word' id='word_1_14' title='bbox 1314 509 1607 573; x_wconf 81' lang='lat' dir='ltr'><strong>velamina;</strong></span> <span class='ocrx_word' id='word_1_15' title='bbox 1635 514 1692 562; x_wconf 87' lang='lat' dir='ltr'><strong>et</strong></span> <span class='ocrx_word' id='word_1_16' title='bbox 1720 501 2039 576; x_wconf 89' lang='lat' dir='ltr'><strong>operiebant</strong></span> <span class='ocrx_word' id='word_1_17' title='bbox 2066 504 2116 563; x_wconf 78' lang='grc' dir='ltr'><strong>Α</strong></span> <span class='ocrx_word' id='word_1_18' title='bbox 2142 493 2504 567; x_wconf 89' lang='lat' dir='ltr'><strong>dopropheta,</strong></span> <span class='ocrx_word' id='word_1_19' title='bbox 2532 490 2623 559; x_wconf 92' lang='lat' dir='ltr'><strong>qui</strong></span> <span class='ocrx_word' id='word_1_20' title='bbox 2653 494 2961 557; x_wconf 80' lang='grc' dir='ltr'><strong>συνωνυμῶς</strong></span> <span class='ocrx_word' id='word_1_21' title='bbox 2995 481 3260 558; x_wconf 83' lang='lat' dir='ltr'><strong>pr0pbeta</strong></span> <span class='ocrx_word' id='word_1_22' title='bbox 3286 518 3289 519; x_wconf 47' lang='grc' dir='ltr'><em>ν</em></span> <span class='ocrx_word' id='word_1_23' title='bbox 3313 476 3635 548; x_wconf 76' lang='lat' dir='ltr'><strong>appellatur.</strong></span> <span class='ocrx_word' id='word_1_24' title='bbox 3670 472 3739 531; x_wconf 83' lang='lat' dir='ltr'><strong>Et</strong></span> 
     </span>
    </p>
   </div>
   <div class='ocr_carea' id='block_1_5' title="bbox 460 592 2043 695">
    <p class='ocr_par' dir='ltr' id='par_1_5' title="bbox 460 592 2043 695">
     <span class='ocr_line' id='line_1_5' title="bbox 460 592 2043 695; baseline -0.021 -17"><span class='ocrx_word' id='word_1_25' title='bbox 460 622 641 695; x_wconf 87' lang='lat' dir='ltr'><strong>capita</strong></span> <span class='ocrx_word' id='word_1_26' title='bbox 667 617 935 673; x_wconf 72' lang='lat' dir='ltr'><strong>universae</strong></span> <span class='ocrx_word' id='word_1_27' title='bbox 960 608 1157 673; x_wconf 64' lang='lat' dir='ltr'><strong>aetatis,</strong></span> <span class='ocrx_word' id='word_1_28' title='bbox 1214 619 1314 677; x_wconf 91' lang='lat' dir='ltr'><strong>per</strong></span> <span class='ocrx_word' id='word_1_29' title='bbox 1349 617 1469 673; x_wconf 66' lang='lat' dir='ltr'><strong>qum</strong></span> <span class='ocrx_word' id='word_1_30' title='bbox 1515 609 1897 671; x_wconf 85' lang='lat' dir='ltr'><strong>perversorum</strong></span> <span class='ocrx_word' id='word_1_31' title='bbox 1943 592 2043 646; x_wconf 86' lang='lat' dir='ltr'><strong>do-</strong></span> 
     </span>
    </p>
   </div>
   <div class='ocr_carea' id='block_1_6' title="bbox 463 686 2045 791">
    <p class='ocr_par' dir='ltr' id='par_1_6' title="bbox 463 686 2045 791">
     <span class='ocr_line' id='line_1_6' title="bbox 463 686 2045 791; baseline -0.022 -21"><span class='ocrx_word' id='word_1_32' title='bbox 463 686 702 791; x_wconf 75' lang='lat' dir='ltr'><strong>grnatum</strong></span> <span class='ocrx_word' id='word_1_33' title='bbox 764 704 1011 763; x_wconf 79' lang='lat' dir='ltr'><strong>doctrina</strong></span> <span class='ocrx_word' id='word_1_34' title='bbox 1058 706 1414 760; x_wconf 82' lang='lat' dir='ltr'><strong>monstratur,</strong></span> <span class='ocrx_word' id='word_1_35' title='bbox 1466 698 1738 749; x_wconf 89' lang='lat' dir='ltr'><strong>venerunt</strong></span> <span class='ocrx_word' id='word_1_36' title='bbox 1789 686 1854 771; x_wconf 88' lang='lat' dir='ltr'><strong>ad</strong></span> <span class='ocrx_word' id='word_1_37' title='bbox 1916 697 2045 754; x_wconf 88' lang='lat' dir='ltr'><strong>pro—</strong></span> 
     </span>
    </p>
   </div>
   <div class='ocr_carea' id='block_1_7' title="bbox 464 783 2047 879">
    <p class='ocr_par' dir='ltr' id='par_1_7' title="bbox 464 783 2047 879">
     <span class='ocr_line' id='line_1_7' title="bbox 464 783 2047 879; baseline -0.021 -18"><span class='ocrx_word' id='word_1_38' title='bbox 464 783 681 879; x_wconf 73' lang='lat' dir='ltr'><strong>phetam</strong></span> <span class='ocrx_word' id='word_1_39' title='bbox 717 815 825 857; x_wconf 91' lang='lat' dir='ltr'><strong>non</strong></span> <span class='ocrx_word' id='word_1_40' title='bbox 863 811 1052 853; x_wconf 89' lang='lat' dir='ltr'><strong>omnes</strong></span> <span class='ocrx_word' id='word_1_41' title='bbox 1074 806 1260 857; x_wconf 87' lang='lat' dir='ltr'><strong>senes,</strong></span> <span class='ocrx_word' id='word_1_42' title='bbox 1294 805 1363 845; x_wconf 93' lang='lat' dir='ltr'><strong>ne</strong></span> <span class='ocrx_word' id='word_1_43' title='bbox 1404 786 1586 843; x_wconf 87' lang='lat' dir='ltr'><strong>cuncti</strong></span> <span class='ocrx_word' id='word_1_44' title='bbox 1615 783 1930 838; x_wconf 83' lang='lat' dir='ltr'><strong>viderentur</strong></span> <span class='ocrx_word' id='word_1_45' title='bbox 1955 791 2047 831; x_wconf 86' lang='lat' dir='ltr'><strong>er-</strong></span> 
     </span>
    </p>
   </div>
   <div class='ocr_carea' id='block_1_8' title="bbox 468 870 2048 961">
    <p class='ocr_par' dir='ltr' id='par_1_8' title="bbox 468 870 2048 961">
     <span class='ocr_line' id='line_1_8' title="bbox 468 870 2048 961; baseline -0.023 -7"><span class='ocrx_word' id='word_1_46' title='bbox 468 870 614 960; x_wconf 74' lang='lat' dir='ltr'><strong>rare,</strong></span> <span class='ocrx_word' id='word_1_47' title='bbox 645 892 740 949; x_wconf 88' lang='lat' dir='ltr'><strong>sed</strong></span> <span class='ocrx_word' id='word_1_48' title='bbox 770 888 990 961; x_wconf 90' lang='lat' dir='ltr'><strong>quidam</strong></span> <span class='ocrx_word' id='word_1_49' title='bbox 1043 886 1318 940; x_wconf 90' lang='lat' dir='ltr'><strong>seniorum</strong></span> <span class='ocrx_word' id='word_1_50' title='bbox 1348 874 1536 940; x_wconf 91' lang='lat' dir='ltr'><strong>Israel,</strong></span> <span class='ocrx_word' id='word_1_51' title='bbox 1581 879 1636 927; x_wconf 93' lang='lat' dir='ltr'><strong>et</strong></span> <span class='ocrx_word' id='word_1_52' title='bbox 1665 870 1924 935; x_wconf 90' lang='lat' dir='ltr'><strong>sederunt</strong></span> <span class='ocrx_word' id='word_1_53' title='bbox 1953 879 2048 919; x_wconf 91' lang='lat' dir='ltr'><strong>co-</strong></span> 
     </span>
    </p>
   </div>
   <div class='ocr_carea' id='block_1_9' title="bbox 469 953 2050 1058">
    <p class='ocr_par' dir='ltr' id='par_1_9' title="bbox 469 953 2050 1058">
     <span class='ocr_line' id='line_1_9' title="bbox 469 953 2050 1058; baseline -0.025 -14"><span class='ocrx_word' id='word_1_54' title='bbox 469 1003 589 1058; x_wconf 84' lang='lat' dir='ltr'><strong>ram</strong></span> <span class='ocrx_word' id='word_1_55' title='bbox 613 953 892 1057; x_wconf 74' lang='lat' dir='ltr'><strong>propheta,</strong></span> <span class='ocrx_word' id='word_1_56' title='bbox 925 990 1087 1048; x_wconf 90' lang='lat' dir='ltr'><strong>quam</strong></span> <span class='ocrx_word' id='word_1_57' title='bbox 1121 974 1191 1029; x_wconf 94' lang='lat' dir='ltr'><strong>ob</strong></span> <span class='ocrx_word' id='word_1_58' title='bbox 1246 983 1464 1027; x_wconf 81' lang='lat' dir='ltr'><strong>causam</strong></span> <span class='ocrx_word' id='word_1_59' title='bbox 1500 963 1784 1018; x_wconf 75' lang='lat' dir='ltr'><strong>venissent</strong></span> <span class='ocrx_word' id='word_1_60' title='bbox 1833 953 2050 1011; x_wconf 86' lang='lat' dir='ltr'><strong>interim</strong></span> 
     </span>
    </p>
   </div>
   <div class='ocr_carea' id='block_1_10' title="bbox 471 1052 2053 1138">
    <p class='ocr_par' dir='ltr' id='par_1_10' title="bbox 471 1052 2053 1138">
     <span class='ocr_line' id='line_1_10' title="bbox 471 1052 2053 1138; baseline -0.024 0"><span class='ocrx_word' id='word_1_61' title='bbox 471 1052 689 1138; x_wconf 73' lang='lat' dir='ltr'><strong>silentio</strong></span> <span class='ocrx_word' id='word_1_62' title='bbox 717 1052 1046 1133; x_wconf 82' lang='lat' dir='ltr'><strong>differentes.</strong></span> <span class='ocrx_word' id='word_1_63' title='bbox 1088 1066 1395 1134; x_wconf 82' lang='lat' dir='ltr'><strong>Statimque</strong></span> <span class='ocrx_word' id='word_1_64' title='bbox 1424 1059 1520 1116; x_wconf 87' lang='lat' dir='ltr'><strong>Dei</strong></span> <span class='ocrx_word' id='word_1_65' title='bbox 1552 1069 1733 1131; x_wconf 84' lang='lat' dir='ltr'><strong>sermo</strong></span> <span class='ocrx_word' id='word_1_66' title='bbox 1764 1052 1939 1107; x_wconf 86' lang='lat' dir='ltr'><strong>factus</strong></span> <span class='ocrx_word' id='word_1_67' title='bbox 1967 1054 2053 1103; x_wconf 87' lang='lat' dir='ltr'><strong>est</strong></span> 
     </span>
    </p>
   </div>
   <div class='ocr_carea' id='block_1_11' title="bbox 469 1141 2053 1245">
    <p class='ocr_par' dir='ltr' id='par_1_11' title="bbox 469 1141 2053 1245">
     <span class='ocr_line' id='line_1_11' title="bbox 469 1141 2053 1245; baseline -0.024 -16"><span class='ocrx_word' id='word_1_68' title='bbox 469 1173 539 1228; x_wconf 85' lang='lat' dir='ltr'><strong>ad</strong></span> <span class='ocrx_word' id='word_1_69' title='bbox 569 1170 913 1245; x_wconf 86' lang='lat' dir='ltr'><strong>prophetam,</strong></span> <span class='ocrx_word' id='word_1_70' title='bbox 962 1162 1209 1218; x_wconf 89' lang='lat' dir='ltr'><strong>indicans</strong></span> <span class='ocrx_word' id='word_1_71' title='bbox 1243 1171 1343 1213; x_wconf 91' lang='lat' dir='ltr'><strong>cur</strong></span> <span class='ocrx_word' id='word_1_72' title='bbox 1367 1154 1641 1209; x_wconf 82' lang='lat' dir='ltr'><strong>adessent.</strong></span> <span class='ocrx_word' id='word_1_73' title='bbox 1675 1145 1862 1214; x_wconf 86' lang='lat' dir='ltr'><strong>Neque</strong></span> <span class='ocrx_word' id='word_1_74' title='bbox 1907 1141 2053 1196; x_wconf 92' lang='lat' dir='ltr'><strong>enim</strong></span> 
     </span>
    </p>
   </div>
   <div class='ocr_carea' id='block_1_12' title="bbox 473 1234 2054 1319">
    <p class='ocr_par' dir='ltr' id='par_1_12' title="bbox 473 1234 2054 1319">
     <span class='ocr_line' id='line_1_12' title="bbox 473 1234 2054 1319; baseline -0.023 0"><span class='ocrx_word' id='word_1_75' title='bbox 473 1234 688 1319; x_wconf 53' lang='lat' dir='ltr'><strong>natura;</strong></span> <span class='ocrx_word' id='word_1_76' title='bbox 711 1255 949 1314; x_wconf 87' lang='lat' dir='ltr'><strong>hominis</strong></span> <span class='ocrx_word' id='word_1_77' title='bbox 995 1259 1114 1315; x_wconf 90' lang='lat' dir='ltr'><strong>est,</strong></span> <span class='ocrx_word' id='word_1_78' title='bbox 1158 1244 1405 1318; x_wconf 85' lang='lat' dir='ltr'><strong>quamvis</strong></span> <span class='ocrx_word' id='word_1_79' title='bbox 1444 1237 1619 1297; x_wconf 84' lang='lat' dir='ltr'><strong>sancti</strong></span> <span class='ocrx_word' id='word_1_80' title='bbox 1645 1234 1833 1291; x_wconf 29' lang='lat' dir='ltr'><strong>cordis.</strong></span> <span class='ocrx_word' id='word_1_81' title='bbox 1856 1244 2054 1286; x_wconf 89' lang='lat' dir='ltr'><strong>arcana</strong></span> 
     </span>
    </p>
   </div>
   <div class='ocr_carea' id='block_1_13' title="bbox 474 1322 2058 1425">
    <p class='ocr_par' dir='ltr' id='par_1_13' title="bbox 474 1322 2058 1425">
     <span class='ocr_line' id='line_1_13' title="bbox 474 1322 2058 1425; baseline -0.022 -16"><span class='ocrx_word' id='word_1_82' title='bbox 474 1364 822 1425; x_wconf 79' lang='lat' dir='ltr'><strong>cognoscere,</strong></span> <span class='ocrx_word' id='word_1_83' title='bbox 843 1346 985 1401; x_wconf 89' lang='lat' dir='ltr'><strong>unde</strong></span> <span class='ocrx_word' id='word_1_84' title='bbox 1011 1344 1075 1399; x_wconf 88' lang='lat' dir='ltr'><strong>de</strong></span> <span class='ocrx_word' id='word_1_85' title='bbox 1101 1340 1217 1396; x_wconf 93' lang='lat' dir='ltr'><strong>solo</strong></span> <span class='ocrx_word' id='word_1_86' title='bbox 1241 1337 1439 1393; x_wconf 90' lang='lat' dir='ltr'><strong>dicitur</strong></span> <span class='ocrx_word' id='word_1_87' title='bbox 1460 1330 1743 1387; x_wconf 90' lang='lat' dir='ltr'><strong>Salvatore</strong></span> <span class='ocrx_word' id='word_1_88' title='bbox 1765 1343 1782 1398; x_wconf 69' lang='grc' dir='ltr'>ξ</span> <span class='ocrx_word' id='word_1_89' title='bbox 1807 1344 1825 1376; x_wconf 76' lang='grc' dir='ltr'><strong>ι</strong></span> <span class='ocrx_word' id='word_1_90' title='bbox 1856 1322 2058 1379; x_wconf 80' lang='lat' dir='ltr'><strong>Videas</strong></span> 
     </span>
    </p>
   </div>
   <div class='ocr_carea' id='block_1_14' title="bbox 420 1417 2055 1510">
    <p class='ocr_par' dir='ltr' id='par_1_14' title="bbox 420 1417 2055 1510">
     <span class='ocr_line' id='line_1_14' title="bbox 420 1417 2055 1510; baseline -0.02 -8"><span class='ocrx_word' id='word_1_91' title='bbox 420 1462 426 1467; x_wconf 79' lang='lat'><strong><em>&#39;</em></strong></span> <span class='ocrx_word' id='word_1_92' title='bbox 478 1417 659 1501; x_wconf 66' lang='lat' dir='ltr'><strong>autem</strong></span> <span class='ocrx_word' id='word_1_93' title='bbox 695 1441 855 1499; x_wconf 84' lang='lat' dir='ltr'><strong>Jesus</strong></span> <span class='ocrx_word' id='word_1_94' title='bbox 881 1436 1236 1510; x_wconf 79' lang='lat' dir='ltr'><strong>cogitationes</strong></span> <span class='ocrx_word' id='word_1_95' title='bbox 1264 1443 1454 1485; x_wconf 92' lang='lat' dir='ltr'><strong>eorum</strong></span> <span class='ocrx_word' id='word_1_96' title='bbox 1482 1425 1623 1480; x_wconf 82' lang='lat' dir='ltr'><strong>dixit</strong></span> <span class='ocrx_word' id='word_1_97' title='bbox 1653 1440 1668 1478; x_wconf 90' lang='lat'><strong>:</strong></span> <span class='ocrx_word' id='word_1_98' title='bbox 1700 1420 1773 1477; x_wconf 84' lang='lat' dir='ltr'><strong>Ut</strong></span> <span class='ocrx_word' id='word_1_99' title='bbox 1801 1417 1929 1490; x_wconf 91' lang='lat' dir='ltr'><strong>quid</strong></span> <span class='ocrx_word' id='word_1_100' title='bbox 1962 1431 2055 1471; x_wconf 90' lang='lat' dir='ltr'><strong>co-</strong></span> 
     </span>
    </p>
   </div>
   <div class='ocr_carea' id='block_1_15' title="bbox 479 1508 2061 1610">
    <p class='ocr_par' dir='ltr' id='par_1_15' title="bbox 479 1508 2061 1610">
     <span class='ocr_line' id='line_1_15' title="bbox 479 1508 2061 1610; baseline -0.02 -17"><span class='ocrx_word' id='word_1_101' title='bbox 479 1536 668 1610; x_wconf 85' lang='lat' dir='ltr'><strong>gitatis</strong></span> <span class='ocrx_word' id='word_1_102' title='bbox 706 1532 849 1590; x_wconf 90' lang='lat' dir='ltr'><strong>mala</strong></span> <span class='ocrx_word' id='word_1_103' title='bbox 899 1508 970 1585; x_wconf 25' lang='lat' dir='ltr'><strong>inv</strong></span> <span class='ocrx_word' id='word_1_104' title='bbox 993 1526 1248 1584; x_wconf 86' lang='lat' dir='ltr'><strong>cordibus</strong></span> <span class='ocrx_word' id='word_1_105' title='bbox 1304 1514 1792 1586; x_wconf 81' lang='lat' dir='ltr'><strong>vestris?(Matth.</strong></span> <span class='ocrx_word' id='word_1_106' title='bbox 1842 1510 1943 1582; x_wconf 80' lang='lat' dir='ltr'><strong>ix.)</strong></span> <span class='ocrx_word' id='word_1_107' title='bbox 1994 1508 2061 1563; x_wconf 87' lang='lat' dir='ltr'><strong>Et</strong></span> 
     </span>
    </p>
   </div>
   <div class='ocr_carea' id='block_1_16' title="bbox 481 1603 2063 1683">
    <p class='ocr_par' dir='ltr' id='par_1_16' title="bbox 481 1603 2063 1683">
     <span class='ocr_line' id='line_1_16' title="bbox 481 1603 2063 1683; baseline -0.021 1"><span class='ocrx_word' id='word_1_108' title='bbox 481 1603 567 1683; x_wconf 70' lang='lat' dir='ltr'><strong>est</strong></span> <span class='ocrx_word' id='word_1_109' title='bbox 615 1639 806 1681; x_wconf 88' lang='lat' dir='ltr'><strong>sensus</strong></span> <span class='ocrx_word' id='word_1_110' title='bbox 850 1640 863 1675; x_wconf 88' lang='lat'><strong>:</strong></span> <span class='ocrx_word' id='word_1_111' title='bbox 908 1619 1011 1675; x_wconf 88' lang='lat' dir='ltr'><strong>Fili</strong></span> <span class='ocrx_word' id='word_1_112' title='bbox 1052 1612 1319 1677; x_wconf 88' lang='lat' dir='ltr'><strong>hominis,</strong></span> <span class='ocrx_word' id='word_1_113' title='bbox 1372 1608 1462 1665; x_wconf 84' lang='lat' dir='ltr'><strong>isti</strong></span> <span class='ocrx_word' id='word_1_114' title='bbox 1497 1606 1601 1661; x_wconf 90' lang='lat' dir='ltr'><strong>viri</strong></span> <span class='ocrx_word' id='word_1_115' title='bbox 1641 1603 1733 1675; x_wconf 86' lang='lat' dir='ltr'><strong>qui</strong></span> <span class='ocrx_word' id='word_1_116' title='bbox 1785 1615 1969 1658; x_wconf 89' lang='lat' dir='ltr'><strong>coram</strong></span> <span class='ocrx_word' id='word_1_117' title='bbox 2010 1608 2063 1652; x_wconf 91' lang='lat' dir='ltr'><strong>te</strong></span> 
     </span>
    </p>
   </div>
   <div class='ocr_carea' id='block_1_17' title="bbox 482 1692 2063 1786">
    <p class='ocr_par' dir='ltr' id='par_1_17' title="bbox 482 1692 2063 1786">
     <span class='ocr_line' id='line_1_17' title="bbox 482 1692 2063 1786; baseline -0.02 -9"><span class='ocrx_word' id='word_1_118' title='bbox 482 1720 694 1783; x_wconf 84' lang='lat' dir='ltr'><strong>sedent,</strong></span> <span class='ocrx_word' id='word_1_119' title='bbox 743 1718 1043 1786; x_wconf 90' lang='lat' dir='ltr'><strong>posuerunt</strong></span> <span class='ocrx_word' id='word_1_120' title='bbox 1094 1703 1465 1763; x_wconf 89' lang='lat' dir='ltr'><strong>immunditias</strong></span> <span class='ocrx_word' id='word_1_121' title='bbox 1515 1713 1644 1755; x_wconf 86' lang='lat' dir='ltr'><strong>suas</strong></span> <span class='ocrx_word' id='word_1_122' title='bbox 1700 1697 1754 1752; x_wconf 91' lang='lat' dir='ltr'><strong>in</strong></span> <span class='ocrx_word' id='word_1_123' title='bbox 1809 1692 2063 1750; x_wconf 88' lang='lat' dir='ltr'><strong>cordibus</strong></span> 
     </span>
    </p>
   </div>
   <div class='ocr_carea' id='block_1_18' title="bbox 483 1786 2065 1874">
    <p class='ocr_par' dir='ltr' id='par_1_18' title="bbox 483 1786 2065 1874">
     <span class='ocr_line' id='line_1_18' title="bbox 483 1786 2065 1874; baseline -0.02 -6"><span class='ocrx_word' id='word_1_124' title='bbox 483 1811 617 1874; x_wconf 85' lang='lat' dir='ltr'><strong>suis,</strong></span> <span class='ocrx_word' id='word_1_125' title='bbox 672 1808 788 1863; x_wconf 89' lang='lat' dir='ltr'><strong>sive</strong></span> <span class='ocrx_word' id='word_1_126' title='bbox 839 1801 1216 1874; x_wconf 75' lang='lat' dir='ltr'><strong>cogitationes.</strong></span> <span class='ocrx_word' id='word_1_127' title='bbox 1270 1796 1340 1850; x_wconf 87' lang='lat' dir='ltr'><strong>Et</strong></span> <span class='ocrx_word' id='word_1_128' title='bbox 1379 1792 1529 1873; x_wconf 79' lang='lat' dir='ltr'><strong>juxta</strong></span> <span class='ocrx_word' id='word_1_129' title='bbox 1570 1786 1958 1859; x_wconf 85' lang='lat' dir='ltr'><strong>Symmachum</strong></span> <span class='ocrx_word' id='word_1_130' title='bbox 2009 1788 2065 1836; x_wconf 91' lang='lat' dir='ltr'><strong>et</strong></span> 
     </span>
    </p>
   </div>
   <div class='ocr_carea' id='block_1_19' title="bbox 486 1874 2066 1957">
    <p class='ocr_par' dir='ltr' id='par_1_19' title="bbox 486 1874 2066 1957">
     <span class='ocr_line' id='line_1_19' title="bbox 486 1874 2066 1957; baseline -0.02 1"><span class='ocrx_word' id='word_1_131' title='bbox 486 1897 915 1957; x_wconf 90' lang='lat' dir='ltr'><strong>Theodotionem</strong></span> <span class='ocrx_word' id='word_1_132' title='bbox 943 1910 962 1945; x_wconf 86' lang='grc'><strong><em>‹</em></strong></span> <span class='ocrx_word' id='word_1_133' title='bbox 985 1889 1126 1946; x_wconf 89' lang='lat' dir='ltr'><strong>idola</strong></span> <span class='ocrx_word' id='word_1_134' title='bbox 1147 1896 1201 1943; x_wconf 91' lang='lat' dir='ltr'><strong>et</strong></span> <span class='ocrx_word' id='word_1_135' title='bbox 1228 1882 1565 1945; x_wconf 84' lang='lat' dir='ltr'><strong>scandalum,</strong></span> <span class='ocrx_word' id='word_1_136' title='bbox 1586 1898 1607 1933; x_wconf 76' lang='grc' dir='ltr'><strong>ι</strong></span> <span class='ocrx_word' id='word_1_137' title='bbox 1638 1877 1692 1933; x_wconf 91' lang='lat' dir='ltr'><strong>id</strong></span> <span class='ocrx_word' id='word_1_138' title='bbox 1717 1885 1822 1941; x_wconf 88' lang='lat' dir='ltr'><strong>est,</strong></span> <span class='ocrx_word' id='word_1_139' title='bbox 1854 1874 2066 1929; x_wconf 88' lang='lat' dir='ltr'><strong>ruinam</strong></span> 
     </span>
    </p>
   </div>
   <div class='ocr_carea' id='block_1_20' title="bbox 485 1961 2069 2062">
    <p class='ocr_par' dir='ltr' id='par_1_20' title="bbox 485 1961 2069 2062">
     <span class='ocr_line' id='line_1_20' title="bbox 485 1961 2069 2062; baseline -0.022 -13"><span class='ocrx_word' id='word_1_140' title='bbox 485 2002 648 2062; x_wconf 85' lang='lat' dir='ltr'><strong>atque</strong></span> <span class='ocrx_word' id='word_1_141' title='bbox 662 1993 990 2044; x_wconf 85' lang='lat' dir='ltr'><strong>tormentum</strong></span> <span class='ocrx_word' id='word_1_142' title='bbox 1008 1976 1304 2049; x_wconf 89' lang='lat' dir='ltr'><strong>iniquitatis</strong></span> <span class='ocrx_word' id='word_1_143' title='bbox 1324 1989 1453 2037; x_wconf 63' lang='lat' dir='ltr'><strong>suae,</strong></span> <span class='ocrx_word' id='word_1_144' title='bbox 1471 1975 1769 2042; x_wconf 88' lang='lat' dir='ltr'><strong>posuerunt</strong></span> <span class='ocrx_word' id='word_1_145' title='bbox 1783 1972 1972 2020; x_wconf 88' lang='lat' dir='ltr'><strong>contra</strong></span> <span class='ocrx_word' id='word_1_146' title='bbox 1992 1961 2069 2016; x_wconf 90' lang='lat' dir='ltr'><strong>fa-</strong></span> 
     </span>
    </p>
   </div>
   <div class='ocr_carea' id='block_1_21' title="bbox 484 2058 2072 2141">
    <p class='ocr_par' dir='ltr' id='par_1_21' title="bbox 484 2058 2072 2141">
     <span class='ocr_line' id='line_1_21' title="bbox 484 2058 2072 2141; baseline -0.02 -2"><span class='ocrx_word' id='word_1_147' title='bbox 484 2058 625 2139; x_wconf 82' lang='lat' dir='ltr'><strong>ciem</strong></span> <span class='ocrx_word' id='word_1_148' title='bbox 638 2093 809 2141; x_wconf 88' lang='lat' dir='ltr'><strong>suam,</strong></span> <span class='ocrx_word' id='word_1_149' title='bbox 828 2083 884 2131; x_wconf 91' lang='lat' dir='ltr'><strong>et</strong></span> <span class='ocrx_word' id='word_1_150' title='bbox 902 2074 981 2129; x_wconf 91' lang='lat' dir='ltr'><strong>sic</strong></span> <span class='ocrx_word' id='word_1_151' title='bbox 1001 2070 1070 2126; x_wconf 90' lang='lat' dir='ltr'><strong>ad</strong></span> <span class='ocrx_word' id='word_1_152' title='bbox 1092 2064 1480 2125; x_wconf 90' lang='lat' dir='ltr'><strong>sciscitandum</strong></span> <span class='ocrx_word' id='word_1_153' title='bbox 1502 2058 1715 2116; x_wconf 90' lang='lat' dir='ltr'><strong>Domini</strong></span> <span class='ocrx_word' id='word_1_154' title='bbox 1740 2068 1938 2112; x_wconf 89' lang='lat' dir='ltr'><strong>venere</strong></span> <span class='ocrx_word' id='word_1_155' title='bbox 1954 2069 2072 2109; x_wconf 83' lang='lat' dir='ltr'><strong>ser-</strong></span> 
     </span>
    </p>
   </div>
   <div class='ocr_carea' id='block_1_22' title="bbox 486 2150 2068 2238">
    <p class='ocr_par' dir='ltr' id='par_1_22' title="bbox 486 2150 2068 2238">
     <span class='ocr_line' id='line_1_22' title="bbox 486 2150 2068 2238; baseline -0.02 -8"><span class='ocrx_word' id='word_1_156' title='bbox 486 2187 723 2229; x_wconf 90' lang='lat' dir='ltr'><strong>monem.</strong></span> <span class='ocrx_word' id='word_1_157' title='bbox 752 2166 1006 2238; x_wconf 78' lang='lat' dir='ltr'><strong>Nunquid</strong></span> <span class='ocrx_word' id='word_1_158' title='bbox 1042 2157 1413 2231; x_wconf 86' lang='lat' dir='ltr'><strong>hujuscemodi</strong></span> <span class='ocrx_word' id='word_1_159' title='bbox 1440 2152 1750 2211; x_wconf 91' lang='lat' dir='ltr'><strong>hominibus</strong></span> <span class='ocrx_word' id='word_1_160' title='bbox 1778 2150 1946 2205; x_wconf 90' lang='lat' dir='ltr'><strong>debeo</strong></span> <span class='ocrx_word' id='word_1_161' title='bbox 1980 2160 2068 2200; x_wconf 91' lang='lat' dir='ltr'><strong>re-</strong></span> 
     </span>
    </p>
   </div>
   <div class='ocr_carea' id='block_1_23' title="bbox 487 2241 2067 2336">
    <p class='ocr_par' dir='ltr' id='par_1_23' title="bbox 487 2241 2067 2336">
     <span class='ocr_line' id='line_1_23' title="bbox 487 2241 2067 2336; baseline -0.019 -13"><span class='ocrx_word' id='word_1_162' title='bbox 487 2264 775 2336; x_wconf 85' lang='lat' dir='ltr'><strong>spondere,</strong></span> <span class='ocrx_word' id='word_1_163' title='bbox 804 2258 1038 2332; x_wconf 90' lang='lat' dir='ltr'><strong>quicum</strong></span> <span class='ocrx_word' id='word_1_164' title='bbox 1068 2250 1483 2327; x_wconf 80' lang='lat' dir='ltr'><strong>cogitationibus</strong></span> <span class='ocrx_word' id='word_1_165' title='bbox 1503 2244 1751 2317; x_wconf 89' lang='lat' dir='ltr'><strong>pristinis</strong></span> <span class='ocrx_word' id='word_1_166' title='bbox 1774 2241 1841 2297; x_wconf 91' lang='lat' dir='ltr'><strong>ad</strong></span> <span class='ocrx_word' id='word_1_167' title='bbox 1863 2256 1947 2296; x_wconf 91' lang='lat' dir='ltr'><strong>me</strong></span> <span class='ocrx_word' id='word_1_168' title='bbox 1972 2255 2067 2294; x_wconf 86' lang='lat' dir='ltr'><strong>ve-</strong></span> 
     </span>
    </p>
   </div>
   <div class='ocr_carea' id='block_1_24' title="bbox 487 2331 2069 2421">
    <p class='ocr_par' dir='ltr' id='par_1_24' title="bbox 487 2331 2069 2421">
     <span class='ocr_line' id='line_1_24' title="bbox 487 2331 2069 2421; baseline -0.02 -7"><span class='ocrx_word' id='word_1_169' title='bbox 487 2360 665 2420; x_wconf 90' lang='lat' dir='ltr'><strong>niunt,</strong></span> <span class='ocrx_word' id='word_1_170' title='bbox 689 2368 757 2409; x_wconf 93' lang='lat' dir='ltr'><strong>ne</strong></span> <span class='ocrx_word' id='word_1_171' title='bbox 778 2331 882 2409; x_wconf 86' lang='lat' dir='ltr'><strong>hoc</strong></span> <span class='ocrx_word' id='word_1_172' title='bbox 907 2350 1124 2421; x_wconf 88' lang='lat' dir='ltr'><strong>quidem</strong></span> <span class='ocrx_word' id='word_1_173' title='bbox 1152 2355 1394 2413; x_wconf 90' lang='lat' dir='ltr'><strong>tempore</strong></span> <span class='ocrx_word' id='word_1_174' title='bbox 1415 2336 1706 2409; x_wconf 86' lang='lat' dir='ltr'><strong>impietatis</strong></span> <span class='ocrx_word' id='word_1_175' title='bbox 1728 2348 1839 2390; x_wconf 65' lang='lat' dir='ltr'><strong>suae</strong></span> <span class='ocrx_word' id='word_1_176' title='bbox 1862 2331 2069 2387; x_wconf 89' lang='lat' dir='ltr'><strong>scelera</strong></span> 
     </span>
    </p>
   </div>
   <div class='ocr_carea' id='block_1_25' title="bbox 410 2422 2071 2515">
    <p class='ocr_par' dir='ltr' id='par_1_25' title="bbox 410 2422 2071 2515">
     <span class='ocr_line' id='line_1_25' title="bbox 410 2422 2071 2515; baseline -0.018 -9"><span class='ocrx_word' id='word_1_177' title='bbox 410 2471 422 2487; x_wconf 70' lang='grc' dir='ltr'><em>ί</em></span> <span class='ocrx_word' id='word_1_178' title='bbox 485 2445 884 2515; x_wconf 78' lang='lat' dir='ltr'><strong>relinquentes,</strong></span> <span class='ocrx_word' id='word_1_179' title='bbox 921 2439 1017 2495; x_wconf 89' lang='lat' dir='ltr'><strong>sed</strong></span> <span class='ocrx_word' id='word_1_180' title='bbox 1048 2435 1331 2492; x_wconf 88' lang='lat' dir='ltr'><strong>credentes</strong></span> <span class='ocrx_word' id='word_1_181' title='bbox 1369 2430 1526 2486; x_wconf 78' lang='lat' dir='ltr'><strong>idolis</strong></span> <span class='ocrx_word' id='word_1_182' title='bbox 1559 2436 1614 2484; x_wconf 92' lang='lat' dir='ltr'><strong>et</strong></span> <span class='ocrx_word' id='word_1_183' title='bbox 1650 2422 2071 2487; x_wconf 87' lang='lat' dir='ltr'><strong>divinationibus</strong></span> 
     </span>
    </p>
   </div>
   <div class='ocr_carea' id='block_1_26' title="bbox 485 2517 2071 2598">
    <p class='ocr_par' dir='ltr' id='par_1_26' title="bbox 485 2517 2071 2598">
     <span class='ocr_line' id='line_1_26' title="bbox 485 2517 2071 2598; baseline -0.015 -7"><span class='ocrx_word' id='word_1_184' title='bbox 485 2532 871 2598; x_wconf 81' lang='lat' dir='ltr'><strong>fraudulentis,</strong></span> <span class='ocrx_word' id='word_1_185' title='bbox 917 2538 972 2586; x_wconf 91' lang='lat' dir='ltr'><strong>et</strong></span> <span class='ocrx_word' id='word_1_186' title='bbox 1008 2528 1272 2583; x_wconf 88' lang='lat' dir='ltr'><strong>habentes</strong></span> <span class='ocrx_word' id='word_1_187' title='bbox 1303 2523 1515 2578; x_wconf 89' lang='lat' dir='ltr'><strong>ruinam</strong></span> <span class='ocrx_word' id='word_1_188' title='bbox 1550 2517 1856 2589; x_wconf 88' lang='lat' dir='ltr'><strong>iniquitatis</strong></span> <span class='ocrx_word' id='word_1_189' title='bbox 1881 2523 2071 2571; x_wconf 87' lang='lat' dir='ltr'><strong>contra</strong></span> 
     </span>
    </p>
   </div>
   <div class='ocr_carea' id='block_1_27' title="bbox 488 2608 2071 2692">
    <p class='ocr_par' dir='ltr' id='par_1_27' title="bbox 488 2608 2071 2692">
     <span class='ocr_line' id='line_1_27' title="bbox 488 2608 2071 2692; baseline -0.015 -7"><span class='ocrx_word' id='word_1_190' title='bbox 488 2628 682 2685; x_wconf 90' lang='lat' dir='ltr'><strong>faciem</strong></span> <span class='ocrx_word' id='word_1_191' title='bbox 696 2640 848 2681; x_wconf 89' lang='lat' dir='ltr'><strong>suam</strong></span> <span class='ocrx_word' id='word_1_192' title='bbox 864 2664 879 2691; x_wconf 92' lang='lat'><strong>,</strong></span> <span class='ocrx_word' id='word_1_193' title='bbox 903 2631 1065 2692; x_wconf 89' lang='lat' dir='ltr'><strong>atque</strong></span> <span class='ocrx_word' id='word_1_194' title='bbox 1092 2623 1419 2676; x_wconf 87' lang='lat' dir='ltr'><strong>tormentum</strong></span> <span class='ocrx_word' id='word_1_195' title='bbox 1436 2655 1452 2680; x_wconf 95' lang='lat'><strong>,</strong></span> <span class='ocrx_word' id='word_1_196' title='bbox 1477 2614 1605 2669; x_wconf 90' lang='lat' dir='ltr'><strong>dum</strong></span> <span class='ocrx_word' id='word_1_197' title='bbox 1628 2611 1851 2667; x_wconf 85' lang='lat' dir='ltr'><strong>meliora</strong></span> <span class='ocrx_word' id='word_1_198' title='bbox 1876 2608 2071 2677; x_wconf 87' lang='lat' dir='ltr'><strong>despe-</strong></span> 
     </span>
    </p>
   </div>
   <div class='ocr_carea' id='block_1_28' title="bbox 489 2705 2072 2792">
    <p class='ocr_par' dir='ltr' id='par_1_28' title="bbox 489 2705 2072 2792">
     <span class='ocr_line' id='line_1_28' title="bbox 489 2705 2072 2792; baseline -0.015 -15"><span class='ocrx_word' id='word_1_199' title='bbox 489 2729 634 2787; x_wconf 86' lang='lat' dir='ltr'><strong>rant,</strong></span> <span class='ocrx_word' id='word_1_200' title='bbox 660 2728 718 2776; x_wconf 89' lang='lat' dir='ltr'><strong>et</strong></span> <span class='ocrx_word' id='word_1_201' title='bbox 739 2718 917 2792; x_wconf 88' lang='lat' dir='ltr'><strong>parati</strong></span> <span class='ocrx_word' id='word_1_202' title='bbox 949 2723 1075 2772; x_wconf 90' lang='lat' dir='ltr'><strong>sunt</strong></span> <span class='ocrx_word' id='word_1_203' title='bbox 1099 2714 1165 2769; x_wconf 89' lang='lat' dir='ltr'><strong>ad</strong></span> <span class='ocrx_word' id='word_1_204' title='bbox 1196 2711 1536 2782; x_wconf 89' lang='lat' dir='ltr'><strong>supplicium,</strong></span> <span class='ocrx_word' id='word_1_205' title='bbox 1568 2716 1624 2763; x_wconf 91' lang='lat' dir='ltr'><strong>et</strong></span> <span class='ocrx_word' id='word_1_206' title='bbox 1647 2705 1726 2762; x_wconf 90' lang='lat' dir='ltr'><strong>sic</strong></span> <span class='ocrx_word' id='word_1_207' title='bbox 1755 2719 1873 2759; x_wconf 90' lang='lat' dir='ltr'><strong>mea</strong></span> <span class='ocrx_word' id='word_1_208' title='bbox 1899 2718 1996 2774; x_wconf 89' lang='lat' dir='ltr'><strong>per</strong></span> <span class='ocrx_word' id='word_1_209' title='bbox 2019 2710 2072 2755; x_wconf 93' lang='lat' dir='ltr'><strong>te</strong></span> 
     </span>
    </p>
   </div>
   <div class='ocr_carea' id='block_1_29' title="bbox 487 2794 2071 2884">
    <p class='ocr_par' dir='ltr' id='par_1_29' title="bbox 487 2794 2071 2884">
     <span class='ocr_line' id='line_1_29' title="bbox 487 2794 2071 2884; baseline -0.015 -15"><span class='ocrx_word' id='word_1_210' title='bbox 487 2813 712 2884; x_wconf 90' lang='lat' dir='ltr'><strong>cupiunt</strong></span> <span class='ocrx_word' id='word_1_211' title='bbox 740 2811 904 2867; x_wconf 88' lang='lat' dir='ltr'><strong>verba</strong></span> <span class='ocrx_word' id='word_1_212' title='bbox 936 2804 1296 2879; x_wconf 74' lang='lat' dir='ltr'><strong>cognoscere?</strong></span> <span class='ocrx_word' id='word_1_213' title='bbox 1321 2801 1426 2870; x_wconf 92' lang='lat' dir='ltr'><strong>Qui</strong></span> <span class='ocrx_word' id='word_1_214' title='bbox 1452 2800 1617 2869; x_wconf 85' lang='lat' dir='ltr'><strong>igitur</strong></span> <span class='ocrx_word' id='word_1_215' title='bbox 1642 2809 1898 2869; x_wconf 87' lang='lat' dir='ltr'><strong>perverso</strong></span> <span class='ocrx_word' id='word_1_216' title='bbox 1925 2794 1990 2847; x_wconf 91' lang='lat' dir='ltr'><strong>ad</strong></span> <span class='ocrx_word' id='word_1_217' title='bbox 2019 2800 2071 2845; x_wconf 90' lang='lat' dir='ltr'><strong>te</strong></span> 
     </span>
    </p>
   </div>
   <div class='ocr_carea' id='block_1_30' title="bbox 489 2884 2069 2969">
    <p class='ocr_par' dir='ltr' id='par_1_30' title="bbox 489 2884 2069 2969">
     <span class='ocr_line' id='line_1_30' title="bbox 489 2884 2069 2969; baseline -0.016 -7"><span class='ocrx_word' id='word_1_218' title='bbox 489 2905 653 2962; x_wconf 87' lang='lat' dir='ltr'><strong>corde</strong></span> <span class='ocrx_word' id='word_1_219' title='bbox 681 2909 966 2966; x_wconf 88' lang='lat' dir='ltr'><strong>venerunt,</strong></span> <span class='ocrx_word' id='word_1_220' title='bbox 996 2896 1259 2969; x_wconf 90' lang='lat' dir='ltr'><strong>responde</strong></span> <span class='ocrx_word' id='word_1_221' title='bbox 1303 2894 1401 2959; x_wconf 91' lang='lat' dir='ltr'><strong>eis,</strong></span> <span class='ocrx_word' id='word_1_222' title='bbox 1432 2884 1539 2947; x_wconf 80' lang='lat' dir='ltr'><strong>non</strong></span> <span class='ocrx_word' id='word_1_223' title='bbox 1572 2904 1638 2945; x_wconf 79' lang='lat' dir='ltr'><strong>ex</strong></span> <span class='ocrx_word' id='word_1_224' title='bbox 1674 2901 1906 2960; x_wconf 89' lang='lat' dir='ltr'><strong>persona</strong></span> <span class='ocrx_word' id='word_1_225' title='bbox 1959 2894 2069 2948; x_wconf 89' lang='lat' dir='ltr'><strong>tua,</strong></span> 
     </span>
    </p>
   </div>
   <div class='ocr_carea' id='block_1_31' title="bbox 490 2976 2073 3057">
    <p class='ocr_par' dir='ltr' id='par_1_31' title="bbox 490 2976 2073 3057">
     <span class='ocr_line' id='line_1_31' title="bbox 490 2976 2073 3057; baseline -0.015 -5"><span class='ocrx_word' id='word_1_226' title='bbox 490 3010 560 3051; x_wconf 90' lang='lat' dir='ltr'><strong>ne</strong></span> <span class='ocrx_word' id='word_1_227' title='bbox 584 2995 720 3050; x_wconf 88' lang='lat' dir='ltr'><strong>levis</strong></span> <span class='ocrx_word' id='word_1_228' title='bbox 757 2994 830 3048; x_wconf 88' lang='lat' dir='ltr'><strong>sit</strong></span> <span class='ocrx_word' id='word_1_229' title='bbox 855 2990 1151 3046; x_wconf 90' lang='lat' dir='ltr'><strong>auctoritas</strong></span> <span class='ocrx_word' id='word_1_230' title='bbox 1175 2983 1576 3057; x_wconf 78' lang='lat' dir='ltr'><strong>reSpondentis,</strong></span> <span class='ocrx_word' id='word_1_231' title='bbox 1606 2980 1700 3036; x_wconf 91' lang='lat' dir='ltr'><strong>sed</strong></span> <span class='ocrx_word' id='word_1_232' title='bbox 1725 2994 1791 3035; x_wconf 82' lang='lat' dir='ltr'><strong>ex</strong></span> <span class='ocrx_word' id='word_1_233' title='bbox 1818 2992 1939 3033; x_wconf 90' lang='lat' dir='ltr'><strong>meo</strong></span> <span class='ocrx_word' id='word_1_234' title='bbox 1966 2976 2073 3030; x_wconf 89' lang='lat' dir='ltr'><strong>im-</strong></span> 
     </span>
    </p>
   </div>
   <div class='ocr_carea' id='block_1_32' title="bbox 488 3068 2065 3158">
    <p class='ocr_par' dir='ltr' id='par_1_32' title="bbox 488 3068 2065 3158">
     <span class='ocr_line' id='line_1_32' title="bbox 488 3068 2065 3158; baseline -0.015 -17"><span class='ocrx_word' id='word_1_235' title='bbox 488 3085 662 3158; x_wconf 87' lang='lat' dir='ltr'><strong>perio.</strong></span> <span class='ocrx_word' id='word_1_236' title='bbox 690 3083 759 3138; x_wconf 88' lang='lat' dir='ltr'><strong>Et</strong></span> <span class='ocrx_word' id='word_1_237' title='bbox 784 3083 931 3138; x_wconf 88' lang='lat' dir='ltr'><strong>dices</strong></span> <span class='ocrx_word' id='word_1_238' title='bbox 959 3080 1027 3135; x_wconf 89' lang='lat' dir='ltr'><strong>ad</strong></span> <span class='ocrx_word' id='word_1_239' title='bbox 1053 3094 1185 3142; x_wconf 86' lang='lat' dir='ltr'><strong>eos,:</strong></span> <span class='ocrx_word' id='word_1_240' title='bbox 1222 3094 1241 3128; x_wconf 83' lang='grc'><strong>‹</strong></span> <span class='ocrx_word' id='word_1_241' title='bbox 1272 3075 1397 3130; x_wconf 70' lang='lat' dir='ltr'><strong>Haec</strong></span> <span class='ocrx_word' id='word_1_242' title='bbox 1419 3074 1552 3129; x_wconf 91' lang='lat' dir='ltr'><strong>dicit</strong></span> <span class='ocrx_word' id='word_1_243' title='bbox 1574 3070 1833 3126; x_wconf 90' lang='lat' dir='ltr'><strong>Dominus</strong></span> <span class='ocrx_word' id='word_1_244' title='bbox 1855 3068 2015 3122; x_wconf 90' lang='lat' dir='ltr'><strong>Deus.</strong></span> <span class='ocrx_word' id='word_1_245' title='bbox 2047 3083 2065 3116; x_wconf 80' lang='grc' dir='ltr'><strong>ι</strong></span> 
     </span>
    </p>
   </div>
   <div class='ocr_carea' id='block_1_33' title="bbox 488 3158 2071 3235">
    <p class='ocr_par' dir='ltr' id='par_1_33' title="bbox 488 3158 2071 3235">
     <span class='ocr_line' id='line_1_33' title="bbox 488 3158 2071 3235; baseline -0.015 0"><span class='ocrx_word' id='word_1_246' title='bbox 488 3177 589 3235; x_wconf 84' lang='lat' dir='ltr'><strong>Est</strong></span> <span class='ocrx_word' id='word_1_247' title='bbox 614 3174 759 3229; x_wconf 90' lang='lat' dir='ltr'><strong>enim</strong></span> <span class='ocrx_word' id='word_1_248' title='bbox 789 3174 955 3229; x_wconf 87' lang='lat' dir='ltr'><strong>totius</strong></span> <span class='ocrx_word' id='word_1_249' title='bbox 1000 3170 1127 3235; x_wconf 90' lang='lat' dir='ltr'><strong>loci,</strong></span> <span class='ocrx_word' id='word_1_250' title='bbox 1162 3176 1224 3223; x_wconf 92' lang='lat' dir='ltr'><strong>ut</strong></span> <span class='ocrx_word' id='word_1_251' title='bbox 1264 3168 1427 3221; x_wconf 87' lang='lat' dir='ltr'><strong>latam</strong></span> <span class='ocrx_word' id='word_1_252' title='bbox 1455 3163 1889 3235; x_wconf 83' lang='lat' dir='ltr'><strong>explanationem</strong></span> <span class='ocrx_word' id='word_1_253' title='bbox 1920 3158 2071 3214; x_wconf 85' lang='lat' dir='ltr'><strong>brevi</strong></span> 
     </span>
    </p>
   </div>
   <div class='ocr_carea' id='block_1_34' title="bbox 492 3246 2073 3330">
    <p class='ocr_par' dir='ltr' id='par_1_34' title="bbox 492 3246 2073 3330">
     <span class='ocr_line' id='line_1_34' title="bbox 492 3246 2073 3330; baseline -0.015 -8"><span class='ocrx_word' id='word_1_254' title='bbox 492 3278 744 3322; x_wconf 82' lang='lat' dir='ltr'><strong>sermone</strong></span> <span class='ocrx_word' id='word_1_255' title='bbox 808 3258 1259 3330; x_wconf 87' lang='lat' dir='ltr'><strong>comprehendam</strong></span> <span class='ocrx_word' id='word_1_256' title='bbox 1334 3256 1439 3309; x_wconf 91' lang='lat' dir='ltr'><strong>ista</strong></span> <span class='ocrx_word' id='word_1_257' title='bbox 1505 3251 1773 3308; x_wconf 88' lang='lat' dir='ltr'><strong>sententia</strong></span> <span class='ocrx_word' id='word_1_258' title='bbox 1829 3267 1841 3302; x_wconf 93' lang='lat'><strong>:</strong></span> <span class='ocrx_word' id='word_1_259' title='bbox 1900 3246 2073 3301; x_wconf 89' lang='lat' dir='ltr'><strong>Homo</strong></span> 
     </span>
    </p>
   </div>
   <div class='ocr_carea' id='block_1_35' title="bbox 491 3334 2072 3418">
    <p class='ocr_par' dir='ltr' id='par_1_35' title="bbox 491 3334 2072 3418">
     <span class='ocr_line' id='line_1_35' title="bbox 491 3334 2072 3418; baseline -0.012 -8"><span class='ocrx_word' id='word_1_260' title='bbox 491 3355 678 3418; x_wconf 90' lang='lat' dir='ltr'><strong>homo,</strong></span> <span class='ocrx_word' id='word_1_261' title='bbox 728 3366 835 3407; x_wconf 93' lang='lat' dir='ltr'><strong>non</strong></span> <span class='ocrx_word' id='word_1_262' title='bbox 873 3350 1100 3405; x_wconf 88' lang='lat' dir='ltr'><strong>aliarum</strong></span> <span class='ocrx_word' id='word_1_263' title='bbox 1147 3334 1411 3417; x_wconf 89' lang='lat' dir='ltr'><strong>gentium,</strong></span> <span class='ocrx_word' id='word_1_264' title='bbox 1454 3358 1684 3414; x_wconf 88' lang='lat' dir='ltr'><strong>quarum</strong></span> <span class='ocrx_word' id='word_1_265' title='bbox 1714 3355 1870 3397; x_wconf 91' lang='lat' dir='ltr'><strong>error</strong></span> <span class='ocrx_word' id='word_1_266' title='bbox 1893 3345 2072 3409; x_wconf 89' lang='lat' dir='ltr'><strong>potest</strong></span> 
     </span>
    </p>
   </div>
   <div class='ocr_carea' id='block_1_36' title="bbox 491 3430 2074 3505">
    <p class='ocr_par' dir='ltr' id='par_1_36' title="bbox 491 3430 2074 3505">
     <span class='ocr_line' id='line_1_36' title="bbox 491 3430 2074 3505; baseline -0.011 -5"><span class='ocrx_word' id='word_1_267' title='bbox 491 3444 699 3501; x_wconf 89' lang='lat' dir='ltr'><strong>habere</strong></span> <span class='ocrx_word' id='word_1_268' title='bbox 730 3441 968 3505; x_wconf 88' lang='lat' dir='ltr'><strong>veniam,</strong></span> <span class='ocrx_word' id='word_1_269' title='bbox 996 3440 1090 3494; x_wconf 88' lang='lat' dir='ltr'><strong>sed</strong></span> <span class='ocrx_word' id='word_1_270' title='bbox 1118 3440 1309 3493; x_wconf 87' lang='lat' dir='ltr'><strong>domus</strong></span> <span class='ocrx_word' id='word_1_271' title='bbox 1337 3435 1522 3500; x_wconf 89' lang='lat' dir='ltr'><strong>Israel,</strong></span> <span class='ocrx_word' id='word_1_272' title='bbox 1549 3434 1640 3505; x_wconf 89' lang='lat' dir='ltr'><strong>qui</strong></span> <span class='ocrx_word' id='word_1_273' title='bbox 1668 3448 1793 3489; x_wconf 92' lang='lat' dir='ltr'><strong>cum</strong></span> <span class='ocrx_word' id='word_1_274' title='bbox 1826 3430 2074 3501; x_wconf 89' lang='lat' dir='ltr'><strong>pristinis</strong></span> 
     </span>
    </p>
   </div>
   <div class='ocr_carea' id='block_1_37' title="bbox 494 3522 2075 3600">
    <p class='ocr_par' dir='ltr' id='par_1_37' title="bbox 494 3522 2075 3600">
     <span class='ocr_line' id='line_1_37' title="bbox 494 3522 2075 3600; baseline -0.011 -11"><span class='ocrx_word' id='word_1_275' title='bbox 494 3533 665 3597; x_wconf 84' lang='lat' dir='ltr'><strong>vitiis,</strong></span> <span class='ocrx_word' id='word_1_276' title='bbox 689 3532 756 3587; x_wconf 91' lang='lat' dir='ltr'><strong>de</strong></span> <span class='ocrx_word' id='word_1_277' title='bbox 783 3531 978 3600; x_wconf 84' lang='lat' dir='ltr'><strong>quibus</strong></span> <span class='ocrx_word' id='word_1_278' title='bbox 1002 3542 1164 3597; x_wconf 88' lang='lat' dir='ltr'><strong>supra</strong></span> <span class='ocrx_word' id='word_1_279' title='bbox 1194 3526 1450 3589; x_wconf 81' lang='lat' dir='ltr'><strong>diximus,</strong></span> <span class='ocrx_word' id='word_1_280' title='bbox 1478 3523 1545 3577; x_wconf 90' lang='lat' dir='ltr'><strong>ad</strong></span> <span class='ocrx_word' id='word_1_281' title='bbox 1566 3522 1887 3593; x_wconf 88' lang='lat' dir='ltr'><strong>prophetam</strong></span> <span class='ocrx_word' id='word_1_282' title='bbox 1912 3534 2075 3573; x_wconf 86' lang='lat' dir='ltr'><strong>vene-</strong></span> 
     </span>
    </p>
   </div>
   <div class='ocr_carea' id='block_1_38' title="bbox 496 3612 2078 3690">
    <p class='ocr_par' dir='ltr' id='par_1_38' title="bbox 496 3612 2078 3690">
     <span class='ocr_line' id='line_1_38' title="bbox 496 3612 2078 3690; baseline -0.012 -7"><span class='ocrx_word' id='word_1_283' title='bbox 496 3627 572 3683; x_wconf 91' lang='lat' dir='ltr'><strong>rit</strong></span> <span class='ocrx_word' id='word_1_284' title='bbox 603 3623 1011 3685; x_wconf 88' lang='lat' dir='ltr'><strong>sciscitandum,</strong></span> <span class='ocrx_word' id='word_1_285' title='bbox 1078 3634 1177 3690; x_wconf 89' lang='lat' dir='ltr'><strong>ego</strong></span> <span class='ocrx_word' id='word_1_286' title='bbox 1230 3616 1561 3688; x_wconf 88' lang='lat' dir='ltr'><strong>respondebo</strong></span> <span class='ocrx_word' id='word_1_287' title='bbox 1610 3614 1662 3670; x_wconf 92' lang='lat' dir='ltr'><strong>ei</strong></span> <span class='ocrx_word' id='word_1_288' title='bbox 1711 3612 1867 3683; x_wconf 80' lang='lat' dir='ltr'><strong>juxta</strong></span> <span class='ocrx_word' id='word_1_289' title='bbox 1897 3626 1993 3666; x_wconf 91' lang='lat' dir='ltr'><strong>cor</strong></span> <span class='ocrx_word' id='word_1_290' title='bbox 2021 3618 2078 3665; x_wconf 93' lang='lat' dir='ltr'><strong>et</strong></span> 
     </span>
    </p>
   </div>
   <div class='ocr_carea' id='block_1_39' title="bbox 497 3699 2075 3779">
    <p class='ocr_par' dir='ltr' id='par_1_39' title="bbox 497 3699 2075 3779">
     <span class='ocr_line' id='line_1_39' title="bbox 497 3699 2075 3779; baseline -0.014 -7"><span class='ocrx_word' id='word_1_291' title='bbox 497 3713 869 3772; x_wconf 81' lang='lat' dir='ltr'><strong>immunditias</strong></span> <span class='ocrx_word' id='word_1_292' title='bbox 895 3725 1041 3773; x_wconf 89' lang='lat' dir='ltr'><strong>suas,</strong></span> <span class='ocrx_word' id='word_1_293' title='bbox 1083 3716 1143 3762; x_wconf 89' lang='lat' dir='ltr'><strong>ut</strong></span> <span class='ocrx_word' id='word_1_294' title='bbox 1166 3707 1319 3779; x_wconf 79' lang='lat' dir='ltr'><strong>juxta</strong></span> <span class='ocrx_word' id='word_1_295' title='bbox 1366 3704 1513 3775; x_wconf 91' lang='lat' dir='ltr'><strong>quod</strong></span> <span class='ocrx_word' id='word_1_296' title='bbox 1537 3702 1653 3759; x_wconf 88' lang='lat' dir='ltr'><strong>vult</strong></span> <span class='ocrx_word' id='word_1_297' title='bbox 1697 3710 1751 3757; x_wconf 92' lang='lat' dir='ltr'><strong>et</strong></span> <span class='ocrx_word' id='word_1_298' title='bbox 1779 3699 1967 3764; x_wconf 87' lang='lat' dir='ltr'><strong>credit,</strong></span> <span class='ocrx_word' id='word_1_299' title='bbox 2001 3700 2075 3752; x_wconf 90' lang='lat' dir='ltr'><strong>ita</strong></span> 
     </span>
    </p>
   </div>
   <div class='ocr_carea' id='block_1_40' title="bbox 502 3791 2074 3865">
    <p class='ocr_par' dir='ltr' id='par_1_40' title="bbox 502 3791 2074 3865">
     <span class='ocr_line' id='line_1_40' title="bbox 502 3791 2074 3865; baseline -0.014 -2"><span class='ocrx_word' id='word_1_300' title='bbox 502 3805 702 3865; x_wconf 78' lang='lat' dir='ltr'><strong>audiat.</strong></span> <span class='ocrx_word' id='word_1_301' title='bbox 746 3802 865 3857; x_wconf 87' lang='lat' dir='ltr'><strong>Non</strong></span> <span class='ocrx_word' id='word_1_302' title='bbox 893 3801 1035 3855; x_wconf 89' lang='lat' dir='ltr'><strong>enim</strong></span> <span class='ocrx_word' id='word_1_303' title='bbox 1082 3807 1319 3853; x_wconf 89' lang='lat' dir='ltr'><strong>meretur</strong></span> <span class='ocrx_word' id='word_1_304' title='bbox 1364 3794 1773 3855; x_wconf 88' lang='lat' dir='ltr'><strong>correctionem,</strong></span> <span class='ocrx_word' id='word_1_305' title='bbox 1823 3791 1912 3860; x_wconf 86' lang='lat' dir='ltr'><strong>qui</strong></span> <span class='ocrx_word' id='word_1_306' title='bbox 1968 3804 2074 3842; x_wconf 92' lang='lat' dir='ltr'><strong>non</strong></span> 
     </span>
    </p>
   </div>
   <div class='ocr_carea' id='block_1_41' title="bbox 503 3884 2073 3959">
    <p class='ocr_par' dir='ltr' id='par_1_41' title="bbox 503 3884 2073 3959">
     <span class='ocr_line' id='line_1_41' title="bbox 503 3884 2073 3959; baseline -0.01 -9"><span class='ocrx_word' id='word_1_307' title='bbox 503 3894 765 3959; x_wconf 87' lang='lat' dir='ltr'><strong>discendi,</strong></span> <span class='ocrx_word' id='word_1_308' title='bbox 823 3892 918 3948; x_wconf 87' lang='lat' dir='ltr'><strong>sed</strong></span> <span class='ocrx_word' id='word_1_309' title='bbox 973 3889 1215 3949; x_wconf 91' lang='lat' dir='ltr'><strong>tentandi</strong></span> <span class='ocrx_word' id='word_1_310' title='bbox 1247 3888 1429 3942; x_wconf 91' lang='lat' dir='ltr'><strong>animo</strong></span> <span class='ocrx_word' id='word_1_311' title='bbox 1454 3887 1776 3953; x_wconf 80' lang='lat' dir='ltr'><strong>interrogat.</strong></span> <span class='ocrx_word' id='word_1_312' title='bbox 1810 3884 2073 3937; x_wconf 83' lang='lat' dir='ltr'><strong>Recesse-</strong></span> 
     </span>
    </p>
   </div>
   <div class='ocr_carea' id='block_1_42' title="bbox 502 3974 2077 4049">
    <p class='ocr_par' dir='ltr' id='par_1_42' title="bbox 502 3974 2077 4049">
     <span class='ocr_line' id='line_1_42' title="bbox 502 3974 2077 4049; baseline -0.011 -7"><span class='ocrx_word' id='word_1_313' title='bbox 502 3995 631 4043; x_wconf 91' lang='lat' dir='ltr'><strong>runt</strong></span> <span class='ocrx_word' id='word_1_314' title='bbox 655 3986 799 4040; x_wconf 90' lang='lat' dir='ltr'><strong>enim</strong></span> <span class='ocrx_word' id='word_1_315' title='bbox 828 3999 859 4038; x_wconf 91' lang='lat' dir='ltr'><strong>a</strong></span> <span class='ocrx_word' id='word_1_316' title='bbox 893 3998 999 4049; x_wconf 89' lang='lat' dir='ltr'><strong>me,</strong></span> <span class='ocrx_word' id='word_1_317' title='bbox 1025 3989 1080 4035; x_wconf 89' lang='lat' dir='ltr'><strong>et</strong></span> <span class='ocrx_word' id='word_1_318' title='bbox 1101 3980 1242 4036; x_wconf 90' lang='lat' dir='ltr'><strong>idola</strong></span> <span class='ocrx_word' id='word_1_319' title='bbox 1278 3987 1404 4033; x_wconf 91' lang='lat' dir='ltr'><strong>sunt</strong></span> <span class='ocrx_word' id='word_1_320' title='bbox 1446 3978 1635 4033; x_wconf 90' lang='lat' dir='ltr'><strong>secuti.</strong></span> <span class='ocrx_word' id='word_1_321' title='bbox 1661 3976 1952 4043; x_wconf 90' lang='lat' dir='ltr'><strong>Brevisque</strong></span> <span class='ocrx_word' id='word_1_322' title='bbox 1977 3974 2077 4027; x_wconf 90' lang='lat' dir='ltr'><strong>ista</strong></span> 
     </span>
    </p>
   </div>
   <div class='ocr_carea' id='block_1_43' title="bbox 504 4062 2077 4146">
    <p class='ocr_par' dir='ltr' id='par_1_43' title="bbox 504 4062 2077 4146">
     <span class='ocr_line' id='line_1_43' title="bbox 504 4062 2077 4146; baseline -0.013 -11"><span class='ocrx_word' id='word_1_323' title='bbox 504 4087 591 4135; x_wconf 91' lang='lat' dir='ltr'><strong>est</strong></span> <span class='ocrx_word' id='word_1_324' title='bbox 616 4075 983 4146; x_wconf 87' lang='lat' dir='ltr'><strong>comminatio,</strong></span> <span class='ocrx_word' id='word_1_325' title='bbox 1012 4080 1071 4127; x_wconf 90' lang='lat' dir='ltr'><strong>ut</strong></span> <span class='ocrx_word' id='word_1_326' title='bbox 1099 4070 1354 4126; x_wconf 87' lang='lat' dir='ltr'><strong>recedant</strong></span> <span class='ocrx_word' id='word_1_327' title='bbox 1404 4068 1473 4123; x_wconf 91' lang='lat' dir='ltr'><strong>ab</strong></span> <span class='ocrx_word' id='word_1_328' title='bbox 1524 4066 1683 4121; x_wconf 89' lang='lat' dir='ltr'><strong>idolis</strong></span> <span class='ocrx_word' id='word_1_329' title='bbox 1732 4062 2077 4134; x_wconf 78' lang='lat' dir='ltr'><strong>cogitationi—</strong></span> 
     </span>
    </p>
   </div>
   <div class='ocr_carea' id='block_1_44' title="bbox 504 4153 2081 4240">
    <p class='ocr_par' dir='ltr' id='par_1_44' title="bbox 504 4153 2081 4240">
     <span class='ocr_line' id='line_1_44' title="bbox 504 4153 2081 4240; baseline -0.013 -13"><span class='ocrx_word' id='word_1_330' title='bbox 504 4171 717 4240; x_wconf 85' lang='lat' dir='ltr'><strong>busque</strong></span> <span class='ocrx_word' id='word_1_331' title='bbox 759 4164 1049 4237; x_wconf 85' lang='lat' dir='ltr'><strong>perversis.</strong></span> <span class='ocrx_word' id='word_1_332' title='bbox 1109 4162 1176 4218; x_wconf 87' lang='lat' dir='ltr'><strong>Et</strong></span> <span class='ocrx_word' id='word_1_333' title='bbox 1230 4165 1613 4240; x_wconf 82' lang='lat' dir='ltr'><strong>convertantur</strong></span> <span class='ocrx_word' id='word_1_334' title='bbox 1652 4156 1720 4210; x_wconf 87' lang='lat' dir='ltr'><strong>ad</strong></span> <span class='ocrx_word' id='word_1_335' title='bbox 1752 4169 1837 4209; x_wconf 90' lang='lat' dir='ltr'><strong>me</strong></span> <span class='ocrx_word' id='word_1_336' title='bbox 1860 4153 2081 4224; x_wconf 88' lang='lat' dir='ltr'><strong>propria</strong></span> 
     </span>
    </p>
   </div>
   <div class='ocr_carea' id='block_1_45' title="bbox 482 4234 2081 4325">
    <p class='ocr_par' dir='ltr' id='par_1_45' title="bbox 482 4234 2081 4325">
     <span class='ocr_line' id='line_1_45' title="bbox 482 4234 2081 4325; baseline -0.013 -6"><span class='ocrx_word' id='word_1_337' title='bbox 482 4261 716 4318; x_wconf 74' lang='lat' dir='ltr'><strong>scelera</strong></span> <span class='ocrx_word' id='word_1_338' title='bbox 744 4256 1131 4325; x_wconf 83' lang='lat' dir='ltr'><strong>relinquentes.</strong></span> <span class='ocrx_word' id='word_1_339' title='bbox 1163 4251 1279 4306; x_wconf 84' lang='lat' dir='ltr'><strong>Non</strong></span> <span class='ocrx_word' id='word_1_340' title='bbox 1316 4234 1460 4304; x_wconf 82' lang='lat' dir='ltr'><strong>enim</strong></span> <span class='ocrx_word' id='word_1_341' title='bbox 1492 4254 1731 4301; x_wconf 90' lang='lat' dir='ltr'><strong>meretur</strong></span> <span class='ocrx_word' id='word_1_342' title='bbox 1768 4245 1955 4299; x_wconf 90' lang='lat' dir='ltr'><strong>audire</strong></span> <span class='ocrx_word' id='word_1_343' title='bbox 1985 4260 2081 4298; x_wconf 89' lang='lat' dir='ltr'><strong>ve—</strong></span> 
     </span>
    </p>
   </div>
   <div class='ocr_carea' id='block_1_46' title="bbox 512 4329 2083 4421">
    <p class='ocr_par' dir='ltr' id='par_1_46' title="bbox 512 4329 2083 4421">
     <span class='ocr_line' id='line_1_46' title="bbox 512 4329 2083 4421; baseline -0.013 -11"><span class='ocrx_word' id='word_1_344' title='bbox 512 4357 731 4411; x_wconf 86' lang='lat' dir='ltr'><strong>ritatem</strong></span> <span class='ocrx_word' id='word_1_345' title='bbox 764 4345 861 4417; x_wconf 90' lang='lat' dir='ltr'><strong>qui</strong></span> <span class='ocrx_word' id='word_1_346' title='bbox 892 4329 1281 4421; x_wconf 62' lang='lat' dir='ltr'><strong>fraudulenter</strong></span> <span class='ocrx_word' id='word_1_347' title='bbox 1332 4342 1645 4407; x_wconf 81' lang='lat' dir='ltr'><strong>interrogat,</strong></span> <span class='ocrx_word' id='word_1_348' title='bbox 1678 4337 1771 4392; x_wconf 89' lang='lat' dir='ltr'><strong>sed</strong></span> <span class='ocrx_word' id='word_1_349' title='bbox 1794 4351 1891 4391; x_wconf 92' lang='lat' dir='ltr'><strong>suo</strong></span> <span class='ocrx_word' id='word_1_350' title='bbox 1921 4336 2083 4390; x_wconf 88' lang='lat' dir='ltr'><strong>corde</strong></span> 
     </span>
    </p>
   </div>
   <div class='ocr_carea' id='block_1_47' title="bbox 509 4428 2082 4515">
    <p class='ocr_par' dir='ltr' id='par_1_47' title="bbox 509 4428 2082 4515">
     <span class='ocr_line' id='line_1_47' title="bbox 509 4428 2082 4515; baseline -0.012 -14"><span class='ocrx_word' id='word_1_351' title='bbox 509 4442 805 4515; x_wconf 78' lang='lat' dir='ltr'><strong>capiendus</strong></span> <span class='ocrx_word' id='word_1_352' title='bbox 849 4450 952 4503; x_wconf 89' lang='lat' dir='ltr'><strong>est,</strong></span> <span class='ocrx_word' id='word_1_353' title='bbox 985 4438 1285 4492; x_wconf 86' lang='lat' dir='ltr'><strong>secundum</strong></span> <span class='ocrx_word' id='word_1_354' title='bbox 1314 4433 1457 4504; x_wconf 91' lang='lat' dir='ltr'><strong>quod</strong></span> <span class='ocrx_word' id='word_1_355' title='bbox 1490 4431 1696 4487; x_wconf 64' lang='lat' dir='ltr'><strong>Scriba:</strong></span> <span class='ocrx_word' id='word_1_356' title='bbox 1724 4438 1779 4485; x_wconf 91' lang='lat' dir='ltr'><strong>et</strong></span> <span class='ocrx_word' id='word_1_357' title='bbox 1820 4428 2082 4483; x_wconf 82' lang='lat' dir='ltr'><strong>Pharisaei</strong></span> 
     </span>
    </p>
   </div>
   <div class='ocr_carea' id='block_1_48' title="bbox 509 4519 2157 4602">
    <p class='ocr_par' dir='ltr' id='par_1_48' title="bbox 509 4519 2157 4602">
     <span class='ocr_line' id='line_1_48' title="bbox 509 4519 2157 4602; baseline -0.011 -14"><span class='ocrx_word' id='word_1_358' title='bbox 509 4533 904 4602; x_wconf 83' lang='lat' dir='ltr'><strong>interrogantes</strong></span> <span class='ocrx_word' id='word_1_359' title='bbox 956 4526 1266 4589; x_wconf 90' lang='lat' dir='ltr'><strong>Dominum,</strong></span> <span class='ocrx_word' id='word_1_360' title='bbox 1322 4524 1431 4579; x_wconf 91' lang='lat' dir='ltr'><strong>imo</strong></span> <span class='ocrx_word' id='word_1_361' title='bbox 1481 4529 1775 4585; x_wconf 88' lang='lat' dir='ltr'><strong>tentantes,</strong></span> <span class='ocrx_word' id='word_1_362' title='bbox 1805 4519 2073 4573; x_wconf 88' lang='lat' dir='ltr'><strong>audiunt:</strong></span> <span class='ocrx_word' id='word_1_363' title='bbox 2106 4533 2157 4591; x_wconf 83' lang='lat' dir='ltr'><strong>D</strong></span> 
     </span>
    </p>
   </div>
   <div class='ocr_carea' id='block_1_49' title="bbox 518 4610 2080 4687">
    <p class='ocr_par' dir='ltr' id='par_1_49' title="bbox 518 4610 2080 4687">
     <span class='ocr_line' id='line_1_49' title="bbox 518 4610 2080 4687; baseline -0.006 -16"><span class='ocrx_word' id='word_1_364' title='bbox 518 4640 536 4671; x_wconf 79' lang='grc' dir='ltr'><strong>ι</strong></span> <span class='ocrx_word' id='word_1_365' title='bbox 567 4620 705 4687; x_wconf 87' lang='lat' dir='ltr'><strong>Quid</strong></span> <span class='ocrx_word' id='word_1_366' title='bbox 756 4632 843 4672; x_wconf 88' lang='lat' dir='ltr'><strong>me</strong></span> <span class='ocrx_word' id='word_1_367' title='bbox 873 4616 1141 4672; x_wconf 87' lang='lat' dir='ltr'><strong>tentatis?</strong></span> <span class='ocrx_word' id='word_1_368' title='bbox 1181 4614 1396 4687; x_wconf 77' lang='lat' dir='ltr'><strong>(Matth.</strong></span> <span class='ocrx_word' id='word_1_369' title='bbox 1434 4611 1573 4683; x_wconf 67' lang='lat' dir='ltr'><strong>xxx.)</strong></span> <span class='ocrx_word' id='word_1_370' title='bbox 1632 4631 1651 4664; x_wconf 76' lang='grc' dir='ltr'><strong>ι</strong></span> <span class='ocrx_word' id='word_1_371' title='bbox 1704 4610 1773 4664; x_wconf 89' lang='lat' dir='ltr'><strong>Et</strong></span> <span class='ocrx_word' id='word_1_372' title='bbox 1818 4625 2035 4663; x_wconf 90' lang='lat' dir='ltr'><strong>rursum</strong></span> <span class='ocrx_word' id='word_1_373' title='bbox 2068 4626 2080 4661; x_wconf 90' lang='lat'><strong>:</strong></span> 
     </span>
    </p>
   </div>
   <div class='ocr_carea' id='block_1_50' title="bbox 510 4698 2084 4780">
    <p class='ocr_par' dir='ltr' id='par_1_50' title="bbox 510 4698 2084 4780">
     <span class='ocr_line' id='line_1_50' title="bbox 510 4698 2084 4780; baseline -0.01 -14"><span class='ocrx_word' id='word_1_374' title='bbox 510 4731 534 4765; x_wconf 81' lang='grc'><em>‹</em></span> <span class='ocrx_word' id='word_1_375' title='bbox 569 4710 681 4766; x_wconf 83' lang='lat' dir='ltr'><strong>Nec</strong></span> <span class='ocrx_word' id='word_1_376' title='bbox 710 4725 809 4780; x_wconf 88' lang='lat' dir='ltr'><strong>ego</strong></span> <span class='ocrx_word' id='word_1_377' title='bbox 856 4708 1012 4763; x_wconf 91' lang='lat' dir='ltr'><strong>vobis</strong></span> <span class='ocrx_word' id='word_1_378' title='bbox 1060 4707 1257 4770; x_wconf 89' lang='lat' dir='ltr'><strong>dicam,</strong></span> <span class='ocrx_word' id='word_1_379' title='bbox 1308 4705 1361 4760; x_wconf 87' lang='lat' dir='ltr'><strong>in</strong></span> <span class='ocrx_word' id='word_1_380' title='bbox 1391 4717 1498 4774; x_wconf 90' lang='lat' dir='ltr'><strong>qua</strong></span> <span class='ocrx_word' id='word_1_381' title='bbox 1522 4702 1723 4757; x_wconf 89' lang='lat' dir='ltr'><strong>virtute</strong></span> <span class='ocrx_word' id='word_1_382' title='bbox 1748 4702 1865 4755; x_wconf 71' lang='lat' dir='ltr'><strong>hmc</strong></span> <span class='ocrx_word' id='word_1_383' title='bbox 1891 4698 2084 4753; x_wconf 83' lang='lat' dir='ltr'><strong>faciam</strong></span> 
     </span>
    </p>
   </div>
   <div class='ocr_carea' id='block_1_51' title="bbox 510 4791 2083 4881">
    <p class='ocr_par' dir='ltr' id='par_1_51' title="bbox 510 4791 2083 4881">
     <span class='ocr_line' id='line_1_51' title="bbox 510 4791 2083 4881; baseline -0.013 -19"><span class='ocrx_word' id='word_1_384' title='bbox 510 4798 723 4881; x_wconf 78' lang='lat' dir='ltr'><strong>(lbid.).</strong></span> <span class='ocrx_word' id='word_1_385' title='bbox 758 4825 777 4859; x_wconf 81' lang='grc' dir='ltr'><strong>ι</strong></span> <span class='ocrx_word' id='word_1_386' title='bbox 810 4798 911 4873; x_wconf 83' lang='lat' dir='ltr'><strong>Qui</strong></span> <span class='ocrx_word' id='word_1_387' title='bbox 942 4806 1124 4858; x_wconf 83' lang='lat' dir='ltr'><strong>autem</strong></span> <span class='ocrx_word' id='word_1_388' title='bbox 1149 4795 1273 4855; x_wconf 86' lang='lat' dir='ltr'><strong>talis</strong></span> <span class='ocrx_word' id='word_1_389' title='bbox 1310 4795 1471 4853; x_wconf 87' lang='lat' dir='ltr'><strong>homo</strong></span> <span class='ocrx_word' id='word_1_390' title='bbox 1518 4800 1623 4861; x_wconf 88' lang='lat' dir='ltr'><strong>est,</strong></span> <span class='ocrx_word' id='word_1_391' title='bbox 1657 4801 1711 4852; x_wconf 87' lang='lat' dir='ltr'><strong>et</strong></span> <span class='ocrx_word' id='word_1_392' title='bbox 1739 4792 1817 4847; x_wconf 87' lang='lat' dir='ltr'><strong>sic</strong></span> <span class='ocrx_word' id='word_1_393' title='bbox 1846 4791 2083 4845; x_wconf 88' lang='lat' dir='ltr'><strong>interro-</strong></span> 
     </span>
    </p>
   </div>
   <div class='ocr_carea' id='block_1_52' title="bbox 509 4885 2085 4970">
    <p class='ocr_par' dir='ltr' id='par_1_52' title="bbox 509 4885 2085 4970">
     <span class='ocr_line' id='line_1_52' title="bbox 509 4885 2085 4970; baseline -0.01 -19"><span class='ocrx_word' id='word_1_394' title='bbox 509 4904 624 4970; x_wconf 90' lang='lat' dir='ltr'><strong>gat,</strong></span> <span class='ocrx_word' id='word_1_395' title='bbox 650 4895 801 4967; x_wconf 92' lang='lat' dir='ltr'><strong>ponit</strong></span> <span class='ocrx_word' id='word_1_396' title='bbox 829 4894 972 4948; x_wconf 90' lang='lat' dir='ltr'><strong>Deus</strong></span> <span class='ocrx_word' id='word_1_397' title='bbox 996 4891 1191 4946; x_wconf 81' lang='lat' dir='ltr'><strong>faciem</strong></span> <span class='ocrx_word' id='word_1_398' title='bbox 1238 4904 1389 4944; x_wconf 88' lang='lat' dir='ltr'><strong>suam</strong></span> <span class='ocrx_word' id='word_1_399' title='bbox 1423 4902 1584 4956; x_wconf 90' lang='lat' dir='ltr'><strong>super</strong></span> <span class='ocrx_word' id='word_1_400' title='bbox 1606 4885 1776 4948; x_wconf 91' lang='lat' dir='ltr'><strong>illum,</strong></span> <span class='ocrx_word' id='word_1_401' title='bbox 1811 4885 1924 4939; x_wconf 86' lang='lat' dir='ltr'><strong>sive</strong></span> <span class='ocrx_word' id='word_1_402' title='bbox 1953 4894 2085 4937; x_wconf 87' lang='lat' dir='ltr'><strong>con—</strong></span> 
     </span>
    </p>
   </div>
   <div class='ocr_carea' id='block_1_53' title="bbox 510 4969 2085 5056">
    <p class='ocr_par' dir='ltr' id='par_1_53' title="bbox 510 4969 2085 5056">
     <span class='ocr_line' id='line_1_53' title="bbox 510 4969 2085 5056; baseline -0.019 -6"><span class='ocrx_word' id='word_1_403' title='bbox 510 4969 714 5056; x_wconf 73' lang='lat' dir='ltr'><strong>firmat,</strong></span> <span class='ocrx_word' id='word_1_404' title='bbox 745 4997 806 5044; x_wconf 91' lang='lat' dir='ltr'><strong>ut</strong></span> <span class='ocrx_word' id='word_1_405' title='bbox 826 4986 1144 5042; x_wconf 89' lang='lat' dir='ltr'><strong>austeritate</strong></span> <span class='ocrx_word' id='word_1_406' title='bbox 1194 4979 1370 5036; x_wconf 91' lang='lat' dir='ltr'><strong>vultus</strong></span> <span class='ocrx_word' id='word_1_407' title='bbox 1400 4976 1595 5032; x_wconf 88' lang='lat' dir='ltr'><strong>frontis</strong></span> <span class='ocrx_word' id='word_1_408' title='bbox 1623 4974 1819 5029; x_wconf 87' lang='lat' dir='ltr'><strong>duritia</strong></span> <span class='ocrx_word' id='word_1_409' title='bbox 1875 4969 2085 5025; x_wconf 86' lang='lat' dir='ltr'><strong>mollia-</strong></span> 
     </span>
    </p>
   </div>
   <div class='ocr_carea' id='block_1_54' title="bbox 511 5058 2083 5148">
    <p class='ocr_par' dir='ltr' id='par_1_54' title="bbox 511 5058 2083 5148">
     <span class='ocr_line' id='line_1_54' title="bbox 511 5058 2083 5148; baseline -0.02 -7"><span class='ocrx_word' id='word_1_410' title='bbox 511 5094 624 5148; x_wconf 89' lang='lat' dir='ltr'><strong>tur,</strong></span> <span class='ocrx_word' id='word_1_411' title='bbox 654 5088 710 5136; x_wconf 92' lang='lat' dir='ltr'><strong>et</strong></span> <span class='ocrx_word' id='word_1_412' title='bbox 757 5079 829 5134; x_wconf 92' lang='lat' dir='ltr'><strong>sit</strong></span> <span class='ocrx_word' id='word_1_413' title='bbox 870 5078 926 5131; x_wconf 92' lang='lat' dir='ltr'><strong>in</strong></span> <span class='ocrx_word' id='word_1_414' title='bbox 958 5070 1263 5140; x_wconf 81' lang='lat' dir='ltr'><strong>exemplum</strong></span> <span class='ocrx_word' id='word_1_415' title='bbox 1300 5075 1354 5122; x_wconf 91' lang='lat' dir='ltr'><strong>et</strong></span> <span class='ocrx_word' id='word_1_416' title='bbox 1384 5066 1438 5120; x_wconf 94' lang='lat' dir='ltr'><strong>in</strong></span> <span class='ocrx_word' id='word_1_417' title='bbox 1485 5062 1849 5135; x_wconf 85' lang='lat' dir='ltr'><strong>proverbium,</strong></span> <span class='ocrx_word' id='word_1_418' title='bbox 1890 5058 2003 5112; x_wconf 86' lang='lat' dir='ltr'><strong>sive</strong></span> <span class='ocrx_word' id='word_1_419' title='bbox 2031 5058 2083 5110; x_wconf 92' lang='lat' dir='ltr'><strong>in</strong></span> 
     </span>
    </p>
   </div>
   <div class='ocr_carea' id='block_1_55' title="bbox 514 5148 2089 5232">
    <p class='ocr_par' dir='ltr' id='par_1_55' title="bbox 514 5148 2089 5232">
     <span class='ocr_line' id='line_1_55' title="bbox 514 5148 2089 5232; baseline -0.019 -2"><span class='ocrx_word' id='word_1_420' title='bbox 514 5170 929 5232; x_wconf 82' lang='lat' dir='ltr'><strong>sollicitudinem</strong></span> <span class='ocrx_word' id='word_1_421' title='bbox 958 5174 1012 5220; x_wconf 93' lang='lat' dir='ltr'><strong>et</strong></span> <span class='ocrx_word' id='word_1_422' title='bbox 1038 5164 1092 5217; x_wconf 94' lang='lat' dir='ltr'><strong>in</strong></span> <span class='ocrx_word' id='word_1_423' title='bbox 1121 5160 1420 5222; x_wconf 89' lang='lat' dir='ltr'><strong>interitum,</strong></span> <span class='ocrx_word' id='word_1_424' title='bbox 1469 5165 1527 5209; x_wconf 90' lang='lat' dir='ltr'><strong>ut</strong></span> <span class='ocrx_word' id='word_1_425' title='bbox 1552 5154 1642 5210; x_wconf 91' lang='lat' dir='ltr'><strong>illo</strong></span> <span class='ocrx_word' id='word_1_426' title='bbox 1670 5150 1880 5223; x_wconf 89' lang='lat' dir='ltr'><strong>perdito</strong></span> <span class='ocrx_word' id='word_1_427' title='bbox 1903 5148 1969 5203; x_wconf 92' lang='lat' dir='ltr'><strong>de</strong></span> <span class='ocrx_word' id='word_1_428' title='bbox 1995 5163 2089 5217; x_wconf 85' lang='lat' dir='ltr'><strong>po-</strong></span> 
     </span>
    </p>
   </div>
   <div class='ocr_carea' id='block_1_56' title="bbox 514 5238 2087 5338">
    <p class='ocr_par' dir='ltr' id='par_1_56' title="bbox 514 5238 2087 5338">
     <span class='ocr_line' id='line_1_56' title="bbox 514 5238 2087 5338; baseline -0.02 -19"><span class='ocrx_word' id='word_1_429' title='bbox 514 5263 642 5338; x_wconf 89' lang='lat' dir='ltr'><strong>pulo</strong></span> <span class='ocrx_word' id='word_1_430' title='bbox 665 5259 779 5325; x_wconf 90' lang='lat' dir='ltr'><strong>Dei,</strong></span> <span class='ocrx_word' id='word_1_431' title='bbox 812 5260 1133 5326; x_wconf 87' lang='lat' dir='ltr'><strong>cognoscant</strong></span> <span class='ocrx_word' id='word_1_432' title='bbox 1163 5247 1343 5303; x_wconf 75' lang='lat' dir='ltr'><strong>caeteri</strong></span> <span class='ocrx_word' id='word_1_433' title='bbox 1389 5242 1532 5317; x_wconf 90' lang='lat' dir='ltr'><strong>quod</strong></span> <span class='ocrx_word' id='word_1_434' title='bbox 1562 5244 1675 5313; x_wconf 89' lang='lat' dir='ltr'><strong>ipse</strong></span> <span class='ocrx_word' id='word_1_435' title='bbox 1706 5240 1777 5295; x_wconf 91' lang='lat' dir='ltr'><strong>sit</strong></span> <span class='ocrx_word' id='word_1_436' title='bbox 1806 5238 2087 5299; x_wconf 88' lang='lat' dir='ltr'><strong>Dominus,</strong></span> 
     </span>
    </p>
   </div>
   <div class='ocr_carea' id='block_1_57' title="bbox 516 5330 2089 5425">
    <p class='ocr_par' dir='ltr' id='par_1_57' title="bbox 516 5330 2089 5425">
     <span class='ocr_line' id='line_1_57' title="bbox 516 5330 2089 5425; baseline -0.02 -16"><span class='ocrx_word' id='word_1_437' title='bbox 516 5330 610 5425; x_wconf 75' lang='lat' dir='ltr'><strong>qui</strong></span> <span class='ocrx_word' id='word_1_438' title='bbox 638 5348 818 5407; x_wconf 90' lang='lat' dir='ltr'><strong>cordis</strong></span> <span class='ocrx_word' id='word_1_439' title='bbox 862 5357 1059 5399; x_wconf 85' lang='lat' dir='ltr'><strong>arcana</strong></span> <span class='ocrx_word' id='word_1_440' title='bbox 1091 5337 1388 5409; x_wconf 83' lang='lat' dir='ltr'><strong>cognoscit,</strong></span> <span class='ocrx_word' id='word_1_441' title='bbox 1418 5341 1474 5389; x_wconf 94' lang='lat' dir='ltr'><strong>et</strong></span> <span class='ocrx_word' id='word_1_442' title='bbox 1502 5330 1913 5402; x_wconf 81' lang='lat' dir='ltr'><strong>perversitatem</strong></span> <span class='ocrx_word' id='word_1_443' title='bbox 1941 5341 2089 5380; x_wconf 65' lang='lat' dir='ltr'><strong>mem</strong></span> 
     </span>
    </p>
   </div>
   <div class='ocr_carea' id='block_1_58' title="bbox 518 5415 2088 5508">
    <p class='ocr_par' dir='ltr' id='par_1_58' title="bbox 518 5415 2088 5508">
     <span class='ocr_line' id='line_1_58' title="bbox 518 5415 2088 5508; baseline -0.02 -9"><span class='ocrx_word' id='word_1_444' title='bbox 518 5415 589 5499; x_wconf 74' lang='lat' dir='ltr'><strong>tis</strong></span> <span class='ocrx_word' id='word_1_445' title='bbox 614 5436 883 5508; x_wconf 88' lang='lat' dir='ltr'><strong>intelligit,</strong></span> <span class='ocrx_word' id='word_1_446' title='bbox 918 5447 1018 5487; x_wconf 90' lang='lat' dir='ltr'><strong>nec</strong></span> <span class='ocrx_word' id='word_1_447' title='bbox 1044 5428 1352 5485; x_wconf 88' lang='lat' dir='ltr'><strong>considerat</strong></span> <span class='ocrx_word' id='word_1_448' title='bbox 1398 5420 1729 5491; x_wconf 85' lang='lat' dir='ltr'><strong>loquentium</strong></span> <span class='ocrx_word' id='word_1_449' title='bbox 1760 5418 1947 5481; x_wconf 89' lang='lat' dir='ltr'><strong>verba,</strong></span> <span class='ocrx_word' id='word_1_450' title='bbox 1994 5415 2088 5469; x_wconf 91' lang='lat' dir='ltr'><strong>sed</strong></span> 
     </span>
    </p>
   </div>
   <div class='ocr_carea' id='block_1_59' title="bbox 517 5506 2091 5595">
    <p class='ocr_par' dir='ltr' id='par_1_59' title="bbox 517 5506 2091 5595">
     <span class='ocr_line' id='line_1_59' title="bbox 517 5506 2091 5595; baseline -0.02 -7"><span class='ocrx_word' id='word_1_451' title='bbox 517 5532 702 5589; x_wconf 89' lang='lat' dir='ltr'><strong>corda.</strong></span> <span class='ocrx_word' id='word_1_452' title='bbox 740 5506 1001 5595; x_wconf 83' lang='lat' dir='ltr'><strong>Quodque</strong></span> <span class='ocrx_word' id='word_1_453' title='bbox 1051 5517 1296 5589; x_wconf 81' lang='lat' dir='ltr'><strong>sequitur</strong></span> <span class='ocrx_word' id='word_1_454' title='bbox 1329 5532 1343 5568; x_wconf 87' lang='lat'><strong>:</strong></span> <span class='ocrx_word' id='word_1_455' title='bbox 1376 5513 1445 5568; x_wconf 87' lang='lat' dir='ltr'><strong>Et</strong></span> <span class='ocrx_word' id='word_1_456' title='bbox 1477 5511 1689 5566; x_wconf 90' lang='lat' dir='ltr'><strong>videtur</strong></span> <span class='ocrx_word' id='word_1_457' title='bbox 1738 5506 1915 5561; x_wconf 89' lang='lat' dir='ltr'><strong>facere</strong></span> <span class='ocrx_word' id='word_1_458' title='bbox 1946 5518 2091 5573; x_wconf 67' lang='lat' dir='ltr'><strong>qua:-</strong></span> 
     </span>
    </p>
   </div>
   <div class='ocr_carea' id='block_1_60' title="bbox 517 5592 2091 5686">
    <p class='ocr_par' dir='ltr' id='par_1_60' title="bbox 517 5592 2091 5686">
     <span class='ocr_line' id='line_1_60' title="bbox 517 5592 2091 5686; baseline -0.022 -7"><span class='ocrx_word' id='word_1_459' title='bbox 517 5592 817 5683; x_wconf 43' lang='lat' dir='ltr'><strong>stionem,&quot;«</strong></span> <span class='ocrx_word' id='word_1_460' title='bbox 855 5592 1116 5686; x_wconf 74' lang='lat' dir='ltr'><strong>propheta</strong></span> <span class='ocrx_word' id='word_1_461' title='bbox 1156 5620 1280 5661; x_wconf 91' lang='lat' dir='ltr'><strong>cum</strong></span> <span class='ocrx_word' id='word_1_462' title='bbox 1312 5600 1577 5659; x_wconf 89' lang='lat' dir='ltr'><strong>erraverit</strong></span> <span class='ocrx_word' id='word_1_463' title='bbox 1606 5608 1662 5653; x_wconf 90' lang='lat' dir='ltr'><strong>et</strong></span> <span class='ocrx_word' id='word_1_464' title='bbox 1690 5596 1901 5651; x_wconf 90' lang='lat' dir='ltr'><strong>locutus</strong></span> <span class='ocrx_word' id='word_1_465' title='bbox 1928 5592 2091 5646; x_wconf 88' lang='lat' dir='ltr'><strong>fuerit</strong></span> 
     </span>
    </p>
   </div>
   <div class='ocr_carea' id='block_1_61' title="bbox 519 5688 2084 5777">
    <p class='ocr_par' dir='ltr' id='par_1_61' title="bbox 519 5688 2084 5777">
     <span class='ocr_line' id='line_1_61' title="bbox 519 5688 2084 5777; baseline -0.021 -7"><span class='ocrx_word' id='word_1_466' title='bbox 519 5715 740 5770; x_wconf 83' lang='lat' dir='ltr'><strong>verbum</strong></span> <span class='ocrx_word' id='word_1_467' title='bbox 774 5727 787 5764; x_wconf 94' lang='lat'><strong>:</strong></span> <span class='ocrx_word' id='word_1_468' title='bbox 834 5720 934 5777; x_wconf 85' lang='lat' dir='ltr'><strong>ego</strong></span> <span class='ocrx_word' id='word_1_469' title='bbox 961 5702 1218 5757; x_wconf 90' lang='lat' dir='ltr'><strong>Dominus</strong></span> <span class='ocrx_word' id='word_1_470' title='bbox 1249 5696 1435 5764; x_wconf 90' lang='lat' dir='ltr'><strong>decepi</strong></span> <span class='ocrx_word' id='word_1_471' title='bbox 1474 5693 1795 5762; x_wconf 88' lang='lat' dir='ltr'><strong>prophetam</strong></span> <span class='ocrx_word' id='word_1_472' title='bbox 1844 5688 2013 5751; x_wconf 89' lang='lat' dir='ltr'><strong>illum,</strong></span> <span class='ocrx_word' id='word_1_473' title='bbox 2064 5704 2084 5736; x_wconf 80' lang='grc' dir='ltr'><strong>ι</strong></span> 
     </span>
    </p>
   </div>
   <div class='ocr_carea' id='block_1_62' title="bbox 521 5779 2091 5874">
    <p class='ocr_par' dir='ltr' id='par_1_62' title="bbox 521 5779 2091 5874">
     <span class='ocr_line' id='line_1_62' title="bbox 521 5779 2091 5874; baseline -0.024 -9"><span class='ocrx_word' id='word_1_474' title='bbox 521 5820 626 5866; x_wconf 87' lang='lat' dir='ltr'><strong>non</strong></span> <span class='ocrx_word' id='word_1_475' title='bbox 667 5809 914 5874; x_wconf 84' lang='lat' dir='ltr'><strong>putemus</strong></span> <span class='ocrx_word' id='word_1_476' title='bbox 965 5794 1030 5850; x_wconf 89' lang='lat' dir='ltr'><strong>de</strong></span> <span class='ocrx_word' id='word_1_477' title='bbox 1056 5805 1185 5846; x_wconf 85' lang='lat' dir='ltr'><strong>vero</strong></span> <span class='ocrx_word' id='word_1_478' title='bbox 1230 5785 1505 5863; x_wconf 89' lang='lat' dir='ltr'><strong>propheta.</strong></span> <span class='ocrx_word' id='word_1_479' title='bbox 1531 5781 1660 5846; x_wconf 91' lang='lat' dir='ltr'><strong>dici,</strong></span> <span class='ocrx_word' id='word_1_480' title='bbox 1712 5779 1807 5834; x_wconf 89' lang='lat' dir='ltr'><strong>sed</strong></span> <span class='ocrx_word' id='word_1_481' title='bbox 1836 5779 1900 5833; x_wconf 87' lang='lat' dir='ltr'><strong>de</strong></span> <span class='ocrx_word' id='word_1_482' title='bbox 1927 5788 2091 5848; x_wconf 90' lang='lat' dir='ltr'><strong>pseu-</strong></span> 
     </span>
    </p>
   </div>
   <div class='ocr_carea' id='block_1_63' title="bbox 2146 565 3743 655">
    <p class='ocr_par' dir='ltr' id='par_1_63' title="bbox 2146 565 3743 655">
     <span class='ocr_line' id='line_1_63' title="bbox 2146 565 3743 655; baseline -0.014 -10"><span class='ocrx_word' id='word_1_483' title='bbox 2146 565 2333 647; x_wconf 78' lang='lat' dir='ltr'><strong>deillo</strong></span> <span class='ocrx_word' id='word_1_484' title='bbox 2356 586 2759 655; x_wconf 89' lang='lat' dir='ltr'><strong>Scripturarum</strong></span> <span class='ocrx_word' id='word_1_485' title='bbox 2776 581 2895 635; x_wconf 92' lang='lat' dir='ltr'><strong>loco</strong></span> <span class='ocrx_word' id='word_1_486' title='bbox 2920 578 3055 633; x_wconf 87' lang='lat' dir='ltr'><strong>solvi</strong></span> <span class='ocrx_word' id='word_1_487' title='bbox 3082 578 3282 645; x_wconf 88' lang='lat' dir='ltr'><strong>potest,</strong></span> <span class='ocrx_word' id='word_1_488' title='bbox 3308 571 3525 642; x_wconf 88' lang='lat' dir='ltr'><strong>quando</strong></span> <span class='ocrx_word' id='word_1_489' title='bbox 3547 565 3743 623; x_wconf 74' lang='lat' dir='ltr'><strong>Achab</strong></span> 
     </span>
    </p>
   </div>
   <div class='ocr_carea' id='block_1_64' title="bbox 2148 656 3741 741">
    <p class='ocr_par' dir='ltr' id='par_1_64' title="bbox 2148 656 3741 741">
     <span class='ocr_line' id='line_1_64' title="bbox 2148 656 3741 741; baseline -0.018 -3"><span class='ocrx_word' id='word_1_490' title='bbox 2148 697 2245 737; x_wconf 83' lang='lat' dir='ltr'><strong>rex</strong></span> <span class='ocrx_word' id='word_1_491' title='bbox 2273 678 2438 735; x_wconf 87' lang='lat' dir='ltr'><strong>Israel</strong></span> <span class='ocrx_word' id='word_1_492' title='bbox 2467 678 2670 732; x_wconf 90' lang='lat' dir='ltr'><strong>vadens</strong></span> <span class='ocrx_word' id='word_1_493' title='bbox 2699 673 2765 727; x_wconf 93' lang='lat' dir='ltr'><strong>ad</strong></span> <span class='ocrx_word' id='word_1_494' title='bbox 2804 669 3050 741; x_wconf 74' lang='lat' dir='ltr'><strong>prmlium</strong></span> <span class='ocrx_word' id='word_1_495' title='bbox 3102 682 3212 721; x_wconf 90' lang='lat' dir='ltr'><strong>non</strong></span> <span class='ocrx_word' id='word_1_496' title='bbox 3255 662 3371 718; x_wconf 87' lang='lat' dir='ltr'><strong>vult</strong></span> <span class='ocrx_word' id='word_1_497' title='bbox 3407 660 3603 719; x_wconf 84' lang='lat' dir='ltr'><strong>audire</strong></span> <span class='ocrx_word' id='word_1_498' title='bbox 3629 656 3741 712; x_wconf 75' lang='lat' dir='ltr'><strong>Mi-</strong></span> 
     </span>
    </p>
   </div>
   <div class='ocr_carea' id='block_1_65' title="bbox 2149 748 3748 840">
    <p class='ocr_par' dir='ltr' id='par_1_65' title="bbox 2149 748 3748 840">
     <span class='ocr_line' id='line_1_65' title="bbox 2149 748 3748 840; baseline -0.018 -12"><span class='ocrx_word' id='word_1_499' title='bbox 2149 773 2354 828; x_wconf 83' lang='lat' dir='ltr'><strong>chaeam</strong></span> <span class='ocrx_word' id='word_1_500' title='bbox 2384 768 2728 840; x_wconf 90' lang='lat' dir='ltr'><strong>prophetam,</strong></span> <span class='ocrx_word' id='word_1_501' title='bbox 2780 763 2875 817; x_wconf 87' lang='lat' dir='ltr'><strong>sed</strong></span> <span class='ocrx_word' id='word_1_502' title='bbox 2918 755 3516 829; x_wconf 88' lang='lat' dir='ltr'><strong>pseudoprophetarum</strong></span> <span class='ocrx_word' id='word_1_503' title='bbox 3558 748 3748 803; x_wconf 86' lang='lat' dir='ltr'><strong>consi-</strong></span> 
     </span>
    </p>
   </div>
   <div class='ocr_carea' id='block_1_66' title="bbox 2149 836 3743 929">
    <p class='ocr_par' dir='ltr' id='par_1_66' title="bbox 2149 836 3743 929">
     <span class='ocr_line' id='line_1_66' title="bbox 2149 836 3743 929; baseline -0.017 -13"><span class='ocrx_word' id='word_1_504' title='bbox 2149 861 2237 916; x_wconf 85' lang='lat' dir='ltr'><strong>liis</strong></span> <span class='ocrx_word' id='word_1_505' title='bbox 2264 836 2582 929; x_wconf 70' lang='lat' dir='ltr'><strong>acquiescit,</strong></span> <span class='ocrx_word' id='word_1_506' title='bbox 2619 854 2857 921; x_wconf 89' lang='lat' dir='ltr'><strong>dicitque</strong></span> <span class='ocrx_word' id='word_1_507' title='bbox 2883 848 3135 903; x_wconf 62' lang='lat' dir='ltr'><strong>Michaeas</strong></span> <span class='ocrx_word' id='word_1_508' title='bbox 3168 844 3310 915; x_wconf 88' lang='lat' dir='ltr'><strong>quod</strong></span> <span class='ocrx_word' id='word_1_509' title='bbox 3339 841 3533 896; x_wconf 87' lang='lat' dir='ltr'><strong>viderit</strong></span> <span class='ocrx_word' id='word_1_510' title='bbox 3558 836 3743 893; x_wconf 54' lang='lat' dir='ltr'><strong>Domi.</strong></span> 
     </span>
    </p>
   </div>
   <div class='ocr_carea' id='block_1_67' title="bbox 2154 930 3745 1005">
    <p class='ocr_par' dir='ltr' id='par_1_67' title="bbox 2154 930 3745 1005">
     <span class='ocr_line' id='line_1_67' title="bbox 2154 930 3745 1005; baseline -0.013 1"><span class='ocrx_word' id='word_1_511' title='bbox 2154 965 2284 1005; x_wconf 88' lang='lat' dir='ltr'><strong>num</strong></span> <span class='ocrx_word' id='word_1_512' title='bbox 2313 946 2586 1004; x_wconf 82' lang='lat' dir='ltr'><strong>sedentem</strong></span> <span class='ocrx_word' id='word_1_513' title='bbox 2618 944 2672 997; x_wconf 88' lang='lat' dir='ltr'><strong>in</strong></span> <span class='ocrx_word' id='word_1_514' title='bbox 2698 942 2857 1004; x_wconf 90' lang='lat' dir='ltr'><strong>solio,</strong></span> <span class='ocrx_word' id='word_1_515' title='bbox 2907 947 2961 992; x_wconf 90' lang='lat' dir='ltr'><strong>et</strong></span> <span class='ocrx_word' id='word_1_516' title='bbox 2988 936 3193 992; x_wconf 88' lang='lat' dir='ltr'><strong>erroris</strong></span> <span class='ocrx_word' id='word_1_517' title='bbox 3220 932 3469 1004; x_wconf 89' lang='lat' dir='ltr'><strong>spiritum</strong></span> <span class='ocrx_word' id='word_1_518' title='bbox 3505 930 3646 1005; x_wconf 83' lang='lat' dir='ltr'><strong>ultro</strong></span> <span class='ocrx_word' id='word_1_519' title='bbox 3680 940 3745 985; x_wconf 80' lang='lat' dir='ltr'><strong>se</strong></span> 
     </span>
    </p>
   </div>
   <div class='ocr_carea' id='block_1_68' title="bbox 2154 1002 3746 1103">
    <p class='ocr_par' dir='ltr' id='par_1_68' title="bbox 2154 1002 3746 1103">
     <span class='ocr_line' id='line_1_68' title="bbox 2154 1002 3746 1103; baseline -0.016 -7"><span class='ocrx_word' id='word_1_520' title='bbox 2154 1002 2437 1103; x_wconf 72' lang='lat' dir='ltr'><strong>obtulisse,</strong></span> <span class='ocrx_word' id='word_1_521' title='bbox 2467 1036 2534 1091; x_wconf 91' lang='lat' dir='ltr'><strong>ad</strong></span> <span class='ocrx_word' id='word_1_522' title='bbox 2564 1002 2937 1103; x_wconf 87' lang='lat' dir='ltr'><strong>decipiendum</strong></span> <span class='ocrx_word' id='word_1_523' title='bbox 2968 1042 3171 1098; x_wconf 87' lang='lat' dir='ltr'><strong>regem.</strong></span> <span class='ocrx_word' id='word_1_524' title='bbox 3219 1002 3471 1080; x_wconf 80' lang='lat' dir='ltr'><strong>Diabolus</strong></span> <span class='ocrx_word' id='word_1_525' title='bbox 3504 1002 3746 1089; x_wconf 51' lang='lat' dir='ltr'><strong>&#39;quoque</strong></span> 
     </span>
    </p>
   </div>
   <div class='ocr_carea' id='block_1_69' title="bbox 2159 1108 3743 1193">
    <p class='ocr_par' dir='ltr' id='par_1_69' title="bbox 2159 1108 3743 1193">
     <span class='ocr_line' id='line_1_69' title="bbox 2159 1108 3743 1193; baseline -0.015 -10"><span class='ocrx_word' id='word_1_526' title='bbox 2159 1129 2213 1183; x_wconf 91' lang='lat' dir='ltr'><strong>in</strong></span> <span class='ocrx_word' id='word_1_527' title='bbox 2236 1127 2507 1193; x_wconf 89' lang='lat' dir='ltr'><strong>volumine</strong></span> <span class='ocrx_word' id='word_1_528' title='bbox 2540 1121 2641 1177; x_wconf 84' lang='lat' dir='ltr'><strong>Job</strong></span> <span class='ocrx_word' id='word_1_529' title='bbox 2669 1120 2995 1175; x_wconf 88' lang='lat' dir='ltr'><strong>circumiens</strong></span> <span class='ocrx_word' id='word_1_530' title='bbox 3026 1125 3224 1170; x_wconf 75' lang='lat' dir='ltr'><strong>terram</strong></span> <span class='ocrx_word' id='word_1_531' title='bbox 3275 1121 3425 1167; x_wconf 89' lang='lat' dir='ltr'><strong>stare</strong></span> <span class='ocrx_word' id='word_1_532' title='bbox 3454 1108 3652 1163; x_wconf 89' lang='lat' dir='ltr'><strong>dicitur</strong></span> <span class='ocrx_word' id='word_1_533' title='bbox 3688 1108 3743 1159; x_wconf 89' lang='lat' dir='ltr'><strong>in</strong></span> 
     </span>
    </p>
   </div>
   <div class='ocr_carea' id='block_1_70' title="bbox 2159 1200 3748 1289">
    <p class='ocr_par' dir='ltr' id='par_1_70' title="bbox 2159 1200 3748 1289">
     <span class='ocr_line' id='line_1_70' title="bbox 2159 1200 3748 1289; baseline -0.015 -14"><span class='ocrx_word' id='word_1_534' title='bbox 2159 1216 2449 1289; x_wconf 87' lang='lat' dir='ltr'><strong>conspectu</strong></span> <span class='ocrx_word' id='word_1_535' title='bbox 2478 1215 2594 1271; x_wconf 87' lang='lat' dir='ltr'><strong>Dei.</strong></span> <span class='ocrx_word' id='word_1_536' title='bbox 2627 1213 2695 1267; x_wconf 90' lang='lat' dir='ltr'><strong>Et</strong></span> <span class='ocrx_word' id='word_1_537' title='bbox 2716 1211 2771 1266; x_wconf 90' lang='lat' dir='ltr'><strong>in</strong></span> <span class='ocrx_word' id='word_1_538' title='bbox 2801 1209 3159 1265; x_wconf 85' lang='lat' dir='ltr'><strong>substantiam</strong></span> <span class='ocrx_word' id='word_1_539' title='bbox 3191 1204 3374 1277; x_wconf 86' lang='lat' dir='ltr'><strong>primo</strong></span> <span class='ocrx_word' id='word_1_540' title='bbox 3399 1200 3519 1265; x_wconf 79' lang='lat' dir='ltr'><strong>Job,</strong></span> <span class='ocrx_word' id='word_1_541' title='bbox 3546 1200 3748 1254; x_wconf 84' lang='lat' dir='ltr'><strong>deinde</strong></span> 
     </span>
    </p>
   </div>
   <div class='ocr_carea' id='block_1_71' title="bbox 2159 1290 3747 1378">
    <p class='ocr_par' dir='ltr' id='par_1_71' title="bbox 2159 1290 3747 1378">
     <span class='ocr_line' id='line_1_71' title="bbox 2159 1290 3747 1378; baseline -0.013 -13"><span class='ocrx_word' id='word_1_542' title='bbox 2159 1312 2213 1365; x_wconf 90' lang='lat' dir='ltr'><strong>in</strong></span> <span class='ocrx_word' id='word_1_543' title='bbox 2241 1323 2439 1378; x_wconf 90' lang='lat' dir='ltr'><strong>corpus</strong></span> <span class='ocrx_word' id='word_1_544' title='bbox 2488 1304 2606 1375; x_wconf 90' lang='lat' dir='ltr'><strong>ejus</strong></span> <span class='ocrx_word' id='word_1_545' title='bbox 2653 1303 2901 1373; x_wconf 78' lang='lat' dir='ltr'><strong>accipere</strong></span> <span class='ocrx_word' id='word_1_546' title='bbox 2929 1315 2956 1354; x_wconf 89' lang='lat' dir='ltr'><strong>a</strong></span> <span class='ocrx_word' id='word_1_547' title='bbox 2983 1298 3212 1353; x_wconf 90' lang='lat' dir='ltr'><strong>Domino</strong></span> <span class='ocrx_word' id='word_1_548' title='bbox 3255 1300 3599 1366; x_wconf 86' lang='lat' dir='ltr'><strong>potestatem.</strong></span> <span class='ocrx_word' id='word_1_549' title='bbox 3632 1290 3747 1345; x_wconf 88' lang='lat' dir='ltr'><strong>Sed</strong></span> 
     </span>
    </p>
   </div>
   <div class='ocr_carea' id='block_1_72' title="bbox 2160 1379 3750 1454">
    <p class='ocr_par' dir='ltr' id='par_1_72' title="bbox 2160 1379 3750 1454">
     <span class='ocr_line' id='line_1_72' title="bbox 2160 1379 3750 1454; baseline -0.014 -1"><span class='ocrx_word' id='word_1_550' title='bbox 2160 1406 2215 1454; x_wconf 88' lang='lat' dir='ltr'><strong>et</strong></span> <span class='ocrx_word' id='word_1_551' title='bbox 2237 1396 2456 1451; x_wconf 88' lang='lat' dir='ltr'><strong>Balaam</strong></span> <span class='ocrx_word' id='word_1_552' title='bbox 2478 1391 2716 1448; x_wconf 86' lang='lat' dir='ltr'><strong>hariolus</strong></span> <span class='ocrx_word' id='word_1_553' title='bbox 2736 1405 2764 1444; x_wconf 90' lang='lat' dir='ltr'><strong>a</strong></span> <span class='ocrx_word' id='word_1_554' title='bbox 2791 1388 3014 1443; x_wconf 88' lang='lat' dir='ltr'><strong>Domino</strong></span> <span class='ocrx_word' id='word_1_555' title='bbox 3031 1386 3280 1446; x_wconf 85' lang='lat' dir='ltr'><strong>mittitur,</strong></span> <span class='ocrx_word' id='word_1_556' title='bbox 3306 1390 3365 1436; x_wconf 90' lang='lat' dir='ltr'><strong>ut</strong></span> <span class='ocrx_word' id='word_1_557' title='bbox 3389 1381 3620 1450; x_wconf 89' lang='lat' dir='ltr'><strong>decipiat</strong></span> <span class='ocrx_word' id='word_1_558' title='bbox 3640 1379 3750 1433; x_wconf 89' lang='lat' dir='ltr'><strong>Ba-</strong></span> 
     </span>
    </p>
   </div>
   <div class='ocr_carea' id='block_1_73' title="bbox 2160 1473 3752 1542">
    <p class='ocr_par' dir='ltr' id='par_1_73' title="bbox 2160 1473 3752 1542">
     <span class='ocr_line' id='line_1_73' title="bbox 2160 1473 3752 1542; baseline -0.013 -1"><span class='ocrx_word' id='word_1_559' title='bbox 2160 1487 2279 1542; x_wconf 89' lang='lat' dir='ltr'><strong>laac</strong></span> <span class='ocrx_word' id='word_1_560' title='bbox 2297 1485 2468 1540; x_wconf 85' lang='lat' dir='ltr'><strong>ﬁlium</strong></span> <span class='ocrx_word' id='word_1_561' title='bbox 2493 1483 2650 1537; x_wconf 89' lang='lat' dir='ltr'><strong>Beor.</strong></span> <span class='ocrx_word' id='word_1_562' title='bbox 2696 1479 2809 1534; x_wconf 88' lang='lat' dir='ltr'><strong>Hoc</strong></span> <span class='ocrx_word' id='word_1_563' title='bbox 2833 1488 3013 1533; x_wconf 89' lang='lat' dir='ltr'><strong>autem</strong></span> <span class='ocrx_word' id='word_1_564' title='bbox 3045 1484 3216 1529; x_wconf 89' lang='lat' dir='ltr'><strong>totum</strong></span> <span class='ocrx_word' id='word_1_565' title='bbox 3244 1473 3461 1536; x_wconf 88' lang='lat' dir='ltr'><strong>dicitur,</strong></span> <span class='ocrx_word' id='word_1_566' title='bbox 3491 1486 3559 1525; x_wconf 90' lang='lat' dir='ltr'><strong>ne</strong></span> <span class='ocrx_word' id='word_1_567' title='bbox 3585 1483 3752 1540; x_wconf 87' lang='lat' dir='ltr'><strong>pseu-</strong></span> 
     </span>
    </p>
   </div>
   <div class='ocr_carea' id='block_1_74' title="bbox 2164 1554 3752 1646">
    <p class='ocr_par' dir='ltr' id='par_1_74' title="bbox 2164 1554 3752 1646">
     <span class='ocr_line' id='line_1_74' title="bbox 2164 1554 3752 1646; baseline -0.012 -14"><span class='ocrx_word' id='word_1_568' title='bbox 2164 1562 2619 1646; x_wconf 84' lang='lat' dir='ltr'><strong>doprophetarum</strong></span> <span class='ocrx_word' id='word_1_569' title='bbox 2667 1568 2963 1625; x_wconf 88' lang='lat' dir='ltr'><strong>fortitudini</strong></span> <span class='ocrx_word' id='word_1_570' title='bbox 3022 1574 3317 1634; x_wconf 88' lang='lat' dir='ltr'><strong>reputetur,</strong></span> <span class='ocrx_word' id='word_1_571' title='bbox 3356 1554 3497 1633; x_wconf 79' lang='lat' dir='ltr'><strong>quOd</strong></span> <span class='ocrx_word' id='word_1_572' title='bbox 3545 1560 3752 1629; x_wconf 85' lang='lat' dir='ltr'><strong>decipi-</strong></span> 
     </span>
    </p>
   </div>
   <div class='ocr_carea' id='block_1_75' title="bbox 2165 1650 3751 1735">
    <p class='ocr_par' dir='ltr' id='par_1_75' title="bbox 2165 1650 3751 1735">
     <span class='ocr_line' id='line_1_75' title="bbox 2165 1650 3751 1735; baseline -0.013 -13"><span class='ocrx_word' id='word_1_573' title='bbox 2165 1676 2253 1721; x_wconf 92' lang='lat' dir='ltr'><strong>tur</strong></span> <span class='ocrx_word' id='word_1_574' title='bbox 2279 1663 2527 1735; x_wconf 88' lang='lat' dir='ltr'><strong>p0pulus,</strong></span> <span class='ocrx_word' id='word_1_575' title='bbox 2558 1670 2613 1715; x_wconf 90' lang='lat' dir='ltr'><strong>et</strong></span> <span class='ocrx_word' id='word_1_576' title='bbox 2640 1659 2813 1730; x_wconf 90' lang='lat' dir='ltr'><strong>magis</strong></span> <span class='ocrx_word' id='word_1_577' title='bbox 2836 1656 2946 1710; x_wconf 91' lang='lat' dir='ltr'><strong>vult</strong></span> <span class='ocrx_word' id='word_1_578' title='bbox 2968 1655 3156 1709; x_wconf 87' lang='lat' dir='ltr'><strong>audire</strong></span> <span class='ocrx_word' id='word_1_579' title='bbox 3192 1650 3553 1713; x_wconf 86' lang='lat' dir='ltr'><strong>mendacium,</strong></span> <span class='ocrx_word' id='word_1_580' title='bbox 3580 1664 3751 1718; x_wconf 91' lang='lat' dir='ltr'><strong>quam</strong></span> 
     </span>
    </p>
   </div>
   <div class='ocr_carea' id='block_1_76' title="bbox 2166 1738 3752 1825">
    <p class='ocr_par' dir='ltr' id='par_1_76' title="bbox 2166 1738 3752 1825">
     <span class='ocr_line' id='line_1_76' title="bbox 2166 1738 3752 1825; baseline -0.014 -13"><span class='ocrx_word' id='word_1_581' title='bbox 2166 1756 2385 1812; x_wconf 89' lang='lat' dir='ltr'><strong>veritati</strong></span> <span class='ocrx_word' id='word_1_582' title='bbox 2413 1767 2598 1808; x_wconf 90' lang='lat' dir='ltr'><strong>aurem</strong></span> <span class='ocrx_word' id='word_1_583' title='bbox 2630 1744 3197 1825; x_wconf 74' lang='lat' dir='ltr'><strong>accommodare,.sed</strong></span> <span class='ocrx_word' id='word_1_584' title='bbox 3230 1741 3380 1811; x_wconf 86' lang='lat' dir='ltr'><strong>quod</strong></span> <span class='ocrx_word' id='word_1_585' title='bbox 3410 1740 3504 1794; x_wconf 88' lang='lat' dir='ltr'><strong>Dei</strong></span> <span class='ocrx_word' id='word_1_586' title='bbox 3534 1740 3630 1792; x_wconf 75' lang='lat' dir='ltr'><strong>ira:</strong></span> <span class='ocrx_word' id='word_1_587' title='bbox 3656 1738 3752 1799; x_wconf 83' lang='lat' dir='ltr'><strong>sit,</strong></span> 
     </span>
    </p>
   </div>
   <div class='ocr_carea' id='block_1_77' title="bbox 2093 1824 3756 1917">
    <p class='ocr_par' dir='ltr' id='par_1_77' title="bbox 2093 1824 3756 1917">
     <span class='ocr_line' id='line_1_77' title="bbox 2093 1824 3756 1917; baseline -0.014 -14"><span class='ocrx_word' id='word_1_588' title='bbox 2093 1844 2141 1904; x_wconf 89' lang='lat' dir='ltr'><strong>B</strong></span> <span class='ocrx_word' id='word_1_589' title='bbox 2168 1854 2229 1902; x_wconf 90' lang='lat' dir='ltr'><strong>ut</strong></span> <span class='ocrx_word' id='word_1_590' title='bbox 2256 1858 2544 1917; x_wconf 86' lang='lat' dir='ltr'><strong>perversus</strong></span> <span class='ocrx_word' id='word_1_591' title='bbox 2598 1824 2909 1911; x_wconf 89' lang='lat' dir='ltr'><strong>populuset</strong></span> <span class='ocrx_word' id='word_1_592' title='bbox 2955 1824 3266 1891; x_wconf 85' lang='lat' dir='ltr'><strong>incredulus</strong></span> <span class='ocrx_word' id='word_1_593' title='bbox 3314 1832 3486 1902; x_wconf 84' lang='lat' dir='ltr'><strong>magis</strong></span> <span class='ocrx_word' id='word_1_594' title='bbox 3514 1831 3756 1900; x_wconf 70' lang='lat' dir='ltr'><strong>pseudo-</strong></span> 
     </span>
    </p>
   </div>
   <div class='ocr_carea' id='block_1_78' title="bbox 2168 1925 3753 2009">
    <p class='ocr_par' dir='ltr' id='par_1_78' title="bbox 2168 1925 3753 2009">
     <span class='ocr_line' id='line_1_78' title="bbox 2168 1925 3753 2009; baseline -0.011 -17"><span class='ocrx_word' id='word_1_595' title='bbox 2168 1937 2463 2009; x_wconf 90' lang='lat' dir='ltr'><strong>prophetas</strong></span> <span class='ocrx_word' id='word_1_596' title='bbox 2490 1926 2692 1998; x_wconf 77' lang='lat' dir='ltr'><strong>audiat,</strong></span> <span class='ocrx_word' id='word_1_597' title='bbox 2728 1944 2891 2001; x_wconf 89' lang='lat' dir='ltr'><strong>quam</strong></span> <span class='ocrx_word' id='word_1_598' title='bbox 2938 1927 3248 1997; x_wconf 90' lang='lat' dir='ltr'><strong>prophetas.</strong></span> <span class='ocrx_word' id='word_1_599' title='bbox 3282 1925 3524 1992; x_wconf 89' lang='lat' dir='ltr'><strong>Denique</strong></span> <span class='ocrx_word' id='word_1_600' title='bbox 3555 1932 3753 1976; x_wconf 73' lang='lat' dir='ltr'><strong>exten-</strong></span> 
     </span>
    </p>
   </div>
   <div class='ocr_carea' id='block_1_79' title="bbox 2169 2013 3753 2091">
    <p class='ocr_par' dir='ltr' id='par_1_79' title="bbox 2169 2013 3753 2091">
     <span class='ocr_line' id='line_1_79' title="bbox 2169 2013 3753 2091; baseline -0.013 -7"><span class='ocrx_word' id='word_1_601' title='bbox 2169 2029 2249 2084; x_wconf 90' lang='lat' dir='ltr'><strong>dit</strong></span> <span class='ocrx_word' id='word_1_602' title='bbox 2272 2041 2492 2082; x_wconf 89' lang='lat' dir='ltr'><strong>manum</strong></span> <span class='ocrx_word' id='word_1_603' title='bbox 2520 2038 2672 2079; x_wconf 89' lang='lat' dir='ltr'><strong>suam</strong></span> <span class='ocrx_word' id='word_1_604' title='bbox 2704 2035 2865 2091; x_wconf 89' lang='lat' dir='ltr'><strong>super</strong></span> <span class='ocrx_word' id='word_1_605' title='bbox 2890 2033 3034 2082; x_wconf 89' lang='lat' dir='ltr'><strong>eum,</strong></span> <span class='ocrx_word' id='word_1_606' title='bbox 3061 2015 3381 2071; x_wconf 89' lang='lat' dir='ltr'><strong>subauditur</strong></span> <span class='ocrx_word' id='word_1_607' title='bbox 3403 2013 3753 2084; x_wconf 80' lang='lat' dir='ltr'><strong>pmphetam.</strong></span> 
     </span>
    </p>
   </div>
   <div class='ocr_carea' id='block_1_80' title="bbox 2168 2104 3757 2185">
    <p class='ocr_par' dir='ltr' id='par_1_80' title="bbox 2168 2104 3757 2185">
     <span class='ocr_line' id='line_1_80' title="bbox 2168 2104 3757 2185; baseline -0.009 -13"><span class='ocrx_word' id='word_1_608' title='bbox 2168 2118 2236 2173; x_wconf 88' lang='lat' dir='ltr'><strong>Et</strong></span> <span class='ocrx_word' id='word_1_609' title='bbox 2264 2114 2474 2171; x_wconf 91' lang='lat' dir='ltr'><strong>deletur</strong></span> <span class='ocrx_word' id='word_1_610' title='bbox 2503 2112 2769 2185; x_wconf 80' lang='lat' dir='ltr'><strong>demedio</strong></span> <span class='ocrx_word' id='word_1_611' title='bbox 2796 2109 2980 2181; x_wconf 89' lang='lat' dir='ltr'><strong>populi</strong></span> <span class='ocrx_word' id='word_1_612' title='bbox 3008 2106 3146 2176; x_wconf 90' lang='lat' dir='ltr'><strong>ejus,</strong></span> <span class='ocrx_word' id='word_1_613' title='bbox 3175 2116 3236 2161; x_wconf 93' lang='lat' dir='ltr'><strong>ut</strong></span> <span class='ocrx_word' id='word_1_614' title='bbox 3263 2114 3442 2176; x_wconf 89' lang='lat' dir='ltr'><strong>portet</strong></span> <span class='ocrx_word' id='word_1_615' title='bbox 3489 2104 3757 2173; x_wconf 85' lang='lat' dir='ltr'><strong>iniquita-</strong></span> 
     </span>
    </p>
   </div>
   <div class='ocr_carea' id='block_1_81' title="bbox 2172 2194 3761 2275">
    <p class='ocr_par' dir='ltr' id='par_1_81' title="bbox 2172 2194 3761 2275">
     <span class='ocr_line' id='line_1_81' title="bbox 2172 2194 3761 2275; baseline -0.012 -10"><span class='ocrx_word' id='word_1_616' title='bbox 2172 2218 2276 2265; x_wconf 90' lang='lat' dir='ltr'><strong>tem</strong></span> <span class='ocrx_word' id='word_1_617' title='bbox 2302 2223 2487 2271; x_wconf 86' lang='lat' dir='ltr'><strong>suam,</strong></span> <span class='ocrx_word' id='word_1_618' title='bbox 2519 2206 2646 2275; x_wconf 89' lang='lat' dir='ltr'><strong>quia</strong></span> <span class='ocrx_word' id='word_1_619' title='bbox 2682 2201 2875 2259; x_wconf 88' lang='lat' dir='ltr'><strong>similis</strong></span> <span class='ocrx_word' id='word_1_620' title='bbox 2902 2200 3133 2264; x_wconf 90' lang='lat' dir='ltr'><strong>erroris,</strong></span> <span class='ocrx_word' id='word_1_621' title='bbox 3172 2205 3228 2253; x_wconf 92' lang='lat' dir='ltr'><strong>et</strong></span> <span class='ocrx_word' id='word_1_622' title='bbox 3254 2211 3416 2267; x_wconf 63' lang='lat' dir='ltr'><strong>paena</strong></span> <span class='ocrx_word' id='word_1_623' title='bbox 3454 2194 3761 2253; x_wconf 83' lang='lat' dir='ltr'><strong>consimilis</strong></span> 
     </span>
    </p>
   </div>
   <div class='ocr_carea' id='block_1_82' title="bbox 2169 2286 3760 2365">
    <p class='ocr_par' dir='ltr' id='par_1_82' title="bbox 2169 2286 3760 2365">
     <span class='ocr_line' id='line_1_82' title="bbox 2169 2286 3760 2365; baseline -0.012 -9"><span class='ocrx_word' id='word_1_624' title='bbox 2169 2300 2261 2365; x_wconf 90' lang='lat' dir='ltr'><strong>sit,</strong></span> <span class='ocrx_word' id='word_1_625' title='bbox 2288 2310 2349 2353; x_wconf 91' lang='lat' dir='ltr'><strong>ut</strong></span> <span class='ocrx_word' id='word_1_626' title='bbox 2373 2308 2481 2353; x_wconf 89' lang='lat' dir='ltr'><strong>tam</strong></span> <span class='ocrx_word' id='word_1_627' title='bbox 2508 2295 2597 2349; x_wconf 90' lang='lat' dir='ltr'><strong>ille</strong></span> <span class='ocrx_word' id='word_1_628' title='bbox 2625 2294 2717 2363; x_wconf 89' lang='lat' dir='ltr'><strong>qui</strong></span> <span class='ocrx_word' id='word_1_629' title='bbox 2741 2294 3248 2362; x_wconf 84' lang='lat' dir='ltr'><strong>interrogat,quam</strong></span> <span class='ocrx_word' id='word_1_630' title='bbox 3278 2286 3367 2342; x_wconf 90' lang='lat' dir='ltr'><strong>ille</strong></span> <span class='ocrx_word' id='word_1_631' title='bbox 3395 2287 3488 2357; x_wconf 90' lang='lat' dir='ltr'><strong>qui</strong></span> <span class='ocrx_word' id='word_1_632' title='bbox 3514 2286 3760 2339; x_wconf 86' lang='lat' dir='ltr'><strong>interro-</strong></span> 
     </span>
    </p>
   </div>
   <div class='ocr_carea' id='block_1_83' title="bbox 2170 2375 3758 2461">
    <p class='ocr_par' dir='ltr' id='par_1_83' title="bbox 2170 2375 3758 2461">
     <span class='ocr_line' id='line_1_83' title="bbox 2170 2375 3758 2461; baseline -0.011 -16"><span class='ocrx_word' id='word_1_633' title='bbox 2170 2398 2347 2461; x_wconf 88' lang='lat' dir='ltr'><strong>gatur,</strong></span> <span class='ocrx_word' id='word_1_634' title='bbox 2375 2393 2593 2458; x_wconf 90' lang='lat' dir='ltr'><strong>portent</strong></span> <span class='ocrx_word' id='word_1_635' title='bbox 2620 2384 2960 2453; x_wconf 91' lang='lat' dir='ltr'><strong>iniquitatem</strong></span> <span class='ocrx_word' id='word_1_636' title='bbox 2990 2395 3165 2444; x_wconf 88' lang='lat' dir='ltr'><strong>suam,</strong></span> <span class='ocrx_word' id='word_1_637' title='bbox 3198 2385 3266 2433; x_wconf 86' lang='lat' dir='ltr'><strong>et</strong></span> <span class='ocrx_word' id='word_1_638' title='bbox 3286 2390 3625 2447; x_wconf 86' lang='lat' dir='ltr'><strong>nequaquam</strong></span> <span class='ocrx_word' id='word_1_639' title='bbox 3654 2375 3758 2429; x_wconf 77' lang='lat' dir='ltr'><strong>do~</strong></span> 
     </span>
    </p>
   </div>
   <div class='ocr_carea' id='block_1_84' title="bbox 2170 2466 3762 2545">
    <p class='ocr_par' dir='ltr' id='par_1_84' title="bbox 2170 2466 3762 2545">
     <span class='ocr_line' id='line_1_84' title="bbox 2170 2466 3762 2545; baseline -0.013 -8"><span class='ocrx_word' id='word_1_640' title='bbox 2170 2494 2292 2537; x_wconf 91' lang='lat' dir='ltr'><strong>mus</strong></span> <span class='ocrx_word' id='word_1_641' title='bbox 2312 2477 2477 2535; x_wconf 89' lang='lat' dir='ltr'><strong>Israel</strong></span> <span class='ocrx_word' id='word_1_642' title='bbox 2496 2490 2706 2541; x_wconf 89' lang='lat' dir='ltr'><strong>eorum,</strong></span> <span class='ocrx_word' id='word_1_643' title='bbox 2725 2474 2817 2545; x_wconf 92' lang='lat' dir='ltr'><strong>qui</strong></span> <span class='ocrx_word' id='word_1_644' title='bbox 2837 2472 2935 2527; x_wconf 92' lang='lat' dir='ltr'><strong>Dei</strong></span> <span class='ocrx_word' id='word_1_645' title='bbox 2954 2471 3119 2526; x_wconf 87' lang='lat' dir='ltr'><strong>verba</strong></span> <span class='ocrx_word' id='word_1_646' title='bbox 3137 2469 3325 2524; x_wconf 90' lang='lat' dir='ltr'><strong>audire</strong></span> <span class='ocrx_word' id='word_1_647' title='bbox 3344 2466 3611 2535; x_wconf 72' lang='lat' dir='ltr'><strong>voluerint</strong></span> <span class='ocrx_word' id='word_1_648' title='bbox 3631 2478 3762 2534; x_wconf 89' lang='lat' dir='ltr'><strong>per-</strong></span> 
     </span>
    </p>
   </div>
   <div class='ocr_carea' id='block_1_85' title="bbox 2170 2555 3763 2629">
    <p class='ocr_par' dir='ltr' id='par_1_85' title="bbox 2170 2555 3763 2629">
     <span class='ocr_line' id='line_1_85' title="bbox 2170 2555 3763 2629; baseline -0.011 -2"><span class='ocrx_word' id='word_1_649' title='bbox 2170 2572 2346 2627; x_wconf 89' lang='lat' dir='ltr'><strong>versis</strong></span> <span class='ocrx_word' id='word_1_650' title='bbox 2371 2565 2844 2623; x_wconf 89' lang='lat' dir='ltr'><strong>vaticinationibus</strong></span> <span class='ocrx_word' id='word_1_651' title='bbox 2872 2562 3147 2626; x_wconf 82' lang='lat' dir='ltr'><strong>illuda‘tur,</strong></span> <span class='ocrx_word' id='word_1_652' title='bbox 3172 2559 3271 2615; x_wconf 87' lang='lat' dir='ltr'><strong>sed</strong></span> <span class='ocrx_word' id='word_1_653' title='bbox 3294 2556 3523 2629; x_wconf 85' lang='lat' dir='ltr'><strong>populus</strong></span> <span class='ocrx_word' id='word_1_654' title='bbox 3546 2555 3641 2611; x_wconf 89' lang='lat' dir='ltr'><strong>Dei</strong></span> <span class='ocrx_word' id='word_1_655' title='bbox 3658 2595 3674 2617; x_wconf 85' lang='lat'><strong>,</strong></span> <span class='ocrx_word' id='word_1_656' title='bbox 3704 2562 3763 2610; x_wconf 89' lang='lat' dir='ltr'><strong>et</strong></span> 
     </span>
    </p>
   </div>
   <div class='ocr_carea' id='block_1_86' title="bbox 2171 2642 3761 2734">
    <p class='ocr_par' dir='ltr' id='par_1_86' title="bbox 2171 2642 3761 2734">
     <span class='ocr_line' id='line_1_86' title="bbox 2171 2642 3761 2734; baseline -0.014 -14"><span class='ocrx_word' id='word_1_657' title='bbox 2171 2664 2288 2734; x_wconf 90' lang='lat' dir='ltr'><strong>ipse</strong></span> <span class='ocrx_word' id='word_1_658' title='bbox 2312 2661 2599 2717; x_wconf 90' lang='lat' dir='ltr'><strong>Dominum</strong></span> <span class='ocrx_word' id='word_1_659' title='bbox 2627 2658 2797 2712; x_wconf 92' lang='lat' dir='ltr'><strong>Deum</strong></span> <span class='ocrx_word' id='word_1_660' title='bbox 2825 2655 3028 2710; x_wconf 90' lang='lat' dir='ltr'><strong>habere</strong></span> <span class='ocrx_word' id='word_1_661' title='bbox 3064 2657 3355 2708; x_wconf 90' lang='lat' dir='ltr'><strong>mereatur.</strong></span> <span class='ocrx_word' id='word_1_662' title='bbox 3386 2648 3443 2702; x_wconf 92' lang='lat' dir='ltr'><strong>In</strong></span> <span class='ocrx_word' id='word_1_663' title='bbox 3481 2662 3578 2713; x_wconf 89' lang='lat' dir='ltr'><strong>eo,</strong></span> <span class='ocrx_word' id='word_1_664' title='bbox 3613 2642 3761 2715; x_wconf 87' lang='lat' dir='ltr'><strong>quod</strong></span> 
     </span>
    </p>
   </div>
   <div class='ocr_carea' id='block_1_87' title="bbox 2173 2735 3762 2823">
    <p class='ocr_par' dir='ltr' id='par_1_87' title="bbox 2173 2735 3762 2823">
     <span class='ocr_line' id='line_1_87' title="bbox 2173 2735 3762 2823; baseline -0.014 -10"><span class='ocrx_word' id='word_1_665' title='bbox 2173 2756 2311 2813; x_wconf 79' lang='lat' dir='ltr'><strong>dixit</strong></span> <span class='ocrx_word' id='word_1_666' title='bbox 2338 2772 2350 2807; x_wconf 95' lang='lat'>:</span> <span class='ocrx_word' id='word_1_667' title='bbox 2388 2772 2407 2805; x_wconf 75' lang='grc' dir='ltr'><strong>ι</strong></span> <span class='ocrx_word' id='word_1_668' title='bbox 2443 2753 2556 2823; x_wconf 83' lang='lat' dir='ltr'><strong>Ego</strong></span> <span class='ocrx_word' id='word_1_669' title='bbox 2576 2750 2839 2806; x_wconf 88' lang='lat' dir='ltr'><strong>Dominus</strong></span> <span class='ocrx_word' id='word_1_670' title='bbox 2860 2744 3045 2815; x_wconf 89' lang='lat' dir='ltr'><strong>decepi</strong></span> <span class='ocrx_word' id='word_1_671' title='bbox 3073 2744 3242 2799; x_wconf 90' lang='lat' dir='ltr'><strong>illum.</strong></span> <span class='ocrx_word' id='word_1_672' title='bbox 3270 2738 3575 2796; x_wconf 86' lang='lat' dir='ltr'><strong>Salomonis</strong></span> <span class='ocrx_word' id='word_1_673' title='bbox 3594 2735 3762 2792; x_wconf 74' lang='lat' dir='ltr'><strong>verba</strong></span> 
     </span>
    </p>
   </div>
   <div class='ocr_carea' id='block_1_88' title="bbox 2173 2824 3761 2909">
    <p class='ocr_par' dir='ltr' id='par_1_88' title="bbox 2173 2824 3761 2909">
     <span class='ocr_line' id='line_1_88' title="bbox 2173 2824 3761 2909; baseline -0.014 -8"><span class='ocrx_word' id='word_1_674' title='bbox 2173 2842 2535 2906; x_wconf 89' lang='lat' dir='ltr'><strong>consentiunt,</strong></span> <span class='ocrx_word' id='word_1_675' title='bbox 2556 2840 2648 2909; x_wconf 89' lang='lat' dir='ltr'><strong>qui</strong></span> <span class='ocrx_word' id='word_1_676' title='bbox 2678 2838 2744 2893; x_wconf 92' lang='lat' dir='ltr'><strong>de</strong></span> <span class='ocrx_word' id='word_1_677' title='bbox 2769 2836 2882 2891; x_wconf 92' lang='lat' dir='ltr'><strong>Deo</strong></span> <span class='ocrx_word' id='word_1_678' title='bbox 2906 2835 3209 2904; x_wconf 85' lang='lat' dir='ltr'><strong>disputans,</strong></span> <span class='ocrx_word' id='word_1_679' title='bbox 3235 2830 3310 2884; x_wconf 91' lang='lat' dir='ltr'><strong>ait</strong></span> <span class='ocrx_word' id='word_1_680' title='bbox 3336 2848 3348 2883; x_wconf 74' lang='grc' dir='ltr'>ε</span> <span class='ocrx_word' id='word_1_681' title='bbox 3380 2846 3398 2880; x_wconf 71' lang='grc' dir='ltr'><strong>ι</strong></span> <span class='ocrx_word' id='word_1_682' title='bbox 3434 2828 3500 2882; x_wconf 83' lang='grc' dir='ltr'><strong>Ει</strong></span> <span class='ocrx_word' id='word_1_683' title='bbox 3522 2824 3761 2881; x_wconf 84' lang='lat' dir='ltr'><strong>illusori-</strong></span> 
     </span>
    </p>
   </div>
   <div class='ocr_carea' id='block_1_89' title="bbox 2173 2912 3765 3004">
    <p class='ocr_par' dir='ltr' id='par_1_89' title="bbox 2173 2912 3765 3004">
     <span class='ocr_line' id='line_1_89' title="bbox 2173 2912 3765 3004; baseline -0.013 -14"><span class='ocrx_word' id='word_1_684' title='bbox 2173 2935 2273 2990; x_wconf 91' lang='lat' dir='ltr'><strong>bus</strong></span> <span class='ocrx_word' id='word_1_685' title='bbox 2301 2933 2489 2988; x_wconf 91' lang='lat' dir='ltr'><strong>illudet</strong></span> <span class='ocrx_word' id='word_1_686' title='bbox 2510 2929 2690 3003; x_wconf 83' lang='lat' dir='ltr'><strong>(Prov.</strong></span> <span class='ocrx_word' id='word_1_687' title='bbox 2720 2928 2824 2999; x_wconf 85' lang='grc' dir='ltr'><strong>ιιι).</strong></span> <span class='ocrx_word' id='word_1_688' title='bbox 2864 2947 2882 2979; x_wconf 77' lang='grc' dir='ltr'><strong>ι</strong></span> <span class='ocrx_word' id='word_1_689' title='bbox 2913 2924 3155 3004; x_wconf 80' lang='lat' dir='ltr'><strong>Illudque</strong></span> <span class='ocrx_word' id='word_1_690' title='bbox 3186 2918 3554 2977; x_wconf 90' lang='lat' dir='ltr'><strong>testimonium</strong></span> <span class='ocrx_word' id='word_1_691' title='bbox 3585 2935 3599 2971; x_wconf 89' lang='lat'><strong>:</strong></span> <span class='ocrx_word' id='word_1_692' title='bbox 3635 2934 3655 2967; x_wconf 76' lang='grc' dir='ltr'><strong>ι</strong></span> <span class='ocrx_word' id='word_1_693' title='bbox 3702 2912 3765 2970; x_wconf 89' lang='lat' dir='ltr'><strong>Si</strong></span> 
     </span>
    </p>
   </div>
   <div class='ocr_carea' id='block_1_90' title="bbox 2174 3009 3767 3090">
    <p class='ocr_par' dir='ltr' id='par_1_90' title="bbox 2174 3009 3767 3090">
     <span class='ocr_line' id='line_1_90' title="bbox 2174 3009 3767 3090; baseline -0.013 -9"><span class='ocrx_word' id='word_1_694' title='bbox 2174 3023 2572 3081; x_wconf 89' lang='lat' dir='ltr'><strong>ambulaverint</strong></span> <span class='ocrx_word' id='word_1_695' title='bbox 2592 3021 2659 3075; x_wconf 91' lang='lat' dir='ltr'><strong>ad</strong></span> <span class='ocrx_word' id='word_1_696' title='bbox 2691 3034 2778 3074; x_wconf 92' lang='lat' dir='ltr'><strong>me</strong></span> <span class='ocrx_word' id='word_1_697' title='bbox 2803 3017 3082 3090; x_wconf 91' lang='lat' dir='ltr'><strong>perversi,</strong></span> <span class='ocrx_word' id='word_1_698' title='bbox 3113 3024 3168 3069; x_wconf 91' lang='lat' dir='ltr'><strong>et</strong></span> <span class='ocrx_word' id='word_1_699' title='bbox 3196 3028 3296 3084; x_wconf 87' lang='lat' dir='ltr'><strong>ego</strong></span> <span class='ocrx_word' id='word_1_700' title='bbox 3322 3009 3609 3066; x_wconf 87' lang='lat' dir='ltr'><strong>ambulabo</strong></span> <span class='ocrx_word' id='word_1_701' title='bbox 3636 3022 3767 3063; x_wconf 59' lang='lat' dir='ltr'><strong>conc</strong></span> 
     </span>
    </p>
   </div>
   <div class='ocr_carea' id='block_1_91' title="bbox 2177 3102 3763 3192">
    <p class='ocr_par' dir='ltr' id='par_1_91' title="bbox 2177 3102 3763 3192">
     <span class='ocr_line' id='line_1_91' title="bbox 2177 3102 3763 3192; baseline -0.012 -19"><span class='ocrx_word' id='word_1_702' title='bbox 2177 3128 2260 3174; x_wconf 90' lang='lat' dir='ltr'><strong>tra</strong></span> <span class='ocrx_word' id='word_1_703' title='bbox 2290 3131 2385 3172; x_wconf 90' lang='lat' dir='ltr'><strong>eos</strong></span> <span class='ocrx_word' id='word_1_704' title='bbox 2412 3116 2467 3170; x_wconf 91' lang='lat' dir='ltr'><strong>in</strong></span> <span class='ocrx_word' id='word_1_705' title='bbox 2490 3112 2673 3168; x_wconf 90' lang='lat' dir='ltr'><strong>furore</strong></span> <span class='ocrx_word' id='word_1_706' title='bbox 2694 3123 2953 3192; x_wconf 86' lang='lat' dir='ltr'><strong>perverso</strong></span> <span class='ocrx_word' id='word_1_707' title='bbox 2975 3107 3158 3180; x_wconf 78' lang='grc' dir='ltr'><strong>(ιευίι.</strong></span> <span class='ocrx_word' id='word_1_708' title='bbox 3185 3104 3356 3176; x_wconf 79' lang='lat' dir='ltr'><strong>xxvr).</strong></span> <span class='ocrx_word' id='word_1_709' title='bbox 3383 3102 3645 3172; x_wconf 89' lang='lat' dir='ltr'><strong>Quodque</strong></span> <span class='ocrx_word' id='word_1_710' title='bbox 3669 3113 3763 3155; x_wconf 80' lang='lat' dir='ltr'><strong>se-</strong></span> 
     </span>
    </p>
   </div>
   <div class='ocr_carea' id='block_1_92' title="bbox 2101 3192 3763 3274">
    <p class='ocr_par' dir='ltr' id='par_1_92' title="bbox 2101 3192 3763 3274">
     <span class='ocr_line' id='line_1_92' title="bbox 2101 3192 3763 3274; baseline -0.01 -11"><span class='ocrx_word' id='word_1_711' title='bbox 2101 3199 2145 3263; x_wconf 87' lang='lat' dir='ltr'>C</span> <span class='ocrx_word' id='word_1_712' title='bbox 2176 3208 2593 3274; x_wconf 76' lang='lat' dir='ltr'><strong>cundo.dicitur,</strong></span> <span class='ocrx_word' id='word_1_713' title='bbox 2631 3224 2649 3256; x_wconf 75' lang='grc' dir='ltr'><strong>ι</strong></span> <span class='ocrx_word' id='word_1_714' title='bbox 2681 3204 2854 3259; x_wconf 82' lang='lat' dir='ltr'><strong>Homo</strong></span> <span class='ocrx_word' id='word_1_715' title='bbox 2883 3201 3048 3256; x_wconf 90' lang='lat' dir='ltr'><strong>homo</strong></span> <span class='ocrx_word' id='word_1_716' title='bbox 3074 3198 3305 3253; x_wconf 85' lang='lat' dir='ltr'><strong>filiorum</strong></span> <span class='ocrx_word' id='word_1_717' title='bbox 3330 3192 3493 3250; x_wconf 89' lang='lat' dir='ltr'><strong>Israel</strong></span> <span class='ocrx_word' id='word_1_718' title='bbox 3515 3202 3571 3249; x_wconf 89' lang='lat' dir='ltr'><strong>et</strong></span> <span class='ocrx_word' id='word_1_719' title='bbox 3595 3193 3763 3247; x_wconf 81' lang='lat' dir='ltr'><strong>adve-</strong></span> 
     </span>
    </p>
   </div>
   <div class='ocr_carea' id='block_1_93' title="bbox 2175 3280 3764 3373">
    <p class='ocr_par' dir='ltr' id='par_1_93' title="bbox 2175 3280 3764 3373">
     <span class='ocr_line' id='line_1_93' title="bbox 2175 3280 3764 3373; baseline -0.014 -15"><span class='ocrx_word' id='word_1_720' title='bbox 2175 3317 2392 3367; x_wconf 88' lang='lat' dir='ltr'><strong>narum,</strong></span> <span class='ocrx_word' id='word_1_721' title='bbox 2414 3299 2507 3373; x_wconf 88' lang='lat' dir='ltr'><strong>qui</strong></span> <span class='ocrx_word' id='word_1_722' title='bbox 2525 3295 2700 3367; x_wconf 89' lang='lat' dir='ltr'><strong>juncti</strong></span> <span class='ocrx_word' id='word_1_723' title='bbox 2731 3300 2857 3349; x_wconf 89' lang='lat' dir='ltr'><strong>sunt</strong></span> <span class='ocrx_word' id='word_1_724' title='bbox 2876 3292 2974 3354; x_wconf 91' lang='lat' dir='ltr'><strong>eis,</strong></span> <span class='ocrx_word' id='word_1_725' title='bbox 3012 3310 3030 3342; x_wconf 78' lang='grc' dir='ltr'><strong>ι</strong></span> <span class='ocrx_word' id='word_1_726' title='bbox 3057 3286 3321 3358; x_wconf 89' lang='lat' dir='ltr'><strong>duplicem</strong></span> <span class='ocrx_word' id='word_1_727' title='bbox 3345 3284 3400 3338; x_wconf 91' lang='lat' dir='ltr'><strong>in</strong></span> <span class='ocrx_word' id='word_1_728' title='bbox 3428 3283 3585 3338; x_wconf 90' lang='lat' dir='ltr'><strong>nobis</strong></span> <span class='ocrx_word' id='word_1_729' title='bbox 3603 3280 3764 3349; x_wconf 75' lang='lat' dir='ltr'><strong>juxta</strong></span> 
     </span>
    </p>
   </div>
   <div class='ocr_carea' id='block_1_94' title="bbox 2174 3370 3762 3463">
    <p class='ocr_par' dir='ltr' id='par_1_94' title="bbox 2174 3370 3762 3463">
     <span class='ocr_line' id='line_1_94' title="bbox 2174 3370 3762 3463; baseline -0.017 -14"><span class='ocrx_word' id='word_1_730' title='bbox 2174 3370 2490 3463; x_wconf 80' lang='lat' dir='ltr'><strong>Apostolum</strong></span> <span class='ocrx_word' id='word_1_731' title='bbox 2514 3384 2750 3441; x_wconf 91' lang='lat' dir='ltr'><strong>ostendit</strong></span> <span class='ocrx_word' id='word_1_732' title='bbox 2776 3381 3071 3444; x_wconf 90' lang='lat' dir='ltr'><strong>hominem,</strong></span> <span class='ocrx_word' id='word_1_733' title='bbox 3103 3374 3412 3431; x_wconf 90' lang='lat' dir='ltr'><strong>interiorem</strong></span> <span class='ocrx_word' id='word_1_734' title='bbox 3446 3380 3501 3425; x_wconf 94' lang='lat' dir='ltr'><strong>et</strong></span> <span class='ocrx_word' id='word_1_735' title='bbox 3522 3370 3762 3425; x_wconf 83' lang='lat' dir='ltr'><strong>exterio-</strong></span> 
     </span>
    </p>
   </div>
   <div class='ocr_carea' id='block_1_95' title="bbox 2176 3460 3763 3538">
    <p class='ocr_par' dir='ltr' id='par_1_95' title="bbox 2176 3460 3763 3538">
     <span class='ocr_line' id='line_1_95' title="bbox 2176 3460 3763 3538; baseline -0.014 -1"><span class='ocrx_word' id='word_1_736' title='bbox 2176 3460 2311 3538; x_wconf 80' lang='lat' dir='ltr'><strong>rem.</strong></span> <span class='ocrx_word' id='word_1_737' title='bbox 2338 3478 2487 3533; x_wconf 82' lang='lat' dir='ltr'><strong>Multi</strong></span> <span class='ocrx_word' id='word_1_738' title='bbox 2507 3477 2651 3531; x_wconf 90' lang='lat' dir='ltr'><strong>enim</strong></span> <span class='ocrx_word' id='word_1_739' title='bbox 2672 3474 2933 3528; x_wconf 90' lang='lat' dir='ltr'><strong>habentes</strong></span> <span class='ocrx_word' id='word_1_740' title='bbox 2956 3466 3192 3524; x_wconf 85' lang='lat' dir='ltr'><strong>hominis</strong></span> <span class='ocrx_word' id='word_1_741' title='bbox 3214 3463 3404 3519; x_wconf 87' lang='lat' dir='ltr'><strong>faciem</strong></span> <span class='ocrx_word' id='word_1_742' title='bbox 3427 3460 3763 3532; x_wconf 86' lang='lat' dir='ltr'><strong>corporalem</strong></span> 
     </span>
    </p>
   </div>
   <div class='ocr_carea' id='block_1_96' title="bbox 2176 3551 3766 3629">
    <p class='ocr_par' dir='ltr' id='par_1_96' title="bbox 2176 3551 3766 3629">
     <span class='ocr_line' id='line_1_96' title="bbox 2176 3551 3766 3629; baseline -0.015 0"><span class='ocrx_word' id='word_1_743' title='bbox 2176 3575 2511 3629; x_wconf 87' lang='lat' dir='ltr'><strong>diversarum</strong></span> <span class='ocrx_word' id='word_1_744' title='bbox 2538 3566 2837 3623; x_wconf 88' lang='lat' dir='ltr'><strong>bestiarum</strong></span> <span class='ocrx_word' id='word_1_745' title='bbox 2866 3566 3149 3625; x_wconf 76' lang='lat' dir='ltr'><strong>assumunt</strong></span> <span class='ocrx_word' id='word_1_746' title='bbox 3179 3555 3461 3626; x_wconf 87' lang='lat' dir='ltr'><strong>imagines,</strong></span> <span class='ocrx_word' id='word_1_747' title='bbox 3492 3567 3628 3622; x_wconf 89' lang='lat' dir='ltr'><strong>quas</strong></span> <span class='ocrx_word' id='word_1_748' title='bbox 3654 3551 3766 3605; x_wconf 80' lang='lat' dir='ltr'><strong>dis-</strong></span> 
     </span>
    </p>
   </div>
   <div class='ocr_carea' id='block_1_97' title="bbox 2176 3641 3767 3735">
    <p class='ocr_par' dir='ltr' id='par_1_97' title="bbox 2176 3641 3767 3735">
     <span class='ocr_line' id='line_1_97' title="bbox 2176 3641 3767 3735; baseline -0.017 -15"><span class='ocrx_word' id='word_1_749' title='bbox 2176 3664 2340 3735; x_wconf 84' lang='lat' dir='ltr'><strong>sipari</strong></span> <span class='ocrx_word' id='word_1_750' title='bbox 2360 3661 2631 3730; x_wconf 85' lang='lat' dir='ltr'><strong>Propheta</strong></span> <span class='ocrx_word' id='word_1_751' title='bbox 2657 3655 2879 3727; x_wconf 91' lang='lat' dir='ltr'><strong>cupiens</strong></span> <span class='ocrx_word' id='word_1_752' title='bbox 2904 3654 3226 3725; x_wconf 87' lang='lat' dir='ltr'><strong>deprecatur</strong></span> <span class='ocrx_word' id='word_1_753' title='bbox 3254 3666 3268 3702; x_wconf 91' lang='lat'><strong>:</strong></span> <span class='ocrx_word' id='word_1_754' title='bbox 3301 3664 3321 3698; x_wconf 70' lang='grc' dir='ltr'><strong>ι</strong></span> <span class='ocrx_word' id='word_1_755' title='bbox 3351 3643 3664 3709; x_wconf 89' lang='lat' dir='ltr'><strong>Domine,in</strong></span> <span class='ocrx_word' id='word_1_756' title='bbox 3693 3641 3767 3695; x_wconf 89' lang='lat' dir='ltr'><strong>ci-</strong></span> 
     </span>
    </p>
   </div>
   <div class='ocr_carea' id='block_1_98' title="bbox 2178 3732 3758 3819">
    <p class='ocr_par' dir='ltr' id='par_1_98' title="bbox 2178 3732 3758 3819">
     <span class='ocr_line' id='line_1_98' title="bbox 2178 3732 3758 3819; baseline -0.018 -9"><span class='ocrx_word' id='word_1_757' title='bbox 2178 3732 2343 3810; x_wconf 78' lang='lat' dir='ltr'><strong>vitate</strong></span> <span class='ocrx_word' id='word_1_758' title='bbox 2370 3761 2461 3806; x_wconf 89' lang='lat' dir='ltr'><strong>tua</strong></span> <span class='ocrx_word' id='word_1_759' title='bbox 2488 3748 2778 3819; x_wconf 86' lang='lat' dir='ltr'><strong>imaginem</strong></span> <span class='ocrx_word' id='word_1_760' title='bbox 2802 3757 2990 3800; x_wconf 88' lang='lat' dir='ltr'><strong>eorum</strong></span> <span class='ocrx_word' id='word_1_761' title='bbox 3015 3738 3305 3809; x_wconf 89' lang='lat' dir='ltr'><strong>dissipabis</strong></span> <span class='ocrx_word' id='word_1_762' title='bbox 3330 3732 3715 3808; x_wconf 77' lang='lat' dir='ltr'><strong>(Psal.i.xxu).</strong></span> <span class='ocrx_word' id='word_1_763' title='bbox 3740 3750 3758 3781; x_wconf 79' lang='grc' dir='ltr'><strong>ι</strong></span> 
     </span>
    </p>
   </div>
   <div class='ocr_carea' id='block_1_99' title="bbox 2175 3827 3766 3912">
    <p class='ocr_par' dir='ltr' id='par_1_99' title="bbox 2175 3827 3766 3912">
     <span class='ocr_line' id='line_1_99' title="bbox 2175 3827 3766 3912; baseline -0.013 -12"><span class='ocrx_word' id='word_1_764' title='bbox 2175 3847 2253 3900; x_wconf 94' lang='lat' dir='ltr'><strong>Illi</strong></span> <span class='ocrx_word' id='word_1_765' title='bbox 2292 3846 2357 3900; x_wconf 91' lang='lat' dir='ltr'><strong>de</strong></span> <span class='ocrx_word' id='word_1_766' title='bbox 2384 3842 2581 3912; x_wconf 88' lang='lat' dir='ltr'><strong>quibus</strong></span> <span class='ocrx_word' id='word_1_767' title='bbox 2602 3839 2866 3907; x_wconf 83' lang='lat' dir='ltr'><strong>scriptum</strong></span> <span class='ocrx_word' id='word_1_768' title='bbox 2892 3842 2977 3890; x_wconf 89' lang='lat' dir='ltr'><strong>est</strong></span> <span class='ocrx_word' id='word_1_769' title='bbox 3006 3850 3017 3885; x_wconf 90' lang='lat'><strong>:</strong></span> <span class='ocrx_word' id='word_1_770' title='bbox 3062 3850 3079 3881; x_wconf 77' lang='grc' dir='ltr'><strong>ι</strong></span> <span class='ocrx_word' id='word_1_771' title='bbox 3114 3829 3287 3885; x_wconf 87' lang='lat' dir='ltr'><strong>Homo</strong></span> <span class='ocrx_word' id='word_1_772' title='bbox 3323 3841 3445 3882; x_wconf 90' lang='lat' dir='ltr'><strong>cum</strong></span> <span class='ocrx_word' id='word_1_773' title='bbox 3476 3828 3530 3881; x_wconf 91' lang='lat' dir='ltr'><strong>in</strong></span> <span class='ocrx_word' id='word_1_774' title='bbox 3559 3827 3766 3879; x_wconf 88' lang='lat' dir='ltr'><strong>honore</strong></span> 
     </span>
    </p>
   </div>
   <div class='ocr_carea' id='block_1_100' title="bbox 2177 3912 3766 3999">
    <p class='ocr_par' dir='ltr' id='par_1_100' title="bbox 2177 3912 3766 3999">
     <span class='ocr_line' id='line_1_100' title="bbox 2177 3912 3766 3999; baseline -0.016 -7"><span class='ocrx_word' id='word_1_775' title='bbox 2177 3945 2351 3999; x_wconf 88' lang='lat' dir='ltr'><strong>esset,</strong></span> <span class='ocrx_word' id='word_1_776' title='bbox 2384 3948 2492 3988; x_wconf 91' lang='lat' dir='ltr'><strong>non</strong></span> <span class='ocrx_word' id='word_1_777' title='bbox 2532 3928 2822 3991; x_wconf 75' lang='lat' dir='ltr'><strong>intellexit,</strong></span> <span class='ocrx_word' id='word_1_778' title='bbox 2870 3929 3214 3993; x_wconf 88' lang='lat' dir='ltr'><strong>comparatus</strong></span> <span class='ocrx_word' id='word_1_779' title='bbox 3238 3926 3322 3973; x_wconf 88' lang='lat' dir='ltr'><strong>est</strong></span> <span class='ocrx_word' id='word_1_780' title='bbox 3342 3915 3604 3985; x_wconf 89' lang='lat' dir='ltr'><strong>jumentis</strong></span> <span class='ocrx_word' id='word_1_781' title='bbox 3635 3912 3766 3967; x_wconf 84' lang='lat' dir='ltr'><strong>insi-</strong></span> 
     </span>
    </p>
   </div>
   <div class='ocr_carea' id='block_1_101' title="bbox 2178 3996 3759 4101">
    <p class='ocr_par' dir='ltr' id='par_1_101' title="bbox 2178 3996 3759 4101">
     <span class='ocr_line' id='line_1_101' title="bbox 2178 3996 3759 4101; baseline -0.019 -16"><span class='ocrx_word' id='word_1_782' title='bbox 2178 4029 2450 4101; x_wconf 90' lang='lat' dir='ltr'><strong>pientibus</strong></span> <span class='ocrx_word' id='word_1_783' title='bbox 2484 4036 2537 4081; x_wconf 89' lang='lat' dir='ltr'><strong>et</strong></span> <span class='ocrx_word' id='word_1_784' title='bbox 2563 4023 2756 4079; x_wconf 88' lang='lat' dir='ltr'><strong>similis</strong></span> <span class='ocrx_word' id='word_1_785' title='bbox 2804 4019 2979 4074; x_wconf 88' lang='lat' dir='ltr'><strong>factus</strong></span> <span class='ocrx_word' id='word_1_786' title='bbox 3016 4025 3099 4071; x_wconf 90' lang='lat' dir='ltr'><strong>est</strong></span> <span class='ocrx_word' id='word_1_787' title='bbox 3125 4012 3231 4094; x_wconf 87' lang='lat' dir='ltr'><strong>illis</strong></span> <span class='ocrx_word' id='word_1_788' title='bbox 3255 4006 3439 4082; x_wconf 75' lang='lat' dir='ltr'><strong>(Psel.</strong></span> <span class='ocrx_word' id='word_1_789' title='bbox 3469 3996 3705 4076; x_wconf 69' lang='lat' dir='ltr'><strong>xtvm),</strong></span> <span class='ocrx_word' id='word_1_790' title='bbox 3740 4024 3759 4055; x_wconf 71' lang='grc' dir='ltr'><strong>ι</strong></span> 
     </span>
    </p>
   </div>
   <div class='ocr_carea' id='block_1_102' title="bbox 2178 4096 3768 4177">
    <p class='ocr_par' dir='ltr' id='par_1_102' title="bbox 2178 4096 3768 4177">
     <span class='ocr_line' id='line_1_102' title="bbox 2178 4096 3768 4177; baseline -0.017 0"><span class='ocrx_word' id='word_1_791' title='bbox 2178 4136 2287 4177; x_wconf 93' lang='lat' dir='ltr'><strong>non</strong></span> <span class='ocrx_word' id='word_1_792' title='bbox 2322 4128 2447 4175; x_wconf 90' lang='lat' dir='ltr'><strong>sunt</strong></span> <span class='ocrx_word' id='word_1_793' title='bbox 2496 4116 2743 4172; x_wconf 90' lang='lat' dir='ltr'><strong>homines</strong></span> <span class='ocrx_word' id='word_1_794' title='bbox 2782 4110 3063 4173; x_wconf 88' lang='lat' dir='ltr'><strong>homines,</strong></span> <span class='ocrx_word' id='word_1_795' title='bbox 3105 4104 3200 4160; x_wconf 90' lang='lat' dir='ltr'><strong>sed</strong></span> <span class='ocrx_word' id='word_1_796' title='bbox 3236 4101 3484 4157; x_wconf 90' lang='lat' dir='ltr'><strong>homines</strong></span> <span class='ocrx_word' id='word_1_797' title='bbox 3523 4108 3649 4153; x_wconf 86' lang='lat' dir='ltr'><strong>sunt</strong></span> <span class='ocrx_word' id='word_1_798' title='bbox 3679 4096 3768 4167; x_wconf 81' lang='lat' dir='ltr'><strong>ju-</strong></span> 
     </span>
    </p>
   </div>
   <div class='ocr_carea' id='block_1_103' title="bbox 2179 4189 3770 4275">
    <p class='ocr_par' dir='ltr' id='par_1_103' title="bbox 2179 4189 3770 4275">
     <span class='ocr_line' id='line_1_103' title="bbox 2179 4189 3770 4275; baseline -0.019 -7"><span class='ocrx_word' id='word_1_799' title='bbox 2179 4220 2381 4268; x_wconf 89' lang='lat' dir='ltr'><strong>menta.</strong></span> <span class='ocrx_word' id='word_1_800' title='bbox 2414 4209 2647 4263; x_wconf 82' lang='lat' dir='ltr'><strong>Rursum</strong></span> <span class='ocrx_word' id='word_1_801' title='bbox 2675 4204 2766 4275; x_wconf 90' lang='lat' dir='ltr'><strong>qui</strong></span> <span class='ocrx_word' id='word_1_802' title='bbox 2792 4204 2844 4257; x_wconf 91' lang='lat' dir='ltr'><strong>in</strong></span> <span class='ocrx_word' id='word_1_803' title='bbox 2864 4198 3155 4270; x_wconf 85' lang='lat' dir='ltr'><strong>Evangelio</strong></span> <span class='ocrx_word' id='word_1_804' title='bbox 3181 4196 3401 4251; x_wconf 91' lang='lat' dir='ltr'><strong>audiunt</strong></span> <span class='ocrx_word' id='word_1_805' title='bbox 3435 4211 3448 4245; x_wconf 88' lang='lat'><strong>:</strong></span> <span class='ocrx_word' id='word_1_806' title='bbox 3480 4210 3499 4244; x_wconf 76' lang='grc' dir='ltr'><strong>ι</strong></span> <span class='ocrx_word' id='word_1_807' title='bbox 3534 4189 3770 4260; x_wconf 87' lang='lat' dir='ltr'><strong>Serpen.</strong></span> 
     </span>
    </p>
   </div>
   <div class='ocr_carea' id='block_1_104' title="bbox 2182 4278 3768 4372">
    <p class='ocr_par' dir='ltr' id='par_1_104' title="bbox 2182 4278 3768 4372">
     <span class='ocr_line' id='line_1_104' title="bbox 2182 4278 3768 4372; baseline -0.016 -13"><span class='ocrx_word' id='word_1_808' title='bbox 2182 4314 2283 4369; x_wconf 89' lang='lat' dir='ltr'><strong>tes,</strong></span> <span class='ocrx_word' id='word_1_809' title='bbox 2312 4298 2585 4372; x_wconf 89' lang='lat' dir='ltr'><strong>genimina</strong></span> <span class='ocrx_word' id='word_1_810' title='bbox 2628 4296 2960 4364; x_wconf 87' lang='lat' dir='ltr'><strong>viperarum,</strong></span> <span class='ocrx_word' id='word_1_811' title='bbox 2994 4288 3117 4359; x_wconf 90' lang='lat' dir='ltr'><strong>quis</strong></span> <span class='ocrx_word' id='word_1_812' title='bbox 3144 4284 3378 4341; x_wconf 90' lang='lat' dir='ltr'><strong>ostendit</strong></span> <span class='ocrx_word' id='word_1_813' title='bbox 3398 4281 3555 4337; x_wconf 81' lang='lat' dir='ltr'><strong>vobis</strong></span> <span class='ocrx_word' id='word_1_814' title='bbox 3580 4278 3768 4353; x_wconf 83' lang='lat' dir='ltr'><strong>fugere</strong></span> 
     </span>
    </p>
   </div>
   <div class='ocr_carea' id='block_1_105' title="bbox 2183 4371 3769 4453">
    <p class='ocr_par' dir='ltr' id='par_1_105' title="bbox 2183 4371 3769 4453">
     <span class='ocr_line' id='line_1_105' title="bbox 2183 4371 3769 4453; baseline -0.015 -5"><span class='ocrx_word' id='word_1_815' title='bbox 2183 4409 2212 4447; x_wconf 89' lang='lat' dir='ltr'><strong>a</strong></span> <span class='ocrx_word' id='word_1_816' title='bbox 2240 4371 2467 4447; x_wconf 87' lang='lat' dir='ltr'><strong>ventura</strong></span> <span class='ocrx_word' id='word_1_817' title='bbox 2497 4386 2623 4441; x_wconf 88' lang='lat' dir='ltr'><strong>ira?</strong></span> <span class='ocrx_word' id='word_1_818' title='bbox 2656 4405 2674 4437; x_wconf 78' lang='grc' dir='ltr'><strong>ι</strong></span> <span class='ocrx_word' id='word_1_819' title='bbox 2711 4380 2939 4453; x_wconf 80' lang='lat' dir='ltr'><strong>(Matth.</strong></span> <span class='ocrx_word' id='word_1_820' title='bbox 3042 4376 3159 4447; x_wconf 83' lang='lat' dir='ltr'><strong>III.)</strong></span> <span class='ocrx_word' id='word_1_821' title='bbox 3211 4373 3329 4429; x_wconf 86' lang='lat' dir='ltr'><strong>Non</strong></span> <span class='ocrx_word' id='word_1_822' title='bbox 3360 4371 3769 4428; x_wconf 87' lang='lat' dir='ltr'><strong>sunt’homines</strong></span> 
     </span>
    </p>
   </div>
   <div class='ocr_carea' id='block_1_106' title="bbox 2185 4461 3769 4545">
    <p class='ocr_par' dir='ltr' id='par_1_106' title="bbox 2185 4461 3769 4545">
     <span class='ocr_line' id='line_1_106' title="bbox 2185 4461 3769 4545; baseline -0.015 -8"><span class='ocrx_word' id='word_1_823' title='bbox 2185 4482 2459 4545; x_wconf 88' lang='lat' dir='ltr'><strong>homines,</strong></span> <span class='ocrx_word' id='word_1_824' title='bbox 2485 4477 2579 4532; x_wconf 90' lang='lat' dir='ltr'><strong>sed</strong></span> <span class='ocrx_word' id='word_1_825' title='bbox 2611 4482 2736 4531; x_wconf 91' lang='lat' dir='ltr'><strong>sunt</strong></span> <span class='ocrx_word' id='word_1_826' title='bbox 2759 4469 3003 4526; x_wconf 90' lang='lat' dir='ltr'><strong>homines</strong></span> <span class='ocrx_word' id='word_1_827' title='bbox 3033 4473 3328 4536; x_wconf 88' lang='lat' dir='ltr'><strong>serpentes.</strong></span> <span class='ocrx_word' id='word_1_828' title='bbox 3366 4463 3435 4517; x_wconf 90' lang='lat' dir='ltr'><strong>Et</strong></span> <span class='ocrx_word' id='word_1_829' title='bbox 3474 4463 3543 4516; x_wconf 88' lang='lat' dir='ltr'><strong>de</strong></span> <span class='ocrx_word' id='word_1_830' title='bbox 3574 4461 3769 4531; x_wconf 87' lang='lat' dir='ltr'><strong>quibus</strong></span> 
     </span>
    </p>
   </div>
   <div class='ocr_carea' id='block_1_107' title="bbox 2184 4551 3767 4640">
    <p class='ocr_par' dir='ltr' id='par_1_107' title="bbox 2184 4551 3767 4640">
     <span class='ocr_line' id='line_1_107' title="bbox 2184 4551 3767 4640; baseline -0.014 -13"><span class='ocrx_word' id='word_1_831' title='bbox 2184 4572 2441 4640; x_wconf 89' lang='lat' dir='ltr'><strong>scriptum</strong></span> <span class='ocrx_word' id='word_1_832' title='bbox 2481 4576 2565 4623; x_wconf 90' lang='lat' dir='ltr'><strong>est</strong></span> <span class='ocrx_word' id='word_1_833' title='bbox 2608 4584 2621 4619; x_wconf 92' lang='lat'><strong>:</strong></span> <span class='ocrx_word' id='word_1_834' title='bbox 2665 4562 2863 4631; x_wconf 80' lang='lat' dir='ltr'><strong>Vulpes</strong></span> <span class='ocrx_word' id='word_1_835' title='bbox 2916 4559 3097 4615; x_wconf 87' lang='lat' dir='ltr'><strong>foveas</strong></span> <span class='ocrx_word' id='word_1_836' title='bbox 3140 4557 3370 4619; x_wconf 86' lang='lat' dir='ltr'><strong>habent,</strong></span> <span class='ocrx_word' id='word_1_837' title='bbox 3423 4561 3479 4607; x_wconf 93' lang='lat' dir='ltr'><strong>et</strong></span> <span class='ocrx_word' id='word_1_838' title='bbox 3523 4551 3767 4607; x_wconf 88' lang='lat' dir='ltr'><strong>volucres</strong></span> 
     </span>
    </p>
   </div>
   <div class='ocr_carea' id='block_1_108' title="bbox 2183 4642 3767 4727">
    <p class='ocr_par' dir='ltr' id='par_1_108' title="bbox 2183 4642 3767 4727">
     <span class='ocr_line' id='line_1_108' title="bbox 2183 4642 3767 4727; baseline -0.013 -11"><span class='ocrx_word' id='word_1_839' title='bbox 2183 4661 2305 4716; x_wconf 75' lang='lat' dir='ltr'><strong>cceli</strong></span> <span class='ocrx_word' id='word_1_840' title='bbox 2359 4660 2513 4713; x_wconf 87' lang='lat' dir='ltr'><strong>nidos</strong></span> <span class='ocrx_word' id='word_1_841' title='bbox 2550 4654 2765 4727; x_wconf 81' lang='lat' dir='ltr'><strong>(Matth.</strong></span> <span class='ocrx_word' id='word_1_842' title='bbox 2805 4648 2957 4722; x_wconf 82' lang='lat' dir='ltr'><strong>vin),</strong></span> <span class='ocrx_word' id='word_1_843' title='bbox 2994 4666 3013 4699; x_wconf 80' lang='grc' dir='ltr'><strong>ι</strong></span> <span class='ocrx_word' id='word_1_844' title='bbox 3055 4656 3111 4703; x_wconf 89' lang='lat' dir='ltr'><strong>et</strong></span> <span class='ocrx_word' id='word_1_845' title='bbox 3137 4647 3204 4701; x_wconf 91' lang='lat' dir='ltr'><strong>de</strong></span> <span class='ocrx_word' id='word_1_846' title='bbox 3235 4643 3446 4699; x_wconf 85' lang='lat' dir='ltr'><strong>Herode</strong></span> <span class='ocrx_word' id='word_1_847' title='bbox 3486 4660 3500 4696; x_wconf 91' lang='lat'><strong>:</strong></span> <span class='ocrx_word' id='word_1_848' title='bbox 3541 4659 3560 4693; x_wconf 76' lang='grc' dir='ltr'><strong>ι</strong></span> <span class='ocrx_word' id='word_1_849' title='bbox 3597 4642 3767 4697; x_wconf 83' lang='lat' dir='ltr'><strong>Dicite</strong></span> 
     </span>
    </p>
   </div>
   <div class='ocr_carea' id='block_1_109' title="bbox 2182 4732 3765 4820">
    <p class='ocr_par' dir='ltr' id='par_1_109' title="bbox 2182 4732 3765 4820">
     <span class='ocr_line' id='line_1_109' title="bbox 2182 4732 3765 4820; baseline -0.013 -15"><span class='ocrx_word' id='word_1_850' title='bbox 2182 4751 2325 4820; x_wconf 90' lang='lat' dir='ltr'><strong>vulpi</strong></span> <span class='ocrx_word' id='word_1_851' title='bbox 2352 4750 2477 4802; x_wconf 89' lang='lat' dir='ltr'><strong>huic</strong></span> <span class='ocrx_word' id='word_1_852' title='bbox 2498 4745 2649 4817; x_wconf 86' lang='lat' dir='ltr'><strong>(Luc.</strong></span> <span class='ocrx_word' id='word_1_853' title='bbox 2681 4742 2801 4814; x_wconf 70' lang='grc' dir='ltr'><strong>χιιι)</strong></span> <span class='ocrx_word' id='word_1_854' title='bbox 2822 4781 2836 4807; x_wconf 90' lang='grc'><em>,</em></span> <span class='ocrx_word' id='word_1_855' title='bbox 2876 4758 2894 4793; x_wconf 79' lang='grc' dir='ltr'><strong>ι</strong></span> <span class='ocrx_word' id='word_1_856' title='bbox 2930 4733 3038 4794; x_wconf 88' lang='lat' dir='ltr'><strong>non</strong></span> <span class='ocrx_word' id='word_1_857' title='bbox 3068 4743 3194 4792; x_wconf 90' lang='lat' dir='ltr'><strong>sunt</strong></span> <span class='ocrx_word' id='word_1_858' title='bbox 3221 4734 3468 4807; x_wconf 75' lang='lat' dir='ltr'><strong>homines</strong></span> <span class='ocrx_word' id='word_1_859' title='bbox 3495 4732 3765 4795; x_wconf 89' lang='lat' dir='ltr'><strong>homines,</strong></span> 
     </span>
    </p>
   </div>
   <div class='ocr_carea' id='block_1_110' title="bbox 2183 4822 3762 4905">
    <p class='ocr_par' dir='ltr' id='par_1_110' title="bbox 2183 4822 3762 4905">
     <span class='ocr_line' id='line_1_110' title="bbox 2183 4822 3762 4905; baseline -0.016 -8"><span class='ocrx_word' id='word_1_860' title='bbox 2183 4842 2275 4898; x_wconf 90' lang='lat' dir='ltr'><strong>sed</strong></span> <span class='ocrx_word' id='word_1_861' title='bbox 2298 4839 2543 4895; x_wconf 87' lang='lat' dir='ltr'><strong>homines</strong></span> <span class='ocrx_word' id='word_1_862' title='bbox 2562 4836 2767 4905; x_wconf 88' lang='lat' dir='ltr'><strong>vulpes.</strong></span> <span class='ocrx_word' id='word_1_863' title='bbox 2795 4832 2897 4899; x_wconf 86' lang='lat' dir='ltr'><strong>Qui</strong></span> <span class='ocrx_word' id='word_1_864' title='bbox 2923 4843 3055 4883; x_wconf 89' lang='lat' dir='ltr'><strong>vero</strong></span> <span class='ocrx_word' id='word_1_865' title='bbox 3081 4836 3371 4894; x_wconf 89' lang='lat' dir='ltr'><strong>utrumque</strong></span> <span class='ocrx_word' id='word_1_866' title='bbox 3394 4822 3633 4877; x_wconf 88' lang='lat' dir='ltr'><strong>hominis</strong></span> <span class='ocrx_word' id='word_1_867' title='bbox 3668 4834 3762 4874; x_wconf 85' lang='lat' dir='ltr'><strong>vo-</strong></span> 
     </span>
    </p>
   </div>
   <div class='ocr_carea' id='block_1_111' title="bbox 2182 4909 3764 4998">
    <p class='ocr_par' dir='ltr' id='par_1_111' title="bbox 2182 4909 3764 4998">
     <span class='ocr_line' id='line_1_111' title="bbox 2182 4909 3764 4998; baseline -0.016 -10"><span class='ocrx_word' id='word_1_868' title='bbox 2182 4931 2429 4989; x_wconf 84' lang='lat' dir='ltr'><strong>cabulum</strong></span> <span class='ocrx_word' id='word_1_869' title='bbox 2455 4925 2757 4998; x_wconf 91' lang='lat' dir='ltr'><strong>possident,</strong></span> <span class='ocrx_word' id='word_1_870' title='bbox 2794 4922 2839 4976; x_wconf 91' lang='lat' dir='ltr'><strong>si</strong></span> <span class='ocrx_word' id='word_1_871' title='bbox 2874 4909 3202 4979; x_wconf 86' lang='lat' dir='ltr'><strong>erraverint,</strong></span> <span class='ocrx_word' id='word_1_872' title='bbox 3227 4912 3346 4968; x_wconf 91' lang='lat' dir='ltr'><strong>ideo</strong></span> <span class='ocrx_word' id='word_1_873' title='bbox 3368 4925 3468 4981; x_wconf 87' lang='lat' dir='ltr'><strong>per</strong></span> <span class='ocrx_word' id='word_1_874' title='bbox 3505 4909 3764 4981; x_wconf 79' lang='lat' dir='ltr'><strong>supplicia</strong></span> 
     </span>
    </p>
   </div>
   <div class='ocr_carea' id='block_1_112' title="bbox 2188 5000 3762 5090">
    <p class='ocr_par' dir='ltr' id='par_1_112' title="bbox 2188 5000 3762 5090">
     <span class='ocr_line' id='line_1_112' title="bbox 2188 5000 3762 5090; baseline -0.016 -12"><span class='ocrx_word' id='word_1_875' title='bbox 2188 5022 2563 5090; x_wconf 85' lang='lat' dir='ltr'><strong>corriguntur,</strong></span> <span class='ocrx_word' id='word_1_876' title='bbox 2606 5022 2667 5069; x_wconf 91' lang='lat' dir='ltr'><strong>ut</strong></span> <span class='ocrx_word' id='word_1_877' title='bbox 2702 5010 3000 5081; x_wconf 89' lang='lat' dir='ltr'><strong>intelligant</strong></span> <span class='ocrx_word' id='word_1_878' title='bbox 3036 5004 3180 5075; x_wconf 89' lang='lat' dir='ltr'><strong>quod</strong></span> <span class='ocrx_word' id='word_1_879' title='bbox 3223 5003 3339 5073; x_wconf 90' lang='lat' dir='ltr'><strong>ipse</strong></span> <span class='ocrx_word' id='word_1_880' title='bbox 3377 5002 3448 5056; x_wconf 91' lang='lat' dir='ltr'><strong>sit</strong></span> <span class='ocrx_word' id='word_1_881' title='bbox 3485 5000 3762 5055; x_wconf 87' lang='lat' dir='ltr'><strong>Dominus.</strong></span> 
     </span>
    </p>
   </div>
   <div class='ocr_carea' id='block_1_113' title="bbox 2266 5109 3761 5187">
    <p class='ocr_par' dir='ltr' id='par_1_113' title="bbox 2266 5109 3761 5187">
     <span class='ocr_line' id='line_1_113' title="bbox 2266 5109 3761 5187; baseline -0.013 -3"><span class='ocrx_word' id='word_1_882' title='bbox 2266 5152 2283 5184; x_wconf 85' lang='grc'><strong><em>‹</em></strong></span> <span class='ocrx_word' id='word_1_883' title='bbox 2322 5130 2602 5187; x_wconf 73' lang='grc' dir='ltr'><strong>Ει-ἰιιοῑιιε</strong></span> <span class='ocrx_word' id='word_1_884' title='bbox 2630 5135 2715 5181; x_wconf 88' lang='lat' dir='ltr'><strong>est</strong></span> <span class='ocrx_word' id='word_1_885' title='bbox 2744 5136 2922 5178; x_wconf 90' lang='lat' dir='ltr'><strong>sermo</strong></span> <span class='ocrx_word' id='word_1_886' title='bbox 2951 5118 3162 5175; x_wconf 90' lang='lat' dir='ltr'><strong>Domini</strong></span> <span class='ocrx_word' id='word_1_887' title='bbox 3187 5115 3253 5171; x_wconf 89' lang='lat' dir='ltr'><strong>ad</strong></span> <span class='ocrx_word' id='word_1_888' title='bbox 3285 5129 3371 5169; x_wconf 90' lang='lat' dir='ltr'><strong>me</strong></span> <span class='ocrx_word' id='word_1_889' title='bbox 3399 5113 3589 5167; x_wconf 90' lang='lat' dir='ltr'><strong>dicens</strong></span> <span class='ocrx_word' id='word_1_890' title='bbox 3613 5127 3628 5165; x_wconf 90' lang='lat'><strong>:</strong></span> <span class='ocrx_word' id='word_1_891' title='bbox 3664 5109 3761 5165; x_wconf 86' lang='lat' dir='ltr'><strong>Fili</strong></span> 
     </span>
    </p>
   </div>
   <div class='ocr_carea' id='block_1_114' title="bbox 2198 5199 3765 5282">
    <p class='ocr_par' dir='ltr' id='par_1_114' title="bbox 2198 5199 3765 5282">
     <span class='ocr_line' id='line_1_114' title="bbox 2198 5199 3765 5282; baseline -0.015 -6"><span class='ocrx_word' id='word_1_892' title='bbox 2198 5241 2216 5275; x_wconf 70' lang='grc' dir='ltr'><strong>ι</strong></span> <span class='ocrx_word' id='word_1_893' title='bbox 2253 5219 2505 5282; x_wconf 88' lang='lat' dir='ltr'><strong>hominis,</strong></span> <span class='ocrx_word' id='word_1_894' title='bbox 2535 5225 2678 5270; x_wconf 88' lang='lat' dir='ltr'><strong>terra</strong></span> <span class='ocrx_word' id='word_1_895' title='bbox 2706 5227 2827 5266; x_wconf 91' lang='lat' dir='ltr'><strong>cum</strong></span> <span class='ocrx_word' id='word_1_896' title='bbox 2855 5207 3157 5279; x_wconf 81' lang='lat' dir='ltr'><strong>peccaverit</strong></span> <span class='ocrx_word' id='word_1_897' title='bbox 3181 5204 3333 5267; x_wconf 88' lang='lat' dir='ltr'><strong>mihi,</strong></span> <span class='ocrx_word' id='word_1_898' title='bbox 3362 5210 3422 5256; x_wconf 93' lang='lat' dir='ltr'><strong>ut</strong></span> <span class='ocrx_word' id='word_1_899' title='bbox 3448 5199 3765 5272; x_wconf 74' lang='lat' dir='ltr'><strong>przevarioe-</strong></span> 
     </span>
    </p>
   </div>
   <div class='ocr_carea' id='block_1_115' title="bbox 2200 5302 3766 5380">
    <p class='ocr_par' dir='ltr' id='par_1_115' title="bbox 2200 5302 3766 5380">
     <span class='ocr_line' id='line_1_115' title="bbox 2200 5302 3766 5380; baseline -0.015 -12"><span class='ocrx_word' id='word_1_900' title='bbox 2200 5334 2218 5366; x_wconf 85' lang='grc'><strong><em>‹</em></strong></span> <span class='ocrx_word' id='word_1_901' title='bbox 2256 5322 2343 5367; x_wconf 91' lang='lat' dir='ltr'><strong>tur</strong></span> <span class='ocrx_word' id='word_1_902' title='bbox 2370 5308 2733 5380; x_wconf 83' lang='lat' dir='ltr'><strong>praevaricans</strong></span> <span class='ocrx_word' id='word_1_903' title='bbox 2777 5302 3063 5357; x_wconf 79' lang='lat' dir='ltr'><strong>extendam</strong></span> <span class='ocrx_word' id='word_1_904' title='bbox 3113 5310 3331 5351; x_wconf 87' lang='lat' dir='ltr'><strong>manum</strong></span> <span class='ocrx_word' id='word_1_905' title='bbox 3378 5309 3556 5348; x_wconf 87' lang='lat' dir='ltr'><strong>meam</strong></span> <span class='ocrx_word' id='word_1_906' title='bbox 3607 5306 3766 5361; x_wconf 87' lang='lat' dir='ltr'><strong>super</strong></span> 
     </span>
    </p>
   </div>
   <div class='ocr_carea' id='block_1_116' title="bbox 2201 5383 3766 5466">
    <p class='ocr_par' dir='ltr' id='par_1_116' title="bbox 2201 5383 3766 5466">
     <span class='ocr_line' id='line_1_116' title="bbox 2201 5383 3766 5466; baseline -0.014 -9"><span class='ocrx_word' id='word_1_907' title='bbox 2201 5424 2218 5457; x_wconf 75' lang='grc' dir='ltr'><strong>ι</strong></span> <span class='ocrx_word' id='word_1_908' title='bbox 2256 5418 2397 5466; x_wconf 89' lang='lat' dir='ltr'><strong>eam,</strong></span> <span class='ocrx_word' id='word_1_909' title='bbox 2430 5410 2484 5455; x_wconf 90' lang='lat' dir='ltr'><strong>et</strong></span> <span class='ocrx_word' id='word_1_910' title='bbox 2515 5406 2791 5453; x_wconf 89' lang='lat' dir='ltr'><strong>conteram</strong></span> <span class='ocrx_word' id='word_1_911' title='bbox 2831 5394 3037 5463; x_wconf 85' lang='lat' dir='ltr'><strong>virgam</strong></span> <span class='ocrx_word' id='word_1_912' title='bbox 3085 5389 3239 5460; x_wconf 89' lang='lat' dir='ltr'><strong>panis</strong></span> <span class='ocrx_word' id='word_1_913' title='bbox 3272 5387 3413 5456; x_wconf 87' lang='lat' dir='ltr'><strong>ejus,</strong></span> <span class='ocrx_word' id='word_1_914' title='bbox 3462 5395 3519 5439; x_wconf 88' lang='lat' dir='ltr'><strong>et</strong></span> <span class='ocrx_word' id='word_1_915' title='bbox 3568 5383 3766 5439; x_wconf 88' lang='lat' dir='ltr'><strong>immit-</strong></span> 
     </span>
    </p>
   </div>
   <div class='ocr_carea' id='block_1_117' title="bbox 2199 5476 3763 5551">
    <p class='ocr_par' dir='ltr' id='par_1_117' title="bbox 2199 5476 3763 5551">
     <span class='ocr_line' id='line_1_117' title="bbox 2199 5476 3763 5551; baseline -0.017 1"><span class='ocrx_word' id='word_1_916' title='bbox 2199 5518 2218 5551; x_wconf 75' lang='grc' dir='ltr'><strong>ι</strong></span> <span class='ocrx_word' id='word_1_917' title='bbox 2253 5508 2363 5551; x_wconf 91' lang='lat' dir='ltr'><strong>tam</strong></span> <span class='ocrx_word' id='word_1_918' title='bbox 2394 5496 2447 5547; x_wconf 93' lang='lat' dir='ltr'><strong>in</strong></span> <span class='ocrx_word' id='word_1_919' title='bbox 2473 5506 2591 5546; x_wconf 88' lang='lat' dir='ltr'><strong>eam</strong></span> <span class='ocrx_word' id='word_1_920' title='bbox 2620 5490 2837 5550; x_wconf 87' lang='lat' dir='ltr'><strong>famem,</strong></span> <span class='ocrx_word' id='word_1_921' title='bbox 2866 5492 2919 5538; x_wconf 90' lang='lat' dir='ltr'><strong>et</strong></span> <span class='ocrx_word' id='word_1_922' title='bbox 2944 5480 3265 5537; x_wconf 82' lang='lat' dir='ltr'><strong>interficiam</strong></span> <span class='ocrx_word' id='word_1_923' title='bbox 3295 5480 3362 5533; x_wconf 88' lang='lat' dir='ltr'><strong>de</strong></span> <span class='ocrx_word' id='word_1_924' title='bbox 3404 5492 3469 5531; x_wconf 93' lang='lat' dir='ltr'><strong>ca</strong></span> <span class='ocrx_word' id='word_1_925' title='bbox 3493 5476 3763 5530; x_wconf 87' lang='lat' dir='ltr'><strong>hominem</strong></span> 
     </span>
    </p>
   </div>
   <div class='ocr_carea' id='block_1_118' title="bbox 2201 5566 3766 5654">
    <p class='ocr_par' dir='ltr' id='par_1_118' title="bbox 2201 5566 3766 5654">
     <span class='ocr_line' id='line_1_118' title="bbox 2201 5566 3766 5654; baseline -0.017 -11"><span class='ocrx_word' id='word_1_926' title='bbox 2201 5609 2220 5642; x_wconf 77' lang='grc' dir='ltr'><strong>ι</strong></span> <span class='ocrx_word' id='word_1_927' title='bbox 2255 5597 2309 5643; x_wconf 92' lang='lat' dir='ltr'><strong>et</strong></span> <span class='ocrx_word' id='word_1_928' title='bbox 2337 5585 2662 5654; x_wconf 90' lang='lat' dir='ltr'><strong>jumentum.</strong></span> <span class='ocrx_word' id='word_1_929' title='bbox 2693 5579 2760 5633; x_wconf 86' lang='lat' dir='ltr'><strong>Et</strong></span> <span class='ocrx_word' id='word_1_930' title='bbox 2789 5579 2832 5630; x_wconf 88' lang='lat' dir='ltr'><strong>si</strong></span> <span class='ocrx_word' id='word_1_931' title='bbox 2868 5576 3072 5629; x_wconf 87' lang='lat' dir='ltr'><strong>fuerint</strong></span> <span class='ocrx_word' id='word_1_932' title='bbox 3101 5583 3211 5626; x_wconf 90' lang='lat' dir='ltr'><strong>tres</strong></span> <span class='ocrx_word' id='word_1_933' title='bbox 3252 5570 3356 5624; x_wconf 86' lang='lat' dir='ltr'><strong>viri</strong></span> <span class='ocrx_word' id='word_1_934' title='bbox 3377 5568 3481 5623; x_wconf 90' lang='lat' dir='ltr'><strong>.isti</strong></span> <span class='ocrx_word' id='word_1_935' title='bbox 3508 5569 3561 5622; x_wconf 92' lang='lat' dir='ltr'><strong>in</strong></span> <span class='ocrx_word' id='word_1_936' title='bbox 3591 5566 3766 5620; x_wconf 88' lang='lat' dir='ltr'><strong>medio</strong></span> 
     </span>
    </p>
   </div>
   <div class='ocr_carea' id='block_1_119' title="bbox 2201 5656 3765 5745">
    <p class='ocr_par' dir='ltr' id='par_1_119' title="bbox 2201 5656 3765 5745">
     <span class='ocr_line' id='line_1_119' title="bbox 2201 5656 3765 5745; baseline -0.014 -15"><span class='ocrx_word' id='word_1_937' title='bbox 2201 5699 2219 5730; x_wconf 74' lang='grc' dir='ltr'><strong>ι</strong></span> <span class='ocrx_word' id='word_1_938' title='bbox 2257 5677 2394 5745; x_wconf 89' lang='lat' dir='ltr'><strong>ejus,</strong></span> <span class='ocrx_word' id='word_1_939' title='bbox 2430 5674 2560 5745; x_wconf 69' lang='lat' dir='ltr'><strong>Noe,</strong></span> <span class='ocrx_word' id='word_1_940' title='bbox 2592 5669 2777 5725; x_wconf 83' lang='lat' dir='ltr'><strong>Daniel</strong></span> <span class='ocrx_word' id='word_1_941' title='bbox 2821 5676 2874 5721; x_wconf 91' lang='lat' dir='ltr'><strong>et</strong></span> <span class='ocrx_word' id='word_1_942' title='bbox 2916 5664 3036 5728; x_wconf 80' lang='lat' dir='ltr'><strong>Job,</strong></span> <span class='ocrx_word' id='word_1_943' title='bbox 3070 5663 3169 5732; x_wconf 92' lang='lat' dir='ltr'><strong>ipsi</strong></span> <span class='ocrx_word' id='word_1_944' title='bbox 3212 5660 3419 5729; x_wconf 89' lang='lat' dir='ltr'><strong>justitia</strong></span> <span class='ocrx_word' id='word_1_945' title='bbox 3457 5674 3551 5713; x_wconf 85' lang='lat' dir='ltr'><strong>sua</strong></span> <span class='ocrx_word' id='word_1_946' title='bbox 3572 5656 3765 5710; x_wconf 78' lang='lat' dir='ltr'><strong>libera—</strong></span> 
     </span>
    </p>
   </div>
   <div class='ocr_carea' id='block_1_120' title="bbox 2201 5744 3764 5824">
    <p class='ocr_par' dir='ltr' id='par_1_120' title="bbox 2201 5744 3764 5824">
     <span class='ocr_line' id='line_1_120' title="bbox 2201 5744 3764 5824; baseline -0.013 -4"><span class='ocrx_word' id='word_1_947' title='bbox 2201 5788 2220 5820; x_wconf 73' lang='grc' dir='ltr'><strong>ι</strong></span> <span class='ocrx_word' id='word_1_948' title='bbox 2256 5766 2389 5822; x_wconf 88' lang='lat' dir='ltr'><strong>bunt</strong></span> <span class='ocrx_word' id='word_1_949' title='bbox 2413 5744 2622 5817; x_wconf 86' lang='lat' dir='ltr'><strong>animas</strong></span> <span class='ocrx_word' id='word_1_950' title='bbox 2648 5774 2791 5824; x_wconf 82' lang='lat' dir='ltr'><strong>suas,</strong></span> <span class='ocrx_word' id='word_1_951' title='bbox 2824 5757 2899 5810; x_wconf 88' lang='lat' dir='ltr'><strong>ait</strong></span> <span class='ocrx_word' id='word_1_952' title='bbox 2941 5754 3199 5809; x_wconf 89' lang='lat' dir='ltr'><strong>Dominus</strong></span> <span class='ocrx_word' id='word_1_953' title='bbox 3224 5750 3581 5806; x_wconf 74' lang='lat' dir='ltr'><strong>exercituum.</strong></span> <span class='ocrx_word' id='word_1_954' title='bbox 3611 5744 3764 5813; x_wconf 84' lang='lat' dir='ltr'><strong>Quod</strong></span> 
     </span>
    </p>
   </div>
  </div>
