3948 6408
270 372 374 429 661

1235 374 1587 430 COMMENT.
1630 373 1695 428 IN
1734 370 2188 428 EZECHIELEM.
2216 400 2284 412 ---
2322 372 2450 426 ΜΒ.
2494 372 2579 426 Vl.

3418 372 3521 429 663

276 505 296 537 ι
332 487 378 542 si
408 494 466 541 et
495 487 697 542 bestias
749 488 1010 557 pessimas
1043 487 1302 541 induxere
1351 502 1511 557 super
1545 495 1763 547 terram,
1796 494 1853 537 ut
1884 489 1927 545 Α
1961 481 2051 550 qui
2107 481 2156 534 in
2191 490 2333 535 terra
2388 483 2656 547 habitant,
2709 496 2814 536 non
2858 492 3083 550 possunt
3135 484 3226 536 ira:
3256 483 3348 538 Dei
3396 484 3522 537 sub-

276 594 298 627 ‹
335 587 539 633 vastem
585 592 730 643 eam,
760 588 817 632 et
842 578 1003 643 fuerit
1033 579 1197 641 invia,
1234 593 1298 631 eo
1330 578 1472 646 quod
1504 592 1609 630 non
1639 576 1710 630 sit
1731 590 1851 644 per-

273 682 294 715 ι
336 665 608 719 transiens
648 673 867 735 propter
895 666 1119 729 bestias,
1161 674 1272 719 tres
1301 665 1401 719 viri
1450 666 1536 719 isti
1569 666 1613 719 si
1651 662 1851 717 fuerint

272 771 293 805 ι
329 752 386 806 in
412 768 499 817 ea,
534 754 655 809 vivo
685 769 807 824 ego,
825 754 953 808 dicit
983 754 1262 819 Dominus,
1291 755 1418 823 quia
1454 770 1555 809 nec
1586 753 1724 807 ﬁlios
1751 768 1848 809 nec

270 861 292 892 ι
329 842 470 897 ﬁlias
497 843 823 909 liberabuut,
869 847 963 899 sed
1010 844 1109 913 ipsi
1136 845 1234 899 soli
1268 846 1661 909 liberabuntur,
1701 854 1846 898 terra

270 953 291 984 ε
332 942 516 989 autem
546 935 893 991 desolabitur.
931 936 1029 992 Vel
1059 937 1103 991 si
1139 937 1375 1009 gladium
1402 938 1661 993 induxere
1687 952 1849 1006 super

268 1040 291 1074 ι
330 1032 534 1079 terram
551 1026 716 1092 illam,
735 1036 787 1081 et
803 1027 991 1082 dixero
1002 1028 1197 1098 gladio,
1216 1026 1408 1084 Transi
1430 1044 1535 1099 per:
1549 1039 1765 1094 terram,
1792 1037 1846 1083 et

270 1132 290 1165 ι
326 1115 654 1171 interfecero
682 1117 748 1172 de
773 1133 837 1173 ea
865 1120 1153 1173 hominem
1185 1128 1240 1173 et
1284 1113 1608 1188 juméntum,
1640 1127 1689 1173 et
1734 1129 1844 1175 tres

267 1222 287 1257 ι
326 1207 428 1260 viri
460 1208 549 1261 isti
576 1207 775 1262 fuerint
801 1210 854 1262 in
888 1210 1063 1264 medio
1089 1208 1226 1278 ejus.
1248 1210 1384 1264 Vivo
1417 1224 1539 1280 ego,
1575 1210 1703 1265 dicit
1733 1212 1841 1265 Do-

266 1311 286 1345 c
326 1296 511 1350 minus
541 1295 704 1362 Deus,
737 1313 844 1352 non
902 1298 1209 1353 liberabunt
1264 1299 1402 1354 ﬁlios
1430 1316 1532 1355 nec
1562 1301 1718 1365 ﬁlias,
1750 1302 1841 1356 sed

262 1405 281 1438 ι
322 1387 424 1456 ipsi
473 1388 572 1443 soli
630 1388 1019 1446 liberabuntur.
1050 1390 1107 1447 Si
1164 1401 1345 1446 autem
1374 1401 1429 1446 et
1480 1393 1839 1461 pestilentiam

262 1494 281 1526 ι
320 1476 599 1549 immisero
654 1495 818 1550 super
872 1489 1074 1535 terram
1130 1482 1299 1548 illam,
1347 1492 1403 1537 et
1431 1483 1667 1539 effudere
1702 1486 1839 1538 indi-

260 1584 279 1617 ι
316 1568 628 1635 gnationem
665 1584 839 1623 meam
887 1586 1050 1640 super
1072 1587 1191 1626 eam
1246 1573 1298 1626 in
1336 1574 1617 1643 sanguine,
1654 1582 1714 1627 ut
1744 1590 1837 1629 au«

258 1674 278 1707 ι
321 1655 497 1712 feram
546 1660 613 1715 de
665 1676 729 1715 ea
759 1662 1031 1718 hominem
1077 1674 1132 1719 et
1172 1665 1498 1734 jumentum,
1532 1675 1587 1722 et
1620 1666 1751 1732 Noe,
1782 1676 1837 1722 ct

256 1765 278 1799 σ
320 1748 530 1814 Daniel,
560 1759 615 1805 et
639 1750 740 1808 Job
769 1753 967 1809 fuerint
1004 1756 1058 1810 in
1084 1757 1261 1813 medio
1290 1757 1423 1826 ejus,
1456 1761 1579 1815 vivo
1608 1776 1726 1831 ego,
1754 1761 1835 1815 di-

1955 572 2168 625 trahere
2190 611 2203 633 ,
2246 572 2373 640 quid
2407 572 2691 626 dicendum
2721 580 2807 627 est
2828 572 2895 627 de
2925 572 3029 636 bis,
3068 572 3158 642 qui
3188 582 3378 642 putant
3407 588 3522 628 me-

1952 664 2053 717 rito
2081 673 2363 732 parentum
2393 672 2553 733 atque
2597 665 2884 718 virtutibus
2931 679 3090 733 posse
3115 664 3252 718 ﬁlios
3281 676 3522 734 peccato-

1951 769 2037 807 res
2067 756 2131 808 de
2186 754 2443 824 gehennae
2483 754 2693 824 ignibus
2725 755 2979 809 liberari?
3015 753 3167 810 Unde
3193 770 3291 809 nec
3318 771 3517 826 praeva-

1950 842 2233 895 ricatorem
2260 840 2425 895 ﬁlium
2460 853 2663 913 martyr
2690 853 2844 913 pater
2864 845 3061 913 poterit
3095 843 3364 910 liberare;
3418 844 3520 900 nec

1948 940 2147 984 sancta:
2176 932 2603 985 conversationis
2650 940 2825 987 mater
2870 934 3151 1002 impudica:
3204 933 3326 987 filiae
3373 936 3519 989 dabit

1945 1022 2165 1093 prtemia
2215 1013 2506 1092 pudicitiae.
2560 1024 2625 1076 Et
2656 1040 2686 1077 e
2709 1026 2984 1080 contrario
3021 1045 3038 1077 ι
3075 1035 3355 1094 parentum
3390 1027 3517 1080 vitia

1946 1113 2069 1166 ﬁliis
2122 1130 2225 1168 non
2278 1108 2582 1180 nocebunt,
2636 1117 2731 1171 sed
2782 1117 2961 1170 anima
3018 1134 3137 1186 quae
3168 1116 3516 1187 'pcccaverit,

1946 1203 2061 1272 ipsa
2089 1205 2350 1258 morietur
2376 1206 2589 1285 (Ειςειι.
2624 1207 2801 1279 xvni).
2838 1226 2857 1260 ›
2891 1207 3031 1263 Loth
3071 1210 3121 1262 in
3151 1209 3399 1265 Sodomis
3426 1212 3519 1265 ha-

1943 1294 2142 1360 bitans,
2197 1296 2289 1351 sed
2336 1305 2388 1350 et
2413 1298 2601 1365 spiritu
2651 1309 2704 1351 et
2729 1314 2894 1353 carne
2932 1302 3264 1370 peregrinus,
3294 1320 3513 1358 uxorem

1942 1399 2062 1452 qum
2091 1394 2212 1453 post
2240 1394 2449 1455 tergum
2483 1398 2813 1455 respexerat,
2848 1405 2953 1444 non
2981 1390 3250 1455 liberavit,
3284 1395 3376 1447 sed
3402 1404 3517 1447 tan-

1942 1464 2053 1526 tum
2080 1474 2237 1537 tilias,
2262 1489 2380 1542 quae
2400 1473 2625 1529 forsitan
2650 1492 2753 1531 non
2774 1490 3146 1547 peccaverant.
3168 1478 3227 1533 Et
3246 1480 3419 1535 Josias
3437 1484 3517 1536 vir

1941 1572 2176 1630 sanctus,
2201 1582 2303 1620 non
2321 1566 2492 1621 solum
2508 1576 2845 1637 peccatorem
2884 1572 3135 1640 populum
3156 1573 3266 1626 suis
3299 1574 3512 1627 virtuti-

1939 1655 2040 1710 bus
2054 1672 2159 1711 non
2179 1656 2425 1722 salvavit,
2444 1657 2536 1712 sed
2553 1668 2606 1713 et
2636 1659 2747 1728 ipse
2770 1658 2823 1713 in
2857 1661 3096 1731 peccatis
3111 1661 3249 1716 illius
3274 1670 3514 1717 mortuus

1936 1756 2036 1802 est.
2057 1748 2210 1814 Quod
2224 1750 2268 1803 si
2298 1749 2585 1819 aliquando
2617 1759 2837 1821 propter
2870 1753 3143 1808 Abraham
3174 1765 3227 1809 et
3256 1755 3440 1817 David,
3461 1756 3512 1808 in

254 1856 277 1889 ι
313 1840 392 1893 cii
424 1840 681 1899 Dominus
718 1844 878 1907 Deus,
915 1847 1041 1914 quia
1074 1848 1241 1902 mium
1269 1857 1324 1902 ει
1366 1849 1530 1903 quam
1563 1828 1667 1904 ηοῇ
1696 1851 1831 1905 “bc-
1863 1828 1906 1886 B
1937 1844 2182 1906 posteros
2202 1851 2388 1892 eorum
2412 1840 2835 1895 misericordiam
2852 1858 3002 1897 suam
3022 1843 3279 1900 Dominus
3297 1845 3509 1915 pollice-

252 1942 277 1979 α
317 1930 531 1993 rahunt,
568 1933 660 1985 sed
690 1934 785 2001 ipsi
821 1936 871 1988 in
900 1933 1108 2003 justitia
1138 1953 1233 1992 sua
1265 1938 1568 1993 liberabunt
1624 1943 1829 1995 animas

251 2038 275 2073 ι
309 2035 454 2086 suas,
490 2024 744 2092 quoniam
785 2027 898 2081 hzcc
947 2027 1076 2081 dicit
1108 2028 1363 2083 Dominus
1393 2029 1571 2083 Deus:
1604 2031 1753 2097 Quod
1784 2032 1827 2086 si

252 2126 276 2161 ι
311 2122 545 2180 quatuor
597 2114 797 2183 judicia
837 2131 956 2170 mea
1014 2118 1268 2186 pessima,
1316 2118 1577 2188 gladium,
1636 2130 1690 2174 et
1745 2121 1825 2173 fa-

248 2219 272 2251 ι
314 2218 476 2267 mem,
504 2213 558 2258 et
586 2206 972 2274 pestilentiam,
1010 2216 1060 2261 et
1090 2208 1292 2263 bestias
1324 2210 1513 2274 malus,
1546 2210 1743 2263 misero
1772 2212 1824 2264 in

246 2312 268 2344 ε
307 2293 624 2356 Jerusalem,
657 2306 716 2351 ut
738 2298 1058 2354 interﬁciant
1086 2301 1149 2354 de
1178 2316 1238 2354 ea
1264 2302 1533 2356 hominem
1560 2311 1610 2355 et
1640 2319 1799 2371 pecus

247 2406 267 2437 ι
307 2396 487 2442 tamen
519 2388 855 2459 relinquetur
884 2391 938 2444 in
964 2407 1028 2446 ea
1067 2391 1292 2447 saIVatio
1318 2394 1656 2448 educentium
1689 2393 1824 2447 ﬁlios

245 2493 267 2526 ι
304 2486 360 2530 et
384 2476 545 2532 ﬁlias.
578 2478 715 2533 Ecce
739 2480 839 2549 ipsi
874 2482 1218 2552 egredientur
1246 2483 1311 2536 ad
1352 2497 1468 2547 vos,
1494 2493 1549 2537 et
1573 2482 1822 2536 videbitis

246 2586 267 2618 ι
314 2570 451 2623 viam
478 2586 663 2625 eorum
716 2580 769 2625 et
801 2572 1210 2627 adinventiones
1245 2589 1453 2637 eorum,
1494 2584 1547 2629 et
1574 2574 1817 2628 consola-

241 2677 263 2710 ι
304 2660 493 2715 bimini
527 2677 688 2731 super
720 2663 884 2730 malo,
931 2664 1073 2733 quod
1126 2664 1310 2718 induxi
1354 2664 1409 2718 in
1436 2663 1732 2720 Jerusalem
1766 2666 1817 2719 in

240 2765 266 2803 α
299 2752 552 2806 omnibus
607 2768 726 2822 qua:
779 2755 1063 2823 importari
1093 2771 1254 2824 super
1291 2770 1431 2819 eam,
1485 2763 1540 2809 et
1576 2756 1819 2811 consola-

236 2853 266 2893 α
302 2837 505 2894 buntur
542 2856 654 2907 vos,
695 2858 817 2897 cum
850 2843 1093 2897 videritis
1144 2844 1284 2896 viam
1333 2858 1544 2908 eorum,
1583 2854 1637 2899 et
1664 2844 1817 2899 adin-

238 2945 262 2981 ι
302 2931 581 2985 ventiones
604 2946 812 2997 eorum,
844 2941 898 2990 et
935 2935 1271 3003 cognoscetis
1306 2934 1431 3003 quia
1480 2950 1585 2987 non
1614 2934 1813 2989 frustra

237 3034 260 3070 ε
298 3017 517 3072 fecerim
578 3022 783 3086 omnia,
848 3038 967 3092 quae
1020 3023 1120 3079 feci
1178 3023 1231 3077 in
1264 3040 1349 3089 ea,
1418 3026 1492 3077 ait
1553 3023 1811 3079 Dominus

236 3126 257 3160 ι
299 3110 459 3165 Deus.
510 3129 529 3162 ι
586 3110 830 3176 Quatuor
876 3113 1046 3184 plagae
1101 3115 1431 3169 inducuntur
1486 3130 1647 3184 super
1704 3128 1810 3170 ter-

1934 1933 2039 1987 tur,
2059 1927 2349 1982 notandum
2363 1929 2505 1998 quod
2520 1946 2627 1985 non
2643 1932 2727 1986 his
2742 1940 2947 2001 parcat,
2964 1934 3009 1987 si
3024 1934 3076 1987 in
3092 1935 3385 1991 sceleribus
3397 1953 3514 2007 per-

1930 2024 2209 2081 severent,
2236 2019 2330 2074 sed
2354 2020 2443 2089 qui
2474 2029 2640 2091 agunt
2663 2022 3048 2090 paenitudinem
3069 2064 3083 2088 ,
3116 2030 3174 2078 ut
3196 2026 3386 2078 merita
3413 2042 3507 2095 pa-

1931 2115 2072 2161 trum
2101 2108 2331 2183 tiliorum
2365 2110 2579 2179 adjuvet
2613 2114 2913 2168 conversio.
2946 2111 3100 2178 Cum,
3134 2115 3327 2184 inquit,
3356 2131 3413 2171 se
3434 2116 3505 2170 ita

1929 2199 2043 2253 haec
2072 2201 2328 2266 habeant,
2357 2211 2410 2257 et
2438 2213 2634 2258 terram
2656 2205 3013 2274 peccatricem
3038 2221 3067 2258 a
3093 2206 3319 2277 singulis
3340 2207 3508 2277 plagis

1930 2299 2200 2344 tantorum
2228 2291 2469 2346 virorum
2519 2308 2626 2347 non
2674 2294 2845 2349 salvet
2880 2296 3222 2363 deprecatio,
3257 2297 3336 2351 sic
3381 2298 3509 2352 dicit

1928 2381 2225 2435 Dominus:
2260 2380 2397 2449 Quia
2439 2381 2738 2439 Jerusalem
2786 2383 3017 2439 nefanda
3047 2388 3328 2455 peccavit,
3376 2403 3507 2456 qua-

1928 2476 2047 2523 tuor
2079 2469 2238 2524 simul
2269 2470 2453 2542 plagas
2492 2472 2739 2527 inducam
2766 2489 2927 2542 super
2951 2489 3070 2529 eam
3100 2494 3111 2528 :
3141 2475 3373 2545 gladium
3399 2492 3504 2544 quo

1926 2560 1994 2613 ab
2021 2558 2266 2615 hostibus
2290 2562 2591 2616 trucidatur
2616 2603 2629 2626 ,
2673 2571 2727 2616 et
2766 2562 2961 2617 famem
2991 2580 3151 2633 quam
3183 2565 3233 2619 in
3265 2565 3504 2619 obsidio-

1923 2665 2045 2705 nem
2082 2652 2330 2717 sustinet,
2367 2660 2422 2706 et
2444 2652 2647 2708 bestias
2681 2655 2875 2723 quibus
2905 2655 3168 2726 fugientes
3218 2659 3270 2711 in
3324 2659 3503 2713 deser-

1918 2743 1992 2797 tis
2019 2750 2073 2797 et
2095 2742 2321 2799 saltibus
2356 2744 2703 2808 devorantur,
2738 2755 2792 2799 et
2823 2746 3205 2815 pestilentiam,
3223 2764 3342 2816 qua:
3361 2763 3501 2802 sem-

1919 2850 2016 2906 per
2042 2834 2240 2891 famem
2270 2851 2335 2891 ac
2376 2837 2657 2906 penuriam
2688 2840 2970 2907 sequitur,
3018 2856 3115 2909 pro
3141 2856 3244 2909 qua
3283 2841 3497 2911 vulgata

1918 2927 2083 2997 editio
2108 2936 2337 2983 mortem
2366 2929 2661 2983 transtulit.
2702 2930 2826 2983 [hcc
2880 2941 3079 2997 autem,
3111 2933 3305 3001 inquit,
3341 2932 3493 2986 indu-

1918 3030 2033 3070 cam
2060 3031 2220 3086 super
2248 3033 2388 3082 eam,
2416 3026 2476 3072 ut
2502 3033 2601 3074 nec
2622 3015 2867 3076 homines
2885 3020 2937 3073 in
2964 3034 3024 3073 ea
3056 3030 3371 3077 remaneant
3397 3039 3493 3078 nec

1906 3106 2169 3176 jumenta.
2197 3110 2263 3163 Et
2295 3118 2473 3164 tamen
2518 3126 2615 3179 pro
2642 3126 2760 3164 mea
2809 3111 3114 3169 clementia.
3145 3122 3374 3183 quatuor
3419 3114 3491 3169 si-

227 3216 352 3253 ram
401 3202 912 3269 praevaricatricem,
956 3204 1089 3268 sive,
1143 3214 1203 3257 ut
1240 3202 1590 3275 Septuaginta
1637 3215 1809 3259 trans-
1837 3188 1879 3249 C
1913 3200 2019 3253 mul
2050 3201 2456 3256 imminentibus
2497 3202 2666 3272 plagis
2696 3211 2749 3255 et
2794 3211 2985 3257 cuncta
3015 3205 3368 3269 vastantibus,
3400 3221 3487 3260 re-

228 3287 494 3352 tulerunt,
552 3292 1171 3370 peccatricemzfames,
1228 3294 1437 3359 bestiae,
1496 3294 1704 3363 gladius
1758 3305 1812 3350 et

223 3379 558 3449 pestilentia,
583 3396 812 3450 quarum
839 3384 882 3437 si
901 3384 1121 3453 singulae
1134 3400 1231 3454 per
1252 3386 1677 3453 partesinductm
1697 3385 1810 3441 fue—

224 3469 341 3521 rim
368 3470 591 3540 singulis
629 3474 955 3541 regionibus,
988 3485 1041 3527 et
1083 3483 1194 3549 tres
1219 3476 1319 3529 viri
1348 3476 1437 3530 isti
1480 3475 1591 3530 Noe
1622 3485 1676 3529 et
1704 3477 1807 3529 Da—

152 3594 155 3597 ι
224 3560 340 3614 niel
365 3570 420 3615 et
457 3560 574 3625 Job,
613 3578 843 3633 quorum
883 3563 1094 3633 justitia
1152 3564 1553 3635 Scripturarum
1584 3568 1809 3620 vocif‘us

221 3651 571 3720 praedicatur,
629 3669 726 3723 pro
756 3663 897 3709 terra
927 3656 1233 3723 peccatriee
1284 3655 1486 3709 fuerint
1509 3656 1803 3724 deprecati,

212 3762 337 3801 .non
370 3748 541 3801 solum
571 3749 713 3802 illam
750 3750 958 3805 salvare
988 3767 1095 3805 non
1127 3761 1401 3819 poterunt,
1445 3753 1541 3806 sed
1573 3767 1640 3806 ne
1668 3752 1806 3806 ﬁlios

220 3828 445 3907 quidem
473 3845 527 3892 et
549 3838 687 3892 ﬁlias
716 3854 858 3905 suas,
884 3841 929 3893 si
955 3851 1113 3894 terrae
1147 3841 1466 3910 peccatricis
1491 3856 1654 3909 Opera
1687 3857 1805 3908 pcr-

217 3927 514 3999 petrarint,
570 3928 662 3983 sed
693 3930 899 3999 seipsos
933 3931 1307 3985 tantummodo
1362 3938 1621 4000 poterunt
1666 3930 1802 3984 libe-

222 4029 373 4069 rare.
405 4014 672 4082 Queritu‘r
709 4032 831 4071 cum
863 4024 917 4070 et
941 4017 1216 4071 Abraham
1263 4028 1317 4073 et
1346 4018 1495 4072 Isaac
1529 4028 1583 4072 et
1611 4017 1796 4084 Jacob,

221 4103 437 4175 Moyses
488 4122 703 4177 quoque
731 4115 787 4162 et
826 4109 1005 4163 caueri
1055 4107 1383 4163 Patriareha:
1438 4116 1491 4162 et
1517 4109 1800 4179 Propheta:

214 4195 349 4263 justi
388 4196 605 4259 fuerint,
668 4212 765 4251 cur
794 4199 985 4252 horum
1026 4200 1394 4253 tantummodo
1432 4198 1521 4253 ﬁat
1551 4202 1792 4275 mentio:

219 4285 365 4353 quod
406 4284 562 4340 facile
613 4286 861 4341 solvitur.
902 4287 1013 4342 Noe
1050 4289 1192 4342 enim
1224 4289 1509 4343 imminens
1539 4292 1654 4344 orbi
1685 4301 1793 4345 ter-

219 4390 403 4429 rarum
442 4376 718 4441 diluvium,
768 4378 910 4446 quod
962 4379 1140 4431 omnis
1188 4387 1329 4432 terra
1371 4379 1635 4448 polluerat
1680 4382 1796 4435 vias

219 4464 456 4528 Domini,
485 4464 702 4520 differre
732 4481 838 4521 non
887 4468 1081 4537 potuit,
1114 4469 1206 4522 sed
1260 4468 1417 4533 ﬁlius,
1449 4470 1539 4538 qui
1565 4468 1791 4524 forsitan

217 4559 460 4627 ejusdem
524 4560 738 4615 virtutis
792 4570 983 4625 erant,
1036 4552 1104 4617 ob
1170 4563 1513 4617 seminarium
1569 4565 1789 4619 humani

214 4650 433 4720 generis
463 4649 652 4703 habuit
679 4660 1003 4705 reservatus.
1035 4651 1219 4705 Daniel
1257 4666 1469 4720 quoque
1503 4652 1790 4705 imminen-

216 4750 326 4795 tem
357 4738 724 4807 captivitatem
756 4738 935 4808 populi
989 4738 1313 4803 Judzeorum,
1371 4741 1531 4795 nullis
1574 4740 1786 4796 ﬂetibus

210 4830 507 4900 mitigavit.
539 4828 644 4885 Sed
678 4836 732 4882 et
754 4826 852 4884 Job
875 4844 982 4882 non
1012 4829 1080 4882 ob
1106 4838 1345 4897 peccata,
1381 4830 1471 4883 sed
1495 4832 1564 4883 ob
1595 4831 1785 4898 proba-

213 4924 438 4985 tionem,
493 4936 595 4975 nec
641 4920 879 4983 domum,
938 4934 1033 4974 nec
1090 4919 1227 4975 ﬁlios
1258 4920 1524 4973 liberavit.
1558 4920 1656 4972 Alii
1687 4934 1782 4973 au-

210 5020 325 5069 tem
368 5012 574 5074 dicunt,
628 5010 772 5079 quod
802 5010 857 5064 hi
912 5017 1119 5063 tantum
1150 5018 1260 5064 tres
1294 5010 1414 5072 viri,
1446 5017 1499 5063 et
1528 5024 1782 5079 prospera

208 5112 266 5158 et
295 5103 544 5163 adversa,
576 5109 631 5154 et
683 5116 899 5154 rursum
951 5115 1207 5169 prospera
1259 5110 1672 5173 conspexerunt,
1704 5100 1783 5153 id-

210 5190 359 5247 circo
387 5192 593 5263 pariter
619 5191 942 5255 nominatos,
991 5199 1045 5244 et
1075 5190 1175 5244 hoc
1210 5190 1440 5259 latenter
1466 5191 1778 5263 signiﬁcari,

208 5291 270 5336 ut
296 5281 564 5351 quomodo
593 5280 666 5334 illi
717 5286 771 5334 et
798 5281 936 5334 bona
967 5288 1021 5335 et
1070 5279 1227 5345 mala,
1276 5264 1339 5353 et
1389 5296 1601 5335 rursum
1658 5281 1777 5334 lceta

206 5372 604 5431 videruntzsic
640 5380 694 5426 et
745 5370 997 5441 populum
1048 5369 1233 5433 Israel,
1287 5370 1377 5439 qui
1439 5370 1587 5439 prius
1624 5371 1778 5425 bonis

205 5463 405 5519 fruitus
436 5460 629 5525 fuerat,
654 5469 709 5515 et
730 5468 917 5529 postea
948 5458 1275 5529 captivitatis
1298 5458 1551 5513 sustinuit
1567 5459 1776 5529 jugum,

206 5552 254 5608 si
282 5537 453 5623 egerit
480 5552 852 5622 paenitentiam
902 5551 1077 5605 redire
1113 5550 1179 5604 ad
1217 5549 1501 5620 pristinam
1528 5548 1772 5604 salutem.

205 5641 358 5711 Quod
385 5642 430 5696 si
458 5642 573 5696 Noe
622 5649 678 5697 et
706 5640 890 5696 Daniel
926 5648 980 5695 et
1016 5637 1115 5693 Job
1139 5640 1343 5709 pariter
1387 5641 1692 5709 congregui
1723 5649 1776 5694 et

206 5736 259 5793 in
285 5751 394 5793 uno
422 5734 541 5793 loco
566 5736 746 5807 positi,
779 5734 1139 5806 peccatricem
1169 5742 1392 5799 terram,
1422 5733 1524 5789 hoc
1574 5744 1655 5788 cst
1682 5750 1772 5787 eos

1912 3290 2149 3359 linquam
2181 3291 2233 3344 in
2247 3307 2309 3345 ea
2326 3290 2553 3361 aliquos,
2570 3292 2657 3360 qui
2681 3291 3062 3347 educantﬁlios
3092 3308 3218 3348 suos
3248 3303 3302 3348 et
3326 3295 3483 3359 ﬁlias,

1910 3389 1964 3433 et
1993 3379 2189 3448 captivi
2222 3380 2325 3434 huc
2358 3381 2616 3435 veniant:
2652 3381 2752 3435 hoc
2779 3382 2940 3435 estin
2982 3379 3305 3451 Babylonem
3337 3392 3391 3437 et
3433 3385 3481 3439 in

1910 3468 2238 3522 Chaldzeam.
2259 3469 2326 3523 Ut
2349 3485 2471 3524 cum
2498 3470 2737 3524 videritis
2764 3486 2855 3526 eos
2877 3478 2931 3524 et
2964 3486 3128 3540 opera
3150 3489 3334 3527 eorum
3360 3489 3478 3543 per-

1909 3560 2689 3632 spexeritis,‘tunciutelliga’tis
2709 3562 2855 3631 juste
2881 3577 2973 3617 eos
3004 3572 3210 3633 captos,
3234 3572 3287 3617 et
3308 3580 3485 3620 meam

1901 3650 2301 3719 justam‘t‘uisse
2340 3655 2683 3716 sententiam,
2730 3662 2784 3707 et
2822 3653 3019 3708 habeat
3062 3654 3482 3711 consolationem

1905 3749 2086 3795 vestra
2116 3741 2417 3810 captivitas,
2444 3743 2568 3796 dum
2596 3742 2893 3812 intelligitis
2944 3744 3146 3800 idcirco
3180 3761 3264 3799 me
3294 3761 3387 3801 eos
3416 3750 3487 3803 de

1902 3830 2099 3901 gladio,
2136 3830 2300 3895 fame,
2333 3831 2523 3886 bestiis
2550 3842 2619 3898 et,
2658 3832 2963 3901 pestilentia
2994 3834 3271 3899 liberasse,
3298 3844 3357 3889 ut
3386 3850 3482 3891 eo-

1902 3936 2021 3975 rum
2050 3922 2424 3989 perversitate,
2456 3922 2651 3977 merito
2680 3923 2901 3978 discatis
2928 3939 3113 3979 eorum
3165 3910 3480 3981 subversam

1898 4010 2217 4077 Jerusalem,
2248 4012 2615 4082 templumque
2656 4028 2975 4069 succensum
3005 4023 3060 4069 et
3092 4016 3347 4085 populum
3378 4017 3477 4071 du-

1900 4112 2043 4157 ctum
2069 4117 2186 4159 esse
2209 4103 2501 4171 captivum,
2521 4110 2718 4171 praeter
2737 4118 2849 4168 eos,
2878 4118 3013 4174 quos
3033 4104 3257 4175 gladius,
3282 4103 3471 4172 fames,

1895 4194 2098 4255 bestiae,
2126 4193 2549 4263 pestilentiaque
2571 4187 3019 4263 consumpserint.
3045 4194 3169 4249 Haec
3194 4196 3335 4250 dicta
3364 4197 3473 4251 sint

1897 4283 1961 4337 de
1988 4282 2075 4335 illa
2106 4281 2424 4347 Jerusalem,
2477 4283 2563 4337 cui
2617 4284 2970 4353 prophetante
3022 4284 3299 4342 Ezechiele
3329 4290 3471 4358 apud

1894 4370 2170 4426 Chaldzcos
2204 4372 2657 4442 appropinquavit
2680 4374 2983 4443 captivitas.
3017 4375 3281 4431 Caeterum
3302 4385 3357 4432 et
3384 4394 3476 4434 su-

1894 4478 1990 4531 per
2012 4470 2249 4517 nostram
2295 4472 2514 4527 terram,
2544 4464 2631 4518 cui
2679 4464 2911 4519 dicitur:
2949 4482 2966 4515 ι
2999 4464 3166 4520 Terra
3214 4481 3294 4532 es,
3317 4477 3371 4523 et
3413 4468 3467 4525 in

1897 4561 2096 4606 terram
2118 4552 2220 4606 ibis
2249 4549 2398 4624 (Cen.
2425 4553 2529 4625 ιιι),
2572 4573 2591 4604 ι
2624 4562 2680 4608 et
2704 4569 2865 4622 super
2889 4564 3129 4609 nostram
3167 4554 3468 4615 Jerusalem

1897 4643 2239 4713 singulosque
2272 4632 2704 4721 credentium-si
2728 4643 2823 4698 Dei
2856 4643 3104 4697 mandata
3134 4655 3465 4717 contempse-

1895 4735 2022 4797 rint,
2054 4742 2107 4787 et
2140 4734 2583 4802 praevaricatores
2610 4735 2905 4789 meruerint
2937 4735 3215 4803 appellari,
3244 4736 3472 4792 induce-

1895 4832 1981 4875 tur
2012 4821 2183 4878 fames
2216 4839 2229 4877 :
2262 4837 2365 4876 non
2401 4821 2567 4877 fames
2609 4823 2763 4891 panis
2817 4838 2989 4892 neque
3021 4824 3137 4877 sitis
3166 4839 3336 4895 aqua},
3369 4827 3465 4882 sed

1893 4914 2061 4969 fames
2080 4914 2327 4969 audiendi
2360 4916 2578 4967 verbum
2606 4916 2717 4968 Dei.
2753 4915 3035 4969 inducetur
3066 4925 3116 4969 et
3139 4917 3364 4987 gladius,
3392 4921 3461 4975 de

1890 5022 1996 5075 quo
2024 5006 2277 5075 legimus:
2301 5024 2318 5057 ι
2341 5003 2641 5059 Tradcntur
2664 5005 2713 5057 in
2734 5020 2921 5059 manus
2946 5006 3128 5075 gladii,
3145 5017 3325 5075 partes
3346 5008 3459 5062 vul-

1890 5098 2036 5165 pium
2063 5106 2270 5150 erunt.)
2294 5097 2358 5150 Et
2383 5097 2449 5151 ad
2473 5095 2723 5149 Mariam:
2752 5114 2765 5143 ι
2792 5094 2959 5149 Tuam
2984 5106 3196 5166 quoque
3222 5099 3455 5154 animam

1886 5186 2233 5255 pertransibit
2265 5184 2471 5255 gladius
2519 5183 2667 5246 (an.
2714 5184 2795 5255 ιι).
2837 5204 2855 5236 ι
2910 5184 3233 5239 inducentur
3278 5195 3332 5240 et
3369 5187 3438 5244 be

1882 5277 2041 5330 stite:
2091 5276 2286 5345 quibus
2336 5290 2403 5328 ne
2450 5274 2706 5347 tradetur
2750 5274 2950 5343 justus,
3001 5274 3271 5343 postulat:
3319 5296 3337 5328 ‹
3376 5276 3454 5331 Ne

1884 5365 2065 5419 tradas
2078 5364 2263 5418 bestiis
2281 5364 2512 5417 animam
2528 5364 2866 5417 conﬁtentem
2891 5364 2985 5416 tibi
3003 5361 3174 5435 (Psal.
3202 5367 3443 5437 LXXlll).t

1880 5455 2162 5519 [educetur
2187 5463 2247 5507 et
2270 5453 2591 5523 pestilentia,
2646 5468 2745 5521 pro
2777 5466 2882 5520 qua
2912 5451 3258 5523 Septuaginta
3308 5470 3453 5509 mor-

1882 5555 1987 5601 tem
2016 5544 2350 5612 interpretati
2382 5551 2529 5605 sunt,
2560 5542 2626 5596 de
2660 5557 2763 5610 qua
2790 5542 3046 5617 scriptum
3091 5552 3175 5595 est
3202 5562 3213 5595 :
3253 5561 3271 5593 ι
3306 5543 3449 5600 Mors

1878 5645 2220 5710 peccatorum
2244 5634 2471 5704 pessima
2497 5643 2579 5686 est
2605 5629 2775 5702 (Psal.
2806 5634 3019 5701 χχχιιι).
3044 5650 3060 5681 ι
3087 5631 3150 5684 Et
3176 5646 3190 5684 :
3213 5651 3230 5682 ι
3248 5632 3443 5688 Anima

1877 5746 1995 5802 qua:
2015 5726 2347 5800 peccaverit,
2396 5727 2507 5794 ipsa
2547 5724 2808 5781 morietur
2857 5721 3070 5795 (Each.
3098 5725 3275 5799 xvui).
3315 5745 3332 5787 ρ
3367 5725 3443 5784 De
