3948 6368
479 367 587 422 663

1121 371 1181 425 Β.
1223 368 1473 425 RABANI
1510 369 1728 426 MAURI
1765 359 2075 442 hRCHlEP.

2179 366 2435 424 OGUNT.
2474 364 2761 424 OPERUM
2798 363 2979 420 PARS
3017 363 3081 421 Π.

3635 357 3761 417 663

481 476 677 545 quibus
708 479 938 543 cunctis,
977 496 1078 535 nec
1105 481 1428 551 Spiritaiium
1455 492 1758 553 parentum,
1784 496 1919 552 quos
1941 496 2052 535 ma-
2080 498 2128 555 Α
2156 481 2427 537 confidere
2469 480 2522 535 in
2548 476 2796 544 Domino,
2824 494 2983 547 quam
3012 476 3282 533 conlidere
3311 476 3363 529 in
3408 473 3769 544 principibus

482 566 685 634 gistros
721 566 1066 638 intelligimus
1093 569 1357 635 doctrina,
1384 587 1484 626 nec
1513 573 1782 642 principes
1806 580 2060 641 poterunt

484 651 736 718 liberare,
769 654 872 709 nisi
927 654 1159 711 filiorum
1193 656 1354 713 fuerit
1392 661 1653 715 adsensus
1683 701 1695 721 ,
1742 669 1797 714 et
1846 659 2056 714 illorum

480 745 883 802 obsecrationes
922 747 1033 802 suis
1081 751 1365 804 conatibus
1385 749 1643 818 juverint.
1672 749 1884 804 Justitia
1913 749 2056 804 enim

475 834 607 905 justi
637 837 741 891 erit
761 853 920 907 super
942 853 1088 903 eum,
1120 848 1171 893 et
1196 840 1451 909 iniquitas
1476 840 1641 909 iniqui
1667 841 1721 894 in
1765 840 1881 910 ipso
1904 855 2054 894 com-

481 928 799 983 morabitur.
834 947 850 979 ι
881 929 1258 999 Unusquisque
1287 940 1508 1001 peccato
1531 932 1746 1002 proprio
1772 931 2053 996 morietur,

479 1026 535 1072 ct
558 1015 765 1084 justitia
793 1033 886 1073 sua
909 1020 1253 1074 salvabitur.»
1278 1021 1607 1088 Frustraque
1631 1021 1816 1075 dicunt
1838 1019 2009 1074 Judmi
2039 1039 2050 1073 :

488 1128 505 1158 ι
543 1108 811 1163 Abraham
868 1121 1021 1180 pater
1077 1120 1262 1167 noster
1302 1113 1483 1181 (Joan.
1515 1113 1631 1181 vm)
1668 1134 1711 1178 ι,
1744 1128 1865 1168 cum
1894 1128 2056 1182 opera

480 1196 753 1252 Abraham
785 1216 890 1253 non
922 1202 1173 1256 habeant.
1207 1202 1357 1269 Quod
1378 1202 1422 1256 si
1456 1203 1508 1257 in
1541 1203 1720 1273 aliquo
1742 1204 1934 1259 fiducia
1957 1213 2059 1267 est,

464 1280 537 1345 in
570 1290 685 1345 solo
710 1293 937 1348 Domino
965 1294 1317 1350 confidamus.
1361 1294 1674 1349 Maledictus
1711 1296 1852 1350 enim
1885 1296 2061 1350 omnis

484 1378 646 1436 homo
661 1382 753 1451 qui
771 1399 920 1454 spem
952 1385 1111 1439 habet
1125 1385 1177 1439 in
1193 1385 1427 1451 homine,
1441 1404 1458 1436 ι
1478 1385 1725 1455 quamvis
1740 1385 1907 1439 sancti
1931 1382 2059 1447 sint,

481 1473 731 1540 quamvis
768 1472 1071 1543 Prophetas.
1110 1474 1380 1545 Legimus.
1424 1492 1443 1525 ι
1488 1472 1665 1528 Nolite
1690 1472 1961 1528 conlidere
2006 1472 2059 1525 in

486 1558 794 1618 hominibus
827 1562 1002 1637 (Psal.
1030 1566 1210 1636 cxrv).
1251 1584 1270 1616 ι
1305 1564 1371 1619 Ει
1403 1549 1598 1619 iterum
1628 1580 1645 1617 :
1687 1582 1705 1615 ι
1744 1563 1947 1617 Bonum
1979 1571 2065 1615 est

2162 570 2333 643 (Psal.
2350 569 2708 635 cxvn).»Non
2742 571 2795 624 in
2820 570 3154 640 principibus
3181 576 3389 623 tantum
3414 566 3619 631 saeculi,
3645 565 3766 622 sed

2159 671 2215 715 et
2249 662 2302 715 in
2332 661 2664 731 principibus
2703 661 3072 726 ecclesiarum,
3098 660 3188 729 qui
3222 674 3350 714 suas
3377 654 3590 713 animas
3624 670 3771 711 tan-

2161 760 2295 815 tum,
2318 751 2364 805 si
2380 750 2513 820 justi
2528 749 2747 813 fuerint,
2765 750 3086 804 liberabant.
3107 748 3272 803 Filios
3297 755 3475 801 autem
3500 763 3563 801 ac
3584 746 3769 810 ﬁlias,

2158 856 2295 911 quos
2343 841 2398 895 in
2428 839 2668 895 Ecclesia
2713 838 3014 909 genuerint,
3063 838 3107 892 si
3149 837 3347 892 fuerint
3391 836 3769 906 negligentes,

2158 930 2367 985 salvare
2396 944 2500 983 non
2530 936 2799 999 poterunt.
2828 928 2894 981 Et
2941 936 3118 981 tamen
3144 925 3432 995 Apostolus
3459 923 3716 994 loquitur
3750 938 3766 975 :

2168 1041 2186 1073 ‹
2220 1020 2276 1076 Si
2301 1020 2454 1090 cujus
2478 1036 2615 1091 opus
2641 1020 2857 1083 arserit,
2890 1020 3002 1089 ipse
3051 1018 3229 1073 salvus
3278 1018 3401 1071 erit.
3436 1016 3530 1071 Sic
3562 1022 3769 1069 tamen

2163 1112 2315 1185 quasi
2341 1129 2437 1183 per
2464 1113 2642 1183 ignem
2687 1110 2739 1182 (Ι
2788 1108 2910 1163 Cor.
2944 1122 3051 1180 Ill).
3083 1128 3101 1161 ›
3138 1107 3328 1163 Manus
3358 1115 3540 1163 autem
3587 1118 3777 1174 super

2160 1216 2356 1257 terram
2374 1200 2856 1270 praevaricatricem
2879 1201 3206 1265 extenditur,
3232 1208 3293 1255 ut
3316 1199 3468 1269 virga
3496 1198 3608 1253 sive
3642 1197 3777 1250 for-

2168 1289 2340 1345 titudo
2362 1293 2518 1358 panis
2553 1298 2897 1355 conteratur;
2940 1305 3059 1359 quae
3093 1298 3312 1344 extenta
3353 1288 3593 1342 minatur
3644 1284 3779 1355 pla-

2166 1392 2284 1447 gas,
2318 1377 2530 1432 nolente
2550 1378 2641 1447 qui
2668 1392 2788 1433 eam
2813 1378 3078 1443 extendit,
3108 1387 3164 1433 et
3199 1378 3447 1434 sublevat
3467 1382 3784 1447 percutere

2166 1478 2473 1540 peccantes,
2503 1468 2597 1524 sed
2622 1469 2937 1525 extensione
2988 1477 3229 1533 terrere,
3281 1476 3336 1524 et
3375 1468 3599 1524 territos
3631 1471 3784 1523 con-‘-

2169 1574 2407 1616 servare.

486 1711 3739 1736 mm

1607 1862 1908 1943 LIBER
1984 1861 2533 1941 SEPTIMUS.

2032 2023 2277 2043 ῃ

561 2106 834 2177 Septimus
856 2105 995 2163 liber
1029 2104 1245 2163 initium
1276 2105 1441 2164 habet
1485 2105 1557 2162 ab
1577 2103 1666 2163 illa
1692 2102 2068 2176 similitudine,
2100 2106 2147 2172 Β
2173 2118 2300 2163 care
2345 2105 2533 2161 urbem
2558 2101 2884 2167 Jerusalem,
2919 2102 3199 2179 saltusque
3218 2102 3401 2176 Nageb
3431 2114 3488 2160 et
3515 2104 3781 2163 Theman

490 2215 595 2272 qua
628 2200 887 2255 Dominus
929 2199 1227 2256 Jerusalem
1272 2209 1553 2271 comparat
1574 2199 1723 2271 ligno
1753 2200 1880 2256 vitis
1909 2199 2074 2256 infru-

488 2298 719 2356 ctuosae;
755 2298 809 2347 et
832 2292 911 2345 sic
932 2290 1004 2345 illi
1024 2290 1354 2362 exprobrans
1370 2291 1796 2347 abominationcs
1810 2292 2073 2347 idolorum

490 2397 727 2445 suorum,
758 2382 889 2437 dicit
927 2396 1046 2437 eam
1101 2382 1365 2454 originem
1414 2381 1611 2436 ducere
1650 2382 1716 2436 de
1762 2389 1905 2436 terra
1936 2383 2075 2438 Cha-

492 2485 655 2534 naan,
679 2471 1160 2540 Amorrhmumque
1180 2478 1387 2541 patrem
1410 2469 1630 2535 habere,
1653 2477 1709 2525 et
1734 2479 1962 2525 matrem
1983 2472 2077 2526 Ce-

494 2565 708 2617 thceam.
756 2561 867 2618 Nec
909 2563 959 2617 ei
998 2563 1290 2633 quidquam
1328 2561 1582 2632 prodesse
1630 2560 2075 2616 incunabuiarum

494 2667 711 2707 suarum
743 2653 1090 2717 nutrimenta,
1118 2653 1243 2723 quia
1274 2651 1688 2721 incomparabili
1720 2649 2076 2708 fornicatione

492 2742 691 2811 polluta
723 2753 806 2798 est
829 2758 950 2797 cum
986 2742 1318 2797 amatoribus
1363 2742 1609 2796 diversis.
1641 2740 1919 2811 Majusque
1954 2758 2076 2797 esse

495 2832 670 2888 scelus
701 2849 888 2889 eorum
919 2833 1050 2887 dicit
1080 2841 1303 2902 peccato
1357 2830 1713 2895 Sodomorum
1761 2840 1925 2900 atque
1980 2830 2078 2886 Sa-

496 2925 699 2989 mari'ae,
723 2939 1023 2994 provocans
1046 2939 1139 2978 eos
1169 2923 1236 2977 ad
1262 2920 1668 2993 pmnitentiam;
1694 2932 1957 2990 quatenus
1982 2937 2080 2992 per

499 3015 669 3087 ipsam
689 3015 935 3088 accipere
964 3013 1171 3086 possint
1198 3013 1574 3068 remissionem
1602 3021 1968 3082 peccatorum.

1089 3143 1316 3200 CAPUT
1356 3143 1472 3199 XV.

498 3253 679 3310 Sermo
701 3254 913 3310 Domini
945 3265 1128 3311 contra
1155 3253 1454 3309 Jerusalem
1480 3256 1632 3308 vitem
1672 3253 2073 3322 infructuosam.

574 3383 591 3415 α
626 3364 689 3418 Ει
720 3365 893 3419 factus
918 3372 999 3419 est
1045 3380 1223 3419 sermo
1246 3364 1455 3419 Domini
1487 3363 1555 3418 ad
1582 3378 1669 3418 me
1702 3364 1923 3420 dicens:
1978 3365 2075 3419 Fili

2176 2212 2231 2257 et
2263 2199 2461 2259 Darom
2506 2196 2773 2266 succisos,
2822 2194 2923 2253 hoc
2972 2193 3146 2268 ipsum
3192 2192 3524 2275 prmmmtiat
3551 2217 3563 2229 '
3596 2199 3687 2257 sic
3724 2200 3785 2261 in

2174 2296 2429 2363 praesenti
2449 2293 2566 2348 loco
2609 2291 2798 2347 eadem
2842 2288 3140 2349 Jerusalem
3192 2293 3361 2347 vineae
3405 2302 3459 2347 et
3504 2296 3596 2349 viti
3657 2296 3787 2351 fru—

2176 2378 2380 2439 ctiferae
2410 2386 2775 2453 comparatur.
2831 2379 2908 2436 De
2937 2395 3043 2450 qua
3084 2380 3138 2436 in
3167 2381 3274 2435 alio
3330 2382 3449 2438 loco
3496 2385 3786 2463 script/unt

2177 2485 2298 2532 est:
2336 2496 2354 2529 ι
2390 2476 2503 2547 Ego
2542 2474 2779 2545 plantavi
2807 2478 2859 2528 te
2904 2473 3117 2528 vineam
3172 2473 3502 2530 fructiferam
3527 2516 3543 2541 ,
3600 2492 3788 2534 omne

2177 2582 2360 2622 semen
2384 2581 2592 2631 verum,
2627 2563 2899 2635 quomodo
2931 2578 3193 2619 conversa
3241 2580 3303 2620 es
3346 2565 3399 2619 in
3448 2568 3790 2623 amaritudi-

2177 2673 2301 2712 nem
2322 2657 2448 2730 vitis
2478 2656 2700 2711 alienae?
2735 2655 2869 2727 (Jer.
2902 2654 2988 2725 ιι.)
3012 2654 3079 2709 Et
3118 2655 3172 2709 in
3215 2654 3351 2711 Isaia
3380 2675 3392 2710 :
3429 2675 3448 2708 ‹
3483 2657 3748 2714 Piantavi
3769 2700 3786 2723 .

2180 2747 2376 2816 inquit,
2402 2747 2615 2801 vineam
2664 2745 2898 2801 Sorrech
2928 2743 3063 2816 (Isa.
3088 2744 3167 2817 v),
3208 2765 3225 2797 ι
3260 2746 3677 2823 quodelectam
3728 2757 3791 2803 et

2176 2836 2457 2908 pulchram
2493 2842 2667 2890 sonat.
2701 2834 2767 2889 Et
2814 2835 2869 2889 in
2922 2834 3130 2905 psalmo
3176 2834 3403 2905 legimus
3432 2853 3446 2890 :
3478 2857 3497 2888 ‹
3534 2834 3789 2893 Vineam

2180 2927 2246 2982 de
2282 2925 2515 2997 {Egypto
2542 2924 2861 2980 transtulisti
2890 2965 2903 2989 ,
2945 2921 3151 2992 ejecisti
3185 2933 3373 2995 gentes
3401 2933 3454 2980 et
3504 2925 3791 2995 plantasti

2180 3016 2476 3071 eam:dux
2527 3015 2739 3069 itineris
2798 3012 2945 3068 fuisti
2982 3014 3035 3067 in
3078 3022 3370 3083 conspectu
3424 3012 3538 3082 ejus
3584 3013 3788 3086 (Psal.

2179 3108 2387 3178 um).
2426 3127 2444 3159 ι
2478 3107 2539 3161 Ει
2570 3106 2909 3162 manifestius
2955 3106 3233 3168 discimus,
3283 3106 3556 3177 Scriptura
3584 3108 3794 3165 dicen-

2182 3208 2270 3252 te:
2306 3216 2324 3249 ι
2354 3196 2521 3252 Vinea
2546 3206 2725 3252 autem
2753 3195 2963 3251 Domini
2997 3192 3256 3260 Sabaoth,
3286 3195 3474 3251 domus
3503 3206 3581 3250 est
3598 3196 3794 3253 lsrael

2182 3290 2316 3361 (Isa.
2339 3289 2415 3360 v).
2455 3307 2472 3340 ι
2507 3287 2632 3341 Haec
2650 3287 2805 3341 vinea
2841 3286 3077 3355 quandiu
3110 3285 3287 3339 adfert
3310 3285 3538 3353 fructus,
3561 3286 3611 3341 in
3642 3302 3793 3343 om—

2182 3378 2340 3434 nibus
2365 3379 2525 3449 lignis
2551 3376 2958 3443 saltuum,nihil
2987 3392 3047 3432 ea
3083 3377 3372 3447 pretiosius
3401 3384 3501 3431 est.
3539 3374 3635 3431 Sin
3673 3392 3793 3433 au-

505 3472 521 3507 ι
560 3454 825 3518 hominis,
874 3454 1001 3525 quid
1034 3454 1125 3510 fiet
1168 3455 1311 3523 ligno
1340 3455 1467 3508 vitis
1523 3470 1585 3509 ex
1621 3456 1871 3510 omnibus
1923 3456 2075 3526 lignis

2188 3478 2295 3525 tem
2325 3485 2457 3523 uvas
2496 3469 2696 3523 habere
2748 3467 2985 3529 desierit,
3024 3467 3074 3521 in
3124 3466 3271 3522 nullo
3299 3467 3445 3522 utilis
3471 3468 3570 3522 erit
3594 3509 3607 3533 ,
3666 3469 3792 3525 nisi

504 3567 523 3597 ‹
557 3561 857 3611 nemorum,
884 3560 1004 3615 qua:
1048 3554 1172 3600 sunt
1213 3547 1354 3600 inter
1392 3546 1534 3617 ligna
1567 3546 1864 3600 silvarum?
1908 3546 2075 3601 Num-

506 3656 523 3687 ι
558 3636 684 3705 quid
711 3635 925 3691 tolletur
950 3637 1013 3691 de
1036 3635 1123 3693 illa
1155 3637 1379 3707 lignum,
1406 3646 1466 3692 ut
1497 3637 1589 3692 fiat
1611 3653 1765 3707 opus,
1799 3646 1890 3691 aut
1915 3638 2078 3693 fabri-

506 3745 524 3776 ι
556 3725 765 3780 cabitur
796 3727 862 3780 de
886 3742 947 3781 ea
970 3726 1220 3795 paxillus,
1249 3736 1310 3781 ut
1338 3730 1570 3797 pendeat
1598 3745 1660 3783 ex
1687 3744 1749 3782 ea
1776 3730 2079 3797 quodcum-

507 3834 524 3865 ι
565 3830 668 3883 que
696 3818 826 3871 vas?
853 3818 990 3872 Ecce
1018 3818 1121 3886 igni
1150 3819 1331 3872 datum
1364 3828 1448 3873 est
1474 3819 1526 3872 in
1557 3834 1757 3873 escam.
1786 3820 2081 3889 Utramque

511 3925 530 3958 ι
569 3895 773 3976 partem
809 3905 923 3975 ejus
949 3908 1281 3977 consumpsit
1310 3907 1466 3977 ignis,
1490 3917 1543 3963 et
1570 3910 1830 3963 medietas
1852 3909 1967 3976 ejus
1992 3927 2079 3965 re-

507 4015 527 4050 c
565 3999 719 4052 dacta
753 4007 836 4053 est
863 3999 914 4053 in
946 3999 1198 4053 favillam.
1232 3999 1498 4069 Numquid
1528 4001 1658 4055 utile
1682 4001 1787 4055 erit
1820 4002 1886 4056 ad
1914 4005 2082 4071 opus?

507 4107 527 4140 ι
560 4089 732 4143 Etiam
759 4104 879 4144 cum
904 4097 1046 4145 esset
1068 4091 1354 4160 integrum,
1372 4105 1474 4144 non
1491 4099 1608 4145 erat
1628 4100 1809 4160 aptum
1835 4092 1901 4145 ad
1923 4108 2077 4160 opus.

510 4200 530 4232 ι
565 4181 774 4248 Quanto
801 4183 972 4252 magis
995 4196 1117 4236 cum
1151 4180 1289 4251 ignis
1320 4181 1446 4235 illud
1470 4182 1827 4246 devoraverit,
1856 4192 1909 4235 et
1937 4198 2083 4237 com-

510 4290 530 4323 ι
560 4272 793 4326 busserit
818 4312 832 4336 ,
878 4272 1008 4325 nihil
1040 4274 1107 4326 c’x
1154 4286 1219 4326 co
1249 4271 1337 4326 flet
1382 4271 1596 4342 operis!
1633 4273 1921 4343 Propterea
1968 4275 2083 4329 hrec

512 4380 537 4412 ι
568 4362 696 4415 dieit
730 4360 988 4416 Dominus
1012 4361 1150 4415 Deus
1179 4380 1191 4414 :
1229 4360 1507 4428 Quomodo
1532 4362 1734 4433 lignum
1767 4364 1895 4417 vitis
1943 4364 2085 4418 inter

514 4476 531 4508 ι
563 4457 706 4528 ligna
732 4457 1007 4521 silvarum,
1036 4458 1181 4527 quod
1210 4457 1329 4512 dedi
1357 4458 1463 4529 igni
1493 4459 1561 4513 ad
1591 4459 1979 4525 devorandum,
2004 4462 2083 4515 sic

513 4566 530 4599 ι
566 4549 772 4601 tradam
816 4548 1150 4603 habitatores
1194 4547 1521 4612 Jerusalem,
1576 4556 1633 4604 et
1658 4564 1856 4621 ponam
1890 4550 2084 4605 faciem

513 4658 531 4690 ι
565 4653 737 4693 meam
766 4639 819 4694 in
842 4653 955 4693 eos.
981 4638 1057 4693 De
1088 4638 1209 4708 igne
1242 4638 1603 4709 egredientur,
1632 4647 1688 4694 et
1730 4640 1870 4711 ignis
1898 4655 2086 4695 eonsu~

513 4747 534 4779 ι
562 4735 673 4783 met
698 4742 811 4782 eos.
832 4727 897 4781 Et
918 4727 1116 4787 scietis,
1134 4727 1257 4798 quia
1286 4742 1385 4798 ego
1406 4726 1685 4793 Dominus,
1708 4742 1829 4783 cum
1853 4741 2085 4799 posuero

515 4837 544 4876 ι,
566 4816 754 4872 faciem
786 4830 958 4871 meam
988 4817 1041 4873 in
1068 4831 1184 4881 eos,
1211 4824 1267 4872 et
1302 4817 1501 4872 dedero
1551 4826 1751 4871 terram
1805 4816 2004 4871 inviam
2032 4825 2088 4870 et

516 4925 536 4959 ο
565 4906 874 4969 desolatam,
897 4921 964 4960 eo
988 4906 1130 4975 quod
1157 4906 1602 4976 praevaricatores
1613 4905 1940 4968 exstiterint,
1956 4906 2088 4960 dicit

515 5016 537 5051 ι
575 4998 831 5053 Dominus
857 4997 1018 5052 Deus.
1056 4995 1371 5067 »(11ἕρνοη.)
1411 4996 1589 5052 Variis
1624 5007 1805 5052 autem
1835 4996 2085 5051 similitu-

512 5088 745 5152 dinibus,
777 5101 912 5157 quas
936 5085 1109 5142 Graeci
1146 5088 1428 5158 parabolas
1452 5096 1666 5153 vocant,
1696 5089 2086 5157 praenuntiatur

512 5176 792 5235 subversio
839 5176 989 5230 urbis
1035 5174 1351 5231 Jerusalem.
1411 5177 1479 5231 Et
1522 5176 1791 5245 quomodo
1831 5191 1988 5245 supra
2034 5176 2086 5228 in

513 5268 807 5339 sartagine,
832 5267 884 5320 in
907 5282 1012 5336 qua
1034 5281 1226 5321 carnes
1245 5266 1423 5335 populi
1446 5266 1777 5336 frigebantur
1800 5284 1812 5317 :
1846 5274 1900 5319 et
1928 5266 1979 5317 in
2010 5265 2090 5317 la-

514 5368 651 5421 tere,
677 5357 732 5409 in
758 5370 867 5425 quo
898 5354 1229 5409 munimenta
1280 5362 1335 5408 et
1364 5368 1587 5424 aggeres
1625 5354 1854 5408 arietum
1900 5368 1962 5407 ac
2006 5353 2085 5405 vi-

512 5459 735 5500 nearum
779 5443 1043 5498 machinm
1084 5443 1462 5514 pingebantur,
1489 5442 1725 5513 ejusdem
1773 5443 1922 5496 urbis
1965 5458 2086 5511 pos-

512 5538 684 5592 sessio
717 5536 990 5605 famesque
1026 5536 1295 5605 descripta
1320 5543 1424 5599 est,
1476 5542 1533 5591 et
1556 5544 1737 5605 postea
1767 5535 1819 5588 iu
1865 5536 1964 5588 hoc
2000 5550 2089 5589 eo-

513 5624 634 5679 dem
674 5624 858 5680 lecturi
904 5640 1123 5689 sumus,
1176 5624 1228 5678 in
1270 5622 1499 5678 Ieremia
1550 5638 1761 5693 quoque
1828 5624 2085 5691 scriptum

507 5723 618 5785 εδι,
638 5714 809 5770 Ollam
836 5730 956 5788 qua:
1006 5730 1033 5768 ιι
1074 5713 1212 5772 facie
1242 5714 1521 5793 Aquilonis
1547 5716 1856 5769 accenditur
1885 5716 2087 5786 signiti-

2179 3569 2241 3614 ut
2268 3576 2389 3614 cum
2416 3561 2595 3615 radice
2614 3568 2666 3615 et
2692 3558 3075 3630 propaginibus
3094 3559 3205 3613 suis
3232 3559 3475 3613 tradatur
3494 3559 3789 3615 incendio.

2181 3651 2385 3706 Caetera
2443 3650 2584 3721 ligna
2638 3651 2918 3714 silvarum,
2952 3660 3009 3705 ut
3050 3653 3113 3704 de
3160 3648 3439 3719 pomiferis
3484 3650 3795 3707 arboribus

2183 3750 2408 3800 taceam.
2441 3756 2669 3809 quorum
2725 3750 2779 3793 et
2830 3740 3109 3811 Scriptura
3168 3741 3329 3795 modo
3382 3741 3580 3795 nullam
3631 3740 3792 3797 facit

2181 3830 2529 3894 mentionem,
2544 3844 2665 3883 cum
2683 3843 2838 3897 poma
2863 3844 2965 3883 non
2986 3831 3237 3895 habeant,
3257 3830 3465 3886 suecisa
3478 3830 3788 3901 plurimam

2179 3923 2423 3991 praebent
2443 3922 2753 3984 utilitatem,
2787 3930 2841 3976 ct
2866 3922 2919 3974 in
2951 3935 3166 3975 omnem
3192 3923 3591 3993 agriculturam,
3622 3934 3691 3979 et
3725 3926 3789 3980 in

2184 4029 2337 4067 nsnm
2358 4028 2626 4065 armorum
2650 4011 2953 4080 proficiunt,
2972 4011 3095 4065 dum
3128 4020 3477 4067 attenuantur
3502 4014 3556 4067 in
3581 4024 3782 4083 scuta,

2184 4106 2445 4156 raduntur
2472 4105 2524 4156 in
2549 4103 2783 4167 hastilia,
2807 4102 3027 4158 cludunt
3050 4104 3273 4167 foribus,
3300 4105 3788 4161 eontinentarma—

2186 4192 2299 4255 riis,
2332 4191 2565 4255 scriniis,
2598 4206 2659 4245 ac
2705 4190 2915 4255 loculis,
2942 4205 3264 4260 omnemque
3293 4192 3481 4247 domus
3519 4192 3787 4248 tribuunt

2184 4282 2589 4351 supellectilem.
2639 4282 2779 4337 Vitis
2831 4294 3035 4347 autem,
3079 4284 3122 4337 si
3168 4283 3334 4349 semel
3381 4299 3513 4338 uvas
3554 4283 3791 4342 adferre

2185 4371 2500 4435 cessaverit,
2524 4372 2577 4425 in
2601 4379 2807 4425 tantum
2836 4371 3040 4426 inutilis
3064 4380 3166 4436 est,
3198 4383 3256 4425 ut
3279 4388 3345 4427 ne
3396 4372 3621 4441 paxillus
3648 4376 3785 4443 qui-

2186 4462 2305 4516 dem
2332 4477 2396 4516 cx
2424 4476 2484 4515 ea
2510 4461 2678 4531 possit
2704 4461 2839 4526 fieri,
2866 4462 2932 4515 de
2967 4477 3074 4530 quo
3095 4462 3297 4530 aliquid
3336 4462 3579 4531 pendeat.
3604 4461 3787 4519 Cum-

2185 4569 2292 4623 quc
2340 4553 2616 4607 malleolos
2664 4552 2953 4617 excideris,
2982 4562 3265 4621 utramque
3312 4563 3522 4623 partem
3572 4569 3781 4612 eorum

2187 4643 2420 4713 primum
2470 4642 2608 4712 ignis
2648 4642 2859 4711 arripit,
2907 4641 3209 4711 dehincque
3235 4641 3448 4698 ﬂamma
3474 4646 3784 4712 consumit,

2191 4743 2505 4805 tantumque
2536 4734 2669 4788 nihil
2701 4733 2917 4803 prodest
2944 4749 3067 4788 cum
3111 4734 3325 4789 redacta
3353 4734 3513 4790 fuerit
3536 4734 3588 4789 in
3610 4733 3785 4791 favil-

2192 4825 2322 4889 lam,
2354 4832 2413 4878 ut
2443 4824 2607 4878 etiam
2646 4838 2769 4877 cum
2799 4824 3008 4894 integra
3039 4824 3111 4877 sit
3137 4823 3338 4892 absque
3363 4823 3621 4894 frugibus
3643 4826 3784 4880 nul-

2192 4913 2297 4966 lam
2324 4912 2560 4980 praebeat
2588 4911 2895 4965 utilitatem.
2922 4911 3259 4982 Ambiguitas
3285 4919 3466 4966 autem
3487 4912 3631 4967 verbi
3655 4912 3779 4969 He—

2189 5002 2380 5059 braici.
2438 5018 2579 5065 sene,
2632 4998 2774 5069 quod
2832 5001 3007 5055 tribus
3057 5000 3251 5056 litteris
3290 5000 3561 5067 scribitur,
3593 5001 3681 5057 siti
3715 5013 3779 5061 et

2191 5107 2301 5145 nun
2332 5098 2387 5146 et
2415 5090 2523 5154 iod,
2559 5090 2603 5143 si
2635 5090 2847 5160 legatur
2892 5106 3034 5156 sene,
3060 5090 3167 5145 duo
3208 5089 3499 5160 significat,
3525 5091 3571 5146 si
3617 5108 3775 5159 una,

2193 5195 2389 5242 annos;
2423 5178 2562 5232 unde
2591 5177 2788 5237 factum
2817 5186 2919 5242 est,
2943 5187 3002 5233 ut
3022 5194 3119 5248 pro
3143 5180 3348 5238 duabus
3368 5181 3775 5240 summitatibus

2191 5273 2329 5341 ejus,
2351 5272 2491 5340 quod
2518 5286 2615 5325 nos
2647 5271 2981 5340 interpretati
3001 5286 3186 5326 sumus
3207 5291 3225 5322 ι
3257 5282 3541 5343 utramque
3559 5281 3769 5343 partem

2192 5362 2327 5432 ejus,
2362 5381 2380 5413 ι
2418 5360 2765 5430 Septuaginta
2794 5361 3129 5430 interpretati
3159 5369 3282 5417 sunt
3318 5379 3337 5412 ι
3373 5377 3605 5417 annuam
3634 5376 3761 5432 pur-

2194 5452 2465 5521 gationem
2480 5450 2614 5518 ejus,
2644 5470 2663 5502 ι
2694 5465 2817 5504 cum
2837 5450 3028 5518 Aquila
3053 5451 3268 5512 dixerit.
3298 5468 3318 5501 ι
3352 5452 3459 5506 duo
3480 5452 3769 5509 novissima

2192 5542 2326 5609 ejus,
2352 5561 2369 5593 ι
2400 5540 2819 5611 Symmachuset
2839 5540 3190 5602 Theodotion,
3222 5558 3240 5592 ι
3266 5541 3403 5595 duas
3431 5542 3767 5598 summitates

2195 5635 2329 5701 ejus.
2372 5653 2390 5685 ι
2425 5633 2490 5686 Et
2516 5640 2597 5686 est
2632 5634 2782 5697 ordo,
2814 5632 2964 5687 Sicut
2996 5633 3122 5687 vitis
3162 5633 3495 5689 infructuosa
3522 5635 3766 5690 incendio

2194 5723 2424 5777 traditur
2459 5722 2509 5775 in
2535 5722 2732 5775 nullam
2764 5722 3047 5785 utilitatem
3070 5762 3085 5787 ,
3120 5722 3197 5784 sic
3236 5731 3289 5776 et
3317 5722 3639 5791 Jerusalem.
3660 5724 3767 5783 into
