3948 6342
184 362 296 422 665

1146 336 1498 415 domuum.
1538 357 1607 413 1N
1644 356 2093 414 EZEClllEl.EM.
2139 387 2208 397 -
2246 358 2372 413 ue.
2416 360 2524 415 vn.

3347 368 3449 423 666

189 488 247 537 et
264 473 1016 545 habitatoresejustradentur
1037 473 1777 543 ardoribus,utegretliantur
1805 481 1847 536 Λ
1882 475 2109 543 primum
2134 473 2232 527 viri
2266 472 2425 528 fuerit
2469 476 2741 530 consortio
2772 476 3017 546 copulata
3049 477 3371 549 Jerusalem,
3398 496 3455 542 et

190 568 260 625 de
285 567 428 640 igne.
460 586 477 620 t
508 566 576 622 Et
605 566 743 635 ignis
762 572 1043 621 consumat
1072 580 1188 629 eos,
1226 584 1243 616 ι
1286 564 1338 619 id
1368 573 1481 629 est,
1528 564 1692 618 etiam
1725 566 1769 619 si

192 659 262 715 de
309 661 441 715 urbe
488 659 796 722 evaserint,
840 656 971 711 foris
1020 656 1197 711 hostili
1234 656 1409 726 gladio
1447 652 1771 711 consumen-

192 756 305 804 tur.
340 748 407 802 Et
457 748 547 818 qui
594 747 973 825 remanserint,
1015 747 1131 817 ipso
1159 747 1499 801 miseriarum
1538 748 1771 817 pondere

190 840 387 910 pressi,
404 856 489 895 me
500 854 619 894 esse
632 839 915 893 Dominum
939 848 1323 910 recognoscent
1366 839 1525 895 «Cum
1543 848 1771 910 poSucro

193 930 313 984 sive
338 928 695 984 obfirmavero
723 929 911 983 faciem
934 945 1110 983 meam
1144 935 1311 1000 super'
1330 946 1442 996 eos,
1490 940 1543 985 et
1576 932 1769 985 dedere

193 1018 316 1073 illos
352 1019 406 1073 in
452 1026 708 1073 mternam
750 1018 1111 1073 solitudinem.
1157 1037 1174 1070 ι
1209 1018 1323 1074 Non
1350 1021 1491 1074 enim
1528 1027 1772 1089 peccato-

194 1123 284 1163 res
305 1109 446 1163 sicut
476 1116 682 1163 caetera
708 1118 914 1179 gentes,
950 1109 1042 1163 sed
1066 1110 1508 1177 praevaricatores
1546 1110 1767 1165 exstite—

191 1204 343 1251 runt.
377 1195 535 1252 Aliud
563 1205 645 1251 est
670 1198 812 1251 enim
842 1196 1111 1267 negligere
1153 1199 1295 1267 quod
1329 1199 1574 1269 ignores,
1622 1198 1763 1253 aliud

192 1294 545 1353 contemnere
589 1285 731 1356 quod
798 1286 1050 1341 colueris.
1104 1287 1397 1342 Possumus
1453 1288 1667 1343 vineam
1716 1298 1768 1342 et

191 1377 515 1445 Jerusalem,
563 1379 718 1449 juxta
766 1380 1176 1451 intelligentiam
1218 1381 1514 1452 spiritalem
1570 1381 1769 1437 intelli-

189 1485 326 1543 gere
368 1471 697 1527 credentium
753 1471 1167 1527 multitudinem.
1217 1472 1346 1541 Quae
1402 1472 1448 1527 si
1502 1470 1771 1544 negligens

190 1559 376 1627 fuerit,
400 1570 455 1616 et
478 1560 739 1617 culturam
782 1562 1023 1631 pristinae
1045 1562 1318 1633 religionis
1345 1562 1588 1617 amiserit
1609 1604 1623 1627 ,
1672 1577 1770 1617 nec

193 1653 438 1709 attulerit
478 1650 660 1724 fruges
692 1652 951 1707 virtutum
972 1692 987 1717 ,
1032 1668 1133 1707 nec
1165 1653 1347 1707 vinum
1380 1651 1597 1717 fecerit,
1629 1652 1771 1722 quod

192 1734 434 1797 laetificat
471 1756 566 1797 cor
590 1741 843 1805 hominis,
872 1728 1089 1796 {eternis
1124 1740 1366 1796 tradetur
1386 1739 1689 1805 ardoribus,
1718 1749 1769 1795 et

1873 574 2025 617 ortus
2071 571 2123 617 et
2161 564 2406 618 educatio
2450 573 2505 618 et
2543 566 2795 635 pubertas
2839 577 2891 621 et
2920 571 3120 639 nuptiae
3167 581 3222 627 et
3249 573 3454 631 adulte-

1875 654 2035 717 rium,
2070 662 2123 708 et
2148 654 2448 723 repudium,
2478 664 2533 709 et
2567 672 2778 711 rursum
2804 661 3074 717 revocatio
3111 664 3453 721 contexitur:

1874 753 1931 798 ut
1953 744 2235 800 clementia
2266 748 2367 801 viri
2405 756 2565 817 atque
2598 748 2859 817 judicium
2888 760 2942 805 et
2980 735 3235 809 adultera:
3264 766 3320 811 et
3344 772 3453 813 me-

1874 836 2086 889 retricis
2124 838 2329 891 scelera
2382 850 2799 908 cognoscantur.
2850 841 2985 895 Dum
3033 853 3153 911 post
3203 847 3452 903 universa

1873 926 2131 997 supplicia
2170 931 2464 984 suscitatei
2507 940 2721 999 pactum
2753 934 3159 1001 sempiternum,
3186 944 3244 989 ut
3271 953 3453 993 recor-

1874 1016 2031 1070 detur
2066 1017 2368 1087 iniquitatis
2407 1035 2517 1073 suae
2562 1029 2612 1073 et
2646 1022 3023 1089 confundatur,
3058 1034 3111 1081 et
3151 1041 3260 1081 non
3302 1028 3373 1083 sit
3406 1030 3457 1084 ei

1873 1106 2012 1159 ultra
2039 1108 2247 1175 aperire
2295 1123 2355 1162 os
2386 1124 2498 1177 prte
2525 1109 2838 1165 confusione
2882 1128 3000 1177 sua,
3048 1130 3169 1170 cum
3215 1118 3459 1187 placatus

1872 1195 2037 1252 fuerit
2076 1198 2148 1251 illi
2180 1199 2231 1251 in
2262 1201 2529 1265 omnibus,
2563 1218 2679 1270 qtue
2712 1201 2933 1257 fecerat.
2971 1204 3191 1261 Multum
3224 1225 3458 1280 namque

1870 1288 2087 1355 prodest
2128 1291 2503 1356 peccatoribus
2556 1292 2696 1346 scire
2740 1308 2860 1361 qua:
2917 1293 3161 1350 fecerint.
3198 1299 3347 1354 Unde
3403 1311 3460 1356 et

1871 1377 2137 1442 paenitens
2194 1376 2476 1447 loquitur:
2515 1400 2532 1429 σ
2572 1381 2832 1445 Quoniam
2884 1383 3222 1453 iniquitatem
3282 1405 3457 1445 meam

1871 1481 1970 1533 €30
2008 1480 2293 1534 COBlJOSCO,
2344 1478 2398 1522 Θῐ
2446 1478 2728 1537 peccatum
2782 1486 2960 1525 meum
3005 1484 3194 1528 contra
3245 1492 3328 1531 me
3375 1488 3459 1534 εει

1869 1569 2084 1626 semper
2134 1554 2305 1625 (Psat.
2342 1557 2414 1629 1.).
2456 1579 2474 1611 J
2518 1559 2764 1625 Quatuor
2801 1570 2979 1615 autem
3022 1564 3196 1621 modis
3229 1565 3455 1639 intelligi

1870 1653 2043 1715 potest
2089 1645 2409 1713 Jerusalem,
2459 1650 2543 1704 vel
2582 1652 2726 1715 haec,
2779 1668 2898 1721 qua:
2925 1653 3220 1726 Babylonio
3265 1668 3318 1713 et
3346 1658 3457 1713 Ro-

1873 1752 2031 1790 mano
2057 1737 2179 1808 igne
2209 1754 2464 1795 succensa
2489 1750 2571 1795 est
2599 1760 2610 1795 :
2638 1742 2717 1797 vel
2749 1744 2987 1799 caelestis
3016 1748 3413 1816 primitivorum
3440 1768 3453 1805 :

192 1830 512 1893 lnnihilum
541 1832 895 1901 reputabitur.
938 1848 956 1881 ‹
998 1829 1198 1885 Servus
1225 1830 1389 1895 enim,
1416 1830 1506 1899 qui
1536 1829 1763 1884 scitvo-
1800 1830 1840 1887 Β
1870 1828 1955 1917 vel
1998 1827 2235 1883 Ecclesia
2262 1870 2277 1893 ,
2334 1846 2453 1900 quae
2503 1833 2890 1903 interpretatur
2944 1838 3082 1892 visio
3135 1841 3286 1917 pacis
3319 1859 3331 1895 :
3371 1841 3456 1897 vel

192 1919 460 1977 luntatem
503 1921 705 1976 domini
742 1921 858 1985 sui,
898 1930 953 1975 et
993 1935 1097 1975 non
1138 1918 1265 1974 facit
1292 1936 1412 1975 eam
1440 1961 1454 1986 ,
1500 1919 1769 1989 vapulabit

191 2012 383 2068 multis
411 2011 562 2084 (Luc.
600 2012 719 2084 xu).
754 2033 773 2067 J
813 2011 942 2067 Tale
973 2012 1100 2081 quid
1136 2021 1192 2066 et
1236 2013 1495 2069 Dominus
1536 2012 1772 2084 loquitur

192 2101 251 2157 in
280 2102 570 2173 Evangelio
608 2104 900 2159 secundum
938 2102 1199 2159 Joannem
1234 2123 1245 2158 :
1282 2124 1300 2157 ι
1351 2104 1460 2175 Ego
1492 2121 1608 2161 sum
1646 2105 1771 2160 vitis

190 2205 346 2257 vera,
374 2199 427 2247 et
455 2203 607 2262 pater
630 2209 781 2250 meus
798 2194 1055 2266 agricola.
1085 2193 1272 2251 Omnis
1290 2195 1520 2265 palmes,
1551 2196 1642 2266 qui
1663 2211 1773 2249 ma-

193 2292 292 2339 net
321 2286 375 2339 in
411 2299 517 2351 me,
545 2294 600 2341 et
641 2301 746 2341 non
773 2284 901 2341 facit
931 2285 1183 2350 fructum,
1221 2286 1371 2342 tollet
1402 2286 1550 2341 illum
1578 2286 1766 2341 Pater:

193 2376 263 2431 Et
284 2391 479 2443 omnis,
510 2376 601 2448 qui
628 2377 804 2432 adfert
832 2377 1085 2441 fructum,
1108 2379 1354 2449 purgabit
1383 2394 1524 2444 eum,
1556 2387 1614 2433 ut
1657 2379 1771 2433 fru-

193 2477 344 2523 ctum
378 2467 499 2539 plus
521 2466 732 2524 adferat
767 2469 947 2538 (Joan.
978 2468 1091 2540 xv).
1136 2490 1153 2522 r
1206 2468 1260 2522 Si
1304 2477 1481 2523 autem
1523 2467 1775 2523 Salvator

191 2560 323 2615 vitis
342 2552 445 2625 est,
470 2567 525 2616 et
548 2575 647 2615 nos
674 2560 947 2632 palmites,
978 2570 1033 2615 et
1078 2561 1275 2615 dieitur
1306 2569 1463 2630 pater
1514 2558 1768 2629 agricola.

194 2650 464 2719 Quamdiu
481 2651 576 2707 Dei
602 2660 869 2721 praecepta
894 2666 1188 2715 servamus,
1209 2665 1419 2720 semper
1453 2650 1770 2711 excolimur,

192 2751 253 2800 et
277 2741 485 2797 cultura
510 2752 691 2797 nostra
716 2741 962 2811 purgatio
988 2748 1091 2795 est.
1122 2758 1140 2791 ι
1168 2739 1282 2795 Non
1319 2747 1401 2795 est
1423 2739 1569 2793 enim
1591 2737 1772 2794 volen-

194 2834 271 2890 tis
297 2848 473 2904 neque
495 2834 786 2898 currentis,
813 2833 907 2888 sed
950 2832 1252 2887 miserentis
1278 2832 1373 2886 Dei
1401 2829 1577 2901 (Rom.
1607 2828 1703 2902 Ix).
1752 2849 1769 2882 ι

195 2923 352 2992 Quod
393 2924 439 2978 si
472 2921 776 2978 adferentes
821 2922 1053 2977 fructum
1081 2962 1096 2987 ,
1138 2931 1431 2991 purgamur
1454 2934 1484 2973 a
1512 2926 1686 2989 patre,
1719 2928 1779 2973 ut

194 3013 409 3070 fructus
437 3012 724 3084 ampliores
744 3010 1068 3076 adferamus,
1097 3012 1402 3066 ostenditur
1430 3024 1643 3065 omnem
1678 3024 1773 3063 no-

194 3115 368 3162 strum
414 3113 665 3161 conatum
697 3104 963 3173 adjutorio
990 3102 1083 3157 Dei
1112 3102 1395 3173 pervenire
1418 3102 1483 3156 ad
1511 3100 1693 3166 finem,
1725 3110 1779 3155 et

1870 1915 2065 1971 animae
2106 1918 2468 1988 singulorum,
2540 1936 2659 1991 qum
2708 1922 2812 1978 fide
2860 1934 3087 1981 cernunt
3150 1930 3455 1987 Dominum.

1868 2004 2108 2077 Illudque
2142 2010 2285 2078 quod
2322 2011 2563 2081 plerique
2605 2013 2672 2068 de
2706 2014 2911 2071 caelesti
2957 2014 3253 2075 Jerusalem
3286 2021 3458 2078 inter-

1869 2108 2138 2166 pretatum
2192 2110 2405 2170 putant,
2457 2101 2696 2159 Ecclesia
2749 2121 2855 2161 non
2892 2108 3085 2179 recipit
3142 2127 3211 2165 ne
3252 2114 3457 2179 omnia,

1870 2204 1989 2258 qua:
2042 2190 2095 2244 in
2132 2194 2383 2261 praesenti
2436 2195 2716 2265 prophetia
2759 2207 3138 2265 contexuntur,
3172 2202 3237 2255 ad
3291 2202 3456 2258 culle-

1870 2281 2033 2336 stium
2063 2282 2434 2339 fortitudinum
2487 2286 2669 2342 ruinas
2700 2296 2863 2358 atque
2892 2290 3190 2357 cruciatus,
3219 2301 3273 2346 et
3299 2296 3462 2353 resti-

1870 2373 2131 2427 tutionem
2178 2373 2230 2427 in
2280 2375 2569 2444 pristinum
2602 2385 2802 2432 statum
2856 2378 3135 2451 suscipere
3162 2383 3457 2452 compella-

1872 2483 2011 2520 mur.

1950 2574 1967 2606 ι
1998 2555 2165 2611 Radix
2207 2565 2296 2610 tua
2325 2566 2379 2613 et
2403 2557 2681 2629 generatio
2714 2566 2803 2614 tua
2836 2561 2903 2616 de
2927 2570 3074 2616 terra
3096 2560 3375 2629 Chanaan,
3405 2574 3463 2619 et

1879 2666 1897 2699 ι
1931 2656 2084 2717 pater
2110 2655 2236 2702 tuus
2266 2647 2647 2714 Amorrlueus,
2695 2658 2749 2705 et
2808 2658 2979 2706 mater
3027 2659 3115 2705 tua
3163 2651 3398 2708 Cethma.
3438 2672 3457 2706 ι

1875 2737 2063 2809 Magna
2102 2737 2253 2804 fides,
2287 2737 2505 2808 grandis
2552 2739 2775 2793 audacia
2814 2740 3202 2810 prophetarum
3234 2781 3247 2806 ,
3294 2752 3462 2796 unum

1874 2828 2150 2882 hominem
2186 2835 2357 2882 totam
2390 2828 2579 2883 urbem
2617 2828 2971 2899 ignobilitatis
3003 2846 3251 2901 arguere.
3288 2831 3453 2888 Mira-

1875 2917 1996 2973 bilis
2023 2916 2240 2981 Daniel,
2289 2918 2380 2987 qui
2430 2918 2496 2973 ad
2534 2919 2909 2990 presbyterum
2938 2920 3360 2991 delinquentem,
3395 2932 3453 2978 et

1877 3009 2138 3067 adulterio
2162 3011 2475 3083 jungentem
2498 3010 2871 3077 homicidium,
2916 3028 3048 3082 puer
3074 3028 3236 3069 ausus
3268 3024 3349 3070 est
3379 3014 3462 3070 di—

1864 3116 2033 3158 cere:
2069 3120 2087 3152 ‹
2121 3102 2317 3157 Semen
2339 3101 2595 3157 Chanaan
2616 3110 2672 3156 et
2699 3118 2804 3158 non
2830 3101 2985 3168 Juda,
3018 3106 3225 3174 species
3254 3106 3463 3177 decepit

196 3196 437 3253 fructum
477 3194 657 3250 facere
687 3192 1063 3264 plenitudinis.
1097 3191 1198 3259 Qui
1234 3202 1411 3247 autem
1436 3193 1643 3262 palmes
1666 3191 1779 3246 fru-
1806 3182 1849 3243 C
1882 3209 1934 3255 te
1963 3199 2124 3272 (Dan.
2158 3198 2299 3268 xm).
2336 3218 2354 3251 ι
2387 3199 2610 3269 Magnus
2646 3208 2700 3253 et
2750 3198 2916 3253 Isaias
3004 3199 3094 3269 qui
3146 3199 3340 3255 clamat
3394 3202 3462 3255 ad

195 3302 293 3358 ges
342 3302 450 3341 non
493 3285 702 3350 fecerit,
733 3284 945 3338 tolletur
983 3299 1010 3337 a
1068 3291 1236 3353 patre,
1282 3292 1490 3339 etcum
1535 3282 1778 3339 sublatus

196 3374 383 3435 fuerit,
415 3375 541 3444 quid
565 3374 630 3428 de
670 3388 735 3428 eo
770 3384 924 3443 pater
944 3372 1135 3439 faciat,
1166 3372 1447 3443 Scriptura
1478 3389 1581 3427 non
1614 3373 1771 3428 dicit:

196 3466 311 3522 Nisi
345 3465 482 3521 forte
512 3462 778 3535 Separatio
823 3465 890 3520 de
933 3464 1135 3519 Christi
1173 3481 1421 3534 corpore.
1447 3478 1609 3535 poena
1640 3480 1767 3535 per-

192 3567 359 3627 petua
389 3563 471 3611 est
504 3564 560 3609 et
588 3554 858 3609 interitus.
906 3552 1058 3620 Quod
1086 3554 1139 3608 in
1175 3556 1332 3608 vinea
1357 3564 1412 3608 et
1435 3556 1541 3609 vite
1567 3554 1775 3609 intelle-

196 3646 397 3709 ximus,
425 3645 525 3699 sub
549 3644 649 3697 alia
687 3643 856 3714 figura
885 3642 1137 3698 Salvator
1164 3644 1319 3699 docet
1348 3644 1401 3697 in
1441 3644 1731 3715 Evangelia
1760 3664 1772 3699 :

203 3756 224 3796 ο
254 3736 461 3795 Bonum
487 3744 567 3791 est
599 3737 693 3790 sal.
732 3736 788 3790 Si
819 3743 996 3791 autem
1022 3737 1101 3789 sal
1127 3736 1445 3790 iufatuatum
1474 3736 1673 3801 fuerit,
1711 3738 1776 3791 ad

198 3831 332 3886 nihil
362 3839 447 3885 est
474 3830 622 3892 utile,
656 3830 755 3883 uisi
790 3837 848 3882 ut
876 3827 1020 3883 foras
1048 3827 1394 3897 projiciatur,
1426 3836 1479 3882 et
1506 3829 1573 3883 ab
1596 3830 1772 3883 homi-

197 3923 359 3977 nibus
393 3919 737 3976 conculcetur
769 3919 957 3982 (Marc.
990 3919 1086 3988 1x).
1127 3938 1145 3970 ι
1182 3919 1249 3972 Et
1284 3919 1471 3973 oculus
1504 3959 1518 3985 ,
1571 3921 1661 3989 qui
1695 3928 1775 3974 to-

198 4022 313 4068 tum
366 4026 560 4080 corpus
598 4009 880 4074 illuminat,
930 4010 974 4064 si
1001 4007 1163 4064 fuerit
1210 4018 1529 4074 excaecatus,
1564 4008 1773 4064 audita
1828 4066 1829 4069 η

199 4101 465 4157 Domino:
501 4117 520 4151 ι
550 4098 608 4155 Si
644 4098 842 4166 lumen,
873 4100 1015 4170 quod
1059 4100 1111 4153 iu
1161 4111 1213 4156 te
1252 4110 1332 4157 est
1363 4102 1595 4155 tenebra:
1630 4114 1772 4166 sunt,

199 4190 331 4259 ipsa:
359 4189 591 4244 tenebrae
620 4199 795 4256 quota;
822 4190 1021 4242 erunt?
1056 4188 1267 4255 (Matth.
1301 4190 1399 4260 vr.)
1424 4209 1440 4239 ι
1480 4190 1773 4259 Compara-

201 4280 350 4335 tione
395 4277 593 4348 quippe
645 4277 1095 4346 praevaricatoris,
1121 4287 1177 4332 et
1203 4276 1315 4344 ejus
1353 4278 1441 4346 qui
1470 4279 1773 4334 confessum

201 4374 353 4446 prius
383 4374 656 4443 negaverit
688 4374 872 4436 Deum,
897 4372 1064 4427 leuior
1098 4387 1254 4441 paena
1290 4383 1373 4427 est
1420 4389 1605 4427 eorum
1634 4416 1645 4437 ,
1683 4374 1775 4443 qui

202 4480 498 4535 numquam
534 4465 627 4519 Dei
677 4465 913 4519 habuere
944 4464 1207 4519 notitiam.
1261 4465 1429 4535 Ligna
1456 4474 1633 4519 autem
1664 4465 1771 4520 sal-

204 4566 357 4611 tuum
384 4555 497 4609 sive
545 4553 822 4617 silvarum,
853 4554 1145 4609 secundum
1180 4555 1499 4610 varietatem
1549 4557 1772 4611 creden-

203 4646 339 4700 tium
377 4644 579 4719 habent
626 4644 682 4697 in
716 4646 919 4713 magna
960 4644 1119 4698 domo
1164 4644 1397 4713 aliquam
1444 4645 1772 4701 utilitatem:

202 4734 261 4789 in
286 4748 391 4802 qua
420 4747 525 4786 non
556 4733 729 4787 solum
768 4746 890 4787 vasa
924 4747 1086 4787 aurea
1111 4741 1167 4787 et
1188 4742 1440 4803 argentea
1471 4743 1596 4789 sunt
1616 4775 1630 4795 ,
1681 4737 1774 4790 sed

203 4828 265 4877 et
294 4821 473 4891 lignea
506 4821 819 4893 ﬁetiliaque,
854 4820 956 4875 alia
986 4821 1040 4873 in
1070 4822 1349 4889 honorem,
1372 4822 1475 4875 alia
1506 4823 1560 4877 in
1584 4834 1775 4878 contu-

202 4910 443 4971 meliam.

802 4998 1029 5057 CAPUT
1062 5000 1202 5055 XVI.

200 5105 488 5178 Catalogus
531 5108 983 5180 immunditiam":
1013 5119 1062 5163 et
1102 5110 1431 5180 iniquitatum
1458 5108 1773 5177 Jerusalem,

274 5187 323 5249 ᾳ
345 5179 600 5249 correptio
629 5194 747 5249 quae
786 5190 1058 5249 revocatur
1102 5180 1171 5231 ad
1191 5179 1476 5232 salutem:
1513 5181 1779 5249 ⁸ίιιδιὶρεαε

276 5247 532 5371 Dominus
556 5246 837 5303 Sodomam
866 5257 913 5301 et
949 5246 1246 5301 Samariam
1278 5246 1667 5317 comparatione
1693 5250 1780 5303 Je-

276 5332 363 5371 πω
420 5332 522 5371 em.

275 5332 522 5371 malem.

281 5463 301 5495 ι
329 5444 399 5499 Et
425 5443 601 5500 factus
634 5453 719 5499 est
745 5460 924 5499 sermo
953 5444 1163 5500 Domini
1190 5446 1255 5499 ad
1288 5446 1593 5501 me‘dicens
1622 5465 1633 5498 :
1676 5445 1776 5500 Fili

207 5551 231 5589 ι
258 5534 515 5601 hominis,
530 5543 688 5589 notas
704 5536 788 5589 fac
817 5536 1149 5592 Hierusalem
1182 5536 1606 5591 abominationes
1629 5553 1774 5603 suas,

203 5641 228 5679 ι
254 5632 315 5681 et
337 5626 524 5681 dices:
562 5625 684 5681 Hrec
710 5626 841 5681 dicit
875 5628 1134 5683 Dominus
1188 5628 1326 5682 Deus
1370 5628 1698 5691 Jerusalem,
1750 5649 1768 5681 ι

197 5724 311 5778 ιιι.
346 5714 615 5789 (Iliorum)
641 5715 752 5773 Sub
771 5733 1002 5792 persona
1029 5718 1270 5779 mulieris
1300 5718 1625 5784 meretricis,
1650 5735 1768 5789 qua:

1874 3293 2144 3363 principes
2172 3300 2225 3346 et
2268 3288 2337 3345 ad
2380 3290 2637 3365 populum
2666 3288 2972 3345 Judzeorum
3006 3308 3017 3343 :
3058 3308 3077 3338 ι
3111 3291 3308 3345 Audite
3336 3305 3461 3345 ver—

1874 3382 1999 3437 bum
2032 3381 2265 3445 Domini,
2296 3379 2568 3449 principes
2603 3377 2984 3443 Sodomorum,
3030 3376 3251 3432 auribus
3282 3378 3462 3449 perci-

1874 3472 1986 3540 pite
2034 3467 2471 3534 verba‘Domini,
2517 3468 2746 3538 populus
2783 3462 3116 3522 Gomorrhaa.
3154 3485 3187 3518 γι
3222 3466 3355 3539 (Ian.
3398 3468 3494 3536 ι.)Δ

1878 3561 1983 3617 Sed
2008 3576 2114 3616 non
2144 3550 2321 3615 minor
2345 3558 2616 3623 Ezechiel,
2639 3558 2729 3629 qui
2762 3558 2829 3613 ad
2859 3566 3026 3613 totam
3057 3559 3243 3612 urbem
3274 3557 3455 3629 loqui—

1877 3662 1964 3707 tur
1998 3652 2380 3706 confidenter:
2417 3669 2435 3701 ι
2472 3649 2641 3703 Radix
2697 3657 2782 3717 tua
2828 3656 2881 3702 et
2934 3649 3210 3719 generatio
3256 3658 3345 3703 tua
3397 3650 3465 3704 dc

1876 3753 2018 3797 terra
2051 3743 2329 3806 Chanaan,
2354 3749 2509 3809 pater
2542 3750 2665 3795 tuus
2692 3739 3052 3803 Amorrhzeus,
3083 3748 3137 3793 et
3167 3750 3341 3795 mater
3368 3748 3461 3794 tua

1874 3832 2087 3887 Cethrea
2120 3830 2334 3902 (Ezech.
2388 3829 2524 3900 3m).
2568 3849 2583 3880 ι
2648 3828 2987 3897 Quamquam
3044 3838 3097 3882 et
3158 3828 3463 3899 Stephanus

1873 3921 2081 3989 primus
2129 3925 2335 3988 martyr
2376 3916 2657 3988 Evangelii
2703 3917 2769 3970 ad
2815 3917 3170 3971 insanientem
3206 3917 3459 3987 populum

1876 4008 1945 4063 sit
1984 4007 2236 4062 locutus:
2283 4024 2301 4057 ε
2342 4006 2479 4060 Dura
2512 4005 2721 4059 cervice
2766 4013 2819 4077 et
2861 4004 3224 4075 incircumcisi
3277 4006 3462 4073 corde,

1876 4120 1970 4159 vos
2001 4118 2214 4172 semper
2251 4100 2471 4171 Spiritui
2506 4108 2693 4154 sancto
2723 4098 2999 4154 restitistis
3028 4098 3163 4167 (Act.
3192 4097 3313 4169 vlt).
3347 4118 3365 4151 ›
3398 4099 3469 4155 Et

1874 4194 1999 4247 licet
2040 4193 2307 4261 possimus
2355 4189 2591 4243 radicem
2634 4186 2930 4242 Jerusalem
2967 4196 3020 4241 et
3058 4188 3463 4258 generationem

1875 4285 1990 4355 ejus
2021 4292 2219 4337 terram
2260 4280 2514 4334 Chanaan
2542 4278 2835 4333 secundum
2861 4278 2989 4332 illud
3015 4279 3283 4347 accipere,
3312 4280 3459 4349 quod

1876 4377 1928 4432 in
1958 4374 2194 4445 IEgypto
2222 4378 2443 4427 vocatus
2477 4374 2546 4425 sit
2575 4370 2820 4440 populus,
2847 4378 2901 4423 et
2924 4368 2993 4423 ibi
3018 4370 3187 4425 multo
3217 4370 3465 4439 tempore

1884 4465 2228 4529 habitaverit,
2251 4464 2421 4517 Cham
2464 4463 2663 4531 quippe
2685 4470 2836 4530 pater
2864 4460 3118 4515 Chanaan
3142 4500 3158 4526 ,
3207 4462 3464 4531 princeps

1811 4523 1858 4581 Ι)
1884 4556 1986 4613 fuit
2012 4555 2184 4627 gentis
2197 4523 2850 4623 Egyptia-tamen'juxta
2877 4523 3458 4606 sceleruniisimilitudi-

1876 4661 2000 4699 nem
2049 4641 2283 4710 radicem
2345 4639 2644 4697 Jerusalem
2687 4649 2885 4695 terram
2918 4638 3137 4710 Egypti
3160 4655 3280 4696 esse
3309 4640 3459 4697 dice-

1880 4749 2016 4789 mus.
2056 4732 2208 4787 Unde
2229 4739 2285 4785 et
2312 4739 2467 4801 pater
2495 4730 2639 4785 illius
2663 4730 2964 4800 appellatur
2982 4730 3348 4798 Amorrhtnus,
3365 4734 3456 4803 qui

1878 4825 2278 4893 interpretatur,
2311 4821 2479 4877 multo
2506 4837 2753 4876 sermone
2785 4822 3110 4878 celebratus.
3146 4842 3166 4875 ε
3195 4823 3262 4879 Et
3285 4834 3457 4878 mater

1882 4922 1970 4966 tua
1992 4912 2229 4977 Cethaea,
2267 4932 2284 4964 ι
2314 4911 2366 4965 id
2391 4918 2496 4975 est,
2517 4913 2793 4975 ἕξιστῶσα,
2821 4927 2940 4981 qua:
2968 4912 3053 4965 vel
3093 4912 3207 4982 ipsa
3230 4912 3451 4972 insanit.

1879 5000 1963 5054 vel
1987 5001 2123 5055 alios
2144 5000 2309 5054 mittit
2343 5000 2395 5054 in
2418 4999 2733 5054 amentiam.
2772 5019 2789 5051 ι
2809 4998 2997 5055 Omnis
3018 4999 3183 5064 enim,
3205 5000 3297 5067 qui
3327 5000 3460 5058 facit

1877 5091 2261 5162 peccatum,de
2284 5090 2498 5144 diabolo
2521 5098 2679 5144 natus
2706 5098 2839 5143 est»
2870 5090 3021 5145 Unde
3040 5088 3167 5142 etin
3192 5096 3304 5149 toto
3323 5086 3454 5143 orbe

1879 5181 2037 5248 hujus
2076 5182 2278 5249 antiqui
2328 5182 2500 5249 patris
2552 5178 2817 5233 famosum
2891 5178 3211 5234 vocabulum
3255 5186 3362 5237 est.
3400 5188 3456 5234 et

1884 5270 2078 5324 multos
2128 5278 2339 5323 vertens
2376 5270 2427 5322 in
2475 5269 2783 5323 amentiam.
2834 5267 3254 5337 Praecipiturque
3300 5265 3453 5321 Jeru-

1883 5360 2048 5414 salem
2084 5359 2163 5411 vel
2200 5359 2349 5427 juxta
2392 5358 2621 5411 litteram
2666 5357 2748 5411 vel
2786 5356 2939 5424 juxta
2984 5356 3251 5425 spiritum,
3278 5364 3337 5410 ut
3363 5371 3449 5410 re-

1881 5452 2089 5519 linquat
2114 5451 2392 5519 antiquum
2416 5458 2645 5519 patrem,
2670 5460 2722 5503 et
2746 5449 2942 5504 dicitur
2963 5449 3027 5502 ad
3049 5464 3167 5501 eam
3194 5465 3207 5500 :
3236 5465 3257 5499 ι
3292 5446 3450 5508 Audi,

1884 5540 2012 5603 ﬁlia,
2046 5548 2098 5593 et
2129 5540 2263 5599 vide,
2291 5550 2344 5592 et
2388 5538 2581 5592 inclina
2615 5554 2797 5591 aurem
2828 5546 3005 5601 tuam,
3050 5547 3104 5592 et
3132 5537 3447 5591 obliviscene

1879 5632 2131 5701 populum
2161 5640 2331 5692 tuum,
2363 5639 2417 5683 et
2453 5630 2667 5683 domum
2700 5630 2866 5698 patris
2898 5630 2995 5683 tui.
3020 5629 3083 5682 Et
3108 5629 3451 5698 concupiscet

1881 5737 1974 5778 rex
2004 5723 2253 5776 decorem
2288 5728 2434 5775 tuum
2463 5718 2633 5791 (Ρδαι.
2662 5718 2831 5789 xuv).
2867 5740 2885 5772 ι
2928 5720 2995 5774 Et
3018 5718 3348 5791 promittitur
3374 5718 3445 5783 ei.
