3948 6360
510 362 613 419 66⁸1

1161 364 1220 419 ιι.
1262 362 1515 419 uanam
1553 362 1772 421 MAURI
1812 364 2129 421 ausurae.
2175 364 2483 424 uocum.
2524 347 2807 428 OPERUM
2846 369 3026 429 mas
3064 373 3129 427 ιι.

3681 378 3776 433 668

506 475 554 531 si
580 484 701 547 post
727 481 1026 546 peccatum,
1054 474 1119 527 ad
1147 488 1332 529 verum
1361 475 1589 530 voluerit
1614 484 1823 545 patrem
1870 478 2089 542 reverti,
2122 482 2167 540 Α
2198 478 2391 533 nalem.
2421 479 2554 535 Cum
2576 491 2755 538 autem
2784 484 2851 537 ad
2878 492 3089 539 aetatem
3120 487 3327 541 venerit
3354 488 3678 556 pubertatis,
3705 491 3774 546 di-

511 586 533 620 c
565 567 845 622 restituam
884 573 935 619 te
963 566 1104 620 sicut
1132 564 1307 631 fuisti,
1339 568 1559 635 quando
1593 576 1717 620 nata
1753 583 1830 620 es.
1870 586 1889 618 ι
1930 567 2094 636 Cujus

510 664 659 711 tanta
690 655 965 719 nobilitas,
995 663 1056 709 ut
1094 656 1245 709 urbis
1284 654 1581 711 Jerusalem
1602 696 1616 720 ,
1664 671 1784 724 qua:
1825 657 1890 710 de
1919 656 2095 711 Abra-

507 746 629 800 ham
649 785 662 809 ,
689 744 838 799 Isaac
868 752 923 798 et
958 741 1127 799 Jacob
1149 745 1317 813 stirpe
1349 745 1681 800 descendens
1707 745 1875 800 Deum
1908 747 2095 801 habuit

506 833 751 902 patrem?
772 833 837 897 Et
859 843 1036 887 tamen
1056 833 1179 902 quia
1202 834 1463 903 peccavit,
1481 842 1535 886 et
1555 850 1742 888 verum
1764 835 1983 904 reliquit
2008 852 2097 905 pa-

504 930 731 987 rentem,
756 934 995 978 meretur
1022 924 1206 977 audire
1233 941 1246 977 :
1272 944 1289 975 ‹
1312 923 1485 977 Radix
1516 931 1603 977 tua
1627 932 1683 978 et
1701 925 1979 994 generatio
2000 933 2093 979 tua

501 1011 567 1065 de
593 1020 735 1066 terra
773 1012 1049 1067 Chanaan.
1097 1012 1259 1067 Pater
1297 1021 1420 1067 tuus
1447 1012 1797 1068 Amorrhaaus
1829 1021 1883 1068 et
1920 1024 2095 1070 mater

500 1110 593 1155 tua
616 1100 861 1158 .Cethzea.
908 1122 943 1161 ι,
964 1102 1020 1157 Si
1048 1103 1137 1157 illa
1164 1104 1263 1158 hoc
1286 1103 1513 1176 audivit,
1545 1103 1675 1173 quid
1700 1103 1766 1158 de
1788 1104 1944 1158 nobis
1975 1104 2089 1168 ﬁet,

500 1192 589 1259 qui
620 1192 795 1245 vocati
836 1205 902 1246 ex
931 1193 1168 1262 gentium
1205 1192 1455 1246 sordibus
1498 1206 1713 1252 omnem
1742 1194 2006 1248 maculam
2040 1196 2092 1248 in

499 1282 717 1338 lavacro
741 1282 1038 1339 Salvatoris
1064 1285 1377 1349 amisimus,
1427 1286 1471 1341 si
1524 1286 1880 1355 polluerimus
1933 1288 2090 1342 indu-

499 1384 737 1440 mentum
764 1374 986 1438 Christi,
1012 1385 1195 1430 etnon
1228 1377 1577 1431 habuerimus
1610 1379 1663 1431 in
1708 1379 1955 1433 convivio
2002 1394 2092 1433 ve—

495 1471 633 1518 stem
658 1464 992 1534 nuptialem?
1026 1466 1211 1533 utique
1243 1465 1394 1528 illud,
1423 1477 1479 1519 ut
1500 1466 1706 1536 junctis
1728 1463 1977 1523 manibus
1998 1485 2092 1539 pe-

494 1554 759 1625 dibusque
806 1555 1024 1610 aeternis
1064 1555 1339 1609 tradamur
1369 1556 1677 1619 ardoribus,
1706 1558 1759 1611 in
1783 1559 1982 1628 quibus
2007 1568 2093 1615 est

492 1642 651 1699 ﬂetus
673 1644 952 1700 oculorum
976 1652 1032 1699 et
1056 1645 1254 1700 stridor
1274 1645 1517 1700 dentium
1544 1646 1761 1717 (Matth.
1785 1651 1945 1719 χχιι).

566 1752 585 1785 ‹
623 1734 691 1789 Et
710 1735 925 1805 quando
950 1744 1076 1791 nata
1099 1749 1181 1802 es,
1214 1735 1267 1789 in
1297 1735 1383 1790 die
1405 1746 1558 1791 ortus
1589 1737 1663 1791 tui
1690 1752 1797 1793 non
1842 1746 1925 1793 est
1953 1753 2090 1808 prte-

2202 576 2356 622 cctur
2381 569 2447 623 de
2474 584 2533 624 ea
2566 589 2578 623 :
2613 590 2631 621 ι
2667 570 2918 642 Nunquid
2948 573 3293 629 obliviscetur
3319 593 3519 646 sponsa
3561 590 3777 635 ornatus

2200 657 2316 723 sui,
2362 666 2457 712 aut
2499 660 2654 730 virgo
2684 659 2863 716 fasciaa
2904 664 3192 733 pectoralis
3240 679 3351 719 sua:
3395 666 3551 737 (Jer.
3607 670 3729 742 n)?
3756 690 3771 720 ι

2200 747 2458 817 Sequitur
2486 765 2502 804 :

2274 860 2292 892 ι
2330 843 2396 896 Et
2423 842 2476 896 in
2499 858 2636 913 aqua
2662 858 2768 899 non
2792 860 2851 899 es
2890 845 2998 902 lota
3029 846 3081 899 in
3106 846 3354 901 salutem.
3387 868 3405 899 ι
3443 848 3679 903 Cruenta
3702 850 3776 904 in-

2201 930 2405 987 fantum
2444 948 2672 1003 corpora
2727 934 2909 989 statim
2958 944 3018 988 ut
3056 936 3376 990 emittuntur
3414 953 3481 992 ex
3509 946 3662 992 utero
3702 939 3776 992 la-

2197 1022 2312 1075 vari
2354 1022 2542 1085 solent,
2594 1023 2668 1076 ita
2699 1031 2758 1076 ut
2786 1026 3064 1094 generatio
3092 1026 3350 1095 spiritalis
3378 1029 3649 1082 canachro
3678 1028 3775 1099 [la-

2195 1110 2380 1183 vacro]
2406 1111 2606 1182 indiget
2636 1112 2879 1167 salutari.
2914 1114 3099 1169 Nullus
3120 1116 3263 1169 enim
3291 1117 3522 1171 mundus
3545 1132 3573 1169 a
3596 1117 3775 1179 sorde,

2197 1215 2295 1254 nec
2318 1200 2357 1253 si
2401 1194 2561 1256 unius
2583 1202 2800 1270 quidem
2825 1203 2927 1257 diei
2966 1203 3129 1259 fuerit
3149 1205 3257 1258 vita
3295 1205 3433 1275 ejus.
3463 1206 3529 1260 Et
3556 1207 3613 1259 in
3637 1205 3777 1260 Psal-

2198 1290 2297 1345 mis
2335 1288 2598 1357 legimus:
2642 1310 2659 1341 ι
2690 1289 2745 1344 1η
2798 1290 3172 1361 iniquitatibus
3212 1302 3505 1361 conceptus
3547 1310 3687 1357 sum,
3724 1304 3776 1349 et

2196 1375 2246 1427 in
2278 1375 2511 1442 peccatis
2539 1377 2788 1445 concepit
2828 1393 2914 1432 me
2959 1387 3135 1434 mater
3179 1395 3296 1434 mea
3330 1378 3503 1451 (Psal.
3537 1380 3611 1451 ι).
3635 1402 3653 1433 ›
3682 1381 3776 1437 Se-

2193 1468 2365 1518 canda
2418 1465 2673 1521 nativitas
2720 1468 2878 1522 solvit
2921 1457 3152 1539 primam
3203 1473 3584 1539 nativitatem;
3645 1474 3778 1528 scri-

2191 1562 2339 1623 ptum
2366 1563 2450 1609 est
2476 1557 2656 1611 enim:
2707 1575 2725 1606 ι
2762 1556 2874 1613 Nisi
2919 1560 3046 1629 quis
3087 1571 3307 1615 renatus
3338 1560 3500 1617 fuerit
3527 1578 3594 1616 ex
3640 1578 3775 1632 aqua

2192 1654 2243 1700 et
2297 1646 2499 1717 Spiritu
2546 1655 2764 1715 sancto,
2816 1666 2938 1722 non
2973 1660 3150 1721 potest
3190 1653 3394 1708 intrare
3444 1655 3501 1708 in
3549 1671 3774 1725 regnum

2192 1735 2285 1790 Dci
2317 1735 2613 1809 (leamm).
2652 1756 2671 1789 ι
2702 1738 2974 1810 Multaque
3000 1748 3125 1795 sunt
3150 1740 3384 1806 lavacra,
3432 1758 3552 1812 quae
3573 1743 3774 1798 ethnici

496 1842 517 1876 ι
558 1824 1016 1881 cisus’umbilicus
1043 1833 1187 1890 tuus,
1215 1834 1271 1881 et
1298 1826 1352 1879 in
1384 1842 1523 1896 aqua
1555 1842 1661 1882 non
1688 1842 1746 1882 es
1770 1827 1878 1882 lota
1920 1829 1972 1883 in
1996 1844 2083 1883 sa-
2110 1815 2156 1875 Β
2187 1828 2238 1885 in
2288 1828 2556 1899 mysteriis
2591 1830 2722 1895 suis,
2742 1838 2811 1890 et
2840 1830 3083 1885 haeretici
3125 1830 3470 1901 pollicentur,
3521 1834 3613 1903 qui
3657 1848 3775 1889 om-

494 1933 528 1993 cf.
556 1915 744 1981 lutem,
775 1932 872 1971 nec
899 1917 1013 1972 sale
1059 1918 1236 1982 salita,
1269 1932 1368 1971 nec
1416 1917 1653 1971 involuta
1700 1920 1913 1988 pannis.
1968 1920 2084 1976 Non

493 2023 513 2057 ι
549 2008 791 2078 pepercit
812 1998 975 2078 super
997 2018 1049 2062 te
1069 2008 1275 2069 oculus,
1302 2008 1691 2063 utfacerettibi
1718 2025 1884 2064 unum
1908 2012 1973 2065 de
2001 2011 2085 2066 his

490 2112 512 2148 ι
557 2095 811 2150 misertus
864 2096 959 2161 tui,
991 2097 1085 2150 sed
1127 2094 1368 2164 projecta
1397 2111 1456 2151 es
1500 2111 1661 2167 super
1689 2096 1881 2151 faciem
1928 2107 2083 2152 terrae

491 2204 510 2239 ι
554 2188 608 2241 in
641 2186 942 2255 abjectione
974 2187 1169 2242 anima:
1196 2194 1301 2243 tua:
1320 2187 1374 2242 in
1399 2188 1487 2243 die
1511 2203 1617 2257 qua
1641 2196 1768 2242 nata
1792 2203 1874 2251 es,
1911 2208 1928 2241 ι
1974 2197 2079 2243 etc.

483 2281 756 2354 (Ηίετοη.)
791 2279 951 2336 Juxta
981 2282 1225 2336 ordinem
1271 2280 1523 2336 lectionis
1550 2281 1615 2335 de
1658 2280 1883 2351 singulis
1913 2281 2081 2336 dissee

482 2389 685 2429 ramus.
715 2372 942 2441 Quando
976 2381 1100 2427 nata
1132 2380 1217 2426 est
1254 2370 1554 2426 Jerusalem
1585 2371 1652 2426 de
1690 2370 1851 2426 Patre
1887 2372 2081 2425 Amor—

486 2464 654 2527 rhmo,
704 2472 761 2518 et
789 2471 963 2516 matre
992 2460 1228 2527 Cethzea,
1260 2471 1315 2516 et
1364 2460 1533 2517 effusa
1566 2476 1633 2515 ex
1662 2470 1836 2525 utero,
1866 2477 1971 2516 non
1995 2468 2078 2517 est

480 2554 738 2624 prmcisus
765 2554 1053 2610 umbilicus
1072 2555 1209 2625 ejus,
1252 2569 1360 2624 quo
1395 2554 1538 2610 fetus
1566 2554 1785 2609 aluntur
1815 2555 1867 2609 in
1891 2566 2079 2611 ventre

482 2646 653 2701 instar
675 2647 929 2701 arborum
960 2655 1021 2711 et,
1039 2646 1424 2717 virgultorum,
1458 2661 1578 2715 qua:
1606 2662 1703 2716 per
1738 2647 1950 2703 radices
1978 2648 2079 2702 hu-

480 2752 631 2792 more
658 2746 819 2792 terra
848 2738 1164 2793 nutriuntur
1184 2736 1415 2793 occulto.
1450 2738 1519 2793 Et
1545 2739 1815 2807 quomodo
1839 2740 2078 2795 virorum

478 2828 839 2883 seminarium
863 2827 1203 2899 signiﬁcatur
1240 2828 1295 2882 in
1325 2828 1544 2893 lumbis,
1589 2830 1662 2884 ita
1704 2829 1961 2900 genitalia
2000 2829 2079 2887 fe-

476 2916 747 2971 minarum
806 2917 1037 2978 honesto
1092 2930 1380 2981 sermone,
1428 2915 1579 2987 juxta
1630 2917 2076 2972 consuetudinem

478 3004 889 3077 Scripturarum
916 3005 1203 3062 umbilicus
1232 3016 1519 3073 vocantur,
1564 3017 1797 3062 testante
1827 3006 1947 3074 Job,
1977 3010 2075 3079 qui

475 3097 577 3155 sub
626 3096 797 3168 figura
834 3096 1087 3152 draconis
1117 3096 1357 3167 loquitur
1384 3098 1598 3153 diabolo
1626 3118 1638 3152 :
1684 3117 1703 3150 ι
1738 3097 1922 3153 Virtus
1955 3098 2071 3170 ejus

2188 1935 2283 1974 nes
2307 1920 2506 1985 lavant,
2532 1922 2625 1976 sed
2648 1937 2753 1975 non
2790 1921 2971 1976 lavant
3001 1923 3054 1976 in
3076 1922 3325 1977 salutem.
3357 1923 3649 1993 Propterea
3674 1926 3775 1979 ad-

2188 2011 2355 2064 ditum
2394 2018 2516 2065 est:
2566 2029 2584 2061 ι
2628 2011 2695 2065 Et
2742 2012 2797 2066 in
2821 2026 2961 2081 aqua
2991 2027 3186 2068 nones
3220 2013 3329 2066 lota
3370 2015 3425 2067 in
3465 2014 3717 2068 salutem.
3751 2034 3768 2065 ι

2186 2100 2338 2165 Quod
2368 2100 2585 2169 quidem
2615 2116 2723 2155 non
2766 2101 2939 2156 solum
2971 2100 3358 2165 deiiaereticis,
3391 2103 3482 2157 sed
3512 2106 3576 2157 de
3597 2104 3771 2158 eccle-

2183 2190 2419 2245 siasticis
2446 2190 2669 2261 intelligi
2718 2200 2896 2260 potest
2924 2210 2937 2244 :
2970 2193 3059 2261 qui
3082 2208 3186 2247 non
3210 2194 3363 2263 plena
3384 2193 3483 2248 fide
3505 2194 3776 2264 accipiunt

2184 2280 2508 2362 baptismum
2558 2280 2815 2361 salutare.
2857 2283 2932 2336 De
2958 2283 3155 2351 quibus
3181 2283 3599 2349 dicendumcst,
3630 2288 3772 2352 quod

2182 2354 2492 2440 acceperint
2521 2354 2737 2440 aquam,
2766 2370 2859 2425 sed
2888 2386 2995 2425 non
3024 2373 3332 2440 acceperint
3355 2373 3624 2441 spiritum.
3656 2372 3774 2428 Sic-

2183 2467 2242 2515 ut
2292 2467 2347 2514 ct
2387 2458 2575 2514 Simon
2601 2458 2689 2513 ille
2718 2458 2921 2529 Magus,
2981 2460 3070 2529 qui
3114 2460 3341 2529 pecunia
3388 2460 3601 2516 volebat
3633 2462 3771 2515 redi-

2180 2567 2329 2607 mere
2364 2552 2592 2623 gratiam
2644 2551 2761 2617 Dei,
2816 2552 3119 2620 baptizatus
3146 2553 3362 2622 quidem
3402 2555 3566 2610 estin
3605 2569 3770 2622 aqua,

2179 2645 2272 2699 sed
2301 2659 2642 2714 nequaquam
2671 2645 2978 2714 baptizatus
3006 2654 3091 2699 est
3117 2647 3167 2698 in
3191 2645 3439 2699 salutem.
3466 2646 3649 2701 Tertio
3690 2649 3771 2702 di-

2180 2738 2356 2792 citur:
2393 2755 2413 2788 ι
2450 2736 2562 2791 Nec
2587 2736 2700 2792 sale
2722 2737 2901 2801 salita,
2938 2756 2955 2788 ι
2995 2745 3176 2792 tenera
3208 2735 3489 2792 infantium
3517 2753 3767 2807 corpora,

2179 2830 2304 2885 dum
2341 2830 2515 2885 adhuc
2544 2830 2683 2885 uteri
2736 2830 2970 2885 calorem
3004 2837 3224 2895 tenent,
3282 2840 3335 2884 et
3366 2818 3541 2900 primo
3584 2832 3769 2902 vagitu

2178 2917 2463 2974 laboriosae
2495 2920 2615 2973 vitae
2651 2926 2916 2973 testantur
2945 2920 3190 2981 exordia,
3220 2920 3397 2974 solent
3419 2921 3486 2974 ab
3510 2919 3769 2973 obstetri-

2178 3010 2331 3063 cibus
2354 3008 2463 3063 sale
2486 3009 2743 3080 contingi,
2770 3018 2827 3063 ut
2854 3010 3081 3064 sicciora
3118 3011 3227 3064 sint
3253 3018 3307 3064 et
3348 3011 3762 3081 restringantur.

2178 3099 2346 3156 Porro
2370 3100 2689 3165 Jerusalem,
2723 3117 2843 3170 qua:
2878 3103 2943 3156 de
2974 3102 3129 3157 malis
3164 3102 3477 3172 parentibus
3502 3112 3629 3156 nata
3647 3115 3763 3167 est,

475 3186 532 3242 in
563 3184 782 3251 lumbis,
805 3195 861 3242 et
881 3186 1144 3255 fortitudo
1174 3188 1318 3244 illius
1345 3190 1400 3243 in
1429 3188 1682 3246 umbilico
1704 3192 1910 3245 ventris
1956 3189 2071 3259 ejus
2100 3186 2144 3245 C
2177 3191 2308 3245 nihil
2339 3183 2581 3260 saporis,
2602 3190 2735 3244 nihil
2761 3191 3047 3262 diligentia?
3089 3203 3375 3246 consecuta
3405 3202 3505 3246 est.
3542 3191 3643 3260 Qui
3664 3206 3765 3245 suo

475 3276 619 3351 (Job.
654 3276 765 3347 ιι).
798 3296 818 3330 ι
874 3277 981 3333 lste
1025 3278 1170 3333 enim
1217 3279 1382 3335 draco
1412 3282 1635 3335 coluber
1662 3281 1939 3351 antiquus,
1976 3283 2068 3352 qui

476 3377 698 3426 vocatur
727 3369 972 3425 diabolus
1022 3379 1078 3426 et
1106 3369 1355 3435 Satanas,
1406 3380 1461 3427 et
1490 3372 1701 3441 decepit
1734 3372 1924 3427 orbem
1945 3381 2067 3425 ater-

476 3474 694 3524 rarum,
723 3459 985 3515 adversus
1006 3460 1150 3516 viros
1180 3462 1435 3517 virtutem
1459 3461 1623 3516 habet
1649 3463 1702 3515 in
1728 3461 1942 3524 lumbis,
1976 3463 2069 3514 ad-

475 3566 664 3607 versus
715 3549 947 3606 feminas
991 3552 1044 3606 in
1076 3552 1349 3608 umbilico.
1412 3552 1526 3608 Hoc
1564 3562 1740 3607 autem
1797 3552 2070 3620 signiﬁcat

474 3644 541 3699 de
564 3641 887 3711 Jerusalem,
923 3646 1068 3715 quod
1105 3645 1211 3699 non
1240 3646 1422 3700 statim
1451 3645 1621 3717 legem
1652 3645 1942 3715 acceperit,
1970 3661 2069 3699 nec

474 3733 525 3788 ei
556 3732 820 3803 pudendae
841 3734 1142 3797 nativitatis
1164 3735 1385 3790 exordia
1418 3735 1526 3789 sint
1550 3734 1781 3799 abscisa,
1810 3735 1905 3789 sed
1934 3750 2066 3805 gen-

472 3823 618 3878 tilem
642 3825 807 3879 vitam
830 3826 1026 3879 vixerit
1050 3827 1302 3897 primum.
1328 3825 1526 3897 (Greg..
1553 3826 1671 3880 libr.
1703 3844 1799 3881 xm
1825 3826 1988 3892 Man,
2016 3843 2063 3879 ο.

474 3913 577 3985 xi.)
609 3913 667 3968 ln
700 3915 788 3969 die
808 3915 1003 3985 quippe
1033 3924 1185 3971 ortus
1214 3916 1528 3993 umbilicum
1547 3932 1759 3987 praesa.~
1789 3918 1931 3981 4ere,
1980 3926 2066 3973 est

472 4005 842 4061 conversionis
897 4014 1138 4077 tempore
1197 4008 1378 4063 carnis
1448 4007 1721 4063 luxuriam
1799 4024 2062 4064 reserare.

474 4096 610 4165 Quia
635 4100 779 4154 enim
808 4097 1018 4156 difﬁcile
1038 4110 1121 4155 est
1148 4100 1287 4156 male
1308 4101 1559 4156 inchoata
1588 4100 1884 4171 corrigere,
1913 4108 1967 4154 et
1989 4115 2069 4155 se,

472 4190 580 4245 mel
604 4190 833 4246 formata
861 4190 1176 4248 deformiter
1200 4192 1253 4246 in
1292 4192 1484 4247 melius
1508 4191 1821 4254 reformare,
1856 4192 1921 4245 de
1943 4200 2065 4247 ortu

472 4294 572 4334 suo
599 4280 782 4336 Judzea
808 4282 1239 4349 reprehenditur,
1268 4298 1388 4351 quae
1416 4284 1540 4338 dum
1573 4284 1624 4337 in
1659 4283 1769 4337 Deo
1804 4293 1930 4340 nata
1960 4294 2063 4348 est,

476 4371 817 4443 inprtecisum
852 4373 1164 4429 umbilicum
1207 4374 1450 4438 retinuit,
1498 4374 1623 4443 quia
1662 4372 1806 4428 ﬂuxa
1855 4373 2063 4429 luxuria

473 4477 579 4517 non
615 4462 861 4517 abscidit.
909 4462 1179 4534 (Ηίενοιι.)
1226 4462 1329 4517 Pro
1357 4480 1462 4533 quo
1492 4464 1843 4534 Septuaginta
1897 4465 2057 4518 inter-

2178 3293 2282 3338 tem
2308 3290 2661 3337 renascuntur
2678 3282 2729 3336 in
2742 3280 2979 3346 Christo,
3009 3281 3206 3336 dicitur
3228 3281 3293 3335 ad
3316 3295 3438 3335 eos:
3461 3300 3479 3331 ι
3507 3279 3611 3335 Vos
3630 3281 3765 3335 estis

2175 3373 2254 3428 sal
2284 3382 2442 3427 terrae
2481 3372 2696 3444 (Matth.
2740 3370 2816 3441 v),
2857 3392 2875 3424 ι
2927 3380 2981 3426 et
3029 3370 3338 3441 praecipitur
3391 3371 3472 3424 eis
3522 3368 3764 3444 ab_Apo-

2173 3463 2311 3517 stolo
2343 3480 2356 3515 :
2411 3481 2429 3513 ι
2461 3442 2651 3521 Sermo
2680 3469 2861 3516 vester
2888 3475 3100 3529 semper
3124 3460 3176 3513 in
3201 3460 3373 3531 gratia
3404 3460 3516 3515 sale
3543 3442 3615 3514 sit
3635 3475 3764 3514 con-

2173 3552 2315 3606 ditus
2338 3550 2560 3621 (Colon.
2587 3550 2684 3621 IV).
2727 3570 2743 3602 ι
2779 3550 2931 3606 Unde
2959 3558 3014 3604 et
3040 3532 3200 3620 vulgo
3232 3550 3505 3619 sapientes
3534 3549 3663 3604 salsi
3705 3556 3761 3603 et

2173 3644 2321 3698 stulti
2354 3654 2614 3698 vocantur
2642 3643 2848 3697 insulsi.
2889 3642 2956 3697 Et
2985 3644 3039 3697 in
3072 3641 3311 3697 Levitico
3337 3642 3456 3713 lege
3483 3642 3757 3697 sancitur:

2177 3754 2196 3787 ι
2229 3734 2399 3789 Omne
2426 3731 2750 3788 sacrificium
2799 3742 3038 3788 vestrum
3065 3732 3175 3787 sale
3202 3732 3444 3787 salietur.
3486 3730 3602 3785 Non
3635 3746 3757 3786 ces-

2171 3824 2310 3879 sabit
2333 3822 2412 3878 sal
2436 3822 2738 3877 testamenti
2769 3821 2973 3876 Domini
3010 3822 3076 3877 de
3111 3819 3391 3877 sacriﬁciis
3430 3822 3647 3875 vestris.
3702 3821 3757 3875 [ιι

2170 3914 2379 3969 cunctis
2404 3912 2721 3967 muneribus
2769 3912 2964 3967 vestris
2995 3911 3073 3965 sal
3100 3909 3339 3967 oﬁ‘eretis
3387 3908 3571 3981 (Lavit.
3612 3910 3695 3975 ιι).
3735 3931 3751 3961 ι

2171 4002 2272 4070 Qui
2326 4002 2429 4057 hoc
2458 4000 2570 4055 sale
2612 4000 2859 4055 conditus
2894 3998 3096 4067 fuerit,
3141 4008 3195 4054 et
3241 4016 3456 4055 omnem
3504 4012 3756 4069 putorem

2170 4093 2558 4162 humoremque
2608 4092 2829 4146 noxium
2872 4091 3029 4160 hujus
3079 4092 3403 4146 admistione
3446 4091 3754 4155 siccaverit,

2168 4184 2310 4238 ultra
2342 4199 2450 4238 non
2493 4183 2656 4248 dicet,
2695 4201 2712 4232 ι
2751 4181 3205 4252 Computruerunt
3247 4192 3301 4237 et
3329 4192 3598 4251 corrupta:
3630 4194 3759 4237 sunt

2170 4277 2451 4332 cicatrices
2483 4291 2612 4331 meae
2648 4290 2679 4329 a
2718 4275 2855 4330 facie
2882 4276 3200 4345 insipientia:
3240 4289 3394 4330 meae.
3431 4296 3448 4329 ι
3486 4275 3755 4342 Quartum

2169 4378 2290 4428 est:
2331 4388 2349 4419 ι
2382 4365 2491 4422 Nec
2516 4366 2750 4420 involuta
2784 4367 2991 4435 pannis.
3024 4386 3041 4417 ι
3078 4366 3144 4419 Et
3172 4362 3419 4419 Salvator
3440 4366 3633 4435 pannis
3672 4376 3757 4420 est

2171 4456 2438 4512 involutus
2459 4456 2714 4510 infantim.
2762 4456 2828 4510 Et
2855 4456 3051 4521 omnis,
3085 4456 3172 4525 qui
3197 4455 3439 4511 nascitur
3473 4469 3571 4522 per
3598 4455 3758 4507 invo-

468 4552 667 4623 pretati
696 4560 844 4618 sunt,
892 4526 996 4607 (“In
1037 4553 1124 4607 die
1151 4526 1253 4623 qua
1296 4526 1422 4607 nata
1463 4569 1521 4608 es
1564 4526 1666 4608 non
1699 4526 2059 4624 alligaverunt
2088 4526 2136 4585 θ
2160 4549 2311 4604 lucra
2326 4563 2625 4627 pauperum
2651 4547 3201 4617 protectioneindiget
3223 4546 3338 4600 Dei.
3372 4544 3630 4600 Naturale
3647 4554 3752 4607 est,

470 4642 899 4708 mamillastuas.
934 4662 952 4694 ι
1014 4643 1164 4698 lianc
1197 4644 1358 4699 habet
1388 4643 1671 4714 Scriptura
1715 4656 1901 4699 sancta
1927 4660 2055 4699 con-

468 4732 830 4798 suetudinem,
882 4742 940 4786 ut
969 4749 1066 4803 pro
1102 4734 1265 4789 corde
1313 4717 1841 4803 pectusculum'sive
1868 4744 2056 4804 pectus

470 4832 524 4875 et
565 4822 831 4877 mamillas
861 4825 1137 4878 nominet:
1199 4833 1258 4878 ut
1279 4824 1566 4899 unicuique
1608 4824 1727 4880 loco
1755 4840 2051 4897 congruum

467 4911 684 4967 viderit.
717 4912 1037 4969 Sacerdotes
1066 4916 1116 4968 in
1149 4916 1342 4985 quibus
1370 4917 1530 4971 debet
1556 4931 1676 4971 esse
1704 4917 1966 4981 doctrina,
1999 4927 2053 4972 ct

470 5002 639 5071 legem
667 5005 949 5073 requirunt
979 5022 1044 5060 ex
1092 5021 1187 5060 ore
1226 5020 1413 5061 eorum
1462 5007 1732 5084 accipiunt
1772 5015 2052 5075 pectusmi-

471 5092 601 5147 lum.
667 5113 684 5144 ι
716 5093 949 5149 Joannes
983 5112 1145 5167 super
1178 5102 1366 5166 pectus
1415 5097 1677 5151 recumbit
1704 5097 1937 5155 Domini.
1994 5106 2049 5149 ut

471 5187 537 5242 de
566 5186 711 5243 fonte
740 5188 1011 5243 uberrimo
1060 5188 1271 5242 hauriat
1312 5188 1508 5242 “uerita
1540 5187 1815 5257 sapientia:
1866 5186 2043 5258 (loan.

473 5280 617 5351 xm).
662 5281 899 5353 Virginis
929 5283 978 5335 in
1035 5281 1256 5336 Cantico
1304 5281 1657 5342 canticorum,
1714 5297 1731 5329 ι
1762 5280 1880 5331 dine
1937 5296 2049 5330 ma—

472 5371 631 5425 millze
652 5380 799 5435 sunt,
823 5372 985 5442 quasi
1004 5372 1109 5425 duo
1130 5371 1333 5424 hinnuli
1360 5369 1556 5440 gemini
1582 5383 1811 5437 caprea),
1839 5369 1927 5437 qni
1956 5382 2049 5435 pa-

471 5472 697 5517 scuntur
735 5464 787 5516 in
824 5462 947 5516 liliis
975 5464 1146 5517 donec
1179 5462 1404 5531 respiret
1428 5462 1562 5523 dies,
1614 5469 1668 5514 et
1698 5468 2050 5514 amoveantur

472 5555 677 5608 umbrae
713 5553 887 5624 (Cant.
939 5554 1033 5623 iv).
1068 5573 1085 5604 ι
1125 5555 1292 5607 Mater
1321 5554 1574 5623 diligens,
1608 5552 1791 5607 statim
1820 5561 1879 5604 ut
1923 5552 2045 5602 nata

470 5643 633 5699 fuerit
662 5643 937 5710 infantula,
983 5644 1115 5715 ligat
1138 5644 1402 5698 mamillas
1431 5642 1566 5713 ejus,
1593 5654 1652 5697 ut
1682 5658 1711 5696 a
1746 5651 1931 5697 tenero
1956 5650 2039 5693 tu-

472 5747 625 5788 more
655 5733 926 5794 resistant.
968 5746 1017 5785 ut
1071 5734 1520 5805 pulchritmlincm
1549 5729 1857 5788 custodiant
1883 5731 2045 5799 virgi-

2160 4641 2248 4695 ubi
2279 4649 2458 4694 tamen
2509 4646 2790 4708 parentum
2843 4652 2947 4693 non
2976 4636 3129 4691 deest
3161 4635 3452 4706 diligentia,
3486 4636 3623 4689 ortis
3665 4635 3754 4689 in-

2159 4730 2395 4784 fantibus
2422 4728 2654 4798 primum
2683 4726 2902 4797 praecidi
2925 4727 3258 4791 umbilicum,
3303 4724 3425 4779 dein
3472 4726 3539 4780 ad
3565 4725 3754 4781 eluen-

2160 4822 2287 4876 dum
2316 4819 2631 4889 sanguinem
2679 4816 2849 4871 lavari
2894 4831 2987 4870 eos
3030 4830 3187 4884 aqua.
3246 4814 3430 4869 Tertio
3461 4814 3749 4870 humorem

2158 4925 2442 4980 corporum
2470 4906 2813 4977 parvulorum
2828 4906 2956 4960 salis
2981 4905 3276 4972 adjectione
3306 4905 3520 4958 siccari.
3541 4904 3751 4970 Quarto

2158 5013 2215 5057 ut
2245 5012 2427 5056 tenera
2458 4997 2720 5052 infantum
2752 5011 2979 5065 corpora
3026 4996 3215 5063 pannis
3242 4994 3607 5048 involvantur.
3640 4995 3752 5048 Du-

2156 5091 2350 5162 plieem
2379 5090 2448 5144 ob
2477 5102 2719 5150 causam,
2767 5092 2826 5139 ut
2853 5093 2908 5139 et
2950 5085 3059 5137 sale
3086 5086 3317 5138 siccetur
3351 5099 3570 5151 corpus,
3602 5085 3747 5153 quod

2156 5185 2345 5255 pannis
2367 5198 2433 5237 ne
2458 5179 2678 5243 deﬂuat,
2704 5186 2951 5233 servatur
2976 5185 3031 5232 et
3057 5178 3362 5246 stringitur,
3412 5186 3467 5230 et
3498 5176 3745 5230 membra

2156 5273 2444 5328 tenerrima
2500 5284 2569 5324 ne
2605 5268 2761 5323 facile
2800 5268 3178 5350 depraventur.
3236 5265 3387 5321 Unde
3415 5274 3470 5321 et
3510 5281 3747 5335 corpora

2151 5362 2223 5416 Ba
2235 5362 2512 5422 rbarorum
2527 5359 2784 5413 Romanis
2798 5359 3112 5427 corporibus
3136 5357 3367 5411 rectiora
3382 5366 3529 5411 sunt.
3557 5356 3745 5427 Usque

2154 5456 2218 5509 ad
2248 5454 2540 5509 secundum
2568 5451 2712 5506 enim
2742 5458 2794 5505 et
2822 5452 3038 5505 tertium
3069 5466 3266 5504 annum
3294 5464 3509 5517 semper
3544 5449 3747 5517 pannis

2152 5545 2516 5599 involvuntur.
2570 5540 2673 5595 Sed
2711 5556 2816 5595 non
2858 5540 2978 5594 talis
3006 5539 3321 5601 Jerusalem,
3372 5538 3458 5592 cui
3492 5554 3593 5592 nec
3623 5553 3746 5592 um-

2151 5636 2341 5692 bilicus
2376 5634 2638 5695 abscisus,
2686 5646 2783 5685 nec
2814 5631 2973 5700 ligata
3022 5640 3147 5685 sunt
3196 5629 3387 5690 ubera,
3440 5644 3544 5682 nec
3599 5643 3745 5697 aqua

2150 5728 2254 5783 luta
2291 5726 2449 5781 estin
2491 5723 2742 5787 salutem,
2772 5738 2872 5778 nec
2898 5722 3007 5777 sale
3030 5722 3181 5777 salita
3208 5764 3221 5787 ,
3266 5738 3443 5792 neque
3494 5722 3743 5777 involuta
