3948 6378
203 386 314 443 διες

1095 385 1446 443 ΕΟΜΜΕΝΤ.
1486 386 1555 443 ΙΝ
1592 386 2047 444 EZECHIELEM.
2086 416 2153 426 ου
2194 388 2320 443 LIB.
2361 388 2471 443 Vl].

3355 396 3462 453 670

196 509 368 571 atque
407 501 701 557 constricta
747 502 939 571 pannis
973 501 1229 555 infantize.
1285 500 1395 556 Cur
1437 511 1613 556 autem
1649 503 1781 557 nihil
1814 507 1857 563 Α
1887 520 2004 561 cem
2041 505 2153 559 sive
2201 519 2362 575 super
2396 507 2633 576 quinque
2677 507 2923 561 civitates
2974 507 3123 580 (Luc.
3168 510 3321 581 xix),
3361 530 3380 563 ι
3413 520 3475 567 ut

200 591 395 649 horum
426 593 624 646 meruit
652 592 1173 671 sequens.scriptura
1208 600 1467 645 testatur:
1505 611 1522 643 ι
1550 593 1664 646 Non
1696 608 1789 661 pe-

198 682 377 753 percit
406 698 564 753 super
593 688 645 735 te
683 681 901 744 oculus,
944 690 999 733 ut
1036 681 1236 736 faceret
1270 681 1363 735 tibi
1405 698 1567 735 unum
1608 684 1673 736 de
1707 684 1790 736 his

200 770 463 826 misertus
492 771 591 825 tui.
636 789 653 822 ι
692 770 797 825 Pro
826 753 1020 840 quibus
1059 769 1202 824 LXX
1238 780 1534 840 posuerunt
1568 789 1580 823 :
1626 790 1643 820 ι
1675 770 1789 823 Non

200 862 443 933 pepercit
466 877 679 932 semper
712 872 760 916 te
789 862 973 917 oculus
994 871 1136 927 tuus,
1171 870 1227 914 ut
1257 860 1489 915 facerem
1510 861 1601 914 tibi
1624 876 1787 913 unum

199 973 268 1012 ex
297 959 550 1014 omnibus
600 960 737 1014 istis.
770 979 788 1009 ι
844 960 908 1012 Εῑ
947 973 1167 1013 necesse
1192 968 1275 1013 est
1314 966 1374 1011 ut
1402 956 1592 1025 duplex
1627 958 1788 1012 editio

200 1047 472 1118 duplicem
522 1048 722 1105 habeat
766 1049 1211 1119 intelligentiam:
1252 1049 1401 1118 prior
1452 1048 1553 1101 hoc
1588 1047 1792 1118 signiﬁ-

199 1148 328 1195 cat:
363 1157 382 1192 ι
415 1138 533 1195 Non
585 1143 795 1211 pepecit
826 1157 987 1211 super
1042 1150 1095 1197 te
1129 1140 1317 1196 oculus
1345 1145 1406 1194 ut
1450 1138 1651 1195 faceret
1697 1140 1791 1193 tibi

200 1242 371 1282 unum
404 1230 471 1283 de
526 1229 611 1283 his
645 1231 894 1284 misertus
938 1229 1032 1282 tui.
1076 1249 1092 1279 ι
1128 1230 1195 1283 Ει
1227 1238 1309 1283 est
1338 1243 1527 1283 sensus
1561 1246 1573 1281 :
1606 1228 1793 1282 Nullus

197 1318 283 1373 tui
312 1318 569 1372 misertus
598 1330 707 1382 est,
748 1319 953 1373 oﬁ‘enso
986 1319 1123 1383 Deo;
1150 1318 1347 1373 nullius
1376 1334 1537 1388 super
1573 1327 1622 1371 te
1649 1328 1791 1371 mota

200 1415 333 1462 sunt
372 1407 580 1462 viscera
610 1448 625 1472 ,
678 1417 735 1461 ut
788 1409 853 1463 de
910 1419 1140 1477 quatuor
1185 1409 1555 1478 superioribus
1603 1409 1791 1463 saltem

199 1496 303 1551 tibi
346 1488 516 1551 unum
562 1498 803 1564 faceret,
857 1500 982 1567 quia
1026 1500 1207 1553 omnia
1256 1499 1415 1553 simul
1462 1515 1565 1553 non
1623 1513 1796 1552 mere-

197 1588 356 1644 baris
398 1590 664 1660 accipere.
724 1592 781 1645 in
826 1592 993 1645 altera
1050 1593 1248 1647 dicitur
1290 1611 1301 1646 :
1341 1611 1358 1643 ‹
1398 1592 1513 1647 Non
1558 1593 1798 1662 pepercit

198 1696 370 1750 super
418 1690 471 1738 te
523 1683 711 1739 oculus
767 1694 923 1748 tuus,
978 1693 1038 1738 ut
1083 1683 1318 1739 facerem
1365 1684 1461 1738 tibi
1509 1701 1673 1739 unum
1728 1700 1795 1739 ex

197 1774 459 1829 omnibus
487 1774 626 1829 istis.
668 1795 685 1827 ι
732 1776 795 1829 Et
827 1776 968 1830 hunc
1016 1776 1176 1830 habet
1210 1792 1426 1831 sensum
1462 1795 1474 1829 :
1506 1776 1581 1830 ita
1615 1777 1794 1845 egisti,

1893 612 1997 648 non
2026 595 2193 649 solum
2221 596 2432 660 civitas,
2464 596 2554 651 sed
2583 604 2637 649 et
2681 597 2990 667 metropolis
3017 598 3206 653 civitas
3236 600 3471 671 appelle-

1901 687 1989 748 ris,
2041 688 2337 744 secundum
2374 689 2500 741 illud
2541 689 2681 756 quod
2713 688 2764 741 in
2802 689 2932 743 Isaia
2964 691 3161 743 dicitur
3193 708 3207 744 :
3247 709 3266 742 ‹
3304 690 3473 747 Mater

1893 776 2103 830 urbium
2138 777 2306 831 ﬁdelis
2337 777 2466 833 Sion
2490 778 2624 848 (lsa.
2675 778 2734 850 ι).
2775 800 2792 831 ι
2830 780 2996 834 Porro
3033 783 3173 850 quod
3213 783 3481 851 interpre-

1899 886 1916 916 ε
1943 876 2082 921 tatus
2103 878 2185 922 est
2210 869 2566 939 Symmachus
2587 890 2603 921 ι
2625 880 2678 926 et
2694 873 3060 939 perrenistiad
3089 879 3336 928 ornatum
3360 890 3478 929 mu-

1892 954 2083 1010 lierum
2112 973 2124 1021 ;
2158 977 2176 1009 ι
2238 960 2370 1023 sive,
2421 968 2480 1013 ut
2506 960 2857 1021 Theodotion,
2896 982 2912 1012 ι
2949 971 3003 1016 et
3044 963 3283 1033 ingressa
3324 979 3384 1020 es
3408 965 3474 1020 ad

1894 1058 2146 1102 ornatum
2173 1058 2635 1107 ornamentorum.
2679 1074 2697 1105 ›
2733 1053 2836 1107 Pro
2885 1070 2991 1121 quo
3020 1071 3133 1115 nos,
3161 1057 3328 1110 secuti
3355 1071 3478 1111 sen-

1894 1152 2011 1192 sum
2040 1138 2384 1206 Hebraicum,
2416 1141 2712 1197 dixerimus
2738 1159 2751 1195 :
2791 1164 2805 1193 ι
2828 1144 2892 1196 Et
2920 1145 3211 1213 pervenisti
3234 1146 3299 1199 ad
3329 1160 3480 1201 mun-

1898 1228 2021 1282 dum
2080 1230 2433 1295 muliebrem,
2491 1250 2509 1283 ι
2567 1240 2775 1300 tempus
2836 1234 3133 1302 pubertatis
3208 1234 3479 1299 ostendit,

1897 1318 2111 1385 quando
2136 1319 2325 1386 puella:
2343 1320 2551 1375 nubiles
2573 1323 2929 1391 appellantur,
2953 1332 3004 1377 et
3019 1331 3243 1392 possunt
3260 1326 3484 1377 marito-

1898 1423 2015 1460 rum
2044 1408 2377 1477 amplexibus
2406 1411 2664 1480 copulari.
2699 1413 2936 1481 Denique
2962 1415 3235 1481 sequitur:
3258 1433 3275 1465 ι
3307 1414 3481 1470 Ubera

1899 1506 1987 1551 tua
2044 1499 2449 1563 intumuerunt,
2483 1510 2539 1556 et
2582 1502 2721 1573 pilus
2762 1510 2884 1556 tuus
2925 1503 3265 1573 germinavit.
3304 1524 3323 1557 ι
3380 1502 3485 1561 Πο-

1900 1598 2054 1644 neste
2087 1590 2607 1646 adolescentularum
2637 1596 2921 1650 maturitas
2950 1596 3243 1661 indicatur,
3272 1598 3486 1665 quando

1900 1681 2268 1735 intumescunt
2317 1681 2483 1736 ubera
2532 1684 2645 1737 sive
2694 1685 2994 1754 eriguntur,
3044 1693 3098 1739 et
3144 1686 3234 1755 pili
3286 1675 3487 1756 germi-

1901 1780 2052 1825 nant.
2091 1771 2335 1841 Cumque
2362 1781 2548 1842 parata
2598 1783 2740 1830 esset
2787 1778 2851 1830 ad
2888 1777 3121 1845 nuptias,
3164 1784 3218 1832 et
3265 1777 3490 1834 haberet

197 1872 257 1918 et
284 1863 362 1919 sic
389 1864 441 1918 in
490 1866 727 1934 peccatis
754 1873 878 1920 nata
912 1882 1004 1920 es:
1038 1875 1091 1920 et
1123 1867 1175 1920 in
1230 1866 1441 1920 delictis
1470 1866 1718 1945 concepit
1745 1873 1797 1920 te
1832 1873 1872 1930 Β
1899 1860 2357 1929 pulchritudinem
2407 1866 2648 1933 corporis
2672 1906 2687 1930 ,
2754 1868 3195 1922 vestimentorum
3252 1870 3489 1941 tegmina

198 1964 384 2012 mater
420 1968 533 2023 tua,
560 1965 619 2011 ut
648 1973 713 2013 ne
741 1958 853 2027 ipsa
875 1958 1091 2027 quidem
1125 1957 1199 2011 tui
1228 1957 1520 2012 misereris.
1553 1956 1795 2025 Cumque

200 2049 284 2102 sic
304 2048 539 2121 gesseris
571 2058 631 2103 ut
651 2050 935 2104 adversum
971 2057 1021 2103 te
1064 2065 1162 2119 per
1194 2050 1333 2103 mala
1368 2063 1531 2119 Opera
1564 2049 1797 2104 crudelis

200 2137 475 2193 existeret;
510 2153 523 2190 :
568 2152 668 2208 ego
695 2138 823 2207 quid
856 2139 950 2193 tibi
983 2140 1129 2207 potui
1153 2137 1352 2204 facere,
1386 2154 1507 2207 quae
1534 2155 1602 2193 ne
1628 2153 1795 2191 unum

199 2229 423 2299 quidem
465 2230 810 2299 superiorum
844 2226 1093 2299 aecipere
1122 2226 1426 2287 merueriS?
1473 2229 1609 2298 Quia
1634 2230 1798 2300 igitur

202 2318 341 2373 nihil
379 2319 593 2383 horum,
648 2336 768 2391 quae
822 2321 936 2375 tieri
969 2321 1262 2377 infantibus
1294 2322 1489 2388 solent,
1528 2322 1581 2377 in
1627 2330 1679 2376 te
1712 2319 1797 2375 fa-

201 2418 357 2464 ctum
377 2419 483 2476 est,
510 2419 567 2465 et
593 2412 705 2466 hoc
718 2426 826 2466 non
859 2412 975 2467 sine
1004 2428 1186 2477 causa,
1219 2428 1319 2467 nec
1345 2414 1549 2482 absque
1567 2411 1795 2482 judicio,

203 2498 303 2553 sed
333 2507 427 2554 tuo
456 2501 586 2555 vitio
614 2509 776 2571 atque
824 2512 1067 2571 peccato,
1122 2518 1243 2572 qua:
1292 2517 1360 2557 ne
1415 2502 1533 2571 ipsa
1580 2501 1797 2571 quidem

204 2591 288 2645 tui
318 2590 541 2647 miserta
568 2606 646 2656 es,
680 2592 799 2647 ideo
846 2592 1084 2663 projecta
1123 2608 1183 2648 es
1211 2594 1263 2646 in
1313 2591 1453 2647 facie
1487 2600 1647 2647 terra:
1686 2592 1801 2646 sive

205 2681 435 2749 campi:
489 2681 610 2735 (Et
647 2680 887 2753 projecta
945 2691 1167 2754 propter
1222 2684 1542 2753 pravitatem
1606 2682 1801 2736 anima:

207 2778 337 2835 tum,
386 2771 438 2825 in
485 2772 573 2827 die
621 2788 726 2842 qua
777 2782 903 2828 nata
953 2790 1030 2828 es.
1064 2793 1081 2825 ι
1127 2773 1367 2829 Oremus
1420 2788 1487 2827 ne
1535 2772 1803 2842 pravitate

206 2862 407 2917 animae
434 2862 780 2933 projiciamur
802 2866 853 2919 in
878 2866 1012 2921 facie
1041 2867 1239 2937 campi,
1269 2868 1323 2921 in
1345 2881 1452 2936 quo
1480 2864 1587 2919 lata
1609 2874 1663 2920 et
1683 2882 1805 2935 spa-

206 2957 349 3012 tiosa
387 2958 472 3015 via
502 2965 605 3022 est,
659 2974 777 3027 quae
806 2958 955 3014 ducit
983 2960 1048 3014 ad
1095 2967 1321 3014 mortem
1346 2998 1362 3024 ,
1410 2959 1465 3012 in
1506 2973 1614 3028 quo
1644 2956 1803 3013 Chal-

204 3047 449 3102 daeorum
488 3034 855 3105 debacchatur
897 3052 1170 3120 equitatus
1241 3048 1521 3117 Simulque
1554 3048 1803 3103 conside-

202 3138 436 3192 randum
481 3137 623 3209 qu‘od
675 3139 851 3195 nullus
898 3140 950 3194 in
1007 3141 1092 3195 die
1139 3156 1247 3211 qua
1301 3140 1545 3194 nascitur
1574 3155 1802 3210 pravum

1899 1969 2003 2008 non
2034 1954 2286 2020 habebat,
2317 1958 2418 2010 nec
2460 1957 2555 2012 Dei
2590 1959 2973 2029 protegebatur
3013 1959 3230 2017 auxilio.
3279 1961 3335 2016 Si
3363 1964 3487 2032 quis

1898 2044 2097 2100 Christi
2125 2062 2229 2100 non
2255 2048 2417 2102 habet
2447 2048 2841 2115 indumentum,
2892 2054 3065 2107 nudus
3108 2061 3210 2107 est.
3256 2052 3314 2108 Si
3361 2055 3484 2124 quis

1897 2153 2005 2192 non
2048 2147 2129 2192 est
2165 2139 2385 2194 indutus
2415 2136 2713 2196 visceribus
2742 2143 3147 2209 misericordiae,
3210 2145 3489 2213 bonitatis,

1896 2230 2241 2292 humilitatis,
2266 2232 2554 2299 pudicitiae,
2590 2234 3043 2297 mansuetudinis,
3076 2234 3381 2305 patientiae,
3403 2237 3490 2307 ja-

1897 2328 1983 2373 cet
2010 2333 2171 2389 super
2211 2318 2406 2374 faciem
2438 2328 2631 2375 terrae:
2670 2330 2725 2377 et
2749 2322 3090 2392 pulchritudo
3120 2324 3236 2395 eius
3271 2326 3322 2381 in
3367 2343 3495 2384 con-

1896 2395 2109 2463 fusione
2134 2417 2188 2464 et
2215 2409 2457 2465 nuditate
2485 2418 2734 2480 torpatur
2757 2410 3087 2485 .[turpatur].

1973 2518 1991 2551 ι
2027 2499 2093 2553 Ει
2122 2500 2344 2555 transivi
2382 2516 2479 2572 per
2521 2510 2591 2565 te,
2638 2510 2694 2557 et
2739 2503 2848 2557 vidi
2878 2512 2950 2557 te.
3004 2504 3069 2558 Et
3110 2519 3235 2561 ecce
3285 2514 3494 2578 tempus

1904 2609 1922 2642 ι
1952 2598 2129 2656 tuum,
2152 2598 2367 2661 tempus
2382 2593 2698 2647 amantium.
2720 2593 3025 2665 Etexpandi
3042 2596 3298 2651 amictum
3315 2614 3492 2654 meum

1905 2698 1925 2731 ‹
1950 2696 2115 2752 super
2136 2691 2209 2747 te,
2235 2691 2291 2737 et
2312 2683 2502 2753 operui
2527 2684 2877 2755 ignominiam
2901 2696 3067 2741 tuam.
3098 2706 3117 2739 ι
3146 2686 3357 2753 Quanta
3386 2689 3495 2743 cle-

1900 2772 2128 2827 mentia!
2150 2789 2258 2829 non
2278 2762 2566 2829 auﬁ‘ecerat
2580 2774 2747 2829 semel
2768 2775 2967 2831 vidisse
2986 2791 3106 2831 eam
3123 2776 3493 2833 conculcatam

1901 2862 1955 2917 in
1981 2863 2274 2933 sanguine,
2302 2872 2362 2919 et
2385 2865 2453 2920 ad
2474 2864 2845 2936 pmnitentiam
2868 2881 3214 2935 provocasse,
3245 2870 3340 2924 sed
3367 2885 3495 2939 pec-

1901 2944 2118 3010 cantem
2152 2970 2342 3011 rursus
2369 2955 2587 3022 invisit,
2606 2957 2735 3026 quia
2760 2966 2881 3011 erat
2911 2959 3050 3011 nuda
3082 2969 3136 3013 et
3158 2951 3492 3014 confusiOnis

1901 3046 2058 3117 plena
2081 3086 2094 3111 ,
2123 3044 2340 3103 rursum
2372 3048 2522 3103 venit
2548 3056 2603 3103 et
2628 3048 2837 3112 visitat,
2863 3056 2919 3103 et
2952 3063 3080 3105 ecce
3110 3058 3322 3121 tempus
3353 3050 3486 3121 ejus,

1904 3146 2118 3210 tempus
2138 3141 2468 3195 amantium.
2497 3139 2632 3195 Illud
2667 3140 2833 3211 igitur
2855 3148 3065 3209 tempus
3096 3150 3243 3207 erat,
3278 3143 3491 3211 quando

201 3226 426 3297 aliquod
480 3229 818 3284 committere
864 3239 1040 3300 potest
1065 3271 1079 3293 ,
1130 3230 1236 3286 nisi
1290 3229 1493 3285 lavacri
1537 3238 1799 3301 tempore,
1829 3214 1874 3280 C
1904 3240 2130 3299 possunt
2152 3230 2407 3286 mulieres
2430 3231 2567 3285 viris
2602 3230 2841 3299 copulari
2862 3270 2876 3295 ,
2908 3237 2962 3283 et
2992 3232 3258 3285 sustinere
3288 3232 3489 3286 coitum

201 3319 423 3377 Quando
452 3306 668 3387 sapiens
692 3322 971 3391 generatio
1006 3320 1110 3377 ﬁde
1132 3322 1407 3376 credentis
1434 3321 1748 3376 assumitur.

280 3425 301 3459 ι
340 3404 633 3463 Transiens
658 3418 838 3464 autem
867 3427 966 3480 per
1006 3420 1077 3477 te,
1128 3412 1237 3467 vidi
1271 3422 1322 3467 te
1349 3410 1719 3466 conculcatam
1749 3413 1800 3466 in

205 3513 229 3549 ι
274 3498 535 3567 sanguine
562 3506 671 3553 tuo.
716 3500 783 3553 Et
810 3501 921 3554 dixi
968 3501 1063 3555 tibi
1092 3517 1218 3556 cum
1266 3517 1415 3557 esses
1461 3505 1515 3559 in
1543 3505 1804 3575 sanguine

206 3603 229 3640 ς
280 3596 372 3643 tuo
400 3588 580 3655 :Vive,
603 3589 733 3655 dixi,
756 3592 997 3661 inquam,
1025 3593 1118 3646 tibi
1141 3594 1196 3648 in
1225 3598 1486 3665 sanguine
1514 3606 1627 3662 tuo,
1658 3598 1800 3653 vive.

207 3695 231 3732 ι
275 3677 685 3749 Muitiplicatam
718 3684 872 3752 quasi
912 3699 1131 3755 germen
1158 3686 1269 3755 agri
1312 3686 1433 3741 dedi
1463 3696 1533 3751 te,
1582 3698 1636 3743 et
1661 3688 1799 3742 mul-

209 3790 230 3823 ι
275 3771 621 3842 tiplicata‘es,
665 3783 719 3830 et
747 3777 967 3845 grandis
1012 3775 1224 3841 eﬁ‘ecta,
1267 3786 1322 3831 et
1352 3778 1592 3847 ingressa
1622 3792 1698 3842 es,
1746 3788 1802 3833 et

208 3882 231 3918 ι
273 3866 567 3936 pervenisti
610 3868 675 3922 ad
705 3867 962 3921 mundum
990 3869 1326 3923 muliebrem.
1378 3868 1554 3924 Ubera
1591 3879 1678 3923 tua
1715 3870 1797 3923 in-

210 3973 232 4009 ι
277 3963 611 4021 tumuerunt,
661 3966 717 4011 et
740 3958 877 4027 pilus
908 3952 1029 4013 tuus
1056 3960 1395 4030 germinavit,
1427 3970 1635 4017 eteras
1659 3962 1801 4016 nuda

210 4068 231 4103 σ
275 4058 331 4106 et
360 4050 693 4107 confusionis
748 4052 924 4123 plena,
968 4073 984 4105 ›
1034 4063 1139 4108 etc.
1188 4053 1456 4125 (Πξεγοη.)
1508 4053 1799 4124 Postquam

203 4137 446 4213 proiecta
489 4155 549 4197 es
600 4142 654 4196 in
708 4141 901 4197 faciem
958 4144 1173 4213 campi,
1228 4145 1341 4199 sive
1391 4160 1553 4215 super
1606 4143 1800 4200 faciem

205 4241 385 4295 terrae,
417 4230 637 4305 propter
667 4234 987 4303 pravitatem
1019 4237 1214 4289 animae
1244 4243 1375 4301 tute,
1430 4252 1609 4291 meum
1656 4236 1799 4291 ultra

204 4338 314 4380 non
345 4323 640 4378 merebaris
685 4324 966 4378 auxilium.
1016 4325 1269 4379 Attamen
1301 4327 1573 4381 transiens
1621 4342 1719 4396 per
1748 4336 1799 4382 te

203 4413 317 4469 vidi
346 4420 417 4478 te,
466 4413 835 4469 conculcatam
882 4416 994 4469 sive
1039 4416 1377 4469 commistam
1436 4416 1489 4469 in
1540 4418 1799 4488 sanguine

204 4497 338 4561 tuo:
371 4506 421 4561 id
446 4514 558 4570 est,
614 4520 762 4560 ream
790 4506 1097 4561 mortalium
1144 4507 1431 4562 criminum
1463 4524 1476 4561 :
1508 4516 1563 4563 et
1603 4523 1796 4577 provo-

204 4595 327 4650 cavi
369 4603 439 4659 te,
490 4594 734 4650 tribuens
779 4596 1177 4665 paenitentiam.
1228 4596 1455 4665 Dixique
1500 4596 1795 4661 tibi,Lieet

204 4688 283 4743 sis
312 4685 364 4740 in
392 4686 673 4757 sanguine,
709 4696 887 4741 tamen
918 4688 1038 4742 vive
1068 4703 1353 4743 conversa.
1408 4688 1688 4757 Tantaque
1737 4688 1790 4741 in

203 4788 260 4833 te
291 4776 391 4832 fuit
420 4779 659 4833 omnium
705 4793 884 4833 rerum
909 4780 1263 4844 abundantia,
1310 4788 1368 4833 ut
1393 4764 1507 4850 agri
1528 4772 1791 4833 uberrimi

207 4868 436 4923 haberes
461 4868 861 4923 similitudinem
897 4888 908 4922 :
938 4876 991 4923 et
1020 4870 1448 4924 benedictionem
1474 4869 1662 4933 Jacob,
1687 4884 1791 4937 qua

203 4958 481 5014 benedixit
510 4958 558 5012 ei
607 4966 763 5027 pater
802 4975 963 5023 suus,
1017 4959 1244 5013 dicens:
1283 4980 1300 5011 ι
1340 4960 1478 5021 Ecce
1520 4959 1654 5014 odor
1700 4958 1792 5014 lilii

205 5049 315 5104 mei
366 5049 505 5103 sicut
553 5050 687 5103 odor
730 5050 843 5119 agri
880 5049 1043 5119 pleni,
1093 5049 1177 5103 cui
1211 5051 1486 5105 benedixit
1533 5050 1793 5104 Dominus

207 5134 363 5209 (Gen.
405 5137 596 5210 xxvii),
629 5156 647 5188 ι
700 5148 753 5192 et
784 5139 1019 5193 intrares
1062 5140 1355 5207 penetralia
1401 5140 1610 5193 Domini
1642 5140 1791 5192 dlce-

206 5241 401 5297 resque
429 5242 548 5282 cum
572 5243 765 5299 sponsa
792 5246 803 5281 :
844 5247 861 5277 ‹
892 5228 1194 5282 lntroduxit
1224 5244 1307 5283 me
1351 5246 1443 5283 rex
1478 5231 1530 5283 in
1567 5231 1789 5283 cubicu-

205 5315 315 5377 lum
350 5334 505 5373 suum
552 5317 725 5389 (Cant.
776 5318 837 5388 ι).
870 5338 888 5371 ›
942 5318 1009 5372 Et
1052 5320 1117 5372 ad
1169 5320 1422 5374 mundum
1476 5321 1787 5375 uuiliehrem

205 5408 536 5482 pervcnires.
584 5408 689 5463 Pro
738 5424 845 5479 quo
874 5406 1240 5479 ‘Scptuaginta
1274 5411 1677 5475 transtulerunt,
1728 5419 1782 5463 et

203 5500 448 5572 ingressa
482 5515 541 5555 es
570 5501 622 5555 in
647 5502 891 5555 civitates
915 5501 1189 5555 civitatum
1208 5542 1221 5565 ,
1266 5513 1324 5554 ut
1348 5504 1613 5569 quomodo
1644 5502 1781 5556 Cau-

205 5591 370 5647 ticum
400 5591 751 5654 canticorum,
804 5600 859 5645 et
908 5591 1164 5646 saeculum
1191 5592 1385 5647 dicitur
1417 5592 1732 5645 Sthulorum
1764 5610 1775 5644 :

201 5681 279 5737 ita
328 5685 573 5739 civitates
616 5686 947 5756 appellentur
992 5680 1289 5741 civitatum.
1360 5686 1436 5740 De
1484 5687 1679 5755 quibus
1724 5686 1776 5738 in

204 5774 492 5844 Evangelio
537 5777 772 5832 dicitur:
828 5797 846 5829 ‹
886 5777 1087 5833 Habeto
1122 5784 1439 5849 potestatem
1480 5793 1642 5847 super
1683 5777 1774 5831 de-

1904 3320 2228 3374 maritalem.
2265 3320 2519 3375 Attamen
2552 3320 2865 3375 misericors
2900 3320 3040 3375 Deus
3074 3322 3333 3390 expandit
3376 3322 3490 3377 alas

1903 3428 2057 3477 suas,
2095 3413 2333 3483 suscepit
2362 3429 2485 3478 eos,
2523 3421 2579 3467 et
2606 3415 2659 3467 iu
2687 3413 2929 3468 humeris
2966 3414 3077 3467 suis
3102 3414 3336 3483 portavit
3370 3427 3485 3470 eos.

1902 3494 2067 3557 Juxta
2090 3504 2219 3557 illud
2240 3506 2381 3573 quod
2404 3505 2459 3559 in
2483 3504 2773 3575 Evangelia
2796 3504 2991 3558 dicitur
3016 3521 3027 3557 :
3056 3522 3073 3555 ί
3104 3503 3323 3570 Quoties
3344 3503 3485 3561 volui

1902 3608 2235 3664 congregare
2262 3593 2399 3649 ﬁlios
2429 3603 2549 3649 tuos
2569 3633 2583 3659 ,
2605 3595 2741 3649 sicut
2764 3593 2962 3663 gallina
2988 3603 3278 3666 congregat
3314 3594 3485 3663 pullos

1902 3700 2028 3739 suos
2055 3685 2154 3739 sub
2186 3684 2298 3738 alas
2322 3701 2465 3750 suas,
2494 3692 2549 3739 et
2570 3684 2784 3738 noluisti
2812 3683 2964 3753 (Luc.
2996 3692 3133 3759 xm).
3156 3704 3174 3735 ι
3204 3682 3327 3738 Sive
3350 3686 3483 3737 ami-

1900 3782 2045 3827 ctum
2076 3774 2330 3843 expandit
2361 3789 2457 3842 pro
2483 3774 2603 3828 alis.
2628 3772 2741 3828 Hoc
2762 3774 2907 3827 enim
2950 3774 3337 3842 interpretatur
3358 3795 3483 3831 πτε-

1895 3868 2072 3941 ρύγιον
2113 3880 2219 3935 quo
2256 3866 2445 3935 operta
2484 3873 2569 3920 est
2610 3873 2665 3919 et
2699 3864 2842 3917 Ruth
2864 3905 2878 3927 ,
2910 3866 2975 3919 ad
3014 3865 3177 3934 pedes
3214 3865 3485 3918 dormiens

1899 3958 2062 4022 Booz,
2090 3968 2147 4013 et
2174 3958 2227 4012 in
2258 3972 2377 4022 ora,
2416 3956 2471 4013 id
2495 3966 2578 4013 est
2603 3959 2862 4032 πτερυγίω
2887 3957 3191 4011 vestimenti
3215 3958 3380 4011 nostri
3401 3958 3484 4026 ju-

1898 4046 2089 4101 bemur
2107 4046 2484 4117 hyacinthinas
2500 4046 2739 4101 ﬁmbrias
2758 4045 2996 4115 alligare.
3013 4043 3138 4099 Haec
3156 4054 3332 4099 autem
3358 4045 3482 4099 fecit

1893 4144 1957 4192 ut
1991 4138 2228 4207 operiret
2254 4137 2599 4208 ignominiam
2628 4135 2947 4201 Jerusalem,
2998 4136 3229 4207 genitale
3256 4136 3482 4191 femina-

1898 4246 2019 4283 rum
2072 4230 2172 4285 sub
2213 4230 2313 4284 hoc
2354 4228 2569 4284 nomine
2622 4244 2819 4297 corpus
2868 4228 3204 4283 ostendens:
3269 4226 3480 4281 Etenim

1891 4318 2046 4389 juxta
2076 4318 2419 4389 Apostolum,
2478 4336 2495 4369 ε
2535 4318 2815 4374 inhonesta
2871 4320 3316 4389 corporisnostri
3362 4334 3476 4373 ma-

1889 4409 2013 4479 jore
2054 4411 2259 4464 honore
2314 4410 2793 4483 circumdamus(1
2838 4410 2960 4465 Cor.
3011 4409 3133 4475 xu).
3173 4430 3192 4462 ›
3248 4410 3395 4465 Unde
3425 4420 3482 4466 et

1895 4501 2182 4556 Psalmista
2214 4502 2356 4557 canit
2385 4520 2397 4555 :
2440 4521 2458 4553 ‹
2494 4502 2639 4556 Beati
2670 4516 2899 4573 quorum
2947 4500 3185 4555 remissa:
3212 4509 3338 4554 sunt
3379 4500 3483 4554 ini-

1896 4594 2147 4665 quitates,
2180 4602 2235 4647 et
2250 4607 2476 4662 quorum
2506 4600 2641 4647 tecta
2668 4600 2794 4645 sunt
2811 4600 3028 4660 peccata
3056 4587 3226 4665 (Psal.
3252 4588 3425 4662 xxxi).
3453 4608 3473 4642 ι

1896 4683 2025 4749 Quae
2054 4682 2244 4746 Cbam,
2273 4684 2395 4753 quia
2424 4697 2530 4736 non
2564 4680 2799 4749 protexit
2828 4680 2881 4734 in
2917 4687 3097 4749 patre,
3141 4687 3342 4734 aeterna
3370 4694 3481 4733 ma-

1896 4772 2179 4828 ledictione
2205 4772 2465 4841 signatur.
2519 4768 2673 4835 Quod
2707 4768 2941 4823 diximus
2969 4767 3033 4821 de
3059 4764 3355 4829 Jerusalem
3382 4781 3475 4822 re-

1895 4864 2133 4921 feramus
2158 4863 2223 4918 ad
2249 4864 2483 4917 animam
2510 4871 2772 4925 nostram,
2802 4875 2920 4929 qua:
2942 4858 3177 4929 quandiu
3205 4858 3259 4912 in
3287 4858 3469 4913 infan-

1896 4957 1970 5011 tia
2006 4956 2297 5011 constituta
2332 4962 2433 5018 est,
2464 4961 2684 5023 peccato
2712 4959 2875 5006 caret.
2914 4949 3048 5005 Cum
3081 4958 3261 5005 autem
3294 4949 3472 5007 aetatis

1895 5045 2011 5113 ejus
2039 5054 2250 5115 tempus
2279 5045 2590 5109 advenerit,
2619 5044 2772 5098 multi
2805 5052 2931 5097 sunt
2959 5052 3227 5097 amatores
3264 5043 3467 5099 daemo-

1894 5154 2020 5191 num
2057 5146 2109 5192 et
2154 5138 2545 5199 hmreticorum,
2604 5148 3083 5204 perversorumque
3138 5135 3465 5204 dogmatum,

1893 5229 1984 5298 qui
2014 5227 2081 5281 ad
2110 5242 2228 5280 eam
2254 5226 2473 5293 cupiunt
2518 5224 2823 5279 declinare:
2868 5223 2956 5293 qui
2998 5224 3329 5291 protectione
3367 5222 3465 5278 Dei

1892 5316 2240 5385 repelluntur,
2281 5325 2338 5367 ut
2387 5330 2491 5369 non
2534 5316 2789 5369 satellites
2820 5313 3015 5368 diaboli
3062 5315 3156 5368 sed
3187 5313 3463 5369 ministros

1892 5404 2185 5459 Salvatoris
2232 5405 2470 5473 recipiat.
2524 5405 2626 5458 Pro
2656 5405 3029 5458 divertentium
3078 5398 3363 5459 dileCtionc
3410 5411 3468 5459 et

1887 5498 2107 5552 uberum
2142 5499 2190 5549 in
2228 5498 2486 5552 Hebraico
2515 5498 2743 5555 habetur
2769 5498 2967 5561 dodim,
2997 5497 3137 5567 quod
3167 5494 3461 5552 secundum

1886 5588 2077 5658 lingua:
2107 5604 2291 5642 eorum
2318 5590 2718 5658 proprietatem,
2745 5590 2945 5653 omnia,
2976 5604 3095 5657 qua:
3118 5603 3279 5657 supra
3308 5602 3460 5643 versa

1883 5689 2009 5733 sunt
2052 5677 2337 5748 signiﬁcat.
2383 5678 2563 5733 Potest
2598 5687 2805 5747 tempus
2829 5679 3128 5733 dilectionis
3155 5672 3208 5733 et
3234 5679 3465 5732 uberum

1881 5771 1993 5826 sive
2030 5778 2329 5824 amatorum
2366 5768 2456 5823 Dei
2488 5769 2707 5841 intelligi
2738 5769 3028 5832 Abraham,
3079 5769 3249 5837 lsaac,
3285 5777 3339 5822 et
3367 5765 3461 5822 Jac
