3948 6350
475 398 479 405 τ
492 375 591 434 οτι

1134 372 1195 426 Β.
1237 369 1491 426 [MBAN]
1529 368 1748 426 MAURl
1786 364 2108 423 ARClllEP.
2147 362 2458 421 MOGUNT.
2500 364 2783 422 OPERUM
2824 366 3003 422 PARS
3034 368 3095 424 II.

3672 371 3787 429 67'!

492 451 636 546 co‘b;
698 484 912 558 quando
947 484 1027 541 eis
1058 483 1331 555 pollicitus
1371 489 1455 539 est
1480 482 1741 538 Dominus
1766 489 1892 551 post
1918 479 2088 551 Egy-
2120 487 2170 544 Α
2274 494 2292 527 ι
2328 475 2395 529 Et
2427 477 2619 531 vestivi
2668 485 2718 532 te
2743 478 3141 535 discoloribus.»
3165 500 3183 534 ι
3221 479 3581 553 Septuaginta
3612 496 3626 536 :
3658 501 3673 533 ι
3709 483 3791 539 Et

492 580 665 651 ptiam
688 577 1000 637 servitutem
1029 592 1185 633 suum
1212 576 1465 647 pepulum
1488 573 1846 631 liberandum.

573 686 594 722 α
638 666 919 737 Etjuravi
974 663 1107 745 tibi,
1151 676 1207 720 et
1249 667 1521 737 ingressus
1574 677 1691 718 sum
1747 670 1963 732 pactum
2011 668 2087 714 to-

504 777 525 811 r
560 773 703 823 cum,
732 758 807 811 ait
833 756 1091 813 Dominus
1119 755 1281 810 Deus.
1313 774 1333 824 ρ
1380 754 1514 821 Quia
1552 753 1783 823 expandi
1826 751 2085 805 amictum

493 866 697 915 meum,
726 850 847 905 sive
868 848 982 903 alas
1035 863 1183 903 meas
1210 863 1371 916 super
1402 854 1476 910 te,
1506 853 1562 899 et.
1602 842 1789 913 operui
1824 840 2089 898 confusio-

494 955 617 997 nem
649 948 820 1005 tuam,
858 947 1143 1009 propterea
1172 936 1354 1005 iuravi
1401 935 1531 1000 tibi,
1565 942 1619 989 et
1649 934 1925 1005 ingressus
1968 945 2086 986 sum

481 1040 709 1103 pactum
739 1030 853 1085 sive
895 1036 1276 1083 testamentum
1320 1034 1531 1092 tecum,
1590 1034 1649 1079 ut
1700 1023 1829 1079 mibi
1885 1023 2084 1092 potius,

490 1138 652 1193 quam
676 1122 914 1186 exteris,
948 1122 1039 1192 qui
1070 1122 1137 1176 ad
1168 1128 1219 1176 te
1241 1120 1492 1174 volebam
1520 1113 2089 1187 divertere,jungere-

493 1211 590 1276 ris,
612 1213 768 1282 juxta
796 1211 959 1271 illud:
1000 1230 1016 1263 ι
1051 1210 1264 1265 Iuravit
1292 1210 1589 1281 Dominus,
1633 1214 1688 1262 et
1716 1223 1824 1263 non
1857 1207 2089 1277 poenite-

490 1302 571 1358 hit
592 1317 722 1357 eum
757 1320 770 1355 :
800 1310 860 1357 tu
902 1317 959 1357 es
997 1301 1327 1357 sacerdosin
1379 1310 1640 1357 aeternum
1666 1288 1964 1365 secundum
1994 1313 2087 1353 or-

490 1390 669 1445 dinem
698 1389 1102 1455 Melchisedech
1132 1389 1301 1462 (Psal.
1337 1390 1469 1461 (ιιι).
1502 1410 1519 1441 ι
1562 1390 1751 1446 Omnis
1785 1388 1929 1445 enim
1960 1400 2090 1442 con-

491 1479 775 1534 troversiae
810 1478 933 1551 ﬁnis
961 1489 1044 1553 est
1079 1472 1467 1548 juramcntum.
1519 1480 1589 1541 Et
1631 1480 1754 1535 vivo
1784 1493 1904 1549 ego,
1954 1478 2085 1533 dicit

489 1566 776 1636 Dominus,
826 1570 931 1626 nisi
974 1571 1519 1642 malopaanitentiam
1563 1570 1890 1641 peccatoris,
1923 1585 2087 1640 quam

490 1660 967 1733 mortem(Ezecla.
1020 1662 1195 1733 xvm).
1230 1662 1495 1733 Tempore
1546 1662 1711 1733 igitur
1751 1663 2085 1731 nuptiarum,

480 1746 659 1806 Israel
672 1750 1041 1821 juramentum
1080 1752 1277 1822 accipit
1303 1751 1395 1807 Dei
1428 1767 1526 1823 pro
1550 1751 1865 1809 omnidotali
1893 1764 2085 1810 mune-

2190 571 2339 627 indui
2382 573 2643 634 tevariis,
2690 594 2707 625 ι
2760 573 2919 627 idest
2977 573 3507 643 legiseaeremoniis,
3546 588 3786 642 quarum

2189 671 2451 733 occupata
2479 664 2658 719 studio
2690 663 2830 717 idola
2877 664 3302 733 derelinqueres.
3336 665 3439 719 Ista
3472 673 3605 718 sunt
3625 664 3790 719 varia

2188 755 2512 809 vestimenta
2549 756 2743 823 quibus
2776 755 2991 809 indutus
3041 762 3125 809 est
3173 754 3370 823 Ioseph
3404 772 3418 807 :
3452 770 3552 809 nec
3581 762 3787 823 potue-

2189 853 2317 900 runt
2360 859 2483 899 eum
2518 844 2717 900 fratres
2745 846 2999 911 vendere,
3053 846 3159 899 nisi
3219 846 3365 915 prius
3392 860 3517 899 eum
3584 843 3793 899 tunicae

2190 933 2457 989 varietate
2486 935 2800 988 nudassent.
2833 932 2980 988 Etde
3006 949 3203 1003 sponsa
3231 935 3431 989 dicitur
3457 937 3507 988 in
3540 934 3787 1005 quadra-

2195 1022 2402 1092 gesimo
2429 1034 2626 1093 quarto
2640 1023 2885 1093 psalmo:
2917 1024 3141 1078 «Astitit
3171 1026 3351 1095 regina
3380 1008 3790 1088 adextristuis,

2189 1111 2246 1166 in
2293 1114 2493 1168 vestitu
2540 1113 2823 1178 deaurato,
2869 1114 3207 1169 circumdata
3272 1116 3560 1169 varietate.
3610 1135 3629 1168 ι
3669 1114 3791 1170 [loc

2189 1212 2275 1261 est
2306 1207 2713 1268 vestimentum,
2769 1206 2835 1261 de
2888 1220 2995 1275 quo
3048 1205 3447 1276 et'Apostolus
3497 1206 3791 1276 loquitur:

2195 1315 2215 1348 ι
2259 1296 2468 1352 Induite
2531 1313 2730 1352 novum
2787 1298 3079 1363 hominem,
3121 1299 3213 1369 qui
3270 1294 3564 1355 renavatur
3593 1300 3651 1353 in
3689 1315 3791 1355 co-

2186 1386 2488 1457 gnitionem
2519 1385 2673 1455 juxta
2722 1388 3010 1459 imaginem
3061 1387 3336 1444 Creatoris
3369 1388 3592 1460 (Ep/tes.
3620 1388 3722 1460 tv).
3764 1406 3789 1441 ι

2194 1480 2449 1536 Volumus
2509 1481 2650 1537 scire
2703 1495 2823 1549 qua:
2870 1488 2996 1535 sunt
3049 1464 3201 1534 varia
3235 1480 3604 1537 vestimenta?
3634 1480 3795 1536 Idem

2190 1584 2290 1623 nos
2343 1567 2631 1639 Apostolus
2658 1569 2855 1635 docet,
2896 1569 3242 1625 credentibus
3300 1571 3550 1626 scribens
3583 1590 3595 1624 :
3642 1589 3664 1621 ‹
3696 1569 3797 1627 ιιι-ο

2190 1658 2430 1714 duamini
2483 1673 2612 1729 ergo
2668 1660 2969 1714 visceribus
3029 1660 3435 1723 misericordiae,
3498 1660 3793 1727 bonitatis,

2191 1749 2531 1817 humilitatis,
2566 1751 3019 1815 mansuetudinis,
3053 1750 3329 1819 patientia:
3360 1749 3587 1821 ((ἰοΙοδε.
3614 1749 3729 1821 ιιι).
3758 1767 3786 1806 ι

492 1854 571 1897 re.
597 1840 669 1895 Et
684 1842 813 1911 quia
836 1841 1006 1901 David
1032 1843 1099 1897 de
1117 1858 1177 1897 se
1198 1843 1409 1913 dixerat
1435 1862 1448 1899 :
1483 1864 1503 1895 ι
1533 1843 1822 1910 Memento,
1839 1843 2087 1910 Domine,
2118 1846 2164 1905 B
2193 1841 2333 1912 Quid
2361 1844 2465 1900 hac
2503 1845 2766 1901 varietate
2808 1845 3130 1915 pulchrius?
3159 1845 3225 1900 de
3256 1860 3363 1914 qua
3387 1851 3439 1899 et
3468 1842 3570 1900 Iob
3597 1843 3797 1913 loque-

482 1929 682 1998 David,
703 1942 761 1987 et
778 1933 963 2009 omnis
989 1934 1421 1991 mansuetudinis
1448 1934 1566 2004 ejus
1594 1954 1606 1989 :
1640 1935 1733 2005 qui
1750 1933 1957 2004 iuravit
1985 1934 2089 1990 Do-

484 2022 661 2090 mine,
683 2030 871 2080 votum
901 2026 1043 2081 vovit
1072 2027 1183 2082 Deo
1208 2025 1375 2084 Iacob
1401 2028 1576 2099 (Psal.
1600 2029 1806 2099 cxxxl).
1837 2047 1857 2081 ι
1885 2028 1954 2084 Ει.
1974 2028 2089 2098 ipse

492 2113 755 2172 Dominus
786 2117 946 2197 (iurat
972 2119 1044 2184 ei,
1085 2119 1363 2191 Scriptura
1388 2121 1648 2177 dicente:
1683 2141 1703 2175 ι
1740 2119 1954 2177 Iuravit
1988 2122 2090 2177 Do~

484 2206 673 2277 minus
697 2206 867 2266 David
894 2210 1201 2277 veritatem,
1232 2219 1286 2268 et
1312 2227 1418 2269 non
1442 2212 1794 2277 frustrabitur
1822 2230 1968 2271 eum.
1994 2234 2017 2268 ιη

565 2319 585 2351 ι
611 2300 683 2355 Et
714 2300 863 2357 facta
900 2304 1148 2374 eamihi,
1183 2313 1240 2360 et
1270 2303 1373 2373 lavi
1422 2314 1475 2361 te
1517 2320 1693 2376 aqua,
1726 2314 1783 2363 et
1830 2296 2091 2365 mundavi

492 2409 514 2444 ι
549 2393 867 2463 sanguinem
901 2404 1056 2448 tuum
1086 2410 1152 2449 ex
1185 2404 1258 2460 te,
1288 2404 1343 2451 et
1362 2396 1490 2470 unxi
1524 2404 1575 2451 te
1604 2396 1743 2453 oleo.
1778 2416 1798 2448 ι
1829 2395 1969 2465 Quia
1993 2410 2089 2451 ex-

484 2486 653 2554 pandi
678 2484 793 2542 alas
812 2501 984 2552 meas,
1017 2495 1074 2542 et
1115 2488 1303 2558 οι)εωὶ
1329 2487 1678 2556 ignominiam
1720 2497 1892 2555 tuam,
1929 2497 1984 2545 et
2002 2486 2090 2558 ju~

488 2578 609 2641 ravi
634 2579 755 2645 tibi,
780 2589 835 2634 et
862 2579 1138 2650 ingressus
1173 2595 1293 2635 sum
1320 2590 1540 2659 paetum
1562 2590 1765 2646 tecum,
1796 2589 2085 2652 propterea

489 2684 611 2724 mea
639 2684 699 2723 es
727 2669 869 2737 facta
890 2670 1213 2741 possessio;
1233 2679 1294 2724 ut
1324 2685 1448 2740 quae
1477 2670 1652 2742 aliena
1683 2685 1827 2736 eras,
1873 2671 2089 2740 quando

490 2756 765 2813 videbaris
795 2758 1095 2824 immunda,
1139 2772 1257 2813 mea
1282 2774 1408 2815 esse
1435 2760 1666 2829 cmperis
1697 2779 1711 2813 :
1746 2762 1965 2831 quando
1995 2776 2089 2829 pa-

489 2854 636 2900 ctum
683 2862 859 2902 meum
907 2856 1085 2902 tecum
1122 2849 1432 2919 iuramento
1482 2848 1716 2904 ﬁrmavi.
1770 2848 1896 2905 Sive
1924 2848 2086 2923 "juxta

486 2939 939 2996 consuetudinem
1000 2939 1434 3011 Prophetarum,
1490 2939 1632 2996 facta
1672 2956 1733 2997 es
1779 2941 1944 3023 mihi,
1972 2942 2084 2999 ait:

489 3027 598 3086 l‘ro
622 3043 708 3095 eo,
724 3031 866 3100 quod
888 3038 973 3087 est
994 3046 1116 3087 meo
1145 3033 1392 3103 coniugio
1420 3032 1674 3103 copulata
1697 3047 1777 3098 es,
1801 3043 1860 3088 et
1884 3032 1988 3088 lavi
2014 3041 2081 3103 te,

488 3119 686 3190 inquit,
734 3135 872 3190 aqua
917 3122 1174 3191 baptismi
1204 3122 1506 3177 salutaris:
1567 3142 1584 3172 ι
1624 3121 1739 3177 Nisi
1768 3123 1915 3177 enim
1963 3124 2085 3192 quis

2190 1932 2351 1993 batur
2379 1952 2393 1988 :
2430 1953 2448 1985 ι
2486 1934 2617 2002 Quis
2647 1936 2794 1991 dedit
2824 1935 3141 1991 mulieribus
3172 1944 3402 1991 textura:
3432 1936 3790 2007 sapientiam,

2190 2033 2284 2079 aut
2307 2024 2589 2082 varietatis
2618 2025 2957 2096 disciplinam
2984 2026 3005 2079 ‘l
3032 2024 3176 2097 (Job.
3206 2024 3464 2097 xxxviii.)
3496 2046 3515 2079 ι
3553 2024 3626 2081 Et
3654 2041 3793 2097 pen-

2194 2115 2327 2172 tifex
2371 2116 2536 2171 semel
2572 2116 2627 2171 in
2673 2131 2837 2181 anno,
2893 2116 3112 2187 quando
3141 2131 3240 2187 pro
3290 2115 3488 2187 populo
3530 2114 3799 2173 adolebat

2192 2208 2493 2275 incensum,
2553 2217 2607 2263 et
2664 2208 3069 2280 ingrediebatur
3122 2208 3174 2263 in
3212 2217 3401 2264 saneta
3441 2215 3792 2276 sanctorum,

2191 2300 2361 2360 variis
2390 2300 2633 2365 vestibus
2659 2300 2933 2357 utebatur.
2966 2298 3128 2355 Certe
3155 2300 3201 2355 si
3229 2299 3431 2355 divitiae
3457 2298 3799 2355 varietatem

2192 2392 2445 2457 vestium,
2477 2400 2531 2447 et
2561 2406 2669 2446 non
2702 2392 2971 2447 sanctitas
2996 2391 3222 2459 faceret,
3247 2392 3647 2463 diversitasque
3676 2392 3801 2447 vir-

2193 2492 2391 2549 tutum,
2420 2484 2636 2541 Ph'arao
2672 2492 2728 2540 et
2761 2483 3261 2541 Nabuchodonosor
3308 2488 3425 2541 hac
3451 2485 3796 2541 vestimenta

2192 2575 2449 2632 habuisse
2502 2576 2872 2632 scriberentur
2899 2594 2912 2631 :
2942 2586 2999 2632 et
3048 2592 3156 2634 non
3186 2576 3407 2649 Ioseph,
3436 2578 3533 2648 qui
3569 2578 3674 2634 sub
3694 2591 3799 2649 pe-

2193 2666 2411 2738 regrino
2439 2675 2493 2722 et
2526 2666 2787 2737 pastorali
2833 2675 3008 2738 patre,
3061 2677 3243 2723 vestes
3292 2667 3668 2725 discoloreset
3696 2681 3798 2725 ro-

2190 2757 2309 2827 gias
2336 2744 2541 2813 habere
2572 2772 2679 2813 non
2709 2764 2943 2827 poterat.

2266 2848 2359 2901 «Et
2384 2847 2623 2903 calceavi
2642 2854 2697 2904 te
2718 2848 3090 2919 hyacinthina.
3116 2867 3135 2901 ι
3165 2847 3410 2919 Denique
3433 2848 3663 2906 iacturis
3690 2863 3798 2920 pa-

2191 2937 2318 2992 scha
2349 2938 2919 3009 praecipitur,abs(1ue
2948 2936 3053 2993 ulla
3082 2930 3287 2994 coloris
3306 2937 3570 2994 varietate
3594 2940 3795 2995 accin-

2190 3031 2291 3085 etis
2316 3030 2513 3085 lumbis
2543 3040 2598 3085 et
2625 3030 2853 3101 pedibus
2893 3029 3123 3086 calceati
3179 3031 3311 3085 sint.
3357 3028 3465 3085 Ista
3516 3031 3796 3088 δυωκαι-

2188 3129 2472 3177 ceamenta
2501 3122 2567 3176 de
2591 3120 2787 3191 quibus
2818 3129 2873 3175 et
2900 3121 3193 3191 Apostolus
3225 3120 3415 3176 scribit
3440 3135 3455 3173 :
3488 3138 3507 3172 ι
3538 3120 3790 3177 Caleeati

490 3220 716 3281 renatus
745 3211 906 3267 fuerit
935 3228 998 3267 ex
1029 3229 1169 3283 aqua
1199 3222 1253 3269 et
1275 3213 1478 3284 Spiritu
1519 3222 1729 3277 sancto,
1768 3230 1873 3284 non
1902 3224 2080 3284 potest
2114 3196 2156 3256 (ἶ
2189 3214 2357 3281 pedes
2387 3213 2441 3266 in
2468 3214 2866 3282 prmparatione
2902 3210 3183 3284 Evangelii
3207 3210 3589 3283 pacis(Ephes.
3614 3210 3727 3283 v1).
3764 3230 3785 3264 ι

485 3280 692 3359 intrare
715 3303 767 3359 in
799 3318 1027 3374 regnum
1048 3280 1141 3359 Dei
1171 3280 1353 3376 (Icari.
1385 3305 1491 3375 ιιι).
1522 3324 1541 3355 ι
1578 3306 1644 3367 Et
1672 3280 2076 3376 alibi'legimus:

493 3410 517 3445 ι
534 3390 653 3463 Ipse
665 3407 759 3447 vos
775 3393 1074 3462 baptizabit
1089 3395 1141 3449 in
1158 3393 1359 3463 Spiritu
1378 3409 1431 3449 sa
1441 3402 1562 3450 ncto
1572 3404 1622 3449 et
1640 3395 1750 3465 igni
1768 3393 1961 3467 (Marc.
1979 3395 2041 3466 ι).
2058 3415 2072 3446 ι

491 3482 571 3542 De
595 3500 702 3554 quo
738 3483 1062 3555 baptismate
1104 3494 1158 3540 et
1182 3485 1347 3540 Isaias
1384 3486 1641 3553 loquitur,
1673 3486 1896 3542 dicens:
1922 3502 1940 3535 ι
1974 3484 2081 3541 La—

489 3574 641 3631 vabit
687 3576 948 3630 Dominus
995 3578 1183 3630 sordes
1225 3574 1456 3630 ﬁliorum
1486 3582 1540 3629 et
1580 3573 1812 3628 ﬁliarum
1844 3572 1996 3638 Sion,
2029 3583 2085 3629 et

491 3665 812 3735 sanguinem
861 3664 1142 3718 mundabit
1171 3663 1237 3718 de
1268 3663 1445 3717 medio
1477 3676 1685 3729 eorum,
1716 3663 1910 3732 spiritu
1934 3661 2082 3732 judi-

493 3753 598 3818 cii,
639 3763 694 3808 et
739 3752 931 3823 spiritu
975 3751 1525 3822 combustionis-(Isa.
1553 3754 1648 3824 iv).
1684 3752 1859 3808 iCum
1902 3762 2080 3807 autem

496 3842 688 3899 laverit
715 3852 769 3897 et
801 3844 1143 3898 mum’averit
1177 3844 1511 3913 sanguinem,
1546 3842 1690 3898 sicut
1718 3845 2086 3900 hemorrhois-

495 3948 631 3999 sam,
650 3949 768 4004 qua:
791 3934 1074 3990 duodecim
1100 3934 1259 3987 annis
1285 3948 1478 3988 cruore
1506 3933 1759 3996 manabat
1782 3933 1972 4006 (Herc.
2004 3934 2079 4001 v),

494 4026 720 4085 ﬁmbriae
753 4027 964 4091 sanavit
987 4011 1215 4091 attactu,
1249 4040 1353 4080 non
1381 4024 1576 4080 suilicit
1617 4026 1667 4082 ei
1714 4025 1897 4080 lavare
1921 4029 2081 4096 aqua,

491 4124 545 4171 et
564 4115 821 4171 mundare
843 4116 1123 4186 sanguine,
1150 4106 1254 4170 nisi
1280 4115 1400 4171 oleo
1415 4130 1632 4185 quoque
1653 4118 1891 4181 unxcrit,
1928 4116 2083 4186 jura

491 4207 637 4277 quod
661 4205 1057 4272 Samaritanus,
1083 4208 1175 4277 qui
1202 4209 1590 4277 interpretatur
1618 4217 1826 4273 custos,
1855 4210 2087 4263 semine-

492 4297 573 4354 cis
619 4298 873 4366 vulnera,
920 4301 1154 4370 primum
1179 4300 1281 4355 olei
1330 4299 1601 4354 inlusione
1637 4299 1838 4365 linivit,
1892 4300 2086 4355 deinde

495 4389 607 4444 vini
638 4390 955 4445 austeritate
998 4392 1354 4460 compescuit,
1390 4391 1648 4445 Dominus
1672 4399 1852 4445 autem
1901 4398 2085 4445 noster

501 4482 611 4539 alio
630 4490 824 4537 unctus
844 4491 927 4537 est
945 4482 1085 4546 oleo,
1117 4484 1259 4552 quod
1286 4497 1390 4537 non
1414 4482 1652 4549 dolorem
1681 4482 1961 4536 vulnerum
1992 4483 2088 4536 mi-

2183 3300 2295 3356 Nec
2318 3295 2476 3372 prius
2502 3300 2804 3358 Ierusalem
2835 3303 3110 3359 calceatur
3143 3302 3529 3373 hyacinthinis,
3560 3302 3669 3357 nisi
3700 3301 3793 3356 la-

2183 3403 2341 3448 vetur
2370 3410 2535 3464 aqua.
2570 3395 2725 3451 Unde
2751 3403 2808 3451 et
2830 3395 3213 3466 Apostolorum
3242 3394 3440 3464 quibus
3464 3394 3611 3464 prius
3634 3407 3793 3463 prae-

2184 3496 2405 3558 ceperat
2457 3488 2738 3551 Dominus,
2800 3495 2861 3541 ut
2920 3493 3237 3541 excuterent
3291 3486 3488 3555 pedum
3553 3498 3790 3540 suorum

2185 3578 2484 3646 pulverem,
2537 3578 2844 3632 lavantura
2884 3567 3167 3631 Salvatore
3214 3574 3400 3645 pedes.
3457 3573 3526 3628 Et
3574 3588 3790 3643 sponsa

2186 3667 2315 3722 dicit
2366 3668 2417 3721 in
2470 3667 2695 3722 Cantico
2745 3665 3123 3721 canticorum:
3179 3686 3196 3715 ‹
3234 3664 3366 3718 Lavi
3408 3663 3571 3732 pedes
3600 3678 3785 3729 meos,

2185 3759 2452 3825 quomodo
2488 3758 2779 3827 inquinabo
2813 3757 2930 3812 illos
2964 3755 3141 3827 (Cant.
3194 3754 3248 3827 v)
3272 3754 3296 3808 ?
3323 3774 3341 3806 ι
3378 3754 3444 3807 Ει
3476 3752 3699 3823 Moysen
3728 3763 3785 3809 et

2184 3846 2367 3923 Iesum
2398 3847 2609 3901 divinus
2644 3862 2823 3902 sermo
2862 3853 3109 3906 testatur,
3140 3854 3198 3899 ut
3226 3844 3441 3900 solvant.
3480 3844 3779 3914 corrigiam

2186 3940 2537 3993 calceamenti
2568 3940 2671 4003 sui,
2690 3939 2813 4010 quia
2839 3939 2990 3994 locus
3017 3940 3069 3992 in
3099 3953 3206 4009 quo
3236 3945 3401 4003 stent,
3426 3945 3653 3991 sanctus
3681 3936 3778 3991 sit.

2188 4028 2322 4084 Cum
2361 4039 2539 4084 autem
2567 4029 2659 4084 loti
2696 4030 2897 4084 fuerint
2921 4028 3085 4099 pedes
3110 4037 3164 4084 et
3183 4028 3331 4083 omni
3353 4027 3513 4083 sorde
3532 4026 3764 4099 purgati,

2188 4119 2500 4176 calceantur
2526 4120 2892 4191 hyacinthinis
2914 4121 3028 4175 sive
3050 4120 3317 4191 janthinis
3342 4134 3356 4172 :
3388 4119 3529 4189 quod
3556 4130 3772 4174 utrum-

2188 4227 2295 4282 que
2316 4212 2461 4266 aerei
2477 4211 2977 4267 etxuavr'ou‘coloris
3004 4221 3109 4275 est,
3125 4220 3181 4266 ut
3194 4210 3478 4281 rapiantur
3508 4210 3560 4263 in
3579 4225 3795 4286 occur:~

2189 4315 2306 4355 sum
2331 4300 2541 4354 Domini
2571 4301 2623 4355 in
2650 4316 2849 4362 aerem,
2866 4311 2921 4355 et
2945 4301 3010 4355 ad
3032 4300 3276 4355 ccelestia
3300 4313 3463 4370 regna
3489 4298 3771 4353 festinent.

2267 4409 2283 4439 ι
2322 4389 2388 4443 Ει
2423 4389 2565 4444 cinxi
2598 4399 2650 4445 te
2677 4392 2893 4460 bysso.»
2931 4389 3228 4445 Ierusalem
3265 4404 3372 4443 non
3405 4388 3577 4443 solum
3602 4390 3775 4441 vesti-

2193 4488 2282 4534 tur
2329 4480 2703 4545 discoloribus,
2743 4490 2797 4535 et
2835 4482 3109 4555 calceatur
3157 4480 3541 4549 hyacinthinis,
3574 4479 3667 4533 sed
3717 4487 3775 4533 et

489 4572 715 4656 ligaret,
740 4571 838 4627 sed
878 4540 1428 4637 laititiam'tribueret,
1462 4541 1672 4628 dicente
1696 4574 1760 4629 ad
1793 4588 1915 4628 eum
1962 4573 2083 4643 Spi-
2121 4540 2164 4598 ί)
2190 4572 2350 4642 bysso
2378 4571 2702 4642 accingitur.
2732 4571 2808 4625 De
2859 4554 2963 4641 qua
2991 4540 3307 4631 tenuissima
3336 4571 3389 4625 in
3418 4580 3565 4624 veste
3591 4571 3775 4640 ponti-

496 4663 604 4721 ritu
644 4671 833 4719 sancto
863 4681 876 4717 :
935 4683 952 4716 ι
980 4662 1273 4733 Propterea
1308 4665 1465 4719 unxit
1494 4672 1546 4719 te
1591 4663 1752 4729 Deus,
1785 4666 1928 4720 Deus
1962 4674 2086 4720 tuus

493 4756 617 4811 oleo
641 4756 987 4811 exultationis
1028 4770 1141 4826 prae
1167 4756 1513 4811 consortibus
1542 4757 1647 4810 tuis
1665 4752 1837 4827 (Prol.
1866 4755 2033 4829 xuv).
2059 4778 2077 4808 ι

496 4847 710 4903 Habent
741 4854 797 4902 et
822 4846 1106 4903 contrariae
1153 4844 1521 4911 fortitudines,
1550 4844 1784 4900 simulati
1814 4846 1918 4901 olei
1949 4845 2085 4900 leni-

493 4948 685 5007 tatem,
714 4938 890 4996 duleia
918 4955 1017 5009 per
1045 4938 1328 4994 haereticos
1354 4937 1693 5007 pollicentes,
1723 4952 1845 5013 qua:
1873 4945 2086 4993 vertun.

496 5039 587 5089 tur
611 5030 666 5084 iu
710 5030 1162 5090 amaritudinem,
1209 5035 1266 5082 et
1306 5043 1426 5097 qua:
1470 5027 1767 5083 detestatur
1811 5027 2085 5097 Propheta

496 5133 930 5178 commemorans
955 5139 967 5174 :
1013 5140 1032 5172 ι
1061 5119 1247 5174 Oleum
1276 5131 1455 5174 autem
1483 5120 1809 5189 peccatoris,
1848 5135 1951 5174 non
1983 5119 2083 5173 im-

494 5216 719 5286 pinguet
762 5217 924 5285 caput
969 5229 1149 5269 meum
1175 5211 1345 5286 (Psal.
1381 5214 1526 5286 CXL).
1569 5232 1587 5265 ι
1643 5212 1738 5268 Sin
1786 5221 1969 5268 autem
2014 5213 2081 5268 ab

496 5305 753 5361 unctione
791 5314 1004 5367 unctus,
1050 5305 1101 5359 id
1129 5314 1234 5368 est,
1279 5304 1529 5359 Christus
1581 5303 1903 5374 appellatur,
1957 5303 2081 5359 vide

497 5403 760 5464 quantum
785 5394 1074 5464 profecerit
1100 5393 1396 5450 Ierusalem
1422 5412 1434 5446 :
1469 5404 1527 5449 ut
1552 5403 1605 5448 et
1632 5396 1746 5465 ipsa
1773 5404 1935 5450 uncta
1962 5396 2082 5450 oleo

498 5475 757 5558 spiritali,
788 5486 989 5540 Christi
1016 5501 1208 5540 nomen
1239 5487 1528 5555 acceperit.
1565 5486 1729 5542 quta
1759 5488 1901 5557 quod
1943 5497 1997 5543 et
2029 5490 2081 5542 in

497 5575 731 5633 Psalmis
754 5576 820 5630 de
839 5576 1114 5631 Abraham
1137 5576 1397 5647 legimus:
1440 5596 1456 5626 ι
1496 5576 1671 5633 Nolite
1693 5585 1912 5649 tangere
1937 5579 2083 5633 chri-

500 5677 612 5723 stos
655 5683 843 5733 meos,
889 5677 945 5725 et
994 5668 1047 5723 in
1083 5667 1357 5739 prophetis
1394 5667 1531 5723 meis
1586 5667 1751 5723 nolite
1796 5666 2078 5739 malignari

507 5758 695 5823 (l’saL'
714 5758 825 5827 CIV)

2192 4659 2307 4715 ﬁcis
2328 4660 2413 4715 ﬁla
2443 4669 2719 4716 texuntur.
2766 4661 2831 4715 Et
2866 4678 3003 4716 uxor
3047 4661 3103 4715 in
3127 4660 3459 4746 Proverbiis,
3488 4676 3607 4729 qua:
3645 4662 3773 4717 viro

2190 4765 2287 4805 suo
2317 4750 2448 4805 duas
2490 4752 2665 4805 texuit
2692 4750 3023 4821 chlamydes,
3062 4759 3114 4806 et
3163 4751 3448 4820 prresentis
3478 4750 3686 4815 saeculi,
3713 4759 3772 4806 et

2189 4839 2495 4904 futuri,sibi
2522 4841 2586 4895 de
2617 4841 2779 4911 bysso
2806 4849 2860 4895 et
2884 4856 3123 4911 purpura
3146 4840 3341 4897 fecisse
3368 4840 3569 4895 dicitur
3597 4842 3771 4894 vesti-

2174 4939 2392 4984 ;menta.
2425 4927 2537 4984 Hoc
2571 4930 2733 5000 bysso
2779 4931 3137 5001 accinguntur
3170 4946 3346 4995 renes,
3380 4930 3593 4998 quoties
3642 4930 3767 4999 pin-

2185 5020 2309 5090 guia
2332 5016 2571 5074 libidinis
2614 5021 2881 5074 incentiva
2929 5021 3196 5074 tenuanda
3236 5028 3381 5084 sunt,
3437 5019 3676 5087 nihilque
3710 5020 3766 5073 in

2192 5113 2275 5170 eis
2375 5125 2573 5166 crassae
2595 5112 2810 5167 veneris
2851 5112 3190 5182 relinquitur.
3220 5112 3288 5166 Et
3317 5110 3601 5181 implentus
3623 5126 3766 5180 pra:-

2183 5208 2400 5272 ceptum
2429 5200 2670 5270 Apostoli
2704 5200 2962 5255 dicentis:
2993 5219 3011 5252 ‹
3034 5200 3186 5256 State
3208 5216 3335 5271 ergo
3362 5199 3590 5254 accincti
3620 5200 3763 5265 lum-

2182 5296 2282 5351 bos
2310 5301 2523 5349 vestros
2551 5294 2604 5347 in
2628 5294 2861 5348 veritate
2887 5292 3103 5363 (Ep/tes.
3133 5294 3230 5363 vi),
3257 5312 3274 5343 ι
3305 5290 3461 5361 quasi
3490 5290 3611 5345 aliis
3630 5304 3757 5343 ver-

2183 5387 2269 5442 bis
2285 5387 2509 5449 diceret,
2527 5387 2709 5457 bysso.
2733 5387 2799 5439 Et
2824 5386 3081 5440 Dominus
3098 5386 3163 5439 ad
3187 5383 3457 5454 apostolos
3483 5382 3757 5452 loquitur:

2191 5498 2209 5530 ι
2244 5478 2363 5533 Sint
2412 5477 2577 5532 lumbi
2610 5478 2776 5531 vestri
2825 5476 3126 5547 praecincti,
3159 5490 3222 5529 ac
3249 5475 3483 5529 lucerna:
3504 5473 3765 5528 ardentes

2185 5570 2236 5625 in
2262 5570 2509 5622 manibus
2535 5568 2732 5622 vestris
2758 5567 2907 5635 (Luc.
2976 5566 3097 5635 xu).
3131 5586 3149 5618 ι
3184 5564 3295 5619 Nisi
3324 5565 3467 5617 enim
3497 5563 3767 5617 astrinxe-

2186 5662 2353 5714 rimus
2379 5658 2595 5712 ﬂuentia
2628 5657 2930 5711 lumborum
2978 5664 3245 5719 reumata,
3274 5653 3527 5708 lucernas
3555 5653 3609 5706 in
3641 5667 3761 5705 ma.

2184 5753 2342 5809 nibus
2364 5751 2565 5807 habere
2616 5764 2720 5803 non
2767 5762 3073 5818 possumus.
3106 5747 3255 5803 Unde
3283 5754 3336 5801 et
3367 5744 3436 5798 ad
3460 5742 3563 5799 Iob
3589 5742 3759 5812 loqui-
