3948 6368
168 450 277 503 873

1103 437 1449 495 (ΣΟΜΗΕΝΤ.
1494 436 1558 488 IN
1607 426 2054 487 EZECHIELEM.
2095 454 2164 463 —-
2202 422 2328 476 LIB.
2374 419 2479 476 Vli.

3306 414 3411 471 674

170 570 261 611 ιηι·
298 560 438 610 θυαε
469 575 481 607 ;
518 575 534 605 ε
566 554 796 622 Accinge
851 553 989 605 sicut
1038 552 1117 602 vir
1166 550 1375 601 lnmlms
1428 556 1545 599 tuus
1599 543 1738 612 (Job.
1775 544 1815 601 Α
1849 546 1971 589 tunc
2019 533 2313 601 accipimus
2361 532 2512 601 juxta
2562 529 2815 599 mysticus
2868 526 3168 581 intellectus
3202 530 3414 593 quando

172 648 423 711 xxxviii).
465 663 482 695 ›
516 644 583 697 Ει
621 640 887 697 comesuri
940 655 1133 709 agnum
1187 637 1408 690 ealeeati
1448 635 1629 703 pedes.
1662 640 1739 685 te-

174 745 367 789 nentes
389 732 660 795 baculum,
693 740 898 785 stantes
932 728 983 782 in
1008 727 1279 794 Evangelii
1312 725 1557 785 veritate,
1594 732 1645 775 et
1677 722 1742 775 ad

171 824 377 879 Christi
409 823 723 892 sanguinem
748 820 1057 890 praeparati,
1092 818 1301 883 lumbos
1346 813 1617 867 accinctos
1650 812 1745 864 ha-

172 916 305 969 bere
331 912 603 967 dicuntur.
636 911 751 977 Qua
784 925 917 963 zona
959 908 1320 962 mortiﬁcante
1346 904 1573 965 lumbos,
1602 902 1659 953 El
1687 916 1746 950 as

172 1018 392 1074 quoque
418 1012 471 1056 et
502 1002 733 1057 Joannes
762 1000 1001 1069 Baptista
1034 1000 1406 1065 accinguntur.
1447 995 1521 1046 De
1554 992 1747 1059 quitus

174 1102 230 1146 et
255 1093 523 1161 paenitens
552 1091 795 1145 ﬂebiliter
826 1089 1149 1157 ingemiscit,
1178 1087 1362 1139 dicens
1390 1102 1401 1135 :
1440 1102 1455 1132 ι
1483 1081 1746 1147 Quoniam

172 1182 343 1235 lumbi
373 1182 478 1234 mei
500 1180 699 1248 impleti
729 1188 853 1233 sunt
876 1178 1213 1232 illusiouibus
1248 1174 1419 1245 (Ρωι.
1452 1172 1677 1241 xxxvii).
1720 1189 1738 1221 ›

252 1284 273 1321 ι
309 1268 378 1323 Ει
418 1269 568 1323 indui
596 1278 648 1322 te
689 1268 992 1321 subtilibus.
1040 1286 1057 1317 ›
1090 1266 1336 1334 Congrue
1388 1262 1513 1325 illis,
1537 1261 1602 1313 de
1632 1260 1749 1329 qui-

174 1360 281 1412 bus
334 1358 623 1426 increpans
680 1358 888 1411 dixerat
920 1374 931 1409 :
969 1376 983 1405 ι
1027 1356 1384 1408 lucrassatum
1416 1362 1495 1405 cst
1534 1366 1627 1405 eor
1656 1365 1751 1418 po-

174 1445 288 1512 puli
317 1444 493 1513 hujus,
525 1454 581 1497 et
608 1446 969 1515 manducavit,
1002 1454 1055 1497 et
1082 1443 1213 1495 bibit
1240 1440 1427 1503 Jacob,
1461 1449 1513 1493 et
1542 1449 1751 1492 satura-

176 1544 263 1587 tus
318 1544 422 1599 est,
486 1542 540 1588 et
595 1535 924 1588 incrassatus
976 1542 1091 1596 est,
1149 1540 1203 1585 et
1266 1531 1564 1584 eaicitravit
1617 1530 1751 1583 dile—

176 1633 321 1688 ctus,
380 1633 432 1677 et
473 1623 758 1693 dereliquit
811 1624 975 1677 Deum
1031 1623 1289 1677 factorem
1334 1638 1512 1687 suum,
1565 1643 1581 1674 ι
1628 1630 1751 1677 tunc

178 1718 416 1770 tenuitas
466 1719 696 1771 vestium
732 1717 1088 1771 condonatur.
1142 1714 1272 1768 Nam
1306 1724 1360 1768 et
1408 1717 1457 1767 in
1489 1715 1624 1767 libro
1650 1714 1751 1767 Sa—

174 1807 415 1874 pientia),
471 1809 559 1875 qui
612 1824 641 1859 a
674 1808 989 1875 quibusdam
1044 1807 1342 1859 Salomonis
1398 1806 1750 1859 inscribitur:

173 1896 417 1964 Spiritus
470 1898 765 1965 sapientiae,
820 1898 1127 1965 Ulllgt‘lllllls
1160 1905 1211 1949 et
1256 1896 1554 1963 multiplex,
1582 1896 1755 1948 tenuis
1790 1910 1829 1965 Β

174 1995 230 2039 et
259 1986 533 2039 mutabilis
574 1987 890 2055 appellatur.
923 1988 987 2040 Et
1032 2003 1225 2039 manna
1256 1986 1319 2039 de
1356 2002 1459 2053 quo
1491 1986 1749 2052 scriptum

174 2084 263 2129 est
296 2094 308 2129 :
348 2094 368 2124 ‹
416 2076 613 2130 Panem
642 2077 949 2145 angelorum
994 2078 1336 2129 manducavit
1388 2077 1545 2129 homo
1580 2074 1749 2147 (Psal.

176 2166 411 2233 ωλι-ιιι),
454 2186 470 2217 θ
511 2167 881 2220 tenuissimum
934 2167 984 2220 in
1016 2167 1418 2220 similitudinem
1472 2167 1675 2235 pruinae
1701 2174 1755 2218 et

175 2258 441 2310 sementis
472 2257 740 2311 coriandri
794 2257 958 2310 fuisse
985 2264 1257 2309 narratur.
1296 2256 1753 2323 Possumusjuxla

178 2343 686 2411 interpretationem
766 2345 1011 2397 secundae
1084 2344 1333 2399 editionis
1394 2344 1612 2413 Aquilio,
1665 2345 1751 2412 qui

178 2432 431 2486 ﬂoridum
466 2432 851 2501 interpretatus
905 2444 987 2487 est
1016 2434 1417 2497 vestimentum,
1454 2434 1755 2487 ubertatem

180 2536 343 2579 terra:
368 2523 522 2581 Judze
550 2540 646 2593 per
692 2526 1060 2594 metaphoram
1115 2525 1438 2594 intelligere,
1469 2524 1551 2576 vel
1593 2524 1757 2576 divini

180 2617 361 2671 cultus
392 2616 874 2686 pulchritudinem.

258 2725 276 2757 ι
314 2708 377 2760 Et
431 2708 617 2760 ornavi
670 2716 721 2761 te
760 2716 1097 2761 ornamento.
1139 2726 1156 2758 ›
1212 2704 1552 2773 Generaliter
1602 2720 1761 2758 orna-

178 2805 363 2850 menta
395 2811 538 2849 nunc
573 2796 741 2865 ponit,
784 2796 849 2849 de
878 2796 1070 2864 quibus
1108 2796 1158 2849 in
1192 2794 1640 2863 consequentibus
1669 2810 1764 2863 per

180 2895 370 2957 partes
396 2895 698 2951 enumerat,
726 2887 963 2941 armillas
986 2895 1040 2942 et
1068 2895 1330 2955 torquem,
1358 2887 1574 2938 inaures
1600 2894 1651 2938 et
1674 2900 1765 2938 co-

180 2994 377 3032 ronam
419 2986 475 3032 et
516 2977 743 3046 reliqua,
782 2992 897 3045 qua:
955 2984 1268 3031 ornamenta
1320 2976 1505 3029 tribuit
1550 2976 1765 3029 Jerusa-

182 3066 314 3122 lem.
342 3067 410 3121 Et
433 3067 485 3121 in
512 3066 647 3122 lsaia
680 3066 892 3133 dicitur,
927 3068 1065 3135 quod
1100 3067 1221 3120 vitio
1241 3083 1336 3121 suo
1365 3068 1611 3121 universa
1640 3083 1761 3136 per-

187 3158 403 3212 diderit.
444 3156 715 3227 Scriptum
761 3165 843 3210 est
881 3156 1062 3210 enim:
1099 3176 1113 3205 ι
1149 3155 1251 3209 Pro
1276 3170 1340 3209 eo
1367 3157 1506 3224 quod
1548 3156 1767 3211 elevatae

1847 640 1967 678 cum
2026 622 2280 693 Apostolo
2330 636 2613 689 possumus
2669 620 2884 673 dicere:
2933 639 2949 669 ι
2992 618 3188 672 Christi
3242 618 3413 671 bonus

1844 716 1979 767 odor
2003 728 2209 775 sumus,
2235 712 2287 765 in
2321 711 2402 764 his
2438 710 2525 778 qui
2554 709 2683 763 salvi
2713 709 2863 772 ﬁunt,
2894 716 2947 762 et
2984 709 3034 761 in
3064 708 3147 761 bis
3174 708 3260 775 qui
3289 720 3414 775 per-

1850 814 1996 867 cunt,
2030 805 2149 857 aliis
2173 803 2387 871 quidem
2414 801 2544 854 olor
2575 800 2762 853 mortis
2804 801 2852 851 in
2885 809 3108 852 mortem
3136 812 3148 850 :
3174 798 3292 852 aliis
3321 813 3417 852 alb

1850 906 1954 947 tem
1990 896 2123 947 odor
2149 896 2272 946 vita:
2320 893 2370 944 in
2419 892 2576 943 vitam
2604 888 2684 957 (Il
2710 887 2830 942 Cor.
2864 895 2947 955 ιι),
2986 908 3001 937 ι
3036 889 3249 957 quando
3276 888 3415 943 vivi-

1852 1004 1989 1047 mus,
2015 995 2070 1039 et
2100 987 2163 1038 de
2200 985 2353 1038 nobis
2396 984 2495 1037 dici
2543 991 2718 1049 potest
2749 999 2760 1030 :
2796 999 2810 1029 ι
2845 979 2953 1031 Non
3002 981 3192 1033 mortui
3234 979 3417 1032 laudav

1850 1077 1983 1128 bunt
2017 1086 2086 1137 te,
2121 1074 2359 1137 Domine,
2390 1073 2481 1125 sed
2531 1064 2625 1123 nos
2666 1069 2904 1121 viventes
2932 1067 2949 1137 (
2978 1067 3122 1121 Psal.
3173 1068 3359 1138 exui),
3393 1087 3412 1119 ι

1856 1176 1981 1219 tunc
2019 1154 2274 1217 adorator
2312 1162 2449 1214 Deus
2494 1162 2711 1214 odorem
2760 1149 3009 1211 sacrificii
3051 1158 3219 1211 nostri
3264 1156 3419 1210 bonae

1852 1257 2179 1326 ft-agrantiaz,
2227 1264 2281 1309 et
2333 1269 2552 1306 aureum
2598 1252 2857 1307 circulum
2905 1265 3177 1326 sensuum,
3220 1265 3283 1303 ac
3324 1250 3420 1302 do-

1852 1356 2088 1416 gmatum
2114 1344 2414 1399 divinorum
2436 1342 2691 1395 habemus
2713 1342 2765 1393 in
2791 1341 3033 1402 auribus;
3063 1339 3271 1405 quando
3291 1350 3419 1391 vero

1853 1439 2051 1493 mortui
2082 1452 2286 1500 smnus,
2317 1443 2371 1488 et
2417 1448 2695 1486 versamur
2729 1432 2780 1483 in
2812 1446 2987 1494 coeno,
3024 1439 3182 1497 atque
3219 1428 3270 1481 in
3306 1442 3419 1482 sor-

1854 1528 2011 1581 dibus
2035 1524 2444 1595 turpitudinum,
2470 1522 2727 1574 babemus
2754 1519 2895 1572 illam
2928 1520 3169 1571 inaurem
3193 1518 3245 1569 in
3276 1515 3419 1570 nari-

1854 1618 1973 1679 bus,
2001 1617 2065 1669 de
2097 1630 2198 1684 qua
2235 1614 2424 1667 scribit
2449 1611 2751 1685 (Salomon:
2790 1629 2805 1660 ι
2844 1608 2993 1663 Sicut
3021 1610 3234 1661 inaures
3272 1607 3419 1662 aurei

1855 1709 1907 1761 in
1934 1707 2153 1759 naribus
2181 1718 2359 1773 porca)
2383 1720 2396 1763 ς
2422 1704 2501 1756 sic
2533 1701 2743 1754 mulieri
2774 1699 2910 1753 male
2934 1706 3153 1751 morata:
3185 1696 3422 1767 pulchri-

1859 1799 1985 1851 tudo
2018 1794 2198 1865 (Prov.
2225 1798 2356 1858 xxi).
2374 1814 2390 1845 ι

1936 1906 1951 1936 ι
1984 1887 2049 1939 Et
2075 1884 2305 1939 circulos
2336 1884 2387 1937 in
2418 1883 2645 1935 auribus
2675 1881 2793 1933 tuis.
2830 1901 2847 1931 ι
2882 1878 3227 1949 Septuaginta
3259 1897 3272 1932 :
3306 1897 3321 1928 ι
3355 1876 3423 1932 Et

1858 1976 2060 2029 rotulas
2104 1990 2265 2043 super
2294 1989 2449 2027 aures
2494 1980 2629 2025 tuas.
2670 1987 2685 2021 ι
2721 1970 2821 2035 Qui
2855 1970 3051 2023 claudit
3089 1984 3243 2022 aures
3276 1983 3422 2033 suas,

1857 2084 1923 2120 ne
1953 2066 2133 2119 audiat
2154 2063 2414 2131 judicium
2448 2062 2749 2132 sanguinis,
2776 2069 2827 2113 et
2854 2061 2991 2127 sepit
3021 2075 3110 2113 eas
3136 2058 3321 2128 spinis,
3354 2069 3423 2112 ne

1856 2156 2124 2224 particeps
2159 2154 2257 2211 ﬁat,
2298 2143 2491 2207 invidis
2526 2162 2577 2205 et
2618 2151 3082 2212 det‘rectatoribus,
3134 2152 3198 2204 de
3230 2152 3421 2220 quibus

1856 2248 2114 2316 scriptum
2146 2253 2227 2298 cst
2255 2262 2266 2296 :
2306 2262 2322 2294 ι
2352 2243 2483 2297 Cum
2519 2243 2961 2296 detrectatoribus
2986 2258 3053 2294 ne
3079 2242 3423 2295 commiscea-

1858 2340 1952 2401 ris,
1986 2337 2235 2404 quoniam
2264 2333 2482 2403 rcp'ente
2520 2333 2696 2386 veniet
2728 2332 2974 2385 interitus
3002 2346 3208 2396 eorum,
3234 2340 3285 2384 ct
3314 2330 3422 2385 rui-

1859 2444 1982 2481 nam
2033 2428 2316 2493 utriusque
2370 2426 2489 2492 quis
2548 2424 2729 2475 novit?
2786 2420 2976 2490 (Prov.
3030 2421 3194 2490 xxxv)
3244 2440 3260 2471 ι
3315 2431 3422 2474 tam

1860 2519 2106 2572 videlicet
2143 2518 2259 2585 eius
2309 2518 2400 2583 qui
2435 2516 2687 2577 detrahit,
2715 2528 2875 2580 quam
2927 2512 3084 2573 illius,
3117 2513 3206 2579 qui
3244 2511 3413 2565 liben-

1861 2618 1943 2662 ter
1981 2606 2265 2673 auscultat,
2299 2606 2397 2659 iste
2428 2604 2655 2657 circulos
2683 2604 2846 2656 liabet
2872 2610 2923 2655 et
2960 2601 3160 2654 rotulas
3200 2601 3253 2654 in
3284 2598 3425 2654 auri-

1862 2700 1981 2761 bus,
2021 2714 2125 2752 non
2177 2704 2353 2759 rotas,
2411 2710 2528 2763 qua:
2579 2701 2874 2760 sequuntur
2922 2689 3240 2755 Cherubim,
3296 2687 3424 2743 illud

1864 2787 2005 2840 enim
2049 2785 2409 2856 angelicorum
2443 2782 2811 2836 fortitudinum
2853 2789 2951 2843 est,
2986 2781 3076 2833 sed
3120 2779 3317 2833 rotulas
3347 2780 3427 2833 di-

1865 2876 2279 2944 minutive,qu-.e
2307 2876 2549 2927 humana:
2573 2870 2894 2925 conveniunt
2917 2870 3211 2939 fragilitati.
3232 2871 3428 2936 Quam-

1863 2966 2048 3020 obrem
2093 2974 2145 3019 et
2189 2964 2255 3017 ad
2304 2961 2471 3016 Deum
2514 2962 2748 3028 dicitur:
2787 2980 2803 3011 ι
2844 2961 2948 3014 Vox
2998 2960 3213 3014 tonitrui
3260 2962 3333 3013 tui
3375 2962 3430 3014 in

1866 3067 1983 3112 rota
2013 3055 2184 3128 (Psul.
2221 3056 2426 3123 Lxxvt).
2464 3074 2482 3104 ι
2514 3054 2569 3107 In
2602 3054 2685 3107 bis
2714 3054 2878 3117 enim,
2922 3053 3011 3121 qui
3062 3063 3267 3106 terrena
3308 3068 3429 3119 per-

1868 3156 2170 3213 transeunt,
2215 3157 2267 3202 et
2302 3149 2388 3200 vix
2429 3146 2651 3200 modicis
2691 3146 2932 3215 vestigiis
2974 3146 3291 3215 contingunt
3325 3155 3431 3200 Ier-

184 3257 346 3312 sunt,
397 3247 499 3301 hoc
547 3247 666 3313 esti,
714 3246 1091 3315 superbierunt
1118 3286 1130 3307 ,
1174 3245 1294 3299 ﬁlia:
1340 3244 1668 3309 Jerusalem,
1706 3254 1761 3299 et
1788 3247 1832 3307 C
1867 3256 2002 3304 ram,
2031 3242 2093 3293 de
2122 3239 2317 3309 quibus
2346 3239 2601 3306 scriptum
2626 3246 2705 3290 est
2732 3255 2743 3290 :
2777 3256 2794 3288 ι
2824 3237 3069 3304 Lapides,
3098 3238 3184 3306 qui
3218 3236 3435 3289 volvun-

187 3336 836 3391 ambulaveruntexcelsa
862 3334 1070 3390 cervice
1096 3335 1227 3405 (isa.
1264 3335 1368 3405 ιιι),
1409 3354 1425 3386 ›
1464 3344 1515 3389 et
1544 3345 1760 3399 caetera,

186 3441 290 3497 pro
320 3441 453 3479 zona
485 3426 739 3479 accinctae
770 3432 895 3479 sunt
932 3424 1166 3489 funibus,
1216 3433 1267 3477 et
1310 3440 1405 3493 pro
1438 3434 1630 3478 ornatu
1678 3442 1768 3479 ca-

188 3518 320 3589 pitis
345 3516 561 3571 calvitio
582 3517 897 3585 deturpatte,
940 3526 993 3570 et
1035 3531 1133 3584 pro
1162 3516 1402 3584 pulchris
1435 3524 1487 3569 et
1522 3515 1768 3570 mollibus

189 3609 523 3665 indumentis
550 3607 707 3662 cilicii
734 3607 1024 3677 asperitate
1047 3607 1409 3659 circumdati».

271 3720 288 3751 ι
328 3699 395 3753 Ει
420 3700 537 3754 dedi
574 3697 812 3753 armillas
838 3698 891 3751 in
923 3698 1171 3752 manibus
1204 3697 1326 3751 tuis.
1362 3715 1378 3747 ι
1414 3697 1636 3761 Quando
1677 3710 1770 3750 no-

192 3790 282 3844 nis
326 3790 463 3843 bona
511 3803 677 3857 opera
728 3787 934 3842 dederit
973 3787 1116 3841 Deus
1143 3827 1157 3852 ,
1216 3786 1517 3841 circumdat
1562 3785 1767 3839 armilla

192 3882 445 3937 manibus
480 3880 697 3936 nostris.
732 3878 885 3933 Unde
914 3872 966 3932 e‘t
1008 3878 1062 3932 in
1104 3878 1353 3932 manibus
1386 3878 1769 3947 prophetarum

193 3968 553 4025 assimilatum
595 3983 655 4022 se
693 3982 814 4021 esse
846 3966 995 4020 dicit.
1038 3966 1104 4018 Et
1141 3966 1331 4019 crebro
1374 3966 1427 4018 in
1466 3981 1623 4019 manu
1660 3964 1764 4036 Ag-

194 4060 298 4129 atei
346 4060 457 4113 sive
499 4057 746 4112 Jeremia:
780 4067 834 4110 et
885 4056 1214 4126 reliquorum
1243 4056 1388 4127 (Ose.
1440 4058 1535 4123 sit)
1570 4057 1770 4112 factum

198 4166 507 4207 sermonem
536 4150 781 4218 legimus.
829 4149 885 4203 In
919 4147 1018 4203 Job
1048 4164 1260 4218 quoque
1284 4148 1426 4219 (Job.
1478 4150 1561 4222 xi.)
1591 4151 1755 4205 draco

198 4243 285 4298 uis
312 4242 508 4294 latium
546 4240 846 4309 perforatur
875 4239 1103 4305 armilla,
1144 4255 1437 4309 omnesque
1477 4241 1591 4309 ejus
1614 4256 1758 4295 vene

202 4331 318 4385 nati
358 4330 521 4391 sibili,
553 4331 643 4399 qui
693 4331 745 4383 in
792 4330 1059 4398 perversis
1110 4329 1479 4398 intelliguntur
1526 4329 1760 4402 dogmati

199 4425 325 4483 bus,
356 4422 616 4475 bonorum
654 4434 873 4489 operum
900 4419 1104 4474 circulo
1130 4418 1491 4488 perferantur.

280 4530 299 4562 ι
338 4512 405 4565 Et
429 4521 693 4580 torquem,
714 4511 857 4565 circa
881 4510 1075 4565 collum
1103 4520 1271 4565 tuum.
1308 4531 1325 4563 ι
1360 4510 1463 4566 Sed
1493 4520 1545 4567 et
1567 4512 1617 4565 in
1642 4512 1764 4567 Isid:

1870 3342 1959 3385 tur
2004 3345 2165 3401 super
2193 3338 2414 3393 terram,
2452 3349 2467 3378 ι
2506 3344 2605 3380 vox
2636 3328 2855 3382 tonitrui
2912 3328 3119 3381 Domini
3156 3338 3208 3381 et
3258 3327 3429 3381 excel-

1867 3442 2049 3482 sorum
2088 3423 2398 3495 dogniatum
2453 3431 2724 3492 personat.
2788 3421 2887 3485 Qui
2939 3431 3118 3475 autem
3158 3420 3431 3476 erroribus

1869 3519 2135 3574 ducuntur
2176 3515 2446 3578 humanis,
2489 3523 2540 3568 et
2583 3528 2689 3568 non
2740 3512 3149 3571 habent.solida
3190 3510 3431 3580 vestigia,

1875 3626 1893 3659 ι
1923 3609 2018 3665 sed
2054 3603 2510 3663 circumferuntur
2553 3604 2696 3659 omni
2742 3612 2900 3661 vento
2939 3602 3192 3656 doctrinae
3219 3600 3430 3671 (Eplies.

1894 3701 2009 3775 rvi,»
2036 3710 2093 3755 et
2125 3698 2281 3770 ejecti
2321 3698 2385 3751 de
2417 3696 2668 3765 paradiso
2694 3694 2962 3748 ﬁrmitatis
2992 3692 3231 3747 habitant
3268 3693 3320 3746 in
3352 3707 3437 3747 re-

1872 3792 2030 3861 gione
2057 3788 2193 3843 Naid
2223 3806 2236 3842 :
2269 3802 2388 3857 quae
2426 3787 2813 3855 interpretatur
2839 3782 3135 3847 ﬂuctuatio,
3160 3792 3435 3838 merentur

1872 3881 2065 3951 linguae
2109 3878 2385 3933 mendacis
2426 3876 2568 3931 ferre
2605 3876 2945 3939 sententiam,
2988 3890 3105 3944 qua:
3141 3873 3440 3930 inﬂammat

1871 3981 2046 4027 rotam
2080 3970 2378 4024 nativitatis
2405 3977 2623 4022 nostme.

1950 4081 1969 4113 ι
2001 4062 2068 4116 Ει
2097 4075 2356 4116 coronam
2381 4058 2589 4114 decoris
2619 4058 2887 4126 in-capite
2922 4066 3033 4112 tuo.
3062 4076 3081 4108 ›
3112 4056 3439 4113 Ornamenta

1874 4162 2071 4209 cetera
2100 4152 2463 4207 membrorum
2502 4158 2627 4204 sunt
2656 4149 3004 4219 singulorum.
3038 4148 3238 4218 Capitis
3282 4163 3441 4203 orna-

1876 4251 1982 4308 tus,
2019 4243 2180 4297 totius
2204 4241 2448 4310 corporis
2468 4240 2701 4311 dignitas
2722 4249 2821 4295 est.
2854 4239 3117 4293 Coronam
3150 4248 3326 4295 autem
3351 4256 3442 4295 vo-

1876 4344 1965 4388 cat
1996 4333 2238 4387 diadema
2281 4329 2625 4395 feminarum,
2655 4345 2759 4399 quo
2798 4331 3112 4399 capillorum
3161 4332 3443 4403 stringitur

1879 4433 1931 4478 et
1956 4434 2181 4477 ornatur
2202 4422 2442 4476 ambitio.
2475 4422 2529 4475 Si
2562 4420 2803 4475 volumus
2831 4422 2968 4475 scire
2992 4436 3107 4489 quae
3133 4421 3202 4475 sit
3240 4437 3437 4477 corona

1886 4514 2093 4570 decoris
2122 4516 2174 4567 in
2209 4513 2381 4583 capite
2414 4511 2738 4575 Jerusalem,
2786 4511 3120 4566 revolvamus
3175 4512 3439 4577 Exodum,

202 4602 463 4671 scriptum
492 4608 611 4654 est:
652 4618 670 4650 ι
704 4600 919 4655 Auferet
945 4601 1203 4657 Dominus
1227 4602 1449 4672 gloriam
1480 4604 1778 4658 vestimenti
1807 4594 1856 4653 11
1882 4606 1934 4659 in
1965 4620 2071 4673 quo
2100 4602 2355 4671 scriptum
2387 4610 2505 4655 est:
2538 4619 2555 4649 ι
2584 4601 2648 4653 Ει
2684 4600 2810 4654 fecit
2836 4600 3085 4654 laminam
3121 4616 3359 4667 auream,
3384 4611 3440 4657 et

202 4707 413 4756 carum,
445 4700 499 4743 et
523 4691 827 4744 inurenulas
861 4702 917 4746 et
953 4695 1234 4757 corymbos
1274 4702 1326 4748 et
1354 4695 1582 4750 circulos
1604 4705 1657 4749 et
1688 4696 1780 4750 ka-

208 4782 386 4835 t'nen.a
416 4782 549 4851 (15a.
603 4789 704 4845 ιιι).
744 4802 759 4831 i
792 4780 927 4835 Puto
960 4793 1137 4835 autem
1178 4781 1425 4837 katbcma
1466 4786 1530 4839 ab
1576 4786 1653 4839 eis
1694 4788 1775 4840 di-

206 4883 353 4929 ctum
391 4888 455 4926 ex
484 4874 649 4926 variis
676 4873 898 4941 gemmis
946 4875 998 4927 in
1042 4883 1227 4943 pectus
1258 4876 1537 4931 mulierum
1585 4879 1781 4935 monile

206 4962 565 5025 descendens,
599 4962 688 5029 qui
726 4970 777 5013 et
808 4962 921 5031 ipse
958 4972 1180 5018 ornatus
1210 4965 1607 5033 pulcherrimus
1635 4966 1785 5021 femi-

210 5067 403 5105 narum
431 5061 533 5105 est.
568 5072 584 5102 ‹
620 5052 687 5105 Ει
711 5052 830 5105 dedi
861 5054 1101 5107 inaurem
1135 5071 1295 5124 super
1334 5072 1414 5122 os,
1448 5078 1464 5108 ι
1502 5059 1612 5111 sive
1641 5078 1656 5108 ι
1687 5058 1789 5113 Na-

210 5157 301 5195 res
334 5150 452 5195 tuas
485 5161 503 5191 ι
536 5141 768 5194 Verbum
794 5141 1113 5196 llebraicum
1155 5160 1352 5209 nezem,
1381 5158 1606 5214 excepto
1632 5145 1787 5217 Syma

210 5232 427 5294 macho,
452 5230 541 5299 qui
571 5231 953 5298 interpretatus
977 5239 1080 5295 est,
1106 5235 1395 5308 ἐπιρῤένιον,
1418 5249 1607 5288 omnes
1636 5236 1789 5288 inau-

212 5340 321 5377 rem
356 5322 745 5377 transtulerunt
775 5339 787 5375 :
815 5339 917 5377 non
932 5339 1037 5393 quo
1068 5324 1283 5377 inaures
1297 5335 1566 5393 ponantur
1598 5326 1647 5378 in
1690 5339 1788 5378 na-

210 5414 393 5474 nibus,
418 5428 537 5481 qua:
564 5426 627 5465 ex
658 5425 721 5465 eo
746 5412 886 5481 quod
915 5414 978 5465 de
1014 5414 1233 5467 naribus
1252 5415 1539 5481 pendeant,
1569 5414 1784 5467 inaures

212 5510 511 5556 vocantur:
541 5502 635 5555 sed
664 5503 808 5570 quod
838 5501 1070 5556 circulus
1098 5504 1151 5557 in
1178 5504 1583 5557 similitudinem
1613 5504 1785 5557 factus

212 5594 484 5647 inaurium
500 5594 688 5647 eodem
706 5595 963 5649 vocabulo
978 5604 1328 5663 nuneupetur.
1347 5595 1413 5648 Et
1438 5610 1606 5663 usque
1628 5595 1785 5648 hodie

211 5684 356 5738 inter
373 5692 567 5737 caetera
590 5692 904 5741 ornamenta
923 5685 1225 5749 mulierum,
1243 5682 1415 5738 solent
1440 5686 1583 5738 aurei
1601 5684 1786 5738 circuli

209 5779 262 5831 in
290 5794 355 5831 es
388 5791 449 5830 cx
492 5774 667 5828 fro::te
701 5776 950 5842 pendere,
982 5787 1035 5828 et
1061 5779 1339 5830 ittttttiuct'c
1368 5776 1605 5828 naribus.
1637 5774 1780 5839 Quos

1886 4695 2104 4765 scripsit
2145 4694 2197 4748 in
2240 4708 2302 4747 ea
2333 4692 2541 4747 litteras
2566 4692 2893 4747 deformatas
2919 4693 3106 4762 sugillo
3136 4693 3439 4749 sanctiﬁca-

1886 4786 2047 4840 tionis
2070 4783 2300 4847 Domini,
2332 4791 2384 4837 et
2426 4784 2606 4852 posuit
2650 4798 2812 4853 super
2852 4792 3011 4852 caput
3038 4784 3214 4838 Aaron
3248 4783 3442 4856 (Exod.

1886 4873 2095 4943 χχχιιι).
2127 4894 2145 4925 ι
2175 4872 2395 4943 Signum
2427 4872 2717 4927 Dominicte
2765 4874 3091 4938 sanctitatis,
3132 4888 3323 4928 nomen
3362 4882 3446 4929 est

1887 4964 2268 5031 omnipotentis
2316 4963 2431 5027 Dei,
2478 4962 2616 5030 quod
2664 4972 2891 5030 quatuor
2934 4961 3124 5016 litteris
3170 4962 3447 5017 Hebraicis

1887 5054 2179 5109 scribitur:
2207 5060 2261 5107 et
2287 5052 2429 5122 apud
2456 5066 2549 5106 eos
2587 5062 2811 5106 vocatur
2852 5052 3137 5117 ineffabile,
3186 5053 3309 5107 dum
3354 5069 3449 5109 no-

1889 5160 2010 5198 men
2033 5142 2149 5211 ejus
2179 5158 2282 5197 non
2309 5150 2488 5212 potest
2527 5142 2651 5206 dici,
2696 5142 2847 5211 cujus
2880 5141 3212 5210 majestatem
3240 5144 3449 5213 gentili-

1890 5242 1971 5286 tas
1994 5233 2158 5287 etiam
2180 5248 2284 5286 non
2309 5232 2536 5302 ignorat,
2557 5240 2609 5285 et
2634 5230 3037 5285 Atheniensium
3070 5240 3295 5285 testatur
3319 5248 3441 5287 ara:

1889 5322 2075 5395 Ignoto
2100 5323 2228 5377 Deo.
2257 5322 2406 5378 Unde
2427 5331 2481 5376 et
2510 5321 2793 5389 Apostolus
2818 5339 2829 5374 :
2866 5340 2880 5372 ι
2912 5320 3077 5387 Quem
3110 5337 3220 5385 vos,
3254 5322 3447 5391 inquit,

1889 5414 2126 5482 ignotum
2168 5411 2363 5475 colitis,
2402 5412 2539 5464 hunc
2580 5425 2677 5465 nos
2721 5411 3095 5464 annuntiamus
3123 5410 3273 5464 vobis
3311 5410 3446 5479 (Act.

1890 5504 2043 5575 svn).
2081 5522 2099 5553 ι
2132 5502 2291 5557 Istam
2333 5514 2459 5571 puto
2504 5516 2755 5556 coronam
2799 5500 3029 5567 (itinde
3073 5514 3175 5570 qua
3220 5508 3271 5554 et
3310 5499 3455 5555 Psal-

1894 5596 2050 5649 mista
2081 5594 2245 5648 dicit:
2276 5612 2292 5645 ι
2326 5593 2603 5661 Signatum
2631 5601 2714 5648 est
2749 5604 3039 5660 super.nos
3069 5591 3247 5645 lumen
3276 5589 3452 5644 vultus

1893 5686 1990 5749 tui,
2015 5684 2237 5739 Domine
2271 5682 2442 5754 (Psal.
2482 5683 2576 5755 iv).
2610 5701 2627 5734 ι
2662 5683 2727 5737 Et
2768 5681 3051 5753 Apostolus
3099 5681 3450 5749 loquebatur:

1900 5792 1919 5828 ι
1956 5774 2183 5831 Cursum
2221 5774 2609 5840 consummavi,
2658 5772 2813 5828 ﬁdem
2845 5774 3072 5830 servavi.
3128 5771 3201 5824 De
3238 5779 3452 5834 cetera.
